3874 6352
117 298 187 355 l0!
1364 284 1566 343 LIBER
1603 276 1951 355 QUARTUS.

115 410 320 488 quoniam
343 408 486 464 inter
511 419 573 460 se
601 402 794 458 habent
814 398 1117 458 nonnullam
1146 398 1544 457 similitudinem
1567 414 1661 455 vc-

116 513 284 561 socntes
308 509 468 570 atque
495 497 791 560 discentes,
816 502 1029 566 propter
1056 493 1261 551 fastidia
1290 493 1660 567 plurimorum,

114 600 233 653 etiam
262 596 368 665 ipsa
397 591 519 647 sine
546 589 738 663 quibus
762 588 863 645 vivi
886 602 987 645 non
1014 594 1226 659 potest,
1258 587 1507 647 alimenta
1531 601 1661 645 con-

113 685 261 742 dienda
288 692 428 738 sunt.

114 776 291 835 CAPUT
322 774 433 832 ΧΠ.
462 805 537 816 ——-
563 771 787 830 Oratoris
814 778 887 829 est
906 771 1083 827 docere
1103 815 1119 839 ,
1147 770 1413 843 delectare,
1438 772 1653 847 ﬂectere,

163 887 213 926 ex
236 866 486 937 Cicerone,
518 865 585 922 de
612 866 843 921 Oratore.
876 863 988 932 Quo
1010 862 1157 919 modo
1181 864 1288 921 Itwc
1309 864 1405 919 tria
1421 869 1663 937 prmstare

164 962 295 1015 debet.

163 1053 234 1107 Ξῖ.
256 1051 387 1106 Dixit
410 1065 547 1122 ergo
568 1048 778 1122 quidam
802 1047 1056 1121 eloquens
1073 1091 1087 1113 ,
1116 1056 1170 1104 et
1195 1062 1379 1104 verum
1404 1045 1567 1117 dixit,
1588 1046 1658 1102 ita

114 1148 249 1204 dicere
276 1145 467 1203 debere
494 1144 833 1212 eloquentem
853 1183 868 1209 ,
900 1150 955 1197 ut
984 1140 1208 1210 doceat,
1239 1148 1295 1199 ut
1315 1138 1542 1197 delectet
1560 1179 1575 1207 ,
1603 1146 1660 1197 ut

114 1241 264 1296 ﬂectat.
296 1236 495 1294 Deinde
522 1234 728 1293 addidit
754 1251 767 1286 :
798 1233 992 1289 Docere
1050 1232 1355 1290 necessitatis
1384 1240 1485 1301 est,
1516 1229 1657 1289 dele-

113 1342 212 1385 ctare
242 1326 513 1393 suavitatis,
549 1327 749 1397 ﬂectere
786 1324 1005 1380 victoria:
1045 1322 1239 1396 (Cicero
1259 1361 1275 1386 ,
1306 1322 1366 1377 de
1395 1319 1654 1394 Oratore).

114 1422 266 1477 Horum
306 1421 458 1476 trium
500 1416 647 1495 quod
684 1416 855 1488 primo
896 1416 1013 1471 loco
1054 1414 1282 1484 positum
1312 1420 1425 1478 est,
1454 1411 1557 1469 hoc
1576 1419 1659 1470 est

114 1512 289 1569 docendi
315 1510 644 1578 necessitas,
679 1509 730 1565 in
763 1508 920 1565 rebus
948 1515 1029 1565 est
1058 1507 1344 1563 constituta
1368 1518 1501 1577 quas
1521 1503 1656 1561 dici-

113 1621 231 1671 mus;
256 1605 446 1681 reliqua
478 1603 592 1661 duo
611 1646 624 1669 ,
657 1604 709 1661 in
737 1600 894 1659 modo
914 1615 1019 1675 quo
1039 1599 1284 1659 dicimus.
1306 1597 1405 1667 Qui
1427 1612 1555 1671 ergo
1575 1597 1657 1655 di-

114 1699 165 1753 cit
199 1713 300 1755 cum
338 1696 534 1751 docere
561 1694 675 1749 vult
694 1735 710 1763 ,
738 1691 987 1764 quamdiu
1014 1706 1117 1749 non
1148 1691 1491 1764 intelligitur,
1521 1706 1657 1747 non-

113 1801 205 1842 dum
237 1803 288 1843 se
322 1786 596 1845 existimet
637 1784 835 1841 dixisse
859 1783 1001 1859 quod
1030 1785 1136 1839 vult
1168 1784 1216 1840 ei
1239 1798 1399 1858 quem
1421 1783 1536 1841 vult
1561 1782 1656 1839 do-

114 1898 220 1939 cere.
246 1881 365 1951 Quia
393 1880 495 1937 etsi
526 1880 663 1937 dixit
691 1878 829 1952 quod
860 1879 973 1951 ipse
1004 1878 1281 1950 intelligit,
1314 1877 1549 1935 nondum
1579 1875 1656 1933 illi

111 1972 266 2031 dixisse
306 1972 567 2043 putandus
611 1982 729 2037 est,
779 1986 808 2025 a
847 1988 951 2043 quo
988 1971 1285 2028 intellectus
1313 1987 1417 2027 non
1447 1980 1528 2027 est
1561 1988 1574 2027 :
1606 1969 1655 2029 si

111 2077 207 2120 vero
238 2063 519 2121 intellectus
545 2070 664 2129 est,
696 2077 1033 2134 quocumque
1056 2061 1216 2117 modo
1242 2060 1470 2129 dixerit,
1498 2060 1649 2119 dixit.

110 2156 227 2220 Quod
266 2156 307 2213 si
347 2156 505 2211 etiam
552 2154 821 2210 delectare
851 2152 963 2208 vult
987 2167 1107 2208 eum
1136 2152 1219 2208 cui
1250 2152 1411 2219 dicit,
1442 2160 1532 2207 aut
1560 2150 1652 2209 fle-

109 2252 253 2312 clere,
282 2260 377 2305 non
412 2259 757 2319 quocumque
783 2242 942 2301 modo
967 2243 1189 2311 dixerit,
1224 2241 1417 2307 faciet;
1448 2242 1542 2299 sed
1564 2243 1650 2299 in-

110 2346 235 2392 terest
268 2335 534 2409 quomodo
572 2334 748 2402 dicat,
793 2342 850 2389 ut
876 2333 1052 2389 faciat.
1081 2332 1227 2389 Sicut
1250 2342 1332 2389 est
1357 2342 1565 2402 autem,
1597 2337 1672 2390 ut

111 2435 306 2483 teneatur
328 2426 391 2483 ad
416 2425 783 2494 audiendum,
814 2424 1155 2482 delectandas
1180 2424 1425 2491 auditor;
1456 2424 1527 2481 ita
1556 2423 1653 2481 fle-

111 2518 314 2587 ctendus,
351 2530 402 2575 ut
441 2525 730 2579 moveatur
761 2514 827 2571 ad
857 2515 1137 2585 agendum.
1170 2516 1234 2572 Et
1257 2516 1393 2570 sicut
1418 2516 1648 2573 delecta-

110 2618 198 2675 tur,
235 2611 274 2667 si
312 2609 550 2671 suaviter
574 2608 845 2681 loquaris;
876 2608 945 2661 ita
970 2598 1200 2663 flectitur
1221 2648 1236 2673 ,
1269 2608 1313 2661 si
1343 2614 1486 2662 amet
1510 2604 1651 2677 quod

111 2701 353 2769 tulliceris,
393 2702 585 2757 timeat
614 2698 755 2772 quod
784 2700 1034 2763 minaris,
1068 2697 1242 2753 oderit
1271 2698 1410 2770 quod
1436 2699 1648 2773 arguis,

110 2792 214 2863 quod
236 2792 572 2853 commendas
601 2790 979 2861 amplectatur,
1007 2789 1145 2861 quod
1171 2789 1456 2847 dolendum
1487 2804 1650 2865 exag-

110 2898 227 2952 geras
247 2884 447 2952 doleat;
478 2899 608 2942 cum
635 2881 757 2955 quid
788 2881 1071 2939 lactandum
1102 2880 1359 2951 praedicas
1383 2881 1647 2955 gaudeat,

111 2976 367 3034 misereatur
404 2991 598 3034 eorum
643 2989 775 3047 quos
817 2974 1150 3035 miserandos
1199 2983 1321 3030 ante
1361 2974 1545 3031 oculos
1571 2975 1653 3033 div

111 3069 243 3125 cendo
276 3070 585 3135 ctmstituis,
627 3067 791 3138 fugiat
829 3081 922 3125 eos
956 3081 1088 3135 quos
1118 3066 1382 3123 cavendas
1405 3066 1652 3125 terrendo

112 3162 351 3234 proponis;
400 3169 455 3219 et
498 3157 765 3237 quidquid
811 3156 953 3213 aliud
1001 3156 1185 3226 grandi
1212 3155 1511 3232 eloquentia
1537 3155 1651 3215 fieri

111 3260 247 3321 potest
270 3251 329 3313 ad
352 3248 769 3309 commovendos
795 3248 1002 3303 animos
1022 3247 1324 3305 auditorum
1344 3287 1358 3313 ,
1396 3262 1499 3305 non
1527 3245 1652 3321 quid

112 3345 325 3415 agendum
365 3346 434 3402 sit
473 3352 539 3402 ut
580 3343 750 3405 sciant
774 3384 789 3411 ,
834 3342 931 3399 sed
961 3351 1017 3399 ut
1037 3350 1194 3415 agant
1220 3341 1362 3415 quod
1388 3340 1651 3415 agendum

113 3452 201 3495 esse
221 3438 315 3509 jam
342 3440 540 3497 sciunt.

165 3530 237 3586 28.
269 3529 320 3586 Si
340 3542 524 3588 autem
550 3527 723 3584 adimo
750 3526 1022 3591 nesciunt,
1054 3526 1199 3599 prius
1226 3524 1406 3597 utique
1427 3523 1652 3581 docendi

114 3632 208 3676 sunt
240 3638 382 3697 quam
426 3619 700 3677 movendi.
752 3620 815 3675 Et
840 3618 1063 3674 fortasse
1090 3617 1248 3675 rebus
1276 3617 1402 3689 ipsis
1427 3617 1654 3689 cognitis

116 3711 166 3764 ita
203 3714 569 3780 movebuntur,
616 3722 672 3765 ut
713 3726 805 3767 eos
840 3726 943 3767 non
974 3726 1105 3781 opus
1131 3711 1201 3765 sit
1223 3709 1515 3779 majoribus
1539 3711 1653 3767 elo-

116 3807 300 3874 quentia:
332 3807 532 3864 viribus
560 3807 675 3876 jam
729 3804 951 3861 moveri.
982 3802 1135 3873 Quod
1167 3812 1341 3860 tamen
1371 3819 1490 3860 cum
1521 3818 1654 3876 opus

116 3906 205 3965 est,
229 3900 507 3958 faciendum
536 3908 623 3957 est
645 3916 657 3954 :
683 3908 806 3954 tunc
826 3907 1001 3954 autem
1025 3910 1157 3967 opus
1178 3905 1277 3962 est,
1301 3896 1511 3969 quando
1532 3911 1653 3955 cunt

117 3991 293 4059 scieth
314 3994 433 4067 quid
456 3992 723 4069 agendum
752 3991 857 4056 sit,
882 4005 985 4046 non
1012 3999 1190 4061 agunt.
1216 3991 1291 4044 Ac
1310 4004 1403 4059 per
1428 3988 1529 4045 hoc
1553 3989 1653 4044 do-

118 4098 213 4138 cere
248 4086 567 4142 necessitatis
597 4094 697 4140 est.
729 4083 956 4139 Possunt
985 4082 1123 4138 enim
1155 4080 1395 4137 homines
1420 4090 1475 4139 et
1497 4096 1656 4153 agere

119 4183 159 4231 ct
175 4194 266 4237 non
280 4194 430 4252 agere
453 4178 598 4253 quod
618 4178 809 4234 sciunt.
832 4175 961 4245 Quis
980 4187 1157 4231 autem
1178 4174 1370 4231 dixerit
1389 4190 1483 4230 eos
1497 4190 1657 4249 agere

119 4266 280 4327 debere
295 4270 425 4342 quod
439 4269 719 4328 nesciunt?
739 4269 806 4324 Et
828 4267 948 4325 ideo
970 4266 1183 4325 flectere
1200 4264 1531 4325 necessitatis
1550 4282 1656 4324 non

120 4370 183 4415 cst
200 4403 213 4427 ,
235 4363 342 4433 quia
369 4378 471 4418 non
492 4376 706 4433 semper
730 4376 862 4432 opus
886 4367 969 4416 est
988 4399 1005 4426 ,
1035 4359 1081 4414 si
1108 4367 1307 4414 tantum
1329 4357 1539 4414 docenti
1574 4357 1656 4415 vel

121 4454 248 4517 etiam
271 4455 549 4515 delectanti
589 4454 853 4512 consentit
878 4453 1103 4509 auditor.
1136 4452 1259 4511 Ideo
1283 4461 1461 4509 autem
1489 4450 1659 4509 victo-

120 4544 195 4599 riae
218 4555 289 4601 est
311 4546 555 4618 ﬂectere,
588 4546 712 4619 quia
742 4544 858 4603 fieri
884 4554 1061 4617 potest
1085 4553 1142 4600 ttt
1168 4544 1419 4602 doceatur
1439 4550 1492 4597 et
1511 4541 1658 4596 dele-

122 4644 289 4708 ctettn',
311 4649 365 4698 et
386 4657 497 4697 non
522 4640 869 4697 assentiatur.
898 4637 1034 4709 Quid
1060 4651 1235 4694 autem
1264 4636 1349 4693 illa
1373 4636 1477 4692 duo
1497 4634 1658 4706 prod-

124 4738 247 4785 erunt
264 4772 279 4798 ,
305 4732 348 4788 si
372 4731 512 4791 desit
541 4730 645 4789 hoc
673 4728 922 4789 tertium?
946 4728 1052 4783 Sed
1078 4743 1250 4799 neque
1274 4726 1540 4782 delectare
1560 4740 1658 4783 ne-

123 4819 343 4878 cessitatis
366 4832 449 4877 est
473 4840 488 4876 :
515 4819 940 4893 quandoquidem
966 4834 1087 4875 cum
1113 4816 1336 4874 dicendo
1362 4831 1485 4873 vera
1504 4831 1661 4873 mou-

123 4917 349 4984 Strautur,
377 4914 517 4986 quod
542 4911 614 4969 ad
632 4913 862 4969 officium
884 4910 1111 4969 docendi
1136 4910 1396 4981 pertinet,
1419 4925 1526 4973 non
1545 4910 1660 4965 elo-

124 5002 223 5068 ψιὶο
241 5006 401 5077 igitur
419 5048 436 5074 ,
463 5021 638 5078 neque
665 5006 766 5063 hoc
788 5004 1108 5072 attenditur,
1141 5012 1201 5059 ut
1226 5003 1305 5059 vel
1332 5003 1448 5073 ipsa
1467 5002 1549 5059 vel
1576 5002 1660 5075 ip-

125 5105 217 5153 sum
238 5096 453 5167 delectet
471 5100 743 5170 eloquium
757 5141 774 5167 ,
801 5097 893 5155 sed
919 5112 1014 5168 per
1029 5097 1208 5167 seipsa
1224 5138 1241 5163 ,
1265 5097 1515 5169 quoniam
1535 5110 1664 5153 vera

126 5196 252 5253 sunt,
294 5191 621 5249 manifestata
660 5190 945 5249 delectant.
990 5188 1139 5248 Unde
1178 5189 1487 5261 plerumque
1512 5188 1661 5244 dele—

127 5283 401 5341 ﬁantotiam
420 5282 551 5340 falsa
574 5282 831 5354 patefacta
856 5290 1015 5355 atque
1034 5282 1295 5339 convicta.
1318 5280 1500 5352 Neque
1517 5280 1661 5337 enim

128 5368 383 5445 “eleuant,
404 5376 531 5447 quia
557 5375 688 5433 falsa
714 5384 874 5445 sunt;
901 5374 998 5435 sed
1025 5374 1149 5447 quia
1175 5373 1308 5433 falsa
1336 5388 1458 5431 esse
1479 5387 1662 5433 verum

128 5466 472 5535 ω,ωοαω
513 5468 1663 5543 οιῶαίοςιιίιιωενωωθεεθωοιευεφ

131 5561 332 5623 mea.

185 5647 386 5710 CAPUT
416 5655 551 5711 Xlll.
579 5688 651 5699 —
675 5655 902 5711 Dicenda
932 5656 1130 5711 demum
1157 5656 1390 5728 ﬂectendi
1411 5654 1588 5710 animi.

186 5740 262 5797 39-
296 5746 516 5820 κίομεν
553 5764 647 5805 eos
685 5758 860 5805 autem
901 5750 1092 5819 quibus
1133 5749 1521 5806 fastidientibus
1553 5764 1662 5805 non

1773 397 1946 473 placet
1966 396 2160 459 veritas
2174 441 2188 465 ,
2218 398 2263 457 si
2291 400 2398 457 alio
2423 414 2756 475 quocumque
2777 401 2934 463 modo
2951 444 2967 476 ,
2989 402 3174 463 nisico
3192 407 3356 467 modo

1770 487 2002 559 dicatur,
2047 501 2106 551 ut
2150 492 2355 568 placeat
2390 504 2443 549 et
2484 508 2661 552 sermo
2701 494 2963 563 dicentis,
3005 496 3163 557 datus
3190 501 3353 561 estin

1769 579 2076 657 eloquentia
2115 598 2223 643 non
2265 598 2457 661 parvus
2481 586 2640 645 etiam
2666 586 3002 649 delectationi
3030 589 3195 650 locus.
3225 592 3355 667 Qua:

1770 680 1951 737 tamen
1986 676 2165 735 addita
2190 694 2294 739 non
2322 677 2519 737 sufficit
2537 679 2703 748 duris,
2726 696 2859 755 quos
2883 696 2981 742 nec
2998 680 3351 754 intellexisse.

1768 778 1870 825 nec
1892 766 2133 827 docentis
2151 768 2451 831 elocutione
2468 771 2758 833 delectatos
2779 787 2898 831 esse
2920 773 3197 852 profuerit.
3217 776 3354 849 Quid

1768 858 1911 917 enim
1931 858 2049 919 bace
2070 860 2176 920 duo
2203 861 2487 921 conferunt
2514 862 2735 939 homini,
2758 864 2849 939 qui
2875 873 2929 923 ct
2953 865 3236 927 confitetur
3257 881 3352 925 ve-

1766 965 1883 1007 rum
1903 991 1920 1021 ,
1949 959 2003 1011 et
2028 952 2298 1014 collaudat
2324 953 2592 1029 eloquium
2608 996 2623 1021 ,
2655 970 2754 1015 nec
2784 954 3001 1015 inclinat
3029 972 3310 1021 assensum
3332 1000 3351 1035 ν

1766 1050 1983 1121 prepter
2018 1058 2176 1119 quem
2216 1045 2423 1112 solum,
2468 1060 2588 1109 cum
2625 1045 2822 1123 aliquid
2864 1047 3149 1125 suadetur,
3190 1049 3353 1111 rebus

1764 1147 1882 1211 qure
1909 1132 2156 1197 dicuntur
2180 1135 2416 1213 invigilat
2435 1134 2661 1195 dicentis
2682 1137 2945 1199 intentio?
2976 1138 3031 1198 Si
3054 1140 3197 1200 enim
3230 1139 3351 1205 talia

1763 1223 2022 1287 docentur
2056 1242 2176 1303 quae
2219 1227 2439 1287 credere
2483 1227 2567 1287 vel
2608 1244 2766 1291 nosse
2804 1229 3067 1300 sufficiat.
3102 1230 3236 1293 nihil
3268 1241 3352 1293 est

1764 1317 1906 1377 aliud
1926 1318 2002 1377 eis
2032 1319 2353 1388 consentire,
2379 1319 2480 1379 nisi
2502 1318 2743 1381 confiteri
2764 1336 2892 1379 vera
2914 1336 3055 1385 esse.
3076 1321 3207 1390 Cum
3224 1338 3351 1385 vero

1762 1410 1815 1469 id
1839 1409 2061 1473 docetur
2084 1411 2227 1487 quod
2256 1412 2519 1489 agendum
2544 1422 2653 1480 est.
2683 1421 2737 1473 et
2764 1414 2883 1471 ideo
2907 1414 3127 1477 docetur
3150 1424 3208 1476 ut
3226 1431 3351 1495 aga-

1764 1511 1883 1573 tur,
1930 1502 2123 1565 frustra
2166 1504 2514 1581 persuadetur
2556 1519 2740 1565 verum
2782 1519 2900 1563 esse
2940 1505 3081 1579 quod
3119 1506 3345 1579 dicitur,

1760 1594 1959 1651 frustra
2000 1597 2172 1666 placet
2215 1596 2403 1651 modus
2456 1597 2568 1667 ipse
2608 1612 2714 1666 quo
2765 1597 2993 1667 dicitur,
3040 1601 3083 1655 si
3123 1615 3231 1663 non
3273 1603 3345 1665 ita

1760 1684 1982 1745 discitur
2036 1695 2094 1747 ut
2141 1696 2344 1761 agatur.
2373 1685 2595 1763 Oportet
2621 1687 2779 1761 igitur
2806 1688 3142 1759 eloquentem
3171 1691 3349 1753 eccle-

1760 1779 2050 1846 siasticum,
2075 1781 2287 1851 quando
2306 1780 2497 1841 suadet
2521 1782 2717 1858 aliquid
2749 1783 2889 1857 quod
2932 1784 3194 1854 agendum
3231 1796 3344 1855 est,

1762 1886 1869 1928 non
1902 1872 2073 1931 solum
2101 1871 2297 1931 docere
2323 1881 2380 1930 ut
2406 1872 2654 1940 instruat,
2685 1882 2738 1933 ct
2766 1873 3037 1936 delectare
3060 1884 3117 1939 ut
3144 1886 3342 1947 teneat,

1760 1978 1945 2023 verum
1974 1964 2135 2023 etiam
2156 1964 2371 2023 ﬂectere
2401 1974 2456 2023 ut
2490 1964 2677 2025 vincat.
2713 1966 2831 2044 Ipse
2866 1967 3061 2045 quippe
3099 1968 3209 2047 jam
3256 1986 3346 2033 re-

1759 2066 1942 2115 manet
1959 2056 2027 2115 ad
2050 2058 2456 2117 consensionem
2474 2058 2766 2121 flectendus
2786 2059 3104 2137 eloquentia:
3121 2064 3342 2140 grandi-

1759 2155 1902 2217 tate,
1941 2148 1993 2207 in
2019 2163 2126 2221 quo
2150 2148 2202 2207 id
2233 2164 2340 2207 non
2365 2150 2476 2223 egit
2517 2164 2684 2227 usque
2712 2149 2781 2211 ad
2809 2151 2927 2228 ejus
2951 2152 3340 2217 confessionem

1756 2238 2120 2311 demonstrata
2137 2241 2353 2313 veritas,
2367 2242 2612 2317 adjuncta
2626 2243 2783 2299 etiam
2803 2244 3063 2303 suavitate
3075 2245 3343 2309 dictionis.

1755 2332 1980 2393 CAPUT
2027 2334 2167 2399 XIV.
2213 2366 2284 2381 --
2329 2334 2580 2395 Dictionis
2612 2338 2830 2395 suavitas
2856 2354 2948 2413 pro
2976 2340 3171 2399 ratione
3194 2358 3348 2417 argu-

2248 2428 2403 2487 menti
2428 2428 2751 2497 procuranda
2775 2438 2870 2489 est.

1827 2514 1916 2573 50.
1964 2514 2063 2573 Cui
2104 2517 2358 2579 suavitati
2406 2527 2606 2577 tantum
2644 2533 2824 2597 operae
2846 2519 3143 2595 impensum
3172 2530 3255 2583 est
3281 2523 3347 2584 ab

1758 2605 2095 2681 hominibus,
2125 2616 2309 2667 utnon
2335 2610 2509 2669 solum
2538 2625 2642 2667 non
2664 2610 2936 2679 facienda,
2969 2628 3155 2677 verum
3182 2617 3345 2677 etiam

1755 2698 2000 2774 fugienda
2041 2717 2106 2759 ac
2142 2701 2453 2761 detestanda
2490 2711 2569 2762 tot
2615 2713 2670 2763 et
2710 2712 2853 2763 tanta
2880 2706 3018 2765 mala
3049 2716 3209 2785 atque
3238 2719 3349 2769 tur-

1756 2793 1863 2867 pia,
1885 2807 2003 2865 quae
2025 2793 2179 2851 malis
2219 2804 2272 2851 et
2294 2794 2535 2869 turpibus
2556 2794 2905 2854 disertissime
2927 2811 3176 2867 persuasa
3198 2810 3344 2877 sunt,

1756 2900 1863 2943 non
1891 2894 1948 2942 ut
1973 2886 2054 2945 eis
2078 2888 2442 2947 consentiatur
2461 2930 2476 2960 ,
2510 2888 2605 2947 sed
2633 2889 2743 2945 sola
2765 2888 3134 2954 delectationis
3153 2895 3343 2971 gratia,

1756 2974 2080 3037 lectitentur.
2114 2978 2333 3037 Avertat
2362 2987 2539 3035 autem
2567 2979 2708 3037 Deus
2735 2979 2801 3037 ab
2824 2979 3060 3041 Ecclesia
3085 2997 3181 3042 sua
3204 2982 3349 3056 quod

1754 3066 1824 3123 de
1861 3084 2128 3143 synagoga
2169 3068 2477 3129 Iudaeorum
2520 3068 2779 3128 Jeremias
2822 3071 3079 3147 propheta
3108 3087 3347 3133 comme-

1755 3167 1927 3219 morat
1967 3159 2151 3217 dicens
2180 3178 2194 3221 ;
2228 3158 2400 3218 Pavor
2427 3171 2473 3219 et
2501 3162 2754 3221 horrenda
2779 3162 2918 3233 facta
2942 3173 3057 3223 sunt
3080 3182 3233 3238 super
3252 3177 3350 3227 ter-

1754 3268 1867 3307 rant
1891 3268 1910 3308 :
1931 3250 2202 3325 Propheta:
2223 3253 2587 3327 prophetabant
2604 3254 2800 3329 iniqua,
2824 3264 2870 3311 et
2890 3256 3173 3317 sacerdotes
3194 3257 3347 3330 plau-

1754 3362 1865 3400 sum
1890 3344 2135 3403 dederunt
2158 3346 2388 3405 manibus
2414 3346 2519 3403 suis
2536 3387 2553 3419 ,
2582 3355 2627 3403 et
2657 3345 2797 3417 plebs
2821 3363 2932 3403 mea
2957 3348 3132 3405 dilexit
3153 3350 3245 3411 sic.
3280 3349 3346 3413 Et

1754 3438 1875 3512 quid
1900 3438 2093 3508 facietis
2118 3439 2171 3495 in
2194 3439 2422 3510 futurum
2450 3438 2662 3509 (Jerem.
2691 3455 2723 3501 γ
2744 3482 2759 3507 ,
2790 3438 3070 3512 δυβιρο
3092 3442 3347 3515 eloquen-

1756 3532 1826 3588 tia
1871 3541 2016 3589 tanto
2062 3531 2383 3603 terribilior,
2425 3541 2623 3610 querito
2658 3534 2881 3607 purior;
2913 3540 2967 3591 et
2994 3542 3191 3607 quanto
3216 3536 3346 3594 soli-

1756 3625 1908 3695 dior,
1955 3634 2103 3682 tanto
2146 3624 2547 3683 vehementior!
2591 3624 2634 3683 Ο
2678 3639 2801 3683 vere
2837 3627 3038 3683 securis
3059 3624 3348 3687 00ttcidens

1756 3715 1970 3788 petras!
2004 3714 2125 3774 huic
2154 3716 2294 3772 enim
2322 3714 2399 3774 rei
2425 3713 2602 3773 simile
2622 3730 2740 3773 csse
2762 3714 2981 3773 verbum
3005 3730 3179 3783 suum,
3203 3718 3347 3788 quod

1756 3824 1854 3880 per
1880 3816 2092 3864 sanctos
2122 3805 2413 3877 PrOpbctas
2444 3806 2566 3863 fecit
2586 3848 2599 3871 ,
2632 3820 2726 3876 per
2748 3805 2888 3863 hunc
2914 3806 3087 3883 ipsum
3112 3807 3345 3883 prephe-

1757 3910 1865 3959 tam
1895 3901 2035 3959 Deus
2062 3899 2175 3972 ipse
2199 3898 2331 3957 dixit
2356 3896 2465 3971 (Id.
2488 3914 2608 3955 ιινι
2630 3938 2646 3967 ,
2670 3897 2785 3972 22).
2814 3897 2966 3954 Absit
2989 3896 3188 3975 itaque,
3209 3900 3347 3957 absit

1757 4009 1787 4051 a
1818 3994 2005 4065 nobis,
2035 4002 2094 4052 ut
2118 3993 2423 4053 sacerdotes
2448 3992 2699 4066 plaudant
2727 3994 2903 4066 iniqua
2935 3993 3261 4063 dicentibus,
3292 4003 3347 4050 et

1757 4089 1907 4159 plebs
1948 4088 2041 4145 Dei
2084 4087 2267 4163 diligat
2312 4086 2408 4143 sic.
2451 4086 2604 4145 Absit
2641 4102 2669 4141 a
2698 4084 2886 4157 nobis,
2919 4086 3169 4161 inquam,
3204 4095 3345 4147 tanta

1757 4180 2023 4239 dementia
2047 4195 2059 4233 :
2084 4194 2206 4237 nam
2232 4177 2353 4251 quid
2381 4177 2631 4239 faciemus
2652 4178 2704 4237 in
2730 4176 2957 4237 futurum
2970 4176 2993 4229 ?
3006 4177 3071 4231 Et
3089 4184 3234 4233 certe
3254 4176 3347 4232 mi-

1759 4286 1861 4328 nus
1907 4270 2302 4341 intelligantur,
2348 4270 2523 4328 minus
2565 4268 2831 4338 placeant,
2879 4269 3055 4327 minus
3101 4276 3349 4325 moveant

1760 4378 1879 4433 qua:
1905 4362 2189 4428 dicuntur;
2216 4369 2581 4421 verumtamen
2602 4360 2845 4417 dicantur
2869 4376 2883 4428 ;
2909 4368 2963 4418 et
2986 4359 3128 4433 justa
3157 4359 3173 4391 ί
3194 4400 3209 4431 ,
3237 4374 3345 4423 non

1760 4454 1937 4527 iniqua
1982 4453 2209 4511 libenter
2255 4451 2536 4511 audiantur
2579 4469 2594 4507 :
2637 4451 2778 4525 quod
2816 4453 2997 4527 utique
3024 4465 3134 4513 non
3162 4451 3343 4521 fieret,

1761 4545 1861 4599 nisi
1892 4543 2125 4598 suaviter
2152 4543 2471 4598 dicerentur.

1833 4637 1921 4695 51.
1954 4635 2010 4695 lu
2038 4635 2236 4709 popqu
2264 4644 2441 4695 autem
2468 4635 2633 4707 gravi,
2663 4636 2729 4697 de
2746 4652 2850 4713 quo
2873 4636 3073 4701 dictum
3102 4647 3185 4699 est
3210 4638 3342 4711 Deo,

1763 4726 1829 4782 In
1856 4727 2043 4799 papula
2068 4728 2207 4798 gravi
2230 4727 2450 4782 laudabo
2476 4737 2521 4785 te
2550 4726 2723 4794 (Psal.
2770 4744 2959 4794 xxxiv,
2988 4728 3095 4797 18),
3124 4744 3223 4784 nec
3253 4729 3345 4783 illa

1763 4818 1998 4873 suavitas
2022 4816 2352 4873 delectabilis
2381 4827 2479 4885 est,
2516 4833 2616 4887 qua
2642 4833 2751 4873 non
2779 4818 2991 4889 quidem
3036 4819 3213 4896 iniqua
3266 4817 3347 4874 di-

1764 4918 1977 4979 cuntur,
2005 4907 2099 4972 sed
2126 4910 2317 4981 exigua
2343 4918 2397 4966 et
2423 4907 2622 4983 fragilia
2654 4908 2791 4963 bona
2820 4923 3042 4979 spumeo
3064 4912 3346 4968 verborum

1764 5004 1965 5061 ambitu
1990 5010 2267 5070 ornantur,
2294 5001 2436 5075 quali
2462 5018 2560 5059 nec
2600 5018 2786 5076 magna
2816 5010 2975 5073 atque
3013 5003 3220 5059 stabilia
3248 5002 3344 5059 de-

1766 5104 1948 5160 center
1976 5103 2031 5151 et
2071 5096 2304 5169 graviter
2357 5103 2695 5155 ornarentur.
2750 5094 2845 5150 Est
2892 5096 2997 5155 tale
3043 5094 3239 5169 aliquid
3291 5094 3345 5149 in

1767 5190 1992 5263 epistola
2012 5188 2301 5250 beatissimi
2332 5186 2604 5264 Cypriani,
2630 5188 2770 5265 quod
2801 5187 2919 5244 ideo
2947 5197 3076 5265 puto
3095 5189 3179 5247 vel
3205 5187 3345 5243 acci-

1767 5282 1946 5354 disse,
1977 5281 2064 5340 vel
2090 5282 2338 5341 consulto
2364 5281 2557 5341 factum
2587 5297 2707 5341 esse
2728 5323 2745 5353 ,
2778 5288 2835 5334 ut
2858 5281 3084 5337 sciretur
3111 5295 3141 5333 a
3169 5286 3349 5353 poste-

1768 5376 1866 5445 ris,
1896 5391 2053 5451 (ιω
2078 5375 2315 5451 linguam
2337 5374 2594 5435 doctrinae
2618 5374 2923 5433 christiana:
2940 5373 3140 5436 sanitas
3160 5374 3231 5429 ab
3251 5373 3349 5430 ista

1766 5467 2113 5528 redundantia
2130 5469 2481 5541 revocaverit,
2510 5478 2563 5529 et
2583 5466 2649 5527 ad
2678 5466 3028 5536 eloquentiam
3044 5468 3348 5542 graviorem

1767 5560 2250 5633 modestiorequ
2289 5558 2662 5625 restrinxerit;
2707 5558 2877 5633 qualis
2923 5558 2981 5614 in
3013 5557 3128 5633 ejus
3155 5576 3347 5621 emise-

1758 5692 3027 5821 μωκηωκωκωωαιωω
3061 5694 3353 5753 dich
