3874 6390
536 302 641 367 103

539 419 820 496 quentibus
847 418 1037 476 litteris
1077 432 1261 475 secure
1286 428 1512 487 amatur,
1554 420 1797 491 religiose
1824 420 2109 491 appetitur,

539 514 635 572 sed
677 512 990 571 dimcillime
1030 511 1297 582 impletur.
1348 511 1437 565 Ait
1480 526 1609 581 ergo
1660 511 1887 581 quodam
1939 511 2059 565 loco
2101 526 2116 565 :

538 605 782 664 Petamus
819 605 949 660 hanc
990 604 1157 659 sedem
1188 618 1209 657 :
1237 604 1361 657 dant
1398 618 1649 658 secessum
1697 603 1859 657 vicina
1887 614 2116 671 secreta;

534 702 620 757 ubi
646 701 769 755 dum
794 698 996 754 erratici
1032 695 1299 770 palmitum
1324 697 1499 765 lapsus
1537 696 1768 767 pendulis
1792 696 2001 751 nexibus
2026 713 2115 765 per

534 792 807 847 arundines
848 789 1045 859 bajulas
1072 796 1273 857 repunt,
1298 788 1478 842 viteam
1523 786 1771 858 porticum
1799 788 2008 856 frondea
2038 798 2113 843 te-

532 895 614 940 cta
641 887 860 957 fecerunt
903 880 1107 952 (Cypra,
1131 879 1297 951 Epist.
1331 882 1357 936 1
1403 880 1472 934 ad
1525 880 1829 953 Donatum).
1871 880 1986 935 Non
2031 880 2114 935 di-

533 984 726 1034 cuntur
779 975 877 1030 ista
921 974 1025 1028 nisi
1073 972 1382 1029 mirabiliter
1434 971 1832 1028 alllucntissima
1869 972 2110 1029 fecundi-

532 1076 640 1123 tate
676 1066 958 1132 facundiae,
984 1065 1081 1122 sed
1124 1064 1427 1135 profusione
1476 1066 1633 1120 nimia
1662 1066 1901 1137 gravitati
1928 1066 2112 1135 displi-

535 1168 678 1217 cent.
725 1159 827 1228 Qui
847 1172 974 1214 vero
1004 1158 1118 1213 htec
1142 1166 1353 1225 amant,
1385 1157 1623 1228 profecto
1662 1173 1754 1215 eos
1776 1158 1867 1229 qui
1906 1173 2009 1213 non
2039 1159 2109 1214 ita

532 1252 736 1319 dicunt,
760 1251 854 1307 sed
883 1250 1186 1320 castigatius
1208 1250 1550 1319 eloquuntur,
1575 1265 1679 1305 non
1712 1266 1868 1321 posse
1893 1250 1963 1304 ita
1991 1251 2107 1305 elo~

532 1344 622 1416 qui
643 1343 966 1409 existimant,
997 1357 1103 1397 non
1138 1340 1337 1413 judicio
1364 1340 1464 1395 ista
1490 1341 1747 1396 devitare.
1777 1343 2109 1411 Quapmpter

531 1436 633 1493 iste
658 1437 740 1492 vir
781 1444 995 1491 sanctus
1038 1444 1093 1491 et
1120 1450 1277 1505 posse
1306 1450 1364 1490 se
1389 1434 1615 1490 ostendit
1658 1436 1735 1489 sic
1759 1434 1955 1500 dicere,
1984 1436 2106 1505 quia

528 1527 663 1584 dixit
708 1526 936 1593 alicubi,
1005 1534 1060 1581 et
1102 1526 1276 1592 nolle,
1325 1525 1574 1595 quoniam
1620 1524 1955 1595 postmodum
1977 1539 2106 1580 nus-

527 1634 755 1765 ἓιῗὲὓτ
792 1705 908 1763 XV.
948 1735 1019 1749 -ο
1059 1704 1297 1759 Orandus
1343 1702 1483 1758 Deus
1536 1704 1726 1758 doctori
1777 1706 2104 1760 eccleciastico

1094 1806 1211 1853 ante
1228 1798 1536 1852 concionem.

600 1892 691 1949 3%.
730 1891 854 1963 Agit
880 1892 1058 1961 itaque
1087 1896 1270 1944 noster
1310 1888 1409 1943 iste
1438 1888 1711 1957 eloquens,
1739 1903 1859 1942 cum
1886 1897 1940 1943 et
1962 1888 2103 1958 josta

527 1993 585 2043 et
604 1993 785 2042 sancta
805 1994 860 2039 et
884 1983 1022 2039 bona
1045 1982 1194 2047 dicit,
1225 1995 1398 2051 neque
1421 1981 1561 2035 enim
1587 1981 1689 2035 alia
1718 1980 1876 2036 debet
1900 1980 2097 2045 dicere;

524 2077 633 2149 agit
656 2091 782 2148 ergo
809 2082 1059 2146 quantum
1090 2081 1266 2143 potest
1290 2088 1410 2128 cum
1433 2072 1531 2127 ista
1550 2072 1696 2138 dicit,
1719 2082 1776 2127 ut
1801 2072 2101 2142 intelligen-

524 2175 627 2236 ter,
672 2176 732 2224 ut
780 2166 1026 2231 libenter,
1058 2172 1118 2219 ut
1143 2163 1452 2219 obedienter
1478 2164 1719 2219 audiatur
1751 2182 1764 2218 :
1792 2172 1847 2219 et
1887 2163 2001 2218 haec
2043 2180 2103 2218 se

524 2275 683 2330 posse
705 2300 722 2327 ,
766 2260 811 2314 si
842 2259 1111 2329 potuerit,
1138 2249 1193 2313 ἐι
1235 2258 1287 2313 in
1314 2266 1566 2328 quantum
1604 2259 1837 2328 potuerit
1858 2298 1875 2325 ,
1906 2258 2101 2327 pietate

526 2351 693 2420 magis
721 2351 1047 2417 orationum,
1094 2364 1251 2420 quam
1293 2358 1561 2405 oratorum
1588 2348 1837 2405 facultate
1867 2366 1972 2403 non
1998 2350 2098 2404 du-

522 2444 687 2509 bitet;
720 2454 777 2499 ut
805 2442 1008 2498 orando
1036 2458 1132 2512 pro
1159 2457 1217 2497 se
1239 2484 1253 2509 ,
1280 2457 1343 2497 ac
1370 2458 1465 2512 pro
1496 2441 1600 2498 illis
1624 2456 1756 2512 quos
1785 2451 1865 2497 est
1893 2442 2098 2496 allocu-

522 2547 701 2605 turus,
751 2537 819 2591 sit
855 2544 1037 2591 orator
1064 2545 1347 2605 antequam
1376 2535 1566 2591 dictor.
1598 2536 1713 2606 Ipsa
1736 2535 1865 2590 hora
1905 2536 2012 2606 jam
2042 2544 2099 2590 ut

521 2630 664 2687 dicat
698 2628 958 2686 accedens
980 2670 995 2696 ,
1043 2628 1345 2699 priusquam
1374 2635 1585 2683 exseret
1613 2627 1967 2697 proferentcm
1994 2627 2096 2681 lin-

516 2738 696 2795 guam,
727 2723 793 2777 ad
821 2723 984 2777 Deum
1015 2720 1155 2776 levet
1181 2720 1411 2775 animam
1464 2721 1729 2776 sitientem
1750 2762 1764 2785 ,
1797 2728 1854 2775 ut
1893 2727 2096 2775 eructet

520 2813 663 2886 quod
685 2812 907 2881 biberit,
935 2813 1019 2868 vel
1058 2812 1198 2883 quod
1226 2811 1522 2882 impleverit
1567 2811 1767 2866 fundat.
1798 2810 1930 2866 Cum
1953 2811 2094 2865 enim

517 2907 585 2963 de
616 2922 945 2977 unaquaque
970 2921 1049 2972 re,
1078 2919 1198 2975 quae
1224 2903 1511 2959 secundum
1540 2902 1693 2958 tidem
1728 2903 2092 2958 dilectionem-

516 3013 622 3070 que
668 2999 686 3030 ¹
737 2997 1007 3053 tractanda
1053 3004 1207 3063 sunt,
1252 2995 1415 3050 multa
1460 2996 1565 3050 sint
1602 3011 1720 3065 quae
1750 2994 2008 3061 dicantur,
2037 3002 2094 3050 et

516 3090 669 3145 multi
716 3089 861 3145 modi
913 3089 1104 3159 quibus
1149 3088 1389 3143 dicantur
1417 3087 1484 3141 ab
1512 3088 1590 3141 eis
1616 3088 1703 3157 qui
1732 3086 1850 3141 htec
1879 3087 2088 3153 sciunt;

514 3183 636 3254 quis
654 3181 801 3237 novit
820 3181 945 3252 quid
971 3180 1039 3235 ad
1079 3195 1312 3251 praesens
1337 3188 1566 3249 tempus,
1598 3180 1681 3235 vel
1711 3180 1862 3235 nobis
1890 3180 2086 3246 dicere,

514 3277 599 3332 vel
626 3291 720 3347 per
743 3290 841 3331 nos
868 3273 1113 3345 expediat
1141 3273 1346 3341 audiri,
1397 3272 1500 3327 nisi
1527 3273 1618 3342 qui
1646 3273 1805 3327 corda
1851 3274 2087 3327 omnium

513 3368 700 3426 videt?
726 3370 922 3441 etquis
966 3368 1090 3424 facit
1134 3376 1190 3423 ut
1233 3368 1373 3438 quod
1402 3375 1630 3438 oportet,
1660 3377 1712 3422 et
1740 3367 2087 3438 quemadmo-

512 3461 638 3519 dum
659 3470 886 3533 Oportet,
912 3461 1119 3517 dicatur
1139 3476 1171 3515 a
1201 3461 1370 3525 nobis,
1402 3460 1501 3516 nisi
1525 3461 1575 3515 in
1606 3462 1757 3530 cujus
1786 3476 1941 3515 manu
1964 3471 2089 3517 sunt

511 3564 566 3612 et
592 3569 689 3611 nos
714 3564 769 3612 et
792 3568 1067 3611 sermones
1092 3554 1259 3609 nostri
1283 3552 1434 3625 (Sap.
1464 3568 1556 3621 vn,
1586 3544 1707 3624 l6)".t
1735 3555 1810 3609 Ac
1840 3570 1934 3625 per
1962 3554 2082 3622 hoc,

512 3648 681 3705 discat
708 3648 921 3720 quidem
952 3646 1128 3702 omnia
1156 3662 1273 3717 qua:
1300 3645 1535 3702 docenda
1563 3655 1705 3710 sunt,
1738 3648 1827 3716 qui
1854 3656 1907 3701 et
1930 3663 2085 3703 nosse

508 3744 625 3801 vult
647 3754 701 3802 et
721 3743 944 3810 docere;
964 3742 1371 3812 facultatemque
1397 3741 1623 3805 dicendi,
1658 3750 1715 3796 ut
1736 3741 1889 3797 decet
1912 3742 2082 3796 virum

506 3835 944 3902 ecclesiasticum,
977 3842 1246 3904 comparet
1279 3852 1291 3888 :
1325 3832 1389 3888 ad
1419 3834 1606 3888 horam
1637 3848 1762 3887 vero
1790 3832 1953 3902 ipsius
2002 3832 2085 3889 di-

509 3928 739 3994 ctionis,
797 3927 925 3982 illud
969 3928 1142 3998 potius
1184 3928 1337 3982 bona:
1381 3928 1546 3983 menti
1576 3928 1772 3998 cogitet
1799 3929 2084 3983 convenire

507 4019 653 4092 quod
699 4019 952 4074 Dominus
976 4019 1079 4082 ait,
1131 4017 1303 4072 Nolite
1326 4020 1545 4089 cogitare
1581 4021 1828 4088 quomodo
1853 4029 1940 4073 aut
1963 4020 2083 4090 quid

507 4110 819 4181 loquamini;
846 4108 1045 4163 dabitur
1072 4109 1204 4164 enim
1233 4108 1366 4163 vobis
1406 4111 1461 4163 in
1496 4108 1589 4163 illa
1613 4110 1737 4163 hora
1754 4110 1876 4180 quid
1901 4112 2081 4183 loqua-

509 4204 633 4262 mini
663 4219 683 4257 :
704 4221 805 4259 non
840 4202 974 4258 enim
1017 4218 1102 4257 vos
1143 4201 1260 4256 estis
1288 4201 1387 4273 qui'
1412 4201 1703 4271 loquimini,
1743 4203 1831 4256 sed
1857 4201 2080 4272 Spiritus

507 4296 682 4353 Patris
722 4296 869 4352 vestri
916 4295 1002 4367 qui
1044 4293 1263 4364 loquitur
1287 4295 1337 4348 in
1362 4294 1495 4348 vobis
1522 4292 1733 4363 (Matth.
1765 4310 1820 4361 x,
1854 4294 1940 4360 19,
1963 4295 2076 4369 20).

503 4389 563 4446 Si
606 4404 732 4460 ergo
777 4387 1011 4459 loquitur
1040 4386 1092 4441 in
1143 4386 1220 4441 eis
1251 4385 1480 4455 Spiritus
1505 4396 1745 4453 sanctus,
1774 4389 1863 4457 qui
1894 4402 2077 4458 perse-

502 4481 788 4554 quentibus
809 4479 1087 4536 traduntur
1106 4494 1202 4550 pro
1222 4478 1451 4547 Christo,
1473 4494 1569 4535 cur
1594 4494 1698 4536 non
1729 4487 1783 4535 et
1804 4480 1857 4534 in
1885 4478 1962 4535 eis
1987 4480 2077 4551 qui

506 4571 724 4629 tradunt
746 4570 1074 4627 discentibus
1098 4568 1408 4625 Christum?

504 4664 729 4721 CAPUT
765 4663 905 4720 XVI.
930 4694 1003 4705 —-
1026 4661 1250 4718 Docendi
1270 4672 1517 4733 prtecepta
1547 4678 1647 4717 non
1672 4664 1925 4735 superﬂuo
1944 4664 2075 4719 dan-

651 4767 733 4814 tur
758 4755 819 4811 ab
846 4756 1045 4812 homine
1062 4798 1076 4822 ,
1104 4757 1297 4811 tametsi
1322 4755 1546 4809 doctores
1572 4756 1746 4826 efﬁciat
1775 4755 1931 4813 Deus.

575 4853 666 4910 35.
705 4850 952 4922 Quisquis
978 4860 1154 4905 autem
1180 4849 1307 4905 dicit
1332 4864 1435 4905 non
1471 4864 1590 4904 esse
1616 4848 1916 4907 hominibus
1942 4867 2076 4922 pra:-

503 4944 804 5020 cipiendum
831 4943 988 5014 quid,
1014 4942 1100 4997 vel
1138 4940 1580 5013 quemadmodum
1610 4941 1862 5011 doceant,
1891 4943 1936 4999 si
1972 4943 2071 4999 do-

502 5050 680 5100 ctores
733 5046 946 5093 sanctus
996 5034 1158 5091 efﬁcit
1204 5033 1468 5104 Spiritus,
1520 5044 1693 5105 potest
1742 5035 1919 5091 dicere
1972 5051 2073 5093 nec

497 5130 756 5191 orandum
788 5126 941 5185 nobis
968 5141 1107 5195 esse,
1145 5126 1264 5197 quia
1288 5126 1541 5183 Dominus
1559 5127 1653 5195 ait,
1683 5126 1792 5184 Scit
1819 5137 1962 5201 pater
1986 5145 2070 5185 ve-

498 5234 599 5283 ster
621 5223 742 5297 quid
766 5221 903 5278 vobis
925 5218 1259 5275 necessarium
1284 5220 1369 5287 sit,
1394 5220 1532 5292 prius
1567 5238 1717 5292 quam
1737 5222 1916 5292 petatis
1936 5222 1998 5277 ab
2013 5239 2070 5277 eo

500 5312 614 5387 (Id.
641 5330 693 5369 vn
710 5357 726 5383 ,
749 5314 803 5387 8)
828 5330 843 5380 ;
893 5319 983 5368 aut
1005 5310 1303 5383 apostolum
1332 5309 1551 5366 Paulum
1573 5312 1852 5367 Timotheo
1871 5323 1924 5368 et
1952 5314 2069 5370 Tito

499 5420 610 5463 non
665 5406 912 5463 debuisse
962 5404 1251 5476 praecipere
1294 5402 1452 5474 quid,
1494 5404 1579 5458 vel
1626 5404 2068 5472 quemadﬁrodum

497 5496 848 5571 praeciperent
898 5496 1036 5552 aliis.
1080 5495 1223 5564 Quas
1280 5501 1387 5549 tres
1445 5495 1762 5564 apostolicas
1808 5497 2068 5566 Epistolas

495 5600 622 5650 ante
643 5591 826 5647 oculos
850 5590 1044 5646 habere
1068 5588 1244 5655 debet,
1275 5587 1359 5645 cui
1388 5588 1543 5645 estin
1572 5588 1809 5645 Ecclesia
1835 5590 2067 5647 doctoris

497 5699 726 5764 persona
754 5681 1019 5753 imposita.
1051 5680 1237 5738 Nonne
1263 5681 1317 5737 in
1338 5682 1508 5753 prima
1533 5680 1598 5736 ad
1621 5681 1957 5739 Timotheum
1988 5683 2067 5738 le-

558 5799 576 5832 ⁸
599 5794 736 5858 Editi,
756 5791 1221 5858 delectationemque.
1244 5800 1352 5847 uss.
1374 5797 1607 5860 potiores,
1630 5796 2033 5865 dilectionemque.

1418 298 1508 362 DE
1545 305 1881 363 DOCTRINA
1916 301 2340 382 CHRISTIANA,
2381 313 2439 369 S.
2480 312 2840 379 AUGUSTINI

3704 341 3811 403 105

2218 424 2394 493 gitur:
2420 428 2678 487 Annuntia
2703 434 2807 489 luet:
2836 445 2883 490 et
2918 436 3041 494 doce
3070 438 3112 514 (l
3134 441 3264 500 Tim.
3294 461 3369 514 tv,
3399 449 3529 522 il)?
3558 468 3676 524 quae
3699 471 3803 511 au-

2225 522 2330 570 tem
2354 518 2478 586 sint,
2511 535 2665 592 supra
2689 526 2885 595 dictum
2913 541 3013 586 est.
3044 533 3230 591 Nonne
3258 537 3327 594 ibi
3348 550 3429 597 est
3537 518 3804 603 seniorem

2224 624 2285 662 ne
2305 609 2655 681 increpaven's,
2679 620 2768 671 sed
2796 623 2997 677 obsecra
3023 635 3075 677 nt
3096 637 3288 696 patrem
3314 631 3421 701 (Id.
3453 651 3505 703 ν,
3536 638 3633 708 l)?
3658 639 3804 697 Non-

2222 714 2289 756 ne
2319 700 2371 757 in
2398 707 2629 761 secunda
2661 710 2708 763 ei
2732 711 2925 768 dicitur
2954 733 2967 768 :
2996 715 3240 775 Formam
3262 722 3388 778 habe
3416 727 3678 785 verborum
3723 751 3803 788 sa-

2221 807 2399 887 norum
2422 837 2437 862 ,
2467 814 2579 868 qua:
2626 817 2657 852 α
2682 818 2760 856 me
2797 806 2983 860 audisti
3011 806 3083 879 (ll
3108 808 3240 867 Tim.
3271 829 3323 880 ι,
3353 815 3479 887 i3)?
3516 818 3703 877 Nonne
3726 823 3799 880 ibi

2220 884 2269 939 ei
2323 886 2552 943 dicitur:
2588 890 2727 948 Satis
2763 912 2881 967 age,
2934 900 3145 969 teipsum
3176 884 3480 972 probabilem
3512 915 3800 982 operarium

2218 978 2451 1033 exhibens
2478 980 2605 1050 Deo,
2634 1002 2733 1040 non
2767 989 3145 1061 erubescentem,
3179 998 3380 1054 uerbum
3418 1004 3642 1059 feritatis
3665 1020 3798 1063 recte

2217 1072 2644 1145 tractantem-(Id.
2674 1093 2732 1142 ιι,
2768 1080 2893 1150 15)?
2921 1082 2992 1137 lbi
3020 1094 3101 1139 est
3136 1096 3189 1143 et
3227 1088 3353 1145 illud
3386 1090 3660 1150 :Prtedica
3680 1116 3796 1154 ver-

2216 1156 2352 1224 bum,
2384 1161 2516 1216 insta
2542 1178 2841 1237 opportune,
2867 1174 3187 1245 importune;
3213 1198 3369 1251 argue
3386 1225 3401 1249 ,
3433 1185 3635 1242 obsecra
3659 1230 3674 1255 ,
3710 1190 3796 1244 in-

2214 1264 2363 1321 crepa
2390 1253 2442 1307 in
2471 1257 2607 1310 omni
2632 1258 3008 1331 longanimitate
3036 1276 3081 1320 et
3121 1268 3349 1325 doctrina
3371 1273 3440 1346 (ll
3466 1274 3595 1331 Tim.
3618 1253 3791 1351 ΜΞ).

2214 1338 2447 1412 ltemque
2475 1347 2539 1400 ad
2567 1347 2739 1404 Titum
2761 1393 2773 1417 ,
2808 1368 2983 1410 nonne
3011 1356 3139 1413 dicit
3163 1338 3469 1434 episcopum
3496 1366 3645 1436 juxta
3677 1338 3794 1425 ’(16-

2211 1434 2433 1489 ctrinam
2457 1437 2622 1493 ﬁdelis
2651 1443 2795 1497 verbi
2840 1461 3264 1516 perseverantem
3306 1469 3427 1511 esse
3483 1434 3696 1526 debere,
3735 1473 3794 1517 ut

2213 1536 2385 1595 potens
2414 1530 2477 1582 sit
2505 1532 2557 1583 in
2584 1532 2811 1589 doctrina
2836 1554 2962 1615 sana
2998 1550 3045 1594 et
3068 1546 3461 1603 contradicentes
3490 1552 3793 1624 redarguere

2214 1616 2339 1687 (Tit.
2369 1635 2408 1687 ι,
2433 1620 2486 1692 9)
2507 1622 2532 1674 ?
2553 1621 2627 1677 lbi
2657 1626 2813 1681 etiam
2833 1628 2958 1685 dicit
2984 1650 2994 1684 :
3020 1632 3095 1686 Tu
3117 1651 3229 1689 vero
3257 1638 3456 1707 loquere
3479 1658 3589 1712 qute
3616 1616 3791 1698 decent

2209 1723 2385 1763 sanam
2411 1712 2720 1783 doctrinam,
2748 1735 2887 1773 senes
2912 1723 3101 1777 sobrios
3129 1742 3233 1780 esse
3260 1726 3369 1799 (Id.
3400 1746 3470 1797 ιι,
3497 1733 3548 1799 1,
3578 1733 3649 1807 2)
3672 1776 3687 1802 ,
3736 1750 3791 1793 et

2209 1816 2326 1870 quae
2348 1815 2657 1874 sequuntur.
2677 1808 2751 1864 lbi
2779 1820 2832 1866 et
2856 1813 2982 1868 illud
3013 1832 3025 1867 :
3050 1815 3172 1870 IIa’c
3193 1818 3409 1890 loquere,
3438 1826 3784 1896 etexhortare,

2210 1903 2255 1944 et
2281 1894 2484 1965 increpa
2512 1915 2625 1952 cum
2647 1904 2782 1956 omni
2811 1904 3037 1973 imperio.
3068 1907 3231 1964 Nemo
3249 1921 3294 1966 te
3314 1924 3595 1971 contemnat
3620 1894 3783 1991 (Ibid.

2210 1982 2323 2054 15).
2354 1986 2579 2042 Admone
2614 1991 2728 2045 illos
2763 1995 3068 2065 principibus
3112 2008 3156 2052 et
3194 2005 3516 2071 potestatibus
3559 1982 3787 2065 subditos

2207 2090 2310 2129 esse
2342 2075 2449 2147 (Id.
2483 2096 2559 2146 ιιι,
2589 2078 2688 2154 1),
2720 2093 2822 2138 etc.
2865 2086 3000 2155 Quid
3043 2105 3167 2158 ergo
3210 2096 3488 2162 putamus?
3517 2097 3787 2170 Numquid

2207 2177 2388 2222 contra
2435 2172 2665 2241 seipsum
2710 2176 2872 2231 sentit
2914 2182 3217 2251 Apostolus,
3243 2186 3332 2255 qui
3370 2201 3492 2243 cum
3520 2189 3661 2246 dicat
3686 2192 3786 2247 do-

2206 2266 2380 2313 ctores
2403 2265 2709 2332 operatione
2754 2266 2868 2323 ﬁeri
2899 2269 3127 2340 Spiritus
3152 2277 3340 2343 sancti,
3372 2278 3482 2350 ipse
3511 2281 3614 2337 illis
3640 2298 3783 2354 prae-

2205 2350 2331 2420 cipit
2355 2352 2478 2423 quid
2520 2364 2573 2410 et
2600 2359 3045 2427 quemadmodum
3074 2363 3330 2422 doceant?
3367 2371 3449 2425 An
3480 2350 3783 2445 intelligen-

2205 2443 2328 2499 dum
2357 2456 2455 2513 est,
2486 2456 2541 2503 et
2585 2449 2855 2508 hominum
2876 2454 3045 2510 ofﬁcia
3076 2459 3190 2528 ipso
3214 2470 3397 2517 sancto
3433 2463 3630 2534 Spiritu
3646 2443 3783 2537 itar-

2202 2535 2397 2606 giente,
2429 2540 2479 2593 in
2503 2538 2754 2598 docendis
2784 2546 2943 2599 etiam
2967 2547 3093 2617 ipsis
3115 2549 3423 2609 doctoribus
3447 2570 3553 2610 non
3582 2535 3782 2615 debere

2202 2644 2443 2698 cessare;
2476 2642 2530 2688 et
2580 2643 2752 2691 tamen
2799 2654 2969 2709 neque
3013 2641 3100 2712 qui
3147 2643 3347 2713 plantat
3391 2661 3510 2703 esse
3554 2649 3776 2722 aliquid,

2201 2736 2372 2791 neque
2412 2724 2499 2792 qui
2533 2725 2698 2795 rigat,
2729 2729 2821 2784 sed
2865 2730 3027 2785 Deum
3058 2734 3145 2804 qui
3175 2734 3557 2793 incrementum
3586 2740 3678 2797 dat
3724 2744 3773 2813 (ἰ

2199 2810 2315 2867 Cor.
2346 2830 2421 2879 ιιι,
2458 2814 2550 2888 7)?
2579 2816 2730 2874 Unde
2774 2820 2901 2891 ipsis
2926 2840 3136 2895 quoque
3162 2826 3417 2883 ministris
3443 2834 3640 2888 sanctis
3680 2810 3779 2890 ho-

2197 2903 2445 2970 minibus,
2480 2909 2560 2962 vel
2591 2911 2751 2965 etiam
2777 2915 2973 2969 sanctis
2994 2916 3207 2986 Angelis
3229 2922 3589 2992 operantibus,
3613 2940 3777 2982 nemo

2196 3005 2339 3051 recte
2390 2996 2544 3053 discit
2573 3016 2691 3070 quae
2722 3006 2987 3071 pertinent
3028 3008 3094 3063 ad
3132 3010 3411 3068 vivendum
3456 3029 3575 3069 cum
3633 3015 3770 3086 Deo,

2196 3088 2296 3143 nisi
2334 3089 2425 3144 liat
2451 3106 2479 3144 a
2510 3092 2619 3148 Deo
2644 3093 2828 3150 docilis
2856 3097 2965 3153 Deo
3000 3100 3041 3165 ⁸,
3072 3100 3156 3155 cui
3192 3101 3385 3158 dicitur
3412 3104 3465 3159 in
3510 3105 3728 3162 Psalmo
3760 3127 3773 3163 :

2194 3179 2333 3235 Doce
2360 3198 2439 3235 me
2474 3187 2637 3252 facere
2672 3187 2975 3243 uoluntatem
3022 3198 3177 3258 tuam,
3200 3195 3436 3262 quoniam
3478 3205 3531 3250 tu
3560 3213 3611 3250 es
3631 3195 3777 3254 Deus

2193 3288 2333 3326 meus
2367 3271 2533 3343 (Psal.
2569 3291 2728 3343 CXLII,
2762 3277 2869 3351 l0).
2912 3280 3062 3338 Unde
3093 3292 3147 3338 et
3172 3283 3273 3354 ipsi
3299 3284 3580 3343 Timotheo
3624 3288 3774 3345 idem

2192 3361 2318 3416 dicit
2342 3367 2633 3434 apostolus,
2660 3368 2880 3439 loquens
2910 3372 3088 3443 utique
3112 3375 3177 3429 ad
3204 3376 3517 3448 discipulum
3542 3379 3771 3437 doctor:

2191 3449 2271 3505 Tu
2295 3466 2461 3507 autem
2488 3473 2746 3526 persevera
2788 3462 2839 3514 in
2869 3461 2929 3515 iis
2953 3479 3064 3531 qua:
3082 3464 3320 3533 didicisti,
3352 3478 3398 3522 et
3418 3471 3607 3524 credita
3652 3484 3774 3529 sunt

2191 3543 2297 3607 tibi,
2322 3547 2481 3601 sciens
2508 3565 2539 3600 a
2564 3565 2659 3618 quo
2680 3550 2912 3606 didiceris
2944 3551 3008 3622 (ll
3035 3553 3164 3608 Tim.
3195 3572 3273 3624 tu,
3314 3558 3427 3631 14).
3456 3560 3767 3620 Sicutenim

2190 3639 2430 3706 corporis
2456 3641 2860 3709 medicamenta,
2893 3661 3010 3714 qtae
3035 3646 3336 3705 hominibus
3365 3650 3432 3705 ab
3461 3652 3770 3712 hominibus

2188 3729 2524 3796 adhibentur,
2552 3735 2758 3788 nonnisi
2785 3736 2862 3791 eis
2894 3748 3112 3806 prosunt
3137 3740 3327 3810 quibus
3349 3742 3486 3798 Deus
3510 3757 3770 3815 operatur

2187 3821 2431 3887 salutem,
2461 3824 2548 3893 qui
2571 3836 2622 3880 ct
2647 3827 2759 3881 sine
2785 3827 2888 3882 illis
2919 3829 3116 3886 mederi
3143 3842 3337 3902 potest,
3365 3850 3482 3889 cum
3509 3838 3625 3892 sine
3647 3839 3769 3910 ipso

2186 3916 2273 3972 illa
2315 3934 2419 3973 non
2459 3920 2693 3989 possint,
2725 3930 2779 3977 et
2814 3932 2987 3979 tamen
3018 3925 3363 3995 adhibentur;
3396 3938 3449 3985 et
3477 3930 3522 3987 si
3549 3930 3655 3988 hoc
3685 3933 3769 3989 of-

2187 4008 2367 4064 ficiose
2397 4010 2486 4064 fiat
2506 4053 2519 4078 ,
2548 4012 2682 4067 inter
2704 4029 2859 4084 opera
2888 4017 3263 4072 misericordia:
3291 4020 3374 4075 vel
3395 4020 3766 4081 beneficentia:

2185 4099 2504 4169 deputatur:
2539 4104 2606 4158 ita
2638 4114 2691 4161 et
2714 4106 3014 4177 adjumenta
3065 4109 3318 4167 doctrina:
3365 4122 3489 4169 tunc
3531 4129 3764 4184 prosunt

2184 4192 2373 4249 anima:
2402 4195 2632 4252 adhibita
2661 4214 2755 4270 per
2780 4199 3069 4268 hominem,
3094 4219 3213 4258 cum
3245 4206 3381 4261 Deus
3407 4217 3661 4277 operatur
3701 4221 3765 4266 ut

2183 4287 2417 4354 prosint,
2462 4290 2549 4357 qui
2595 4291 2764 4359 potuit
2818 4292 3156 4363 Evangelium
3186 4294 3315 4350 dare
3342 4296 3561 4364 homini,
3593 4299 3762 4355 etiam

2182 4391 2287 4430 non
2315 4377 2381 4432 ab
2412 4379 2731 4447 hominibus,
2764 4398 2935 4451 neque
2956 4400 3052 4455 per
3076 4385 3363 4443 hominem.

2181 4467 2405 4527 CAPUT
2434 4470 2593 4528 XVII.
2621 4504 2689 4514 —-
2710 4474 2788 4528 Ad
2812 4477 3091 4533 docendum
3112 4479 3458 4536 delectandum
3479 4491 3527 4537 et
3545 4483 3761 4552 ﬂecten-

2459 4565 2587 4635 dum
2620 4568 2829 4636 pertinet
2859 4571 3043 4640 triplea;
3074 4572 3270 4627 dicendi
3292 4590 3465 4646 genus.

2251 4654 2338 4709 '54.
2379 4654 2477 4724 Qui
2516 4672 2643 4727 ergo
2688 4659 2871 4714 nititur
2894 4660 3117 4717 dicendo
3146 4665 3463 4733 persuadere
3489 4668 3631 4737 quod
3662 4669 3762 4725 bo-

2181 4760 2304 4800 num
2325 4756 2440 4811 est,
2471 4748 2601 4803 nihil
2640 4748 2827 4806 horum
2859 4752 3019 4808 trium
3050 4769 3325 4825 spernens,
3358 4766 3412 4812 ut
3432 4759 3633 4814 scilicet
3659 4760 3764 4815 do-

2177 4848 2315 4906 ceat,
2337 4848 2391 4893 ut
2409 4839 2653 4909 delectet,
2677 4853 2734 4898 ut
2757 4842 2964 4912 flectat;
2986 4857 3102 4902 oret
3126 4857 3281 4919 atque
3308 4859 3448 4920 agat,
3482 4859 3537 4905 ut
3559 4867 3759 4920 quem-

2176 4928 2458 4985 admodum
2505 4947 2663 5003 supra
2737 4934 2998 5005 diximus,
3054 4939 3425 5010 intelligenter,
3499 4941 3755 5011 libenter,

2177 5020 2587 5094 obedienterque
2612 5025 2873 5082 audiatur.
2897 5029 3046 5096 Quod
3072 5047 3191 5086 cum
3214 5043 3333 5102 apte
3354 5042 3407 5089 et
3430 5035 3755 5090 convenien-

2175 5118 2257 5166 ter
2276 5112 2397 5168 facit
2418 5155 2433 5181 ,
2462 5131 2565 5170 non
2596 5116 2858 5174 immerito
2885 5120 3138 5192 eloqui-ns
3166 5124 3265 5177 dici
3294 5132 3487 5193 potest,
3513 5124 3610 5180 etsi
3639 5141 3758 5181 non

2175 5219 2294 5261 eum
2325 5218 2575 5277 sequatur
2600 5210 2853 5266 auditoris
2878 5227 3141 5269 assensus.
3172 5215 3252 5269 Ad
3282 5215 3397 5271 haec
3433 5218 3573 5272 enim
3622 5220 3756 5286 tria,

2174 5299 2227 5354 id
2253 5309 2334 5356 est
2356 5309 2414 5355 ut
2440 5301 2660 5372 doceat,
2693 5313 2750 5359 ut
2769 5304 3018 5373 delectet,
3049 5306 3316 5374 utilectat,
3346 5309 3502 5363 etiam
3532 5311 3632 5365 tria
3663 5312 3757 5367 illa

2172 5394 2383 5450 videtur
2423 5397 2690 5466 pertinuere
2731 5399 2963 5455 voluisse
2992 5400 3128 5455 idem
3169 5401 3283 5472 ipse
3312 5401 3533 5458 Romani
3563 5414 3758 5460 auctor

2172 5487 2387 5559 eloquii,
2415 5505 2533 5545 cum
2564 5490 2745 5548 itidem
2787 5491 2954 5560 dixit,
2982 5491 3041 5549 Is
3065 5494 3217 5564 igitur
3251 5495 3342 5548 erit
3368 5496 3628 5565 eloquens,
3660 5498 3754 5567 qui

2172 5583 2351 5653 poterit
2382 5601 2536 5652 parva
2555 5585 2814 5656 submisse,
2844 5586 3041 5642 modica
3067 5597 3356 5660 temperate,
3384 5605 3567 5660 magna
3584 5605 3753 5660 gron.

2172 5740 2560 5867 “mxumae
2580 5746 2832 5803 omittunt,
2856 5745 3140 5808 Deo;un
3172 5753 3275 5797 Mss.
3310 5744 3640 5805 habent,nee
3673 5758 3759 5797 ω·
