3874 6338
248 346 399 445 ,ιθθ

296 473 406 520 seet
434 479 447 515 :
475 470 529 518 et
547 463 710 517 multa
732 462 961 533 reperiet
980 462 1260 523 locutionis
1282 479 1470 533 genera
1490 465 1623 518 tanti
1642 464 1869 531 decoris,

270 568 409 626 qua:
445 553 659 626 quidem
687 564 747 608 ct
778 555 830 611 in
859 565 1056 617 nostra,
1098 553 1190 623 sed
1223 555 1448 622 tussim:
1476 555 1525 608 in
1571 569 1662 608 sua
1700 555 1871 624 lingua

262 634 480 713 decora
531 656 675 709 sunt,
722 661 949 715 quorum
998 642 1197 700 nnlbuu
1236 646 1286 699 iu
1314 646 1410 700 eis.
1456 642 1645 717 quibus
1676 647 1759 701 isti
1791 646 1870 700 in-

258 726 505 811 ﬂantur,
550 732 741 801 litteris
769 737 1049 791 invenitur.
1083 732 1187 792 Sed
1216 736 1504 809 cavendum
1533 738 1621 811 est
1642 754 1708 793 ne
1736 736 1870 792 diri-

288 807 371 893 nis
414 830 770 901 gravibusque
813 828 1110 895 sententiis,
1156 825 1281 884 dum
1319 829 1527 883 additur
1566 807 1816 897 iiutucrus
1849 871 1864 896 ,

284 926 504 997 pondus
543 923 870 979 detrahatur.
902 923 1051 987 Nam
1090 923 1176 977 illa
1224 924 1421 980 musica
1452 921 1748 994 disciplina,
1781 920 1867 978 ubi

285 1002 542 1073 numerus
584 1016 693 1072 iste.
735 1016 1041 1087 plenissime
1087 1016 1325 1077 discitur,
1374 1025 1537 1089 usque
1580 1016 1710 1071 adeo
1761 1032 1865 1070 non

283 1109 451 1166 defuit
480 1108 757 1178 Prnplietis
784 1110 999 1171 nostris,
1028 1118 1086 1162 ut
1111 1108 1189 1164 \ir
1227 1109 1562 1165 (laetissimus
1605 1108 1862 1180 lliernny-

282 1218 409 1261 mus
425 1202 775 1274 quorumdam
794 1202 951 1256 etiam
971 1211 1139 1256 metra
1158 1210 1556 1266 commemoret,
1580 1201 1629 1254 in
1654 1199 1863 1256 itcbl‘tPa

254 1285 546 1348 iduntaxat
567 1294 737 1362 lingua
768 1291 1003 1362 (Hieron.
1034 1292 1082 1345 in
1111 1282 1317 1361 prologo
1344 1282 1497 1362 super
1520 1290 1639 1363 Job)
1674 1309 1685 1344 :
1712 1291 1862 1361 cujus

278 1392 339 1439 υι
359 1384 637 1447 veritatem
659 1392 893 1439 servaret
921 1383 970 1437 in
1000 1382 1195 1447 verbis,
1221 1382 1333 1436 bare
1362 1382 1482 1435 inde
1506 1399 1605 1434 non
1635 1391 1862 1437 transtu-

275 1472 359 1528 lit.
395 1473 506 1543 Ego
524 1484 697 1533 autem
723 1482 778 1527 ut
801 1472 867 1526 de
884 1486 1039 1528 sensu
1065 1488 1182 1526 meo
1209 1472 1408 1541 loquar,
1439 1472 1524 1542 qui
1549 1471 1674 1525 mibi
1700 1488 1858 1541 quam

278 1565 404 1621 aliis
429 1574 484 1621 et
524 1580 679 1637 quam
704 1563 928 1618 aliorum
963 1572 1039 1616 est
1068 1563 1248 1634 utique
1276 1564 1467 1625 notior,
1498 1563 1631 1616 sicut
1660 1562 1709 1616 in
1741 1578 1859 1619 meo

256 1656 521 1726 eloquio,
568 1662 817 1727 quantum
868 1654 1106 1709 modeste
1150 1654 1260 1713 lieri
1292 1652 1539 1717 arbitror,
1574 1669 1676 1707 non
1726 1670 1858 1724 pra:—

274 1750 521 1806 termitto
542 1749 671 1805 istos
692 1762 941 1805 uniueros
966 1747 1314 1804 clausularum
1340 1762 1356 1812 ;
1388 1748 1453 1801 ita
1481 1748 1531 1802 in
1557 1749 1857 1805 auctoribus

277 1842 481 1900 nostris
514 1842 615 1901 boc
655 1841 785 1899 mibi
824 1842 942 1913 plus
969 1841 1160 1915 placet,
1206 1841 1346 1915 quod
1373 1842 1442 1897 ibi
1469 1857 1562 1899 eos
1590 1843 1856 1899 rarissime

272 1934 513 1991 ἰηι-ειιίο.

348 2026 667 2084 42.6rande
693 2036 869 2103 autem
896 2016 1102 2084 dicendi
1130 2040 1295 2098 genus
1324 2025 1426 2085 boc
1450 2026 1677 2083 maxime
1697 2025 1853 2081 distat

252 2118 343 2175 ab
375 2118 481 2174 isto
517 2134 710 2190 genere
748 2127 1070 2188 temperato,
1115 2118 1253 2187 quod
1286 2134 1390 2174 non
1434 2129 1537 2175 tam
1570 2118 1851 2197 verborum

267 2210 550 2267 ornatibus
590 2222 856 2279 comptum
897 2221 1005 2268 est.
1036 2227 1191 2282 quam
1220 2211 1505 2269 violentum
1535 2209 1695 2273 animi
1726 2209 1851 2264 alic-

266 2302 467 2369 c1ibus.
500 2301 628 2357 Nam
656 2304 797 2372 Capit
822 2302 979 2358 etiam
1022 2302 1106 2357 illa
1137 2311 1442 2359 ornamenta
1471 2318 1608 2373 pene
1630 2301 1849 2369 omnia;

267 2393 366 2457 sed
406 2409 469 2447 ea
517 2392 563 2448 si
606 2409 711 2449 non
751 2392 1013 2458 habuerit,
1044 2410 1145 2449 non
1174 2394 1411 2464 rrquirit.
1446 2392 1636 2449 Fertur
1659 2393 1850 2463 quippe

266 2484 475 2555 impetu
502 2498 617 2549 suo,
648 2493 701 2539 ct
729 2482 1038 2545 elocutionis
1079 2484 1540 2561 pulcl.ritudinem,
1572 2485 1615 2538 si
1659 2499 1847 2539 occur-

242 2577 423 2639 ‘rerit.
454 2574 503 2628 vi
540 2560 715 2631 rerum
744 2576 896 2644 rapit,
927 2592 1029 2635 non
1058 2560 1176 2631 cura
1200 2573 1410 2631 decoris
1447 2576 1686 2633 assumit.
1710 2576 1849 2629 Satis

266 2667 414 2722 enim
459 2674 541 2722 est
578 2666 623 2722 ei
670 2676 881 2736 preptcr
904 2667 1043 2736 quod
1070 2667 1256 2743 agitur,
1290 2676 1353 2743 ut
1372 2667 1531 2723 verba
1556 2681 1848 2737 congruen-

250 2744 366 2818 tia,
390 2773 494 2813 nou
526 2758 632 2813 oris
656 2758 913 2830 eligantur
940 2759 1218 2829 industria,
1251 2760 1343 2816 sed
1369 2761 1593 2830 pectoris
1621 2776 1847 2830 sequan-

240 2850 365 2921 .l.ur'
403 2849 667 2904 ardorem.
692 2848 823 2904 Nam
868 2851 911 2904 si
938 2851 1123 2923 aurato
1171 2860 1542 2922 geminamque
1587 2850 1724 2905 ferro
1767 2849 1847 2905 vir

240 2926 243 2927 ν
268 2928 429 2995 fortis
458 2950 707 3005 armetur,
728 2926 1114 2996 intentissimas
1136 2958 1340 3013 pugnae,
1370 2946 1474 3014 agit
1504 2944 1715 3013 quidem
1739 2944 1845 2998 illis

240 3034 433 3109 armis
469 3033 607 3104 quod
642 3035 768 3104 agit,
814 3052 918 3093 non
962 3035 1083 3103 quia
1129 3040 1380 3105 pretiosa,
1423 3036 1516 3091 sed
1547 3036 1664 3107 quia
1695 3052 1841 3090 arma

258 3136 391 3185 sunt
418 3143 431 3177 :
459 3125 593 3181 idem
630 3126 739 3197 ipse
769 3134 850 3183 est
883 3136 1077 3191 tamen,
1103 3137 1161 3181 et
1184 3127 1324 3183 valet
1354 3128 1657 3197 plurimum,
1681 3127 1842 3185 etiam

260 3234 387 3275 cum
412 3219 623 3275 rimanti
654 3220 810 3275 lclum
854 3223 927 3276 ira
956 3220 1083 3293 facit
1106 3222 1144 3273 ¹.
1174 3224 1297 3292 Agit
1325 3223 1631 3292 Apostolus,
1663 3231 1718 3276 ut
1748 3237 1842 3292 pro

258 3311 570 3383 cvangelico
595 3312 885 3369 ministerio
912 3315 1168 3387 patienter
1198 3318 1333 3371 mala
1371 3316 1524 3387 bujns
1564 3317 1836 3387 temporis,

258 3422 386 3462 cum
414 3406 602 3461 solan
631 3404 889 3462 donorqu
936 3407 1061 3475 Dei,
1105 3410 1279 3464 omnia
1321 3411 1627 3464 tolcrentur.
1655 3410 1836 3481 Magna

256 3512 352 3554 res
378 3506 484 3565 est,
504 3507 554 3554 et
574 3498 843 3571 granditer
868 3498 1059 3570 agitur,
1090 3514 1189 3556 nee
1207 3500 1398 3556 desunt
1427 3511 1731 3558 ornamenta
1752 3502 1834 3558 di-

257 3590 419 3649 cendi
450 3609 463 3643 :
495 3589 655 3657 Ecce,
711 3590 909 3661 inquit,
959 3608 1089 3646 nunc
1133 3602 1327 3661 tempus
1366 3593 1694 3665 acceptabile,
1725 3611 1836 3650 ecce

258 3703 398 3742 nunc
424 3687 528 3743 dies
551 3688 749 3743 salutis.
789 3686 999 3742 Nullam
1029 3687 1081 3740 in
1105 3704 1350 3757 quoquam
1378 3687 1554 3742 dantes
1592 3688 1833 3755 offensio-

236 3795 399 3844 nent,
431 3788 481 3831 ιιι
508 3796 608 3833 non
646 3780 1037 3849 reprehendatur
1067 3780 1392 3835 ministerium
1424 3790 1645 3834 nostrum
1680 3797 1700 3835 :
1746 3782 1834 3836 sed

234 3872 315 3929 .s'n
342 3871 566 3926 omnibus
586 3874 988 3927 commendantes
1014 3873 1340 3941 nosmetipsos
1365 3882 1416 3924 ιιι
1446 3871 1537 3926 Dei
1557 3873 1827 3937 ministros,

260 3964 319 4017 iu
349 3963 504 4015 mult
528 3964 787 4035 patientia,
819 3965 869 4019 in
897 3964 1314 4031 tribulationibus.
1343 3964 1395 4018 iu
1419 3965 1787 4019 necessitatibus
1809 4007 1824 4031 ,

234 4056 313 4129 ,ενι
345 4056 607 4124 angustiis,
640 4056 690 4109 in
719 4057 900 4126 plagis,
927 4057 978 4109 in
1002 4056 1298 4118 carceribus,
1330 4057 1381 4110 in
1410 4056 1749 4121 seditionibus,
1776 4058 1827 4112 in

238 4145 534 4212 (laboribus,
557 4148 608 4200 in
632 4148 830 4217 vigiliis,
850 4148 900 4200 iu
918 4147 1151 4217 jejuuiis,
1177 4148 1227 4200 in
1251 4148 1495 4213 castitate,
1523 4149 1574 4201 iu
1600 4150 1823 4213 scientia,

249 4237 309 4290 iu
340 4237 732 4307 longanimitate,
773 4238 825 4291 in
867 4238 1167 4311 benignitate
1190 4279 1205 4303 ,
1256 4240 1305 4292 iu
1336 4240 1528 4308 Spiritu
1546 4250 1737 4303 sancto,
1774 4242 1825 4299 in

250 4330 498 4395 charitate
516 4348 614 4385 non
639 4334 775 4400 ficta,
796 4332 847 4385 in
867 4332 1009 4384 verba
1039 4331 1339 4397 veritatis,in
1368 4332 1540 4385 virtute
1568 4331 1661 4385 Dei
1691 4348 1710 4385 :
1739 4349 1847 4401 per.

251 4440 404 4478 artua
436 4426 652 4493 justitiw
676 4442 708 4477 ιι
736 4424 921 4480 dextris
948 4435 996 4478 et
1022 4441 1053 4477 ιι
1082 4424 1294 4478 sinistris
1324 4425 1343 4454 ²
1360 4464 1378 4489 ,
1420 4441 1507 4494 per
1541 4425 1754 4495 gloriam
1779 4434 1825 4479 et

238 4517 638 4589 ignobilitatem,
670 4534 757 4587 per
794 4517 1055 4587 infamiam
1093 4526 1136 4569 et
1182 4513 1360 4568 bonum
1403 4515 1622 4584 famam;
1658 4526 1711 4569 ut
1746 4533 1826 4571 se-

254 4606 519 4674 ductor“,
561 4617 608 4661 et
651 4621 883 4670 veraces;
926 4617 978 4660 ut
1013 4606 1098 4676 qui
1134 4605 1450 4676 ignorantur,
1489 4614 1535 4659 et
1562 4607 1822 4676 cognosci-

254 4714 403 4762 mur;
426 4698 572 4769 quasi
594 4699 880 4763 morientes,
910 4708 956 4752 et
994 4714 1101 4752 ecce
1130 4697 1336 4751 vivimus
1367 4712 1387 4750 :
1422 4706 1475 4750 ut
1503 4698 1735 4763 coerciti,
1778 4705 1824 4753 et

252 4808 359 4847 non
402 4791 721 4859 mortiﬁcati;
764 4801 816 4844 ut
864 4790 1025 4845 tristes
1046 4831 1061 4853 ,
1094 4806 1287 4858 semper
1314 4800 1480 4843 autem
1503 4789 1820 4860 gaudentes;

249 4884 385 4938 sicut
413 4882 574 4954 egeni,
602 4882 782 4936 multos
804 4891 966 4936 autem
1012 4882 1257 4945 ditantes;
1287 4891 1524 4948 tanquam
1567 4881 1695 4937 nihil
1724 4883 1821 4936 ha-

246 4974 450 5039 baues,
485 4984 535 5029 et
579 4975 746 5030 omnia
794 4974 1120 5045 possidentes.
1154 4973 1285 5029 Vide
1311 4974 1485 5030 adhuc
1507 4973 1817 5042 ardentem,

252 5066 328 5121 οι
352 5078 578 5123 nostrum
604 5076 739 5134 patet
760 5067 828 5119 ad
856 5081 961 5128 vos,
991 5082 1021 5120 ο
1048 5065 1320 5130 Corinthii,-
1344 5083 1430 5120 σοι’
1449 5077 1673 5122 nostrum
1688 5069 1823 5123 dila-

232 5169 411 5214 tatam
438 5172 509 5214 est
536 5158 599 5231 (ll
633 5160 751 5215 Cor.
779 5176 849 5226 ιιι,
878 5157 1053 5233 Ξ-Η),
1078 5169 1135 5216 et
1156 5170 1346 5216 cetera
1366 5200 1383 5228 ,
1422 5177 1539 5233 quae
1574 5164 1817 5235 persequi

228 5252 464 5320 longum
486 5261 588 5306 est.

313 5362 329 5394 ³
354 5369 485 5421 μιν..
512 5362 708 5425 timui
735 5363 828 5413 telo
842 5362 966 5425 mira
990 5364 1123 5425 facit.
1155 5364 1248 5414 sed
1267 5365 1433 5415 verius
1451 5364 1560 5415 alia
1580 5366 1820 5418 editiones
1910 5406 1917 5411 .

1914 5518 1917 5521 ›
1993 5493 2013 5524 ί
2036 5489 2171 5547 aditi,
2195 5484 2347 5538 vocati
2367 5489 2474 5551 sunt
2495 5481 2661 5535 sancti.
2684 5487 2740 5551 ξι
2759 5476 3061 5551 ῐῖθξιιοροείιν
3082 5481 3346 5551 σοηΐοηπεξ
3372 5479 3501 5551 ἤδη*

245 5430 303 5511 3
340 5435 473 5511 32s.,
494 5424 871 5511 {multifidum
903 5424 978 5476 ira
992 5424 1135 5488 prcit.
1157 5426 1288 5487 quod
1319 5437 1598 5491 usurpatam:
1641 5437 1719 5481 est
1752 5443 1818 5481 ex

245 5483 464 5549 Virgilio,
490 5488 675 5537 inciti.
699 5487 727 5536 7
754 5499 768 5535 :
1000 5483 1011 5488 ’
1175 5483 1187 5487 ⁷
1434 5483 1449 5491 ’

924 5551 1004 5599 Hic
1025 5558 1154 5601 torre
1176 5556 1385 5601 amatus
1405 5551 1595 5611 obusto,

365 5610 1044 5678 stipitisbiegravidinodis:
1070 5615 1197 5677 quod
1217 5616 1392 5677 cuique
1417 5610 1666 5678 repertum

365 5673 567 5723 ﬁnienti
593 5673 742 5723 telum
766 5677 835 5724 ira
857 5675 981 5724 facit.

220 5734 229 5777 ί
278 5737 327 5805 ,⁸
350 5742 459 5787 κε’
491 5736 674 5803 ⁸³(ιοοι
692 5739 885 5800 Obtimae
919 5744 1074 5802 noue,
1095 5752 1233 5791 arma
1253 5740 1458 5805 justitite
1479 5739 1652 5793 dextra
1681 5744 1726 5791 et
1755 5741 1819 5792 si-

235 5798 411 5885 ιιὲένα·

1609 350 1808 409 LIBER
1846 352 2188 421 QUARTUS.

3454 386 3553 441 HO

2051 470 2138 523 45.
2174 471 2408 538 Itemque
2453 474 2517 531 ad
2568 478 2831 537 Romanos
2873 484 3010 555 agit,
3058 497 3110 541 ut
3154 499 3547 559 persecutiones

1950 556 2134 628 ,bujns
2177 564 2354 618 nuunli
2382 566 2635 624 ebaritate
2677 572 2973 641 vincantur,
3002 591 3095 648 spc
3125 556 3264 637 certa
3311 586 3359 639 in
3398 589 3548 658 adju—

1979 653 2117 750 torio
2144 653 2253 710 Dei.
2282 658 2402 727 Agit
2426 672 2599 716 autem
2620 674 2671 718 et
2689 667 2958 735 granditer
2978 681 3028 725 et
3052 684 3235 731 ornate
3267 692 3280 729 :
3316 653 3541 750 Scimus,

1976 740 2162 839 inquit,
2198 750 2429 813 quoniam
2455 751 2769 824 diligentibus
2809 756 2969 819 Deum
3004 764 3170 816 omnia
3212 740 3544 839 cooperantur

1954 829 2025 921 in
2056 832 2255 900 bonum,
2293 838 2355 891 iis
2381 842 2465 906 qui
2491 845 2757 899 secundum
2789 851 3097 921 propositum
3141 829 3314 909 vocati
3344 874 3458 914 sunt
3501 867 3542 916 '.

1943 1002 1955 1009 .
1977 916 2225 986 Quoniam
2250 945 2371 998 quos
2400 943 2514 986 ante
2543 937 2806 1002 praesciuit,
2856 951 2901 993 et
2942 946 3305 1009 prtadestiuavit
3335 957 3541 1023 confor-

1946 1085 1951 1091 .
1973 1030 2076 1070 mes
2103 1017 2332 1090 imaginis
2356 1020 2482 1078 Filii
2499 1028 2595 1093 sui,
2629 1038 2681 1083 ut
2704 1031 2766 1083 sit
2786 1029 2892 1104 ipse
2910 1035 3265 1107 primogenitus
3293 1042 3342 1095 in
3373 1047 3543 1101 multis

1948 1105 2229 1177 fratribus.
2263 1112 2401 1177 Quos
2426 1125 2587 1171 autem
2611 1123 2997 1195 pra’destinavit,
3028 1128 3143 1183 illos
3170 1142 3215 1183 et
3236 1136 3456 1199 vocarit;
3493 1150 3540 1191 et

1967 1214 2090 1295 quos
2119 1204 2320 1269 vocavit,
2346 1206 2480 1277 ipsos
2501 1216 2548 1262 et
2564 1212 2884 1280 justi/ienuit;
2907 1234 3028 1281 quas
3045 1230 3208 1273 autem
3220 1222 3536 1295 justi/icarit,

1944 1289 2082 1372 .illos
2112 1302 2157 1345 et
2185 1295 2499 1365 glori/ierunt.
2530 1299 2662 1367 Quid
2676 1320 2790 1373 ergo
2812 1304 3031 1371 dicemus
3047 1308 3113 1362 ad
3140 1289 3242 1365 laet:
3265 1316 3289 1367 ?
3396 1289 3537 1372 Deus

1966 1397 2056 1449 pro
2099 1382 2257 1448 nobis,
2304 1388 2413 1458 quis
2440 1398 2613 1453 contra
2638 1393 2770 1446 nos?
2801 1394 2901 1461 Qui
2929 1403 3133 1467 proprio
3162 1400 3297 1457 Filio
3321 1422 3418 1459 non
3446 1385 3536 1477 pe:-

1964 1475 2141 1545 percil,
2171 1477 2261 1545 sed
2288 1495 2378 1547 pro
2405 1481 2544 1537 nobis
2571 1484 2796 1539 omnibus
2840 1490 3043 1545 tradidit
3078 1493 3241 1562 illum,
3285 1475 3536 1569 quomodo

1946 1580 2062 1643 non
2092 1568 2241 1621 etiam
2264 1587 2375 1624 cum
2392 1569 2481 1626 illo
2511 1574 2651 1630 nobis
2678 1579 2843 1632 omnia
2869 1581 3106 1639 donavit?
3135 1587 3257 1650 Quis
3282 1568 3535 1647 accusabit

1962 1656 2197 1727 adversus
2235 1662 2411 1715 electos
2454 1663 2579 1720 Dei?
2614 1666 2746 1723 Deus
2776 1671 2862 1739 qui
2888 1672 3177 1743 justi/icat?
3209 1678 3332 1745 Quis
3354 1687 3536 1754 estqui

1960 1749 2290 1819 condemnet?
2317 1752 2541 1811 Christus
2558 1756 2707 1812 Jesus
2729 1762 2814 1827 qui
2835 1773 3060 1819 mortuus
3082 1776 3170 1833 est,
3193 1772 3349 1841 magis
3369 1749 3535 1828 autem

1936 1838 2045 1919 ,ιιιιὶ
2060 1838 2345 1935 νὲδιιντιεςτὶι,
2365 1849 2449 1917 qui
2468 1860 2539 1903 est
2559 1850 2609 1902 in
2628 1850 2830 1906 dextera
2848 1852 2959 1921 Dei,
2978 1857 3062 1925 qui
3078 1869 3123 1913 et
3140 1838 3421 1930 interpellat
3441 1884 3533 1935 pro

1960 1935 2138 1997 nobis?
2157 1931 2279 2003 Quis
2300 1957 2387 1994 nos
2402 1958 2578 2003 separa
2596 1941 2696 1996 bita
2720 1945 2963 2001 charitate
2979 1948 3197 2004 Christi?
3220 1931 3493 2012 Tribulat'io
3507 1961 3533 2011 ?

1958 2043 2022 2097 an
2049 2031 2277 2098 angustia
2293 2032 2318 2085 ἱ)
2333 2048 2396 2084 an
2414 2036 2686 2103 persecutio
2700 2038 2725 2089 ἱ)
2739 2054 2803 2091 an
2820 2042 2977 2109 fames
2991 2040 3015 2093 ?
3029 2057 3093 2095 an
3114 2044 3349 2111 auditus?
3365 2064 3429 2100 an
3451 2024 3531 2119 pe-

1938 2168 1941 2171 .
1957 2118 2171 2173 riculum
2184 2122 2281 2175 f’an
2299 2122 2533 2193 gladius?
2547 2124 2688 2180 Sicut
2704 2129 2799 2180 scri
2805 2140 2943 2197 ptum
2957 2142 3044 2199 est,
3065 2131 3309 2199 Quoniam
3326 2118 3531 2209 propter

1957 2220 2004 2266 te
2031 2213 2386 2281 mortificamur
2407 2226 2508 2270 tota
2534 2216 2631 2281 die,
2656 2221 2889 2274 aestimati
2918 2241 3091 2278 sumus
3117 2236 3170 2279 ut
3189 2244 3299 2282 oves
3314 2232 3526 2285 occisio-

1957 2302 2034 2370 nis
2063 2302 2231 2373 (Psal.
2257 2322 2381 2360 xun
2399 2347 2412 2372 ,
2437 2306 2549 2376 92).
2575 2308 2677 2363 Sed
2698 2312 2747 2363 iu
2770 2311 2847 2365 his
2873 2317 3100 2369 omnibus
3137 2321 3528 2389 supervincimus

1942 2392 2044 2461 “per
2068 2410 2178 2446 eum
2203 2395 2288 2464 qui
2323 2396 2496 2450 dilexit
2538 2415 2645 2452 nos.
2694 2398 2869 2456 Certus
2908 2420 3020 2457 sum
3046 2407 3175 2460 enim
3217 2409 3336 2478 quia
3373 2428 3529 2481 neque

1955 2497 2106 2545 mors,
2136 2498 2291 2556 neque
2319 2486 2437 2553 vita,
2463 2505 2615 2559 neque
2630 2488 2826 2560 Angeli,
2844 2510 2998 2564 neque
3012 2496 3345 2568 principatus,
3367 2519 3522 2572 neque

1953 2574 2235 2641 prwseutia,
2266 2592 2421 2645 neque
2447 2576 2634 2649 futura,
2657 2583 2996 2651 urqucvirtus,
3014 2602 3171 2656 neque
3184 2588 3415 2658 altitudo,
3436 2611 3526 2646 ne-

1940 2674 2049 2733 que
2063 2666 2397 2735 profundum,
2420 2685 2573 2737 neque
2599 2682 2823 2744 creatura
2849 2673 2951 2725 alia
2978 2678 3158 2744 poterit
3187 2694 3277 2731 nos
3291 2697 3525 2750 separare

1950 2777 1981 2814 a
2019 2763 2261 2816 charitate
2284 2761 2399 2829 Dei,
2423 2781 2536 2836 qua:
2559 2776 2629 2820 est
2656 2766 2709 2821 in
2735 2766 2929 2822 Christo
2949 2767 3074 2824 Jesu
3092 2769 3310 2828 Domino
3354 2786 3523 2833 nostro

1950 2849 2122 2925 (Rom.
2156 2871 2245 2908 vm
2267 2896 2284 2923 ,
2312 2855 2527 2924 2859).

2017 2943 2105 3000 44.
2134 2945 2212 3004 Ad
2240 2945 2453 3003 Galatas
2492 2957 2669 3004 autem
2712 2951 2949 3020 quamvis
2981 2962 3087 3008 tota
3131 2955 3241 3025 ipsa
3286 2958 3520 3028 Epistula

1947 3035 2211 3091 sulunisso
2252 3036 2461 3093 dicendi
2489 3056 2684 3110 genere
2708 3041 2899 3114 scripta
2926 3044 3027 3111 sit,
3056 3045 3154 3099 nisi
3185 3046 3239 3101 in
3268 3053 3519 3107 extremis

1947 3128 2179 3197 partibus
2206 3127 2293 3183 ubi
2322 3139 2401 3185 est
2425 3132 2689 3202 eloquium
2723 3142 3105 3205 temperatum;
3153 3148 3327 3195 tamen
3357 3144 3519 3199 inter-

1945 3218 2089 3288 ponit
2114 3220 2395 3289 quemdam
2441 3222 2611 3285 loeum
2652 3240 2715 3280 eo
2745 3236 2892 3279 motu
2935 3228 3125 3296 animi,
3168 3238 3224 3284 ut
3254 3232 3369 3287 sine
3398 3236 3518 3290 ullis

1944 3311 2156 3381 quidem
2202 3314 2391 3369 talibus
2428 3318 2755 3372 ornamentis
2778 3360 2791 3384 ,
2836 3319 3009 3390 qualia
3054 3330 3179 3376 sunt
3214 3323 3265 3377 iu
3297 3323 3361 3380 iis
3399 3342 3516 3395 qua:

1930 3401 2103 3485 modo
2123 3406 2411 3474 posuimus,
2438 3422 2539 3461 nou
2570 3418 2749 3480 posset
2779 3419 2953 3465 tamen
2982 3411 3077 3466 nisi
3102 3414 3371 3484 granditer
3389 3416 3511 3473 dici.

1940 3491 2081 3561 Dies,
2099 3494 2283 3565 inquit,
2309 3496 2595 3567 observatis,
2620 3509 2665 3553 et
2694 3518 2902 3566 menses,
2923 3512 2970 3556 et
2996 3520 3171 3569 unitos,
3198 3514 3243 3558 et
3265 3516 3507 3577 tempora.

1940 3585 2111 3644 Timeo
2141 3606 2253 3657 vos,
2294 3608 2355 3643 ne
2388 3595 2515 3662 forte
2551 3594 2660 3648 sine
2697 3611 2849 3647 causa
2884 3595 3212 3651 laboraverim
3256 3599 3308 3652 in
3340 3616 3423 3653 vos
3469 3604 3507 3654 ³.

1940 3680 2111 3736 Estote
2136 3674 2259 3735 sicut
2288 3693 2334 3735 et
2364 3700 2472 3753 ego,
2516 3685 2749 3754 quoniam
2781 3696 2826 3740 et
2853 3704 2943 3757 ego
2969 3689 3097 3741 sicut
3134 3706 3219 3744 vos
3242 3706 3260 3743 :
3288 3694 3505 3759 fratres,

1938 3791 2111 3843 precor
2135 3791 2257 3841 vos;
2287 3773 2414 3828 nihil
2443 3794 2519 3829 me
2541 3778 2755 3832 (resistis.
2790 3779 2940 3833 Scitis
2974 3780 3092 3845 quia
3121 3798 3210 3850 per
3235 3783 3508 3857 inﬁrmita-

1938 3878 2033 3922 tem
2066 3869 2230 3923 carnis
2265 3867 2567 3938 jampridem
2600 3870 2930 3941 evangeliztwi
2959 3873 3121 3938 vobis,
3152 3882 3196 3925 et
3218 3875 3511 3931 tentationes

1937 3970 2120 4013 vestras
2151 3959 2169 3989 ³
2198 3960 2249 4012 in
2279 3976 2430 4013 carne
2457 3978 2563 4013 mea
2591 3978 2689 4015 non
2717 3964 2990 4033 sprevistis,
3019 3981 3172 4036 neque
3210 3968 3504 4037 respuistis;

1934 4052 2023 4106 sed
2046 4053 2172 4105 sicut
2202 4052 2437 4121 angelum
2468 4049 2557 4105 Dei
2584 4053 2843 4123 excepistis
2864 4071 2957 4120 me,
2982 4056 3108 4108 sicut
3141 4056 3389 4111 Christum
3418 4058 3509 4114 Je-

1934 4161 2061 4199 sum.
2098 4144 2221 4207 Qum
2247 4161 2362 4214 ergo
2393 4144 2486 4214 fuit
2513 4144 2762 4199 beatitudo
2784 4145 3348 4203 vestra?Testimonium
3370 4151 3506 4206 vobis

1935 4236 2185 4305 perhibeo,
2217 4236 2454 4305 quoniam
2482 4234 2527 4288 si
2566 4235 2676 4303 ﬁeri
2702 4245 2899 4306 posset,
2932 4238 3100 4291 oculos
3131 4248 3315 4291 vestros
3339 4240 3502 4293 eruis-

1932 4328 2050 4382 sctis
2083 4336 2129 4380 et
2157 4327 2415 4381 dedissetis
2441 4327 2581 4379 mihi.
2618 4327 2750 4396 Ergo
2777 4328 3008 4381 inimicus
3036 4329 3199 4397 factus
3227 4346 3339 4383 sum
3368 4332 3503 4386 vobis

1931 4436 2100 4474 verum
2128 4420 2443 4489 prwdicaus?
2466 4418 2798 4473 dimittantur
2816 4436 2897 4473 vos
2914 4437 3013 4473 non
3039 4419 3158 4474 bene
3168 4438 3187 4486 ;
3207 4422 3294 4475 sed
3322 4424 3499 4476 exclu-

1931 4513 2048 4568 dere
2084 4529 2165 4566 vos
2213 4511 2410 4577 volunt,
2444 4521 2495 4564 ut
2535 4527 2617 4565 eos
2658 4512 2979 4565 wniulemini.
3010 4512 3205 4566 Bonum
3231 4522 3303 4567 est
3337 4525 3503 4568 autem

1930 4606 1981 4665 in
2008 4604 2135 4657 bono
2160 4601 2388 4656 aemulari
2424 4618 2655 4672 semper,
2703 4612 2747 4655 et
2791 4619 2891 4656 non
2932 4604 3091 4657 solum
3130 4620 3241 4656 cum
3286 4621 3505 4674 prtesens

1922 4684 2042 4754 sum
2069 4694 2207 4765 apud
2233 4711 2332 4749 vos.
2366 4692 2541 4747 Filioli
2568 4692 2698 4759 mei,
2731 4710 2852 4763 quos
2886 4693 3065 4747 iterum
3095 4695 3319 4763 parturio
3347 4696 3503 4750 donec

1920 4788 2175 4858 formetur
2202 4784 2426 4839 Christus
2456 4785 2505 4838 in
2538 4785 2688 4839 vobis.
2736 4782 2920 4837 Vellem
2958 4795 3124 4838 autem
3160 4803 3290 4839 num:
3329 4786 3503 4842 adesse

1922 4878 2070 4949 apud
2097 4894 2199 4940 vos,
2232 4886 2278 4930 ct
2308 4887 2499 4930 mutare
2534 4892 2701 4930 vocem
2738 4891 2897 4928 meum
2918 4918 2931 4937 ,
2977 4875 3094 4946 quia
3139 4877 3420 4949 confundor
3450 4878 3502 4930 in

1932 4970 2065 5023 vobis
2092 4967 2233 5039 (Cal.
2259 4984 2329 5032 ιν,
2351 4965 2560 5037 10—20).
2580 4964 2839 5035 Numquid
2872 4966 2954 5019 bic
2974 4975 3061 5020 aut
3086 4966 3347 5020 centraria
3374 4982 3501 5021 con-

1920 5061 2108 5123 trariis
2134 5060 2290 5114 verba
2322 5068 2444 5112 sunt
2480 5056 2702 5125 reddita,
2743 5066 2833 5110 aut
2860 5057 3030 5127 aliqua
3058 5055 3365 5127 gradatione
3397 5056 3499 5111 sibi

1930 5156 2169 5210 subnexa
2196 5160 2339 5218 sunt,
2385 5158 2472 5207 aut
2508 5164 2643 5204 caesa
2683 5157 2735 5204 et
2778 5148 3012 5204 membra
3055 5147 3369 5202 circuitusve
3412 5162 3503 5201 so-

1930 5222 2192 5302 nuerunt?
2235 5251 2289 5298 et
2332 5251 2505 5297 tamen
2547 5255 2649 5295 non
2688 5239 2807 5295 ideo
2839 5240 3001 5309 tepuit
3023 5235 3237 5307 grandis
3260 5236 3498 5305 allectus,

1928 5354 2037 5410 quo
2065 5335 2328 5405 eloquium
2358 5332 2565 5389 fervere
2591 5332 2867 5386 sentimus.

1929 5563 1987 5606 Αι
2010 5538 2305 5603 Μςεζειιιθιιι
2328 5549 2539 5604 vocibus.
2562 5543 2713 5595 εωιειί
2735 5538 2786 5592 οἱ
2806 5538 2953 5605 ﬁeri}
2974 5538 3083 5604 ‘1“,2
3106 5538 3409 5605 υΐέειθεωίιῖιί
3426 5557 3505 5595 δο-

1930 5618 2036 5668 lent
2053 5627 2114 5663 an
2136 5612 2418 5677 Augustino,
2438 5615 2489 5657 et
2509 5618 2717 5677 aggrgeco
2742 5610 2880 5677 textu
2901 5608 3092 5677 absunt.
3469 5664 3482 5676 .

1995 5671 2283 5752 {Edidfin
2318 5671 2461 5723 vobis.
2501 5675 2558 5719 At
2590 5671 2809 5729 Mss.,in
2843 5678 2922 5718 vos
2948 5671 3124 5741 :juxta
3159 5680 3396 5739 graecum,
3434 5671 3505 5720 eis

1928 5754 2083 5793 urnas.

1853 5803 1879 5817 ”
1905 5786 2141 5915 :Titss.
2166 5798 2387 5862 plerique
2407 5793 2609 5855 habent,
2628 5796 2673 5843 et
3008 5795 3229 5844 κειται..
