3874 6366
368 410 458 464 ill
1292 400 1379 455 DE
1418 399 1580 454 DOC'I
1597 395 1759 453 RINA
1799 389 2234 458 CHRISTIANA,
2274 393 2331 450 S.
2372 393 2734 452 AUGUSTINI

361 520 584 578 CAPUT
613 518 748 575 XXI.
775 547 846 559 —
875 515 1122 584 Exempla
1148 513 1359 583 triplicis
1382 512 1533 583 hujus
1547 510 1741 582 generis
1759 507 1939 562 dictio.

435 613 515 666 nis
551 627 613 666 ea:
645 609 930 664 doctoribus
966 604 1311 662 ecclesiasticis
1329 643 1346 670 ,
1389 618 1565 674 nempe
1603 599 1862 672 Cypriane
1888 606 1939 652 et

437 701 696 756 Ambrosio
725 701 1071 754 desumuntur.

430 793 520 848 45.
543 790 649 848 Sed
673 788 962 859 apostolica
986 788 1083 842 ista
1109 785 1187 842 sic
1209 785 1352 842 clara
1375 793 1519 850 sunt,
1538 790 1595 839 ut
1607 791 1662 839 et
1675 779 1936 854 profunda

357 885 498 950 sint;
530 890 688 953 atque
725 881 795 936 ita
836 878 1136 950 conscripta
1167 877 1544 948 memoriaeque
1581 873 1849 941 mandata,
1875 881 1938 929 ut

359 992 467 1032 non
511 975 684 1031 solum
729 974 930 1029 lectore
955 971 1040 1028 vel
1071 970 1330 1038 auditore,
1368 985 1554 1026 verum
1584 969 1744 1024 etiam
1771 980 1939 1037 espo-

357 1069 521 1124 sitore
554 1082 690 1138 Opus
740 1064 1007 1130 habeant,
1059 1062 1105 1117 si
1147 1062 1269 1134 quis
1314 1062 1368 1118 in
1395 1061 1475 1117 eis
1503 1075 1608 1116 non
1654 1057 1936 1129 superﬁcie

353 1169 636 1216 contentus
677 1155 1007 1213 altitudinem
1035 1163 1256 1226 quaerat.
1305 1153 1636 1224 Quapropter
1661 1150 1936 1206 videamus

354 1249 454 1304 ista
471 1262 665 1320 genera
700 1244 910 1302 dicendi
945 1245 998 1300 in
1027 1244 1105 1300 eis
1138 1244 1226 1315 qui
1251 1244 1472 1301 istorum
1497 1241 1723 1298 lectione
1749 1239 1816 1296 ad
1847 1254 1936 1296 re-

353 1357 475 1397 rum
515 1339 812 1395 divinarum
856 1345 1013 1409 atque
1047 1337 1340 1393 salubrium
1388 1334 1664 1391 scientiam
1693 1333 1935 1404 ptoiece-

351 1441 498 1498 runt,
515 1445 737 1497 eantque
755 1428 1006 1485 Ecclesia:
1028 1427 1412 1482 ministrarent.
1433 1426 1627 1481 Beatus
1638 1423 1935 1495 Cyprianus

350 1522 620 1580 Submisso
656 1518 866 1575 dicendi
903 1533 1098 1588 genere
1141 1518 1305 1572 utitur
1340 1519 1391 1572 in
1434 1533 1500 1572 eo
1545 1516 1685 1571 libro
1737 1513 1827 1570 ubi
1864 1513 1936 1569 de

351 1612 698 1671 Sacramento
720 1610 903 1665 calicis
928 1609 1181 1680 disputat.
1211 1607 1440 1664 Solvitur
1463 1607 1658 1678 quippe
1685 1604 1757 1660 ibi
1782 1620 1931 1675 qua:-

350 1707 457 1763 stio
480 1746 495 1771 ,
534 1704 587 1759 in
623 1719 725 1776 qua
763 1701 1018 1773 quaeritur
1042 1709 1215 1755 utrum
1240 1699 1376 1755 calix
1404 1698 1701 1754 dominicus
1739 1710 1930 1766 aquam

349 1799 555 1864 solam,
607 1811 674 1850 an
723 1810 841 1850 eam
896 1793 1021 1848 vino
1075 1792 1290 1846 mixtam
1334 1789 1525 1846 debeat
1562 1788 1781 1844 habere.
1821 1785 1931 1844 Sed

353 1888 583 1959 exempli
609 1888 773 1958 gratia
803 1883 999 1956 aliquid
1034 1883 1156 1938 inde
1179 1881 1480 1954 ponendum
1507 1890 1610 1936 est.
1642 1879 1766 1935 Post
1789 1879 1936 1950 prin-

347 1981 544 2050 cipium
561 1993 686 2049 ergo
700 1975 960 2048 epistolae.
973 1974 1084 2044 jam
1099 1975 1310 2029 solvere
1333 1972 1587 2042 incipiens
1608 1969 1930 2042 propositam

349 2070 696 2142 quaestionem
724 2087 738 2123 :
768 2067 1063 2122 Adtnonitos
1088 2075 1254 2120 autent
1276 2082 1368 2120 nos
1394 2065 1544 2129 scias,
1571 2063 1762 2134 inquit,
1797 2073 1850 2116 ut
1875 2063 1930 2118 in

349 2160 506 2216 calice
525 2159 780 2227 offerendo
797 2158 1050 2213 dominica
1074 2157 1276 2212 traditio
1296 2166 1516 2212 servetur
1541 2199 1556 2219 ,
1607 2172 1766 2226 neque
1787 2155 1932 2212 aliud

350 2251 439 2318 fiat
486 2267 518 2303 a
560 2250 701 2304 nobis
731 2290 749 2315 ,
794 2264 945 2319 quam
974 2247 1108 2319 quod
1161 2263 1252 2317 pro
1303 2246 1443 2301 nobis
1491 2245 1737 2302 Dominus
1791 2245 1932 2316 prior

349 2343 486 2413 fecit,
524 2351 580 2397 ut
627 2343 762 2396 calix
785 2341 872 2410 qui
907 2341 962 2395 in
997 2340 1515 2395 commemorationem
1538 2340 1650 2410 ejus
1677 2337 1888 2408 o/I'ertur
1908 2380 1927 2406 ,

349 2433 463 2488 vino
493 2433 676 2488 mixtus
704 2431 963 2499 oﬂ'eratur.
997 2429 1136 2486 Nam
1161 2446 1276 2486 cum
1301 2431 1436 2485 dicat
1460 2431 1689 2486 Christus
1711 2471 1727 2495 ,
1763 2449 1783 2483 ι
1819 2429 1929 2502 Ego

348 2539 460 2579 sum
488 2523 600 2578 ritis
625 2539 740 2578 vera
763 2539 782 2574 ι
801 2521 976 2588 (Joan.
993 2537 1085 2588 xv,
1107 2521 1184 2593 5);
1203 2521 1411 2594 sanguis
1439 2520 1644 2584 Christi,
1672 2538 1772 2576 non
1795 2539 1930 2593 aqua

351 2628 425 2672 est
460 2619 628 2685 utique
650 2659 666 2684 ,
712 2617 801 2672 sed
827 2617 1029 2681 vinum;
1054 2633 1144 2672 nec
1172 2627 1330 2688 potest
1359 2617 1515 2672 videri
1539 2619 1746 2690 sanguis
1785 2621 1925 2691 ejus,

347 2723 446 2778 quo
472 2706 712 2778 redempti
735 2715 781 2762 et
810 2707 1044 2776 vivi/ictui
1070 2723 1264 2775 sumus,
1306 2724 1412 2762 esse
1438 2709 1493 2762 in
1517 2707 1693 2774 calice,
1723 2710 1926 2780 quando

348 2797 516 2852 vinum
541 2798 665 2852 desit
693 2795 870 2860 calici,
901 2813 998 2864 quo
1036 2796 1225 2852 Christi
1257 2799 1465 2868 sanguis
1499 2799 1811 2864 ostenditur;
1842 2801 1928 2870 qui

349 2886 730 2958 Scripturarum
772 2887 996 2940 omnium
1039 2895 1351 2940 sacramento
1377 2903 1436 2942 ac
1466 2889 1748 2942 testimonio
1790 2905 1926 2960 μνω-

348 2976 563 3032 dicatnr.
605 2973 896 3032 Invenimus
931 2975 1064 3030 enint
1098 2976 1152 3029 in
1193 2973 1373 3030 Genesi
1398 2977 1534 3031 circa
1558 2990 1928 3035 sacramentum

353 3067 466 3122 Noe
491 3067 583 3122 hoc
611 3066 743 3122 idem
766 3067 1167 3135 prcecucurrisse,
1197 3075 1246 3121 et
1269 3069 1486 3139 figurant
1512 3069 1777 3126 dominicte
1802 3090 1924 3145 pas-

353 3158 510 3212 sionis
535 3158 641 3212 illic
664 3157 909 3212 exstitisse
929 3197 942 3219 ,
973 3156 1106 3223 quod
1134 3157 1300 3212 vinum
1330 3160 1470 3226 bibit,
1497 3161 1632 3232 quod
1655 3163 1928 3220 inebriatus

348 3259 440 3316 est,
468 3249 602 3322 quod
633 3249 685 3304 in
712 3248 861 3304 domo
894 3267 988 3305 sua
1025 3249 1245 3306 nudatus
1267 3261 1367 3316 est,
1393 3254 1528 3324 quod
1556 3256 1653 3326 fuit
1687 3257 1928 3314 recubans

348 3342 497 3396 nudis
525 3349 571 3395 et
601 3340 883 3410 patentibus
909 3341 1214 3409 femoribus;
1240 3343 1377 3413 quod
1405 3345 1606 3402 auditas
1645 3347 1736 3402 illa
1766 3350 1928 3418 patris

350 3450 383 3487 a
407 3431 568 3486 ntedio
598 3431 703 3496 ﬁlio
725 3431 961 3486 denotata
980 3442 1088 3499 est;
1116 3450 1148 3487 a
1179 3434 1371 3505 majore
1395 3452 1508 3490 vero
1532 3447 1579 3492 et
1602 3437 1790 3494 minore
1807 3457 1928 3494 con-

352 3534 480 3581 tecta
507 3524 656 3599 (Gen.
694 3541 768 3592 Ix,
808 3524 1021 3593 20-25),
1062 3536 1109 3580 et
1169 3537 1352 3583 cetera
1391 3545 1504 3600 qua:
1568 3547 1768 3587 necesse
1826 3550 1928 3588 non

351 3627 422 3674 est
447 3619 670 3690 exsequi,
701 3635 815 3673 cum
836 3619 958 3674 satis
979 3620 1043 3674 sit
1063 3619 1156 3676 hoc
1176 3620 1339 3678 solum
1353 3624 1635 3694 complecti,
1657 3627 1792 3697 quod
1814 3625 1929 3682 Noe

351 3719 525 3781 typum
553 3713 738 3781 futura:
764 3711 986 3766 veritatis
1007 3711 1289 3775 ostendens,
1315 3729 1415 3768 non
1439 3730 1622 3785 aquam
1647 3717 1735 3770 sed
1759 3717 1928 3771 vinum

350 3804 560 3866 biberit;
585 3813 631 3857 et
659 3803 730 3857 sic
756 3803 1026 3872 imaginem
1045 3803 1313 3860 dominica:
1339 3790 1587 3876 passionis
1609 3810 1924 3878 expresserit.

350 3893 484 3949 Item
511 3895 563 3948 in
585 3894 840 3949 sacerdote
869 3892 1240 3948 Melchisedech
1275 3895 1582 3952 dominicum
1619 3897 1927 3955 Sacramen-

351 3996 460 4040 tum
483 3986 862 4056 prwﬁguratum
886 3985 1106 4040 videmus
1137 3987 1176 4053 ί,
1203 3987 1475 4042 secundum
1499 3991 1633 4059 quod
1657 3991 1927 4062 Scriptura

353 4076 524 4130 divina
553 4083 779 4138 testatur,
820 4084 866 4130 et
903 4075 1066 4131 dicit:
1091 4094 1110 4128 ι
1145 4075 1213 4130 Et
1241 4075 1606 4134 Melchisedech
1633 4097 1722 4136 res:
1751 4082 1926 4138 Solent

352 4163 560 4236 protulit
580 4182 761 4236 panem
784 4173 830 4219 et
850 4166 1038 4219 vinum.
1071 4165 1192 4222 Fuit
1218 4177 1383 4222 autem
1409 4170 1642 4227 sacerdos
1667 4171 1763 4227 Dei
1788 4190 1926 4229 sunt-

353 4257 444 4319 mi,
471 4265 517 4310 et
545 4255 789 4309 benedixit
812 4253 1065 4309 Abraham
1090 4275 1106 4308 θ
1134 4255 1256 4329 (Id.
1289 4273 1402 4324 XIV,
1445 4259 1553 4328 l8).
1588 4259 1736 4326 Quod
1757 4273 1926 4319 autent

355 4345 722 4402 Melchisedech
744 4354 916 4417 typum
943 4345 1131 4402 Christi
1159 4356 1396 4418 portaret,
1425 4351 1650 4406 declarat
1675 4355 1728 4408 in
1767 4355 1923 4410 Psal-

353 4439 449 4494 mis
483 4439 704 4511 Spiritus
745 4449 966 4500 sanctus,
997 4455 1061 4494 ea;
1083 4456 1297 4511 persona
1323 4439 1496 4500 Patris
1521 4443 1591 4498 ad
1613 4443 1803 4501 Filium
1841 4448 1924 4502 di-

350 4547 467 4586 cens
503 4544 522 4585 :
559 4547 580 4582 ι
616 4529 746 4585 Ante
777 4529 1066 4601 Luciferum
1109 4532 1258 4602 genui
1305 4543 1368 4588 te.
1411 4532 1488 4587 Tu
1524 4551 1576 4589 es
1612 4538 1926 4595 sacerdosin

348 4633 590 4677 internum
615 4623 888 4677 secundum
915 4624 1138 4678 ordinem
1165 4621 1533 4680 Melchisedech
1565 4645 1584 4680 ι
1614 4627 1782 4701 (Psal.
1811 4646 1920 4702 Ctx,

349 4712 428 4785 4).
455 4712 580 4770 Haec
604 4722 658 4770 et
681 4713 782 4769 alia
817 4729 935 4783 qua:
970 4723 1260 4785 sequuntur
1292 4715 1451 4786 hujus
1479 4717 1715 4788 cpistola}
1740 4721 1923 4792 (Cypr.

351 4803 522 4872 Epist.
549 4804 638 4870 65,
665 4802 734 4857 ad
757 4803 1014 4859 Caecilium
1035 4845 1050 4871 ,
1082 4805 1146 4859 de
1189 4805 1517 4862 Sacramenta
1545 4808 1761 4884 colicis),
1791 4812 1922 4868 sub-

350 4898 530 4952 missa:
553 4895 796 4952 dictionis
821 4895 1035 4951 modum
1053 4905 1285 4963 servant,
1299 4898 1438 4970 quod
1456 4898 1612 4957 facile
1629 4910 1711 4958 est
1737 4903 1921 4974 explo-

349 5003 472 5045 rare
497 4987 806 5059 legentibus.

419 5079 509 5134 46.
538 5077 760 5134 Sanctus
784 5092 994 5149 quoque
1037 5078 1345 5136 Ambrosius
1378 5095 1498 5138 cum
1523 5093 1643 5156 agat
1665 5100 1778 5141 rem
1805 5101 1920 5142 ma-

351 5186 506 5240 gnam
535 5169 603 5225 de
627 5169 825 5241 Spiritu
865 5178 1069 5238 sancto,
1116 5179 1173 5226 ut
1208 5186 1330 5228 eum
1371 5172 1510 5230 Patri
1551 5184 1609 5233 et
1652 5177 1788 5234 Filio
1829 5179 1923 5237 dc-

353 5269 610 5316 moustrct
651 5261 940 5332 aequalem,
988 5261 1252 5318 submisso
1292 5273 1463 5321 tamen
1499 5267 1706 5324 dicendi
1727 5285 1923 5342 genere

352 5354 550 5419 utitur;
578 5355 825 5422 quoniam
863 5370 952 5412 res
981 5367 1222 5428 suscepta
1253 5374 1356 5413 non
1381 5372 1687 5417 ornamenta
1729 5365 1923 5421 verbo-

351 5460 491 5508 rum,
519 5455 604 5498 aut
631 5447 694 5500 ad
719 5447 1007 5504 ﬂectendos
1031 5449 1236 5504 animos
1261 5453 1630 5509 commotionis
1653 5455 1920 5527 allectum,

331 5537 446 5592 sed
476 5544 653 5590 rerum
679 5535 991 5594 documenta
1021 5540 1307 5598 desiderat.
1348 5543 1489 5614 Ergo
1518 5544 1655 5601 inter
1680 5557 1872 5605 caetera
1902 5591 1920 5618 ,

379 5751 386 5760 α
419 5691 435 5724 ί
461 5690 534 5771 sic
554 5689 722 5771 in
754 5697 807 5771 tit
829 5692 1036 5771 inprius
1048 5696 1211 5771 editis,
1236 5697 1462 5771 dominici
1481 5697 1774 5756 sacramenti
1798 5719 1924 5771 pra;-

349 5752 618 5831 jrignratunt
633 5752 850 5831 vnlenuts
863 5752 1155 5831 mysterium.
1175 5752 1304 5826 Apud
1326 5752 1924 5831 cypriauutn‘veroIsitcr'i-

348 5813 453 5881 ﬁcii
475 5813 702 5867 dominici
720 5813 1087 5869 .Sacramiéntum.

1524 5939 1658 5970 “cel.
1734 5927 1768 5947 -'
1780 5943 1820 5959 --εδ
1830 5941 1846 5956 <

2047 506 2100 561 in
2130 507 2387 579 principio
2430 507 2588 580 hujus
2623 509 2801 584 operis
2821 511 2935 565 ait:
2966 508 3253 566 Commotus
3280 514 3483 570 oraculo
3507 497 3623 572 Ge;

2042 599 2192 668 deon,
2216 617 2333 656 cum
2365 601 2589 658 audisset
2623 602 2760 674 quod
2795 602 3136 673 deﬁcientibus
3169 605 3284 660 licet
3307 608 3614 674 populorum

2041 689 2286 759 millibus,
2312 691 2365 746 in
2387 709 2487 746 uno
2513 692 2618 748 viro
2643 691 2891 749 Dominus
2917 693 3107 765 plebem
3130 711 3277 750 suam
3297 695 3359 750 ab
3390 697 3618 754 hostibus

2039 779 2307 850 liberaret,
2347 783 2524 838 obtulit
2559 785 2761 839 haedum
2788 801 3078 856 caprarum,
3121 787 3269 858 cujus
3295 804 3500 845 carnem
3526 808 3620 848 se-

2037 870 2260 926 cundum
2304 883 2607 944 praeceptum
2651 875 2853 947 angeli,
2901 885 2948 930 et
3001 893 3183 948 azyma
3225 895 3380 948 supra
3419 893 3617 952 petram

2039 961 2226 1031 posuit,
2251 972 2300 1018 et
2324 980 2383 1019 ea
2409 965 2532 1036 jure
2573 966 2794 1038 perfudit
2823 981 2842 1020 :
2868 981 2982 1037 quis
3017 967 3170 1022 simul
3206 979 3258 1022 ut
3286 971 3440 1042 virga:
3464 989 3615 1028 cacu-

2038 1054 2193 1119 mine,
2219 1070 2370 1124 quam
2392 1056 2614 1126 gerebat,
2641 1056 2849 1130 angelus
2869 1055 2966 1112 Dei
2987 1059 3210 1129 contigit,
3236 1060 3299 1114 de
3319 1073 3460 1132 petra
3484 1063 3620 1134 ignis

2038 1147 2224 1216 erupit,
2246 1158 2395 1218 atque
2413 1149 2484 1202 ita
2507 1148 2810 1218 sacri/icium
2832 1149 2968 1219 quod
2985 1149 3287 1218 oﬂ'erebatur
3299 1153 3619 1224 absumptum

2037 1245 2108 1290 est
2139 1233 2292 1305 (Jud.
2333 1252 2406 1305 Vl,
2445 1238 2652 1310 11-21).
2695 1238 2808 1305 Quo
2842 1239 3029 1295 indicio
3055 1241 3362 1297 declaratum
3387 1245 3617 1314 videtur,

2036 1325 2171 1395 quod
2209 1335 2350 1397 petra
2391 1327 2483 1382 illa
2520 1337 2695 1399 typum
2730 1329 2956 1384 habuerit
2997 1331 3222 1402 corporis
3247 1331 3433 1389 Christi
3447 1350 3467 1398 ;
3493 1335 3619 1405 quia

2036 1416 2276 1486 scriptum
2309 1427 2411 1483 est,
2446 1435 2467 1470 ‹
2511 1417 2752 1473 Bibcbant
2793 1419 2857 1473 de
2901 1421 3212 1492 consequenti
3255 1433 3416 1493 petra,
3469 1433 3620 1496 petra

2035 1515 2203 1562 autem
2223 1517 2328 1562 erat
2354 1507 2580 1564 Christus
2616 1526 2636 1561 ι
2667 1508 2714 1580 (i
2735 1508 2853 1565 Cor.
2879 1510 3028 1582 ΧΑ).
3059 1511 3208 1577 Quod
3231 1503 3395 1585 utique
3415 1529 3513 1569 non
3541 1517 3617 1570 ad

2036 1597 2342 1654 divinitatem
2370 1600 2509 1669 ejus,
2533 1600 2624 1655 sed
2646 1601 2716 1656 ad
2739 1617 2940 1656 carnem
2961 1602 3174 1658 relatum
3195 1613 3287 1670 est,
3307 1621 3420 1676 qua:
3433 1607 3614 1662 sitien-

2037 1691 2161 1743 tium
2188 1692 2344 1746 corda
2367 1693 2670 1763 populorum
2694 1696 2902 1766 perenni
2926 1695 3035 1750 rivo
3071 1696 3152 1751 sui
3175 1699 3434 1770 sanguinis
3455 1701 3614 1755 inun-

2035 1779 2190 1834 davit.
2215 1779 2337 1836 lam
2374 1792 2492 1838 tunc
2523 1784 2680 1855 igitur
2713 1785 2767 1840 in
2795 1787 3029 1858 mysterio
3053 1785 3360 1843 declaratum
3383 1799 3476 1858 est,
3492 1791 3616 1862 quia

2035 1869 2281 1929 Dominus
2301 1872 2452 1930 Iesus
2485 1875 2538 1930 in
2566 1892 2717 1931 carne
2732 1893 2846 1943 sua,
2875 1878 3028 1934 totius
3061 1879 3236 1935 mundi
3265 1892 3466 1952 peccata
3488 1900 3613 1939 cru-

2031 1965 2216 2034 ciﬁxus
2241 1965 2477 2037 aboleret,
2512 1986 2602 2026 nec
2629 1971 2794 2025 solum
2815 1971 2999 2028 delicta
3035 1977 3306 2046 factorum,
3342 1977 3431 2032 sed
3456 1979 3614 2034 etiam

2032 2056 2330 2124 cupiditates
2350 2059 2650 2115 animorum.
2677 2060 2810 2116 Caro
2835 2062 2968 2118 enim
2997 2064 3131 2119 laedi
3161 2065 3230 2119 ad
3251 2068 3454 2139 culpant
3478 2070 3611 2141 facti

2031 2151 2284 2222 refertur;
2311 2151 2402 2223 jus
2433 2151 2502 2206 ad
2524 2153 2781 2208 illecebras
2807 2154 3171 2225 cupiditatum,
3201 2157 3330 2212 sicut
3365 2159 3613 2232 scriptum

2031 2249 2124 2302 est,
2156 2257 2176 2293 ι
2213 2240 2346 2307 Quia
2371 2245 2651 2315 concupivit
2671 2245 2887 2315 populus
2906 2247 3230 2318 cupiditatem
3249 2250 3535 2321 pessimam.
3558 2265 3613 2309 et

2031 2330 2284 2398 dixerunt,
2316 2332 2443 2400 Quis
2464 2351 2556 2391 nos
2586 2335 2935 2393 cibabitcarne
2967 2355 2988 2391 ι
3019 2337 3204 2411 (Nam.
3228 2341 3418 2412 st,4)‘.’
3452 2343 3609 2410 Quod

2031 2424 2186 2496 igitur
2209 2426 2429 2481 extendit
2453 2429 2663 2500 angelus
2686 2429 2896 2502 virgam,
2921 2439 2971 2484 et
2996 2431 3156 2503 tetigit
3181 2442 3394 2500 petram.
3421 2435 3482 2490 de
3502 2453 3613 2508 qua

2031 2515 2162 2587 ignis
2184 2518 2325 2583 exiit,
2363 2517 2579 2574 ostendit
2617 2520 2753 2589 quod
2791 2538 2910 2576 caro
2945 2521 3152 2578 Domini
3179 2525 3380 2598 Spiritu
3412 2529 3611 2600 repleta

2031 2607 2220 2676 divino,
2245 2621 2444 2680 peccata
2457 2611 2628 2666 omnia
2638 2612 2872 2668 humana:
2884 2615 3185 2672 conditionis
3195 2629 3439 2675 exureret.
3461 2619 3615 2677 Unde

2029 2706 2077 2752 et
2103 2697 2346 2754 Dominus
2368 2700 2460 2767 ait,
2494 2719 2515 2755 ι
2543 2699 2723 2774 Ignem
2747 2703 2857 2758 veni
2885 2704 3079 2760 mittere
3100 2706 3154 2760 in
3192 2716 3376 2763 terram
3405 2728 3424 2764 ι

2030 2804 2125 2854 xu,
2170 2787 2291 2863 49);
2341 2800 2628 2862 etlctetera
2648 2832 2666 2856 ,
2709 2793 2762 2849 in
2791 2793 2983 2866 quibus
3015 2795 3092 2852 rei
3114 2795 3369 2855 docenda:
3392 2815 3456 2856 ac
3481 2814 3614 2872 pro-

2031 2878 2218 2934 bunda:
2246 2881 2475 2938 innxinte
2504 2881 2759 2940 incumbit
2789 2883 3046 2958 (Ambros.
3091 2886 3180 2942 lib.
3225 2889 3251 2944 l
3302 2889 3366 2944 de
3407 2889 3615 2961 Spiritu

2029 2980 2223 3036 sancto,
2249 2972 2300 3026 in
2326 2973 2583 3048 prologo).

2098 3063 2190 3118 47.
2226 3063 2306 3120 De
2337 3080 2532 3136 genere
2560 3075 2853 3140 temperato
2881 3079 2965 3128 est
2991 3072 3131 3144 apud
3157 3073 3474 3147 Cyprianum
3499 3078 3616 3136 vir-

2029 3151 2263 3224 ginitatis
2297 3155 2383 3210 illa
2425 3157 2656 3214 laudatio
2686 3176 2701 3212 :
2731 3159 2885 3218 Nunc
2911 3163 3052 3218 nobis
3090 3165 3160 3219 ad
3197 3168 3409 3239 virgines
3442 3186 3612 3228 sermo

2029 3255 2122 3311 est,
2149 3262 2361 3315 quarum
2378 3265 2477 3319 quo
2495 3249 2755 3307 sublimior
2769 3253 2934 3326 gloria
2951 3266 3046 3323 est,
3070 3259 3233 3330 major
3250 3269 3297 3314 et
3314 3276 3456 3315 cura.
3480 3261 3614 3319 Flos

2029 3344 2103 3391 est
2135 3336 2223 3391 ille
2258 3339 2576 3396 ecclesiastici
2612 3345 2850 3414 germinis
2867 3386 2885 3413 ,
2915 3346 3067 3402 decus
3091 3358 3239 3419 atque
3261 3363 3613 3410 ornamentum

2029 3427 2207 3498 gratia:
2236 3428 2513 3500 spiritualis
2530 3472 2547 3498 ,
2578 3431 2694 3486 lata
2729 3434 2922 3492 indoles
2950 3437 3119 3494 laudis
3143 3448 3191 3494 et
3217 3441 3419 3498 honoris
3436 3483 3454 3511 ,
3479 3461 3613 3516 opus

2029 3517 2278 3590 integrum
2305 3529 2452 3591 atque
2478 3522 2852 3595 incorruptum,
2887 3526 2979 3581 Dei
3013 3529 3181 3602 imago
3210 3536 3511 3601 respondens
3538 3539 3613 3592 ad

2030 3610 2414 3666 sanctimoniam
2449 3611 2654 3668 Domini
2673 3654 2688 3679 ,
2729 3617 2973 3673 illustrior
3011 3623 3173 3690 portio
3208 3625 3373 3695 gregis
3399 3625 3608 3683 Christi.

2033 3700 2226 3757 Gaudet
2249 3720 2337 3775 per
2359 3705 2494 3776 ipsas
2513 3746 2528 3769 ,
2570 3716 2718 3777 atque
2753 3708 2807 3763 in
2837 3709 2939 3765 illis
2964 3711 3171 3784 largiter
3198 3715 3345 3784 floret
3370 3715 3612 3776 Ecclesia:

2030 3793 2205 3847 matris
2231 3794 2450 3865 gloriosa
2494 3797 2776 3868 fecunditas
2815 3814 2835 3854 :
2867 3813 3150 3876 quantoque
3189 3805 3303 3875 plus
3343 3809 3568 3878 gloriosa
3589 3813 3610 3847 ί

2031 3885 2288 3955 virginitas
2319 3904 2524 3942 numero
2561 3905 2651 3944 suo
2686 3889 2859 3956 addit,
2899 3901 3038 3947 tanto
3073 3897 3188 3965 plus
3215 3897 3455 3968 gaudium
3489 3917 3611 3958 ma-

2031 3975 2122 4030 tris
2148 3977 2385 4047 augescit.
2416 3977 2478 4032 Et
2515 3978 2620 4033 alio
2657 3979 2776 4034 loco
2815 3981 2866 4036 in
2902 3983 3005 4040 line
3028 3984 3267 4054 cpistola:
3296 4005 3312 4042 :
3343 3989 3610 4056 Quomodo

2033 4069 2334 4136 portavimus
2354 4112 2366 4135 ,
2419 4069 2618 4141 inquit,
2661 4072 2926 4141 imaginem
2961 4077 3071 4146 ejus
3111 4079 3198 4147 qui
3235 4079 3298 4135 de
3345 4081 3463 4138 limo
3505 4093 3608 4154 est,

2029 4160 2102 4214 sic
2133 4171 2383 4231 portemus
2407 4173 2452 4216 et
2476 4164 2744 4236 imaginem
2778 4167 2887 4238 ejus
2922 4169 3008 4239 qui
3045 4170 3108 4224 de
3141 4172 3264 4226 caelo
3297 4184 3370 4229 est
3402 4175 3454 4246 (Ι
3478 4175 3606 4233 Cor.

2031 4265 2120 4317 xv,
2144 4252 2254 4322 49).
2283 4250 2432 4306 Ilanc
2466 4255 2732 4325 imaginem
2765 4257 3022 4328 virginitas
3050 4272 3244 4330 portat,
3279 4275 3444 4336 portat
3467 4268 3609 4324 inte-

2029 4342 2206 4414 gritas,
2230 4344 2468 4398 sanctitas
2493 4356 2657 4415 portat
2683 4357 2728 4400 et
2753 4349 2966 4415 veritas;
2988 4361 3188 4422 portant
3209 4355 3486 4427 disciplina:
3509 4357 3607 4416 Dei

2029 4449 2270 4488 memores
2290 4474 2303 4498 ,
2325 4435 2576 4504 justitiam
2601 4453 2715 4490 cum
2740 4438 2978 4510 religione
3007 4443 3263 4500 retinentes
3281 4485 3296 4508 ,
3325 4448 3523 4505 stabiles
3549 4451 3609 4506 in

2028 4523 2158 4593 fide,
2191 4523 2400 4580 humiles
2433 4526 2488 4578 in
2529 4527 2737 4594 timore,
2769 4531 2837 4584 ad
2863 4548 3058 4587 omnem
3087 4536 3398 4594 tolerantiam
3422 4541 3603 4610 fortes,

2027 4613 2096 4667 ad
2117 4615 2432 4671 sustinendus
2461 4617 2675 4689 injurias
2699 4622 2841 4676 mites
2858 4663 2872 4689 ,
2903 4623 2973 4676 ad
3007 4626 3288 4694 faciendam
3322 4631 3606 4688 misericor-

2028 4705 2166 4760 diam
2192 4706 2366 4778 faciles
2385 4748 2399 4774 ,
2430 4708 2654 4779 fraterna
2693 4729 2815 4782 pace
2851 4715 3108 4772 unanintcs
3135 4727 3282 4788 atque
3307 4723 3602 4783 concordes.

2030 4794 2159 4861 Quae
2183 4813 2268 4853 vos
2292 4797 2517 4869 singula,
2550 4817 2580 4855 o
2613 4803 2754 4857 bona
2780 4804 2990 4875 virgines
3008 4845 3021 4870 ,
3054 4808 3344 4879 observare,
3371 4813 3606 4886 diligere,

2028 4886 2236 4958 implere
2259 4888 2444 4942 debetis
2463 4931 2478 4954 ,
2501 4907 2614 4961 qua:
2638 4890 2744 4946 Deo
2767 4902 2813 4948 et
2840 4893 3036 4950 Christo
3062 4910 3312 4968 vacantes,
3333 4904 3400 4957 ad
3424 4903 3606 4964 Denti-

2029 4993 2150 5033 num
2169 4978 2252 5032 cui
2274 4995 2356 5034 vos
2381 4981 2604 5048 dicastis,
2629 4983 2818 5053 majore
2841 4994 2887 5040 et
2913 4987 3115 5043 meliore
3137 5001 3280 5061 parte
3296 4993 3602 5064 prceccditis.

2028 5069 2287 5126 Provecta:
2309 5072 2475 5138 annis,
2495 5074 2784 5147 junioribus
2810 5077 2958 5147 facile
2984 5083 3358 5153 magisterium;
3384 5088 3606 5143 minores

2027 5172 2150 5217 natu
2167 5203 2183 5228 ,
2208 5164 2424 5234 prazbete
2447 5165 2720 5236 majoribus
2743 5169 3102 5242 ministerium,
3127 5178 3442 5248 comparibus
3467 5181 3605 5236 inci-

2028 5264 2334 5322 ttmtentum;
2360 5257 2681 5314 hortamentis
2716 5275 2802 5316 vos
2846 5264 3028 5318 mutuis
3051 5267 3279 5337 excitate,
3303 5273 3494 5326 cumulis
3536 5275 3605 5330 de

2027 5350 2208 5406 virtute
2230 5350 2539 5410 documentis
2565 5354 2636 5410 ad
2647 5355 2861 5427 gloriam
2879 5371 3170 5430 provocato;
3183 5362 3363 5419 durate
3375 5366 3600 5442 fortiter,

2027 5443 2359 5512 spiritualiter
2385 5447 2588 5519 pergite,
2621 5449 2868 5518 pervenite
2891 5453 3134 5524 feliciter;
3160 5464 3356 5510 tantum
3379 5473 3604 5514 memen-

2027 5543 2126 5605 tote
2151 5544 2265 5588 tunc
2291 5537 2462 5602 nostri,
2491 5553 2606 5592 cum
2628 5540 2829 5610 incipiet
2852 5541 2902 5595 in
2930 5544 3062 5599 vobis
3085 5546 3339 5616 virginitas
3362 5546 3607 5606 honorari

2029 5625 2205 5698 (Cypr.
2231 5624 2399 5681 Tract.
2428 5628 2492 5682 de
2516 5629 2784 5701 disciplina
2808 5645 2854 5688 et
2880 5635 3047 5690 habitu
3083 5636 3384 5711 Virginum).

2097 5719 2187 5774 48.
2227 5719 2538 5776 Ambrosius
2574 5723 2730 5778 etiam
2766 5741 2959 5796 genere
2987 5728 3192 5786 dicendi
3224 5740 3518 5802 temperato
3551 5745 3615 5800 ει

2090 5833 2108 5866 ³
2134 5831 2266 5901 Apud
2281 5835 2576 5900 (mximum,
2596 5835 2818 5903 copiosa;
2839 5839 2888 5892 iu
2905 5837 3186 5894 Floriaccnsi
3201 5848 3307 5909 δίδη
3319 5854 3576 5910 gcneraa.
