3874 6326
302 297 410 357 tis
750 278 754 281 ’
948 275 952 277 ’
1080 259 1100 264 ”

295 426 488 474 ornato
527 418 786 489 professis
834 421 1124 492 virginibus
1161 422 1440 496 proponit,
1488 433 1738 497 tanquam
1786 425 1885 483 sub

297 510 530 581 exempli
569 511 776 577 forma.
820 516 960 586 quod
1003 515 1237 571 moribus
1278 517 1582 586 imitentur,
1624 529 1677 574 et
1718 520 1882 576 dicit:

309 603 463 676 Virgo
489 614 628 671 erat,
660 622 761 660 non
789 607 952 661 solum
981 623 1192 678 corpore
1209 649 1222 669 .
1260 610 1349 662 sed
1377 610 1524 664 etiam
1555 621 1744 679 mente,
1772 627 1884 683 quia

297 697 443 750 nullo
468 696 575 750 doli
603 698 792 751 ambitu
816 699 1062 753 sincerum
1089 698 1397 754 adulteraret
1424 698 1660 767 affectum
1689 717 1708 755 :
1735 701 1887 755 corde

296 789 525 851 humilis.
553 791 713 845 verbis
737 793 921 861 gravis,
951 791 1109 845 animi
1132 792 1373 861 prudens,
1403 791 1637 864 loquendi
1661 793 1881 862 parcior,

297 883 498 952 legendi
541 884 846 949 studiosior;
882 901 983 938 non
1025 885 1077 938 in
1119 884 1307 939 incerto
1349 884 1634 938 divitiarum
1652 926 1667 946 ,
1707 885 1796 938 sed
1828 887 1882 939 in

297 991 446 1046 prece
469 975 706 1047 pauperis
733 992 872 1046 spent
898 992 1179 1049 reponens;
1204 977 1393 1031 intenta
1420 976 1580 1046 operi,
1606 977 1882 1030 verecunda

294 1067 518 1119 sermoni
536 1081 556 1130 ;
574 1064 817 1120 arbitrum
837 1067 1014 1120 mentis
1033 1069 1180 1120 solita
1201 1083 1298 1120 non
1320 1067 1589 1134 hominem,
1610 1067 1698 1120 sed
1719 1065 1881 1122 Deum

291 1168 557 1220 querere;
583 1153 776 1208 nullum
808 1153 1007 1220 ledere,
1037 1155 1161 1209 bene
1185 1155 1308 1209 velle
1334 1155 1597 1221 omnibus;
1621 1172 1882 1226 assurgere

292 1245 576 1315 majoribus
599 1254 748 1311 natu,
774 1245 1046 1313 aequalibus
1074 1263 1173 1300 non
1201 1247 1455 1314 invidere;
1486 1250 1657 1318 fugere
1672 1249 1878 1317 jactan-

292 1337 422 1388 tiam
439 1377 455 1400 ,
485 1337 731 1391 rationem
759 1337 928 1408 sequi,
961 1353 1132 1391 amare
1157 1339 1406 1392 virtutem.
1440 1338 1655 1403 Quando
1680 1340 1778 1393 ista
1800 1340 1878 1395 vel

289 1427 437 1481 vultu
482 1427 614 1482 ltrsit
655 1430 925 1497 parentes?
968 1428 1168 1499 quando
1209 1429 1439 1483 dissensit
1476 1446 1508 1482 a
1546 1431 1879 1499 propinquis?

288 1517 502 1586 quando
526 1517 766 1588 fastidirit
791 1517 1071 1572 humilem?
1095 1519 1296 1588 quando
1317 1519 1424 1573 risit
1450 1519 1656 1573 debilem
1672 1521 1698 1574 .9
1717 1537 1878 1591 quan-

288 1608 359 1661 do
382 1609 556 1661 vitavit
579 1608 774 1678 inopem
791 1608 818 1662 Ρ
849 1606 948 1662 Eos
981 1609 1114 1663 solos
1147 1609 1297 1662 solita
1324 1618 1478 1664 catus
1505 1612 1723 1664 virorum
1747 1613 1878 1665 invia

287 1714 423 1763 scre,
446 1715 570 1768 quos
596 1699 932 1754 misericordia
955 1717 1054 1754 non
1079 1701 1395 1768 erubesceret,
1426 1719 1582 1772 neque
1606 1706 1875 1774 prieteriret

287 1791 615 1845 uerecundia.
648 1789 797 1845 Nihil
821 1801 1012 1847 torvum
1039 1793 1092 1846 in
1118 1794 1297 1859 oculis,
1336 1795 1465 1849 nihil
1490 1797 1542 1849 in
1565 1797 1722 1852 verbis
1750 1815 1872 1867 pro-

286 1896 420 1947 cax,
460 1882 589 1936 nihil
626 1884 678 1937 in
715 1893 830 1936 actu
868 1883 1290 1953 inverecundum;
1319 1902 1418 1942 non
1450 1897 1615 1959 gestus
1642 1891 1869 1961 fractior,

287 1989 394 2027 non
423 1976 645 2030 incessus
671 1977 911 2042 solutior,
939 1993 1038 2031 non
1065 1993 1164 2032 vox
1187 1980 1509 2049 petulantior,
1540 1990 1596 2034 ut
1622 1984 1734 2053 ipsa
1759 1999 1873 2037 cor-

287 2065 431 2136 poris
459 2070 645 2136 species
669 2069 992 2124 simulacrum
1020 2072 1170 2143 fuerit
1196 2074 1372 2127 mentis
1390 2114 1406 2135 ,
1434 2083 1481 2128 et
1511 2075 1674 2145 ﬁgura
1699 2077 1869 2147 probi-

287 2156 429 2210 tatis.
452 2156 597 2212 Bona
621 2160 805 2230 quippe
828 2161 1006 2215 domus
1025 2163 1078 2216 in
1097 2163 1206 2232 ipso
1227 2164 1463 2217 vestibulo
1484 2165 1625 2220 debet
1643 2169 1867 2236 agnosci,

286 2262 349 2300 ac
379 2249 544 2316 primo
573 2252 847 2320 prcetendat
883 2252 1110 2322 ingressu
1139 2253 1266 2307 nihil
1291 2254 1424 2308 intus
1457 2255 1611 2310 latere
1637 2258 1866 2312 tenebra-

284 2353 406 2390 rum
424 2379 438 2403 ,
479 2349 716 2408 tanquam
759 2341 976 2397 lucerna:
1002 2342 1092 2396 lux
1127 2343 1261 2398 intus
1299 2345 1491 2414 posita,
1523 2346 1648 2417 foris
1684 2348 1863 2406 luceat.

287 2427 429 2493 Quid
469 2447 560 2501 ego
608 2448 846 2503 exsequar
891 2435 1111 2488 cibarunt
1153 2437 1512 2505 parcimoniom
1530 2478 1546 2504 ,
1594 2440 1867 2510 officiorum

282 2520 712 2587 redundantiam;
740 2526 952 2578 alterum
991 2525 1125 2580 ultra
1160 2535 1394 2581 naturam
1417 2531 1755 2600 superfuisse,
1781 2533 1862 2587 al-

283 2618 447 2663 terum
479 2611 578 2674 ipsi
615 2623 810 2667 natum
837 2631 963 2686 pene
991 2616 1248 2686 defuisse?
1272 2616 1389 2671 Illic
1413 2620 1557 2673 nulla
1583 2620 1864 2677 intermissa

281 2709 543 2770 tempora,
570 2704 652 2757 hic
679 2707 1012 2776 congeminati
1030 2709 1229 2778 jejunio
1254 2710 1395 2775 dies;
1422 2720 1468 2764 et
1490 2711 1536 2764 si
1557 2713 1759 2782 quando
1785 2731 1864 2770 re-

278 2791 490 2860 ﬁciendi
508 2797 822 2850 successisset
841 2799 1087 2859 voluntas,
1113 2798 1249 2852 cibus
1276 2799 1564 2869 plerumque
1588 2801 1754 2858 obvius
1776 2806 1863 2876 qui

278 2892 496 2936 mortem
531 2894 757 2949 arceret,
801 2903 901 2940 non
943 2887 1149 2942 delicias
1189 2890 1490 2944 ministraret
1522 2890 1769 2962 (Ambros.
1800 2895 1863 2950 de

292 2972 613 3044 Virginibus,
641 2975 728 3030 lib.
749 2977 818 3039 2.
855 2978 907 3032 in
933 2979 1179 3050 princip.)
1199 3020 1214 3045 ,
1244 2989 1348 3036 etc.
1382 2981 1506 3036 IIu-c
1534 2992 1706 3038 autem
1737 2999 1858 3054 pro-

276 3075 462 3137 pterea
492 3071 542 3122 in
564 3069 808 3140 exemplo
827 3069 983 3139 hujus
1007 3072 1281 3140 temperati
1306 3075 1516 3143 generis
1543 3076 1710 3145 posui,
1734 3077 1855 3147 quia

275 3169 388 3211 non
415 3157 500 3213 hic
521 3159 628 3227 agit
657 3169 716 3215 ut
740 3160 1088 3232 virginitatem
1113 3173 1338 3218 voveant
1361 3180 1479 3236 qua“:
1505 3167 1736 3222 nondum
1765 3183 1859 3223 vo-

275 3258 504 3314 verunt;
535 3249 629 3305 sed
657 3250 841 3322 quales
865 3267 984 3307 esse
1008 3252 1236 3308 debeant
1261 3271 1380 3324 qua:
1405 3256 1512 3325 jam
1544 3266 1678 3312 vota:
1711 3267 1852 3314 sunt.

275 3337 412 3393 Nam
444 3349 502 3395 ut
528 3343 860 3413 aggrediatur
887 3343 1095 3398 animus
1130 3354 1330 3400 tantum
1371 3361 1435 3402 ac
1471 3347 1573 3402 tale
1615 3350 1855 3418 proposi-

275 3439 427 3498 tutn,
459 3433 645 3502 grandi
669 3434 851 3504 utique
875 3434 1083 3491 dicendi
1121 3451 1316 3506 genere
1353 3437 1510 3492 debet
1547 3439 1764 3495 excitari
1801 3448 1856 3496 et

271 3522 514 3578 accendi.
532 3523 636 3580 Sed
653 3535 854 3596 martyr
863 3526 1152 3597 Cyprianus
1167 3526 1235 3582 de
1253 3527 1430 3582 habitu
1447 3530 1730 3599 virginum,
1749 3547 1853 3588 non

273 3611 344 3666 de
366 3613 701 3684 suscipiendo
726 3615 1037 3687 virginitatis
1061 3617 1328 3687 proposito
1347 3619 1576 3689 scripsit.
1605 3621 1708 3676 Iste
1728 3639 1854 3678 vero

269 3703 561 3774 episcopus
586 3705 744 3760 etiam
770 3705 837 3760 ad
869 3705 971 3761 hoc
997 3721 1088 3762 eas
1126 3722 1317 3778 magno
1354 3709 1594 3765 accendit
1619 3711 1848 3782 eIOquio.

347 3792 438 3848 49.
484 3793 674 3849 Verum
717 3810 783 3850 ex
825 3809 892 3851 eo
936 3796 1076 3866 quod
1117 3798 1274 3852 ambo
1317 3809 1570 3869 egerunt,
1608 3800 1852 3858 dictiOnis

267 3883 492 3954 grandis
533 3885 772 3956 exempla
820 3887 1148 3943 memorabo.
1195 3888 1369 3944 Ambo
1416 3890 1610 3961 quippe
1659 3891 1851 3947 invecti

269 3983 401 4029 sunt
435 3974 488 4029 in
516 3989 606 4031 eas
628 3991 747 4046 quae
781 3976 1006 4032 formam
1036 3978 1318 4048 pigmentis
1346 3979 1616 4046 colorant,
1645 3982 1729 4037 vel
1757 3997 1853 4051 po.

269 4064 383 4119 tius
405 4063 714 4121 decolorant
740 4083 754 4122 :
785 4081 1008 4138 quorum
1037 4068 1180 4138 prior
1219 4069 1308 4125 ille
1349 4086 1470 4126 cum
1509 4071 1608 4127 hoc
1647 4083 1846 4144 ageret,

266 4155 348 4209 ait
373 4154 511 4210 inter
532 4165 725 4212 cetera
755 4177 770 4212 :
800 4156 862 4213 Si
890 4159 999 4228 quis
1025 4160 1261 4230 pingendi
1295 4162 1478 4231 artifex
1517 4163 1708 4217 vultum
1746 4165 1847 4218 ali-

263 4251 421 4319 cujus
448 4258 494 4304 et
516 4252 728 4322 speciem
747 4293 764 4321 ,
805 4261 853 4307 et
890 4255 1112 4325 corporis
1148 4255 1438 4325 qualitatem
1466 4256 1649 4310 remulo
1683 4257 1849 4312 colore

263 4337 552 4408 signasset;
597 4350 645 4394 et
683 4342 880 4413 signato
916 4345 1029 4415 jam
1074 4353 1510 4416 consummatoque
1554 4347 1842 4416 simulacro,

263 4447 452 4485 manus
475 4431 606 4487 alius
640 4433 875 4504 inferret,
904 4445 960 4488 ut
979 4435 1093 4507 jam
1129 4439 1348 4506 formata
1367 4477 1381 4500 ,
1403 4437 1517 4507 jam
1546 4437 1678 4506 picta
1703 4439 1846 4503 quasi

264 4524 477 4594 peritior
520 4527 846 4597 reformaret,
887 4529 1053 4598 gravis
1095 4529 1277 4599 prioris
1317 4531 1528 4598 artificis
1572 4531 1763 4601 injuria
1799 4541 1845 4585 et

262 4616 406 4669 iusta
431 4616 712 4688 indignatio
737 4618 1003 4674 videretur.
1035 4618 1112 4674 Tu
1138 4631 1186 4674 te
1208 4621 1461 4674 existimas
1485 4621 1686 4690 impune
1712 4622 1843 4676 latu-

263 4725 380 4761 ram
419 4718 522 4763 tam
560 4710 802 4782 improbie
842 4713 1132 4766 temeritatis
1168 4712 1432 4766 audaciam
1452 4753 1465 4777 ,
1498 4711 1593 4766 Dei
1635 4713 1842 4782 artificis

260 4800 554 4868 oﬂ‘ensam?
583 4802 653 4859 Ut
679 4804 811 4858 enim
837 4805 1091 4875 impudica
1118 4806 1253 4859 circa
1275 4805 1498 4859 homines
1521 4845 1535 4871 ,
1575 4814 1622 4858 et
1656 4806 1842 4860 incesta

265 4894 395 4948 'sscis
437 4895 830 4950 lenocinantibus
857 4913 956 4950 non
989 4896 1087 4962 sis,
1126 4897 1375 4967 corruptis
1401 4896 1692 4966 violatisque
1726 4913 1840 4967 qua:

259 4984 362 5039 Dei
382 4997 521 5053 sunt,
547 4989 688 5058 pejor
712 4987 942 5042 adultera
961 4988 1213 5042 detineris.
1242 4987 1390 5053 Quod
1413 4995 1583 5043 ornari
1603 4998 1652 5043 te
1670 4999 1835 5060 putas,

255 5077 396 5148 quod
419 5089 567 5148 putas
589 5080 737 5143 comi,
760 5081 1075 5153 impngnatio
1097 5091 1168 5136 est
1192 5083 1288 5135 ista
1313 5082 1469 5136 divini
1493 5083 1675 5152 operis,
1703 5100 1836 5154 prte-

254 5169 498 5222 varicatio
526 5179 597 5224 est
621 5172 859 5226 veritatis.
895 5171 1143 5226 Manentis
1167 5173 1395 5242 Apostoli
1419 5189 1514 5228 vox
1537 5183 1609 5228 est
1636 5192 1648 5227 :
1684 5192 1702 5224 ι
1728 5174 1836 5229 Ea:-

253 5271 473 5333 purgate
495 5273 634 5318 vetus
660 5267 979 5334 fermentum,
1007 5273 1064 5318 ut
1086 5265 1197 5318 sitis
1231 5282 1357 5320 nova
1382 5268 1684 5336 conspersio,
1707 5268 1836 5323 sicut

253 5352 376 5405 estis
395 5353 580 5423 azymi.
603 5351 802 5407 Etenim
825 5351 1024 5408 Pascha
1047 5364 1271 5409 nostrum
1290 5356 1578 5411 immolatus
1598 5367 1669 5412 est
1687 5356 1833 5412 Chri-

252 5451 382 5496 stus.
411 5440 595 5514 Itaque
630 5444 756 5513 festa
797 5445 1126 5510 celebremus,
1160 5463 1259 5501 non
1297 5449 1348 5500 in
1387 5450 1626 5517 fermento
1662 5451 1828 5516 veteri,

250 5548 411 5604 neque
435 5533 488 5588 in
514 5537 759 5605 fermento
786 5535 992 5589 malitia
1027 5546 1075 5590 et
1107 5538 1338 5606 nequitia:
1357 5579 1373 5604 ,
1420 5541 1506 5592 sed
1555 5541 1607 5593 in
1644 5541 1832 5610 azymis

246 5625 552 5680 sinceritatis
577 5635 627 5679 et
654 5627 871 5682 veritatis
893 5644 914 5683 ι
949 5627 990 5698 (l
1011 5627 1126 5684 Cor.
1152 5645 1205 5698 ν,
1228 5631 1282 5697 7,
1308 5631 1385 5703 8).
1411 5629 1463 5685 Ν
1467 5649 1550 5686 um
1574 5634 1830 5689 sinceritas

244 5725 534 5789 perseverat
557 5725 608 5770 et
634 5717 835 5782 veritas,
864 5718 1068 5788 quando
1091 5733 1205 5794 quae
1228 5720 1421 5782 sincera
1445 5731 1562 5785 sunt
1585 5724 1825 5802 polluun-

1647 306 1849 367 LIBER
1881 302 2229 380 QUARTUS.

3467 334 3572 392 III

1994 435 2108 493 tur,
2138 439 2187 483 et
2211 429 2432 484 colorum
2458 432 2719 489 adulteriis
2739 476 2752 500 ,
2795 445 2845 490 et
2884 437 3265 496 medicaminum
3295 443 3311 476 ⁸
3356 447 3487 516 fucis
3513 449 3566 503 iu

1990 519 2302 573 mendacium
2331 537 2446 575 vera
2473 526 2767 579 mutantur?
2790 524 3040 582 Dominus
3065 539 3178 584 tuus
3207 532 3327 588 dicit
3345 577 3359 600 ,
3392 555 3412 588 ι
3442 536 3562 594 Non

1992 617 2129 678 potes
2156 615 2320 682 facere
2343 613 2586 684 capillum
2606 631 2761 671 unum
2775 616 2945 672 album
2969 631 3057 674 aut
3081 623 3278 693 nigrum
3300 644 3319 678 ι
3350 627 3560 696 (Matth.

1989 714 2043 764 ν,
2067 701 2191 772 56);
2223 712 2269 756 et
2292 712 2344 756 tu
2368 705 2436 758 ad
2458 706 2750 760 vincendam
2778 707 2980 764 Domini
3008 714 3080 766 tui
3107 731 3272 770 vocem
3296 719 3369 773 vis
3394 730 3442 774 te
3460 737 3562 776 esse

1990 791 2252 857 potiorem.
2282 792 2479 848 Audaci
2513 806 2694 851 conatu
2721 809 2768 852 et
2803 802 3045 871 sacrilego
3082 815 3365 877 cantanptu
3401 812 3561 865 crines

1987 889 2099 934 tuos
2125 882 2326 952 inficis;
2353 887 2487 939 malo
2514 890 2760 960 prtesagio
2791 893 3072 962 futurorum
3106 896 3317 965 capillos
3334 900 3448 966 jam
3474 902 3556 954 ιίὺ»

1985 972 2244 1042 flammeos
2266 978 2546 1047 auspicaris
2575 979 2752 1051 (Cypr.
2787 980 2956 1038 Tract.
2987 985 3050 1039 de
3081 987 3349 1057 disciplina
3383 1003 3431 1046 et
3462 995 3555 1047 ha-

1984 1062 2089 1117 bitu
2123 1061 2429 1140 Virginum).
2458 1067 2696 1141 Longum
2734 1083 2816 1130 est
2854 1075 3089 1132 inserere
3121 1080 3296 1135 omnia
3325 1095 3443 1151 quae
3470 1098 3546 1140 sc-

1983 1163 2235 1223 quuntur.

2053 1245 2144 1302 50.
2177 1246 2267 1303 Ille
2292 1264 2418 1304 vero
2438 1253 2698 1322 posterior
2719 1264 2776 1309 ut
2800 1256 2852 1310 in
2874 1257 3006 1312 tales
3027 1257 3228 1317 diceret
3250 1281 3262 1317 :
3289 1263 3424 1320 Hinc
3442 1267 3554 1335 illa,

1983 1334 2169 1407 inquit,
2200 1353 2472 1396 nascuntur
2499 1345 2744 1400 incentiva
2769 1348 3021 1414 vitiorum,
3047 1362 3102 1406 ut
3125 1357 3344 1423 qntesitis
3367 1361 3528 1414 colori
3536 1334 3552 1405 ζ

1980 1425 2074 1481 bus
2097 1444 2188 1482 ora
2209 1430 2502 1503 depingunt,
2528 1435 2650 1490 dum
2673 1439 2792 1493 viris
2814 1440 3080 1511 displicere
3097 1445 3392 1516 formidant,
3422 1462 3468 1504 et
3488 1454 3552 1507 de

1979 1519 2227 1577 adulterio
2246 1524 2412 1579 vultus
2431 1526 2728 1582 meditemur
2750 1531 3048 1586 adulterium
3069 1538 3328 1594 castitatis.
3354 1540 3556 1605 Quanta

1978 1609 2087 1665 lucc
2103 1614 2341 1681 amentia,
2361 1616 2565 1687 effigiem
2585 1629 2780 1674 mutare
2796 1630 3008 1690 natum,
3031 1626 3276 1694 picturam
3298 1646 3549 1700 quierere,

1977 1708 2024 1754 et
2063 1700 2182 1755 dum
2210 1715 2436 1759 verentur
2473 1709 2706 1762 maritale
2735 1710 3022 1781 judicium,
3071 1720 3280 1783 prodere
3305 1721 3326 1751 ¹
3358 1728 3552 1778 suum?

1977 1787 2133 1846 Prior
2157 1794 2289 1848 enim
2326 1795 2390 1849 de
2425 1813 2480 1851 se
2517 1801 2838 1866 pronuntiat,
2883 1818 2996 1872 quia
3022 1807 3158 1876 cupit
3192 1820 3383 1864 mutare
3415 1814 3550 1880 quod

1975 1891 2097 1936 nata
2125 1894 2197 1938 est
2224 1900 2243 1939 :
2281 1887 2352 1940 ita
2395 1887 2516 1942 dum
2550 1890 2640 1943 alii
2681 1892 2845 1946 studet
2889 1894 3116 1964 placere,
3158 1899 3299 1967 prius
3324 1900 3435 1971 ipsa
3456 1903 3551 1957 sibi

1975 1973 2223 2045 displicet.
2258 1976 2415 2043 Quem
2442 1978 2692 2047 iudicent,
2724 1984 2934 2053 mulier,
2972 1987 3212 2043 veriorem
3246 1992 3551 2060 requiremus

1974 2065 2304 2135 deformitatis
2329 2079 2429 2124 tua:
2446 2113 2460 2132 .
2500 2089 2652 2145 quam
2685 2076 2924 2144 teipsam,
2952 2095 3064 2148 quia
3089 2082 3245 2136 videri
3282 2085 3462 2141 times?
3486 2087 3550 2142 Si

1972 2159 2186 2228 pulchra
2212 2177 2286 2223 es,
2313 2177 2404 2216 cur
2427 2163 2782 2222 absconderis?
2813 2169 2859 2222 si
2881 2173 3139 2242 deformis,
3173 2190 3262 2228 cur
3287 2185 3334 2230 te
3352 2181 3547 2248 formo-

1970 2265 2080 2303 sam
2107 2267 2214 2306 esse
2241 2255 2465 2309 mentiris
2482 2296 2498 2322 ,
2529 2273 2618 2311 nec
2642 2267 2741 2313 tute
2763 2263 3074 2318 conscientia:
3091 2307 3106 2330 ,
3137 2283 3226 2320 nec
3252 2267 3404 2323 alieni
3425 2288 3546 2342 gra-

1972 2342 2094 2395 tiam
2115 2345 2298 2399 erroris
2320 2345 2592 2404 habitura?
2621 2349 2720 2405 Ille
2736 2354 2868 2407 enim
2887 2354 3095 2410 alteram
3120 2358 3304 2429 diligit,
3327 2367 3378 2414 tu
3400 2363 3546 2417 alteri

1968 2431 2043 2486 vis
2064 2432 2259 2502 placere
2282 2451 2301 2490 :
2325 2447 2374 2490 et
2398 2437 2628 2494 irasceris
2654 2442 2697 2495 si
2721 2453 2852 2497 amet
2880 2446 3117 2512 alteram,
3149 2450 3234 2518 qui
3261 2450 3544 2507 adulterare

1968 2525 2020 2577 in
2043 2532 2091 2577 te
2113 2525 2333 2582 docetur.
2363 2527 2506 2584 Mala
2533 2534 2771 2603 magistra
2797 2552 2849 2589 es
2875 2537 3079 2608 injuria:
3103 2551 3219 2595 tute.
3246 2541 3544 2600 Lenocinari

1967 2618 2096 2670 enim
2121 2621 2326 2689 refugit,
2353 2622 2502 2676 etiam
2524 2640 2638 2693 qua:
2659 2635 2730 2679 est
2752 2644 2902 2697 passa
2926 2631 3186 2692 lenonem;
3213 2650 3272 2686 ac
3295 2635 3405 2689 licet
3431 2637 3542 2692 vilis

1966 2707 2166 2772 mulier,
2199 2725 2298 2762 non
2329 2709 2476 2765 alteri
2502 2722 2688 2780 tamen,
2720 2717 2807 2769 sed
2830 2717 2926 2771 sibi
2951 2731 3138 2789 peccat.
3175 2721 3541 2780 Tolerabiliora

1966 2803 2326 2870 prapemodum
2355 2805 2407 2858 in
2435 2806 2682 2862 adulterio
2713 2811 2923 2866 crimina
2946 2825 3062 2868 sunt
3089 2831 3108 2869 :
3130 2816 3198 2870 ibi
3225 2818 3356 2872 enim
3385 2821 3539 2890 pudi-

1962 2891 2111 2956 citia,
2146 2895 2228 2946 hic
2265 2905 2448 2949 natura
2484 2897 2797 2954 adulteratur
2837 2901 3088 2972 (Ambros.
3129 2907 3191 2961 de
3227 2905 3536 2980 Virginibus,

1962 2983 2053 3037 lib.
2082 2983 2158 3053 I).
2187 2984 2324 3040 Satis
2343 3027 2358 3052 ,
2390 2996 2450 3042 ut
2474 2990 2750 3056 existimo,
2781 3004 3000 3063 apparet
3038 2994 3262 3054 feminas
3291 3015 3359 3056 ne
3385 3016 3536 3057 suam

1961 3073 2095 3129 lucis
2119 3075 2418 3132 adulterent
2461 3078 2681 3136 formam
2700 3123 2718 3150 ,
2747 3090 2802 3137 et
2824 3084 2891 3139 ad
2920 3086 3172 3156 pudorem
3198 3098 3252 3144 et
3278 3089 3345 3145 ad
3375 3091 3535 3148 timo-

1960 3180 2072 3221 rem
2103 3165 2199 3223 hac
2225 3167 2465 3226 facundia
2494 3172 2836 3230 vehementer
2861 3178 3078 3248 impelli.
3110 3178 3336 3239 Proinde
3359 3198 3533 3254 neque

1959 3256 2279 3313 submissum
2325 3276 2496 3331 neque
2539 3272 2919 3334 temperatum,
2957 3268 3050 3324 sed
3090 3271 3290 3340 grande
3317 3275 3534 3331 omnino

1958 3361 2124 3416 genus
2168 3348 2267 3404 hoc
2307 3350 2618 3408 elocutionis
2658 3358 3010 3426 agnoscimus.
3052 3360 3117 3416 Et
3155 3362 3207 3418 in
3244 3362 3325 3420 his
3354 3374 3532 3422 autem

1958 3454 2092 3508 quos
2119 3440 2251 3496 duos
2293 3458 2358 3498 ex
2403 3446 2648 3502 omnibus
2692 3463 2987 3519 proponere
3025 3454 3192 3519 volui,
3239 3465 3294 3512 et
3333 3458 3385 3513 in
3413 3460 3530 3514 aliis

1957 3531 2326 3588 ecclesiasticis
2355 3535 2483 3590 viris
2507 3546 2560 3592 et
2587 3536 2751 3606 bona,
2782 3551 2838 3594 et
2864 3540 3032 3610 bene,
3071 3544 3121 3598 id
3159 3554 3242 3600 est
3279 3547 3415 3602 sicut
3444 3564 3530 3604 res

1957 3621 2207 3688 postulat,
2238 3632 2422 3691 acute,
2453 3637 2666 3693 ornate,
2696 3628 3044 3702 ardenterque
3071 3633 3402 3704 dicentibus,
3435 3653 3528 3706 per

1955 3713 2117 3767 multa
2137 3729 2320 3770 eorum
2343 3717 2537 3786 scripta
2564 3720 2642 3773 vel
2667 3719 2802 3774 dicta
2831 3734 3049 3791 possunt
3073 3722 3186 3779 haec
3213 3727 3310 3781 tria
3330 3742 3526 3799 genera

1954 3806 2209 3874 reperiri,
2242 3817 2296 3862 et
2330 3809 2538 3864 assidua
2584 3811 2810 3868 lectione
2846 3816 2927 3871 vel
2962 3817 3264 3888 auditione,
3293 3820 3525 3878 admixta

1953 3896 2109 3951 etiam
2140 3899 2534 3967 exercitatione,
2565 3903 2895 3961 studentibus
2927 3908 3239 3967 inolescere.

1951 3985 2175 4044 CAPUT
2200 3989 2363 4045 XXII.
2391 4021 2452 4033 —
2469 3993 2710 4050 Omnibus
2723 3998 2983 4068 generibus
3000 4001 3151 4056 dictio
3171 4005 3412 4061 varianda
3429 4018 3520 4062 est.

2021 4079 2082 4134 5t
2096 4120 2108 4132 .
2139 4079 2248 4136 Nec
2267 4083 2543 4154 quisquam
2567 4094 2760 4156 printer
2776 4088 3102 4160 disciplinam
3123 4108 3244 4150 esse
3261 4097 3524 4155 existimet

1951 4169 2048 4224 ista
2071 4170 2297 4227 miscere
2321 4190 2334 4228 :
2356 4173 2462 4228 imo
2481 4185 2732 4245 quantum
2753 4191 2984 4248 congrue
3007 4181 3116 4237 ﬁeri
3139 4193 3331 4252 potest,
3353 4191 3524 4246 omni-

1950 4256 2047 4313 bus
2064 4262 2344 4329 generibus
2368 4262 2529 4320 dictio
2548 4265 2793 4320 varianda
2813 4279 2912 4322 est.
2940 4268 3069 4324 Nam
3090 4273 3300 4342 quando
3319 4278 3520 4346 prolixa

1947 4358 2029 4405 est
2049 4350 2100 4405 in
2124 4366 2228 4406 uno
2247 4368 2458 4422 genere,
2483 4354 2661 4410 minus
2685 4355 2886 4412 detinet
2903 4359 3215 4416 auditorem.
3242 4363 3370 4419 Cum
3391 4381 3520 4423 vero

1948 4439 2008 4494 ﬁt
2035 4440 2088 4494 in
2115 4439 2254 4497 aliud
2281 4442 2350 4498 ab
2377 4443 2482 4498 alio
2511 4447 2792 4512 transitus,
2820 4449 3026 4504 etiamsi
3058 4451 3264 4522 longius
3287 4464 3392 4518 eat.
3424 4456 3522 4512 de-

1947 4531 2154 4586 centius
2190 4532 2427 4602 procedit
2466 4535 2636 4590 oratio
2667 4554 2680 4590 :
2712 4539 2951 4607 quamvis
2979 4539 3208 4596 habeant
3232 4554 3286 4600 et
3313 4546 3518 4618 singula

1945 4635 2137 4690 genera
2163 4623 2443 4679 varietates
2471 4640 2594 4681 suas
2631 4627 2683 4681 in
2709 4643 2956 4686 sermone
2977 4632 3332 4704 eloquentium
3348 4678 3364 4703 ,
3393 4641 3518 4710 qui-

1944 4711 2043 4768 bus
2068 4729 2174 4768 non
2199 4714 2443 4770 sinuntur
2468 4716 2519 4772 in
2545 4733 2728 4773 eorum
2753 4720 2842 4790 qui
2865 4722 3107 4790 audiunt,
3129 4726 3413 4797 frigescere
3434 4731 3517 4785 vel

1944 4811 2216 4873 tepescere
2242 4805 2502 4862 sensibus.
2548 4807 2917 4866 Verumtamen
2957 4811 3157 4870 facilius
3195 4819 3516 4875 submissum

1940 4893 2150 4961 solum,
2182 4910 2340 4966 quam
2367 4898 2539 4952 solum
2581 4900 2780 4969 grande
2820 4901 3016 4959 diutius
3060 4906 3270 4963 tolerari
3319 4920 3512 4978 potest.

1940 4984 2238 5040 Commotio
2264 4986 2458 5057 quippe
2481 4989 2645 5044 animi
2679 5000 2878 5061 quanto
2915 4996 3082 5065 magis
3108 4999 3383 5054 excitanda
3411 5010 3513 5068 est,

1939 5087 1997 5134 ut
2026 5078 2180 5134 nobis
2206 5081 2526 5136 assentiatur
2549 5082 2789 5150 auditor,
2827 5094 2972 5141 tanto
3009 5089 3183 5144 minus
3224 5091 3276 5144 in
3317 5104 3381 5145 ea
3424 5091 3516 5148 diu

1939 5170 2106 5225 teneri
2135 5179 2340 5239 potest,
2367 5187 2488 5227 cum
2515 5173 2676 5230 Iuerit
2707 5185 2962 5247 quantum
2999 5179 3128 5233 satis
3155 5187 3236 5234 est
3262 5183 3511 5240 excitata.

1937 5261 2006 5319 Et
2030 5263 2150 5319 ideo
2173 5264 2465 5321 cavendum
2489 5276 2592 5334 est,
2620 5283 2688 5324 ne
2712 5268 2838 5324 dum
2863 5270 3108 5324 volumus
3129 5271 3284 5328 altius
3309 5276 3514 5348 erigere

1935 5354 2076 5425 quod
2104 5365 2337 5412 erectum
2360 5365 2462 5425 est,
2494 5359 2654 5414 etiam
2682 5360 2804 5416 inde
2830 5359 3058 5427 decidat,
3084 5375 3191 5432 quo
3217 5363 3388 5422 fuerat
3413 5384 3509 5425 es-

1999 5487 2014 5518 ¹
2040 5485 2157 5552 εάἱιὶ
2183 5496 2234 5552 et
2269 5495 2371 5538 Mss.
2395 5489 2521 5552 apud
2545 5491 2882 5552 Augustinum,
2906 5497 2952 5540 et
2985 5491 3199 5544 colorum
3227 5497 3512 5551 adulterinis

1936 5548 2324 5621 medicaminum.
2362 5548 2652 5621 castigamus
2690 5563 2754 5599 ex
2783 5548 2995 5614 Cypriani
3030 5552 3182 5618 libro,
3220 5565 3265 5609 et
3301 5548 3511 5611 calorum

1931 5609 2210 5669 adulteriis,
2249 5617 2293 5660 et
2325 5609 2709 5661 medicaminum.

1994 5673 2014 5701 ⁸
2039 5679 2103 5721 tta
2124 5673 2248 5737 apud
2273 5672 2583 5737 Atnbrosium.
2614 5675 2748 5737 Atgin
2769 5677 3122 5737 augustinianis
3143 5679 3384 5733 codicibus
3418 5682 3507 5733 ali-

1932 5739 2079 5794 quot,
2107 5731 2323 5802 perdere.
2350 5739 2398 5780 In
2419 5731 2541 5793 aliis,
2566 5731 2951 5806 perdiderefaut,
2975 5740 3303 5809 perdiderunt.
