3874 6334
434 232 541 295 119

429 350 590 407 simul
636 362 755 404 cum
805 347 921 419 ipso
971 344 1316 416 pricdicatore
1362 348 1723 397 contemnant.
1776 337 2013 407 Denique

432 440 721 512 Apostolus
770 438 1008 493 scribens
1058 436 1123 490 ad
1172 435 1545 500 Timotheum,
1591 447 1712 489 cum
1762 429 2007 493 dixisset,

432 532 600 588 Nemo
642 530 1029 585 adolescentiam
1067 538 1203 583 tuam
1246 535 1563 591 contemnat;
1600 523 1825 595 subjecit
1867 520 2008 576 unde

430 641 539 682 nou
564 633 994 680 contemneretur
1017 664 1032 689 ,
1063 631 1221 693 atque
1244 621 1317 677 ait
1347 636 1363 675 ε
1396 619 1503 675 Sed
1545 620 1710 689 forma
1749 625 1851 670 esto
1882 615 2009 684 ﬁde-

427 720 555 773 tium
580 720 901 781 insermone,
924 715 975 769 in
993 714 1385 778 conuersatione,
1411 712 1464 766 in
1493 709 1775 773 dilectione,
1803 707 1857 761 in
1883 705 2006 776 fide,

428 820 482 857 tn
511 804 741 857 castitate
770 798 812 873 (I
842 798 972 853 Tim.
1002 815 1075 865 tv,
1104 798 1215 871 Ii).

423 891 654 952 CAPUT
692 890 931 949 XXVIII.
970 920 1043 932 -
1086 889 1298 945 Veritati
1332 889 1496 959 potius
1531 902 1683 958 quam
1708 881 1870 940 verbis
1892 889 2007 937 stu-

710 984 948 1039 dendum.
981 980 1155 1038 Verbis
1178 980 1475 1036 contendere
1490 976 1614 1050 quid
1632 975 1717 1031 sit.
1778 987 1782 992 '
1950 988 1951 991 ‘

494 1075 587 1135 οι.
625 1076 770 1133 Talis
795 1076 984 1132 doctor
1010 1082 1069 1130 ut
1101 1074 1412 1130 obedienter
1447 1069 1712 1135 audiatur,
1754 1082 1861 1124 ιιοιι
1899 1066 2005 1124 itu-

423 1170 686 1243 pudenter
723 1185 828 1225 non
856 1169 1028 1224 solum
1063 1167 1325 1223 submisse
1362 1180 1426 1221 ac
1458 1170 1752 1235 temperate
1774 1202 1790 1226 ,
1818 1176 2003 1217 verum

425 1263 588 1321 etiam
618 1262 891 1334 granditer
913 1261 1060 1323 dicit,
1087 1260 1207 1331 quia
1236 1274 1341 1315 non
1368 1254 1841 1327 contemptibiliter
1856 1252 2002 1309 vivit.

422 1355 516 1412 Sic
536 1369 763 1425 namque
782 1354 930 1425 eligit
956 1352 1148 1408 bonam
1170 1351 1330 1405 vitam
1350 1389 1369 1414 ,
1400 1358 1457 1403 ut
1488 1347 1647 1404 etiam
1677 1347 1869 1402 bonam
1898 1358 2005 1401 non

420 1449 653 1520 negligat
683 1447 898 1513 famam,
925 1445 1017 1501 sed
1044 1443 1318 1516 provideat
1336 1443 1473 1499 bona
1494 1455 1677 1496 coram
1700 1439 1811 1495 Deo
1834 1447 1889 1493 et
1908 1437 2006 1492 ho-

422 1541 655 1598 minibus
679 1538 748 1609 (II
771 1538 887 1594 Cor.
918 1553 1011 1593 vut
1030 1579 1047 1604 ,
1077 1538 1170 1607 21)
1196 1577 1212 1602 ,
1241 1544 1495 1606 quantum
1521 1541 1733 1604 potest,
1761 1531 1907 1587 illum
1939 1530 2004 1586 ti-

418 1631 638 1698 mendo,
670 1630 751 1685 his
775 1626 1118 1684 consulendo.
1141 1624 1198 1682 In
1224 1627 1341 1697 ipso
1369 1626 1530 1682 etiam
1569 1638 1816 1679 sermone
1856 1622 2007 1676 malit

419 1722 584 1780 rebus
613 1722 826 1793 placere
851 1736 1008 1791 quam
1039 1719 1254 1783 verbis;
1284 1734 1383 1775 nec
1404 1718 1633 1772 aestimet
1660 1714 1762 1772 dici
1788 1714 2000 1781 melius,

418 1815 526 1873 nisi
566 1813 707 1887 quod
732 1813 931 1869 dicitur
959 1811 1169 1874 verius;
1212 1825 1311 1866 nec
1338 1808 1525 1864 doctor
1561 1806 1738 1863 verbis
1764 1806 2001 1871 serviat,

418 1910 515 1965 sed
543 1909 702 1965 verba
728 1906 955 1962 doctori.
984 1904 1097 1962 Hoc
1125 1913 1207 1959 est
1232 1903 1373 1959 enim
1397 1901 1539 1975 quod
1572 1901 1856 1971 Apostolus
1883 1899 1958 1953 ait
1985 1915 2000 1952 :

420 2000 545 2056 Non
573 2001 625 2056 in
644 1999 891 2071 sapientia
910 1997 1064 2061 verbi,
1093 2014 1155 2051 ne
1174 2006 1439 2051 evacnetur
1457 2011 1583 2049 crna:
1602 1992 1788 2048 Christi
1814 1991 1853 2059 (Ι
1880 1990 2000 2046 Cor.

419 2108 463 2161 ι,
489 2092 600 2163 17).
630 2091 710 2147 Ad
753 2090 855 2146 hoc
877 2089 1017 2144 valet
1046 2088 1205 2143 etiam
1230 2087 1371 2158 quod
1402 2086 1476 2140 ait
1504 2084 1571 2140 ad
1614 2082 1953 2140 Timotheum
1983 2098 1999 2137 :

420 2181 722 2240 Noliverbis
748 2180 1078 2242 contendere;
1099 2177 1168 2232 ad
1201 2176 1331 2231 nihil
1348 2175 1479 2230 enim
1508 2174 1631 2229 utile
1672 2182 1764 2231 est.
1794 2173 1889 2228 nisi
1933 2172 2003 2226 ad

418 2274 788 2331 subversionem
812 2269 1124 2325 audientium
1149 2268 1217 2337 (II
1248 2267 1378 2322 Tim.
1410 2283 1446 2322 ιι
1466 2309 1482 2333 ,
1512 2264 1623 2339 it).
1654 2265 1832 2337 Neque
1857 2264 2001 2319 enim

416 2366 521 2423 hoc
543 2366 661 2421 ideo
689 2366 885 2420 dictum
907 2370 1011 2428 est,
1038 2371 1095 2416 ut
1120 2360 1437 2416 adversariis
1460 2357 1883 2431 oppugnantibus
1904 2371 1995 2413 ve-

416 2460 654 2524 ritatem,
686 2456 816 2512 nihil
846 2472 944 2512 nos
981 2471 1076 2527 pro
1104 2455 1326 2510 veritate
1354 2454 1613 2508 dicamus.
1664 2452 1730 2506 Et
1772 2451 1859 2506 ubi
1897 2450 2001 2505 erit

415 2549 558 2622 quod
583 2564 701 2604 cum
725 2547 1034 2602 ostenderet
1052 2544 1220 2615 qualis
1247 2559 1369 2599 esse
1393 2543 1674 2614 episcopus
1692 2540 1903 2605 debeat,
1928 2540 2005 2594 ait

415 2643 560 2698 inter
579 2650 771 2696 ccetera
807 2657 820 2695 :
858 2636 924 2693 Ut
951 2648 1126 2711 potens
1149 2636 1212 2691 sit
1229 2636 1280 2690 in
1303 2635 1533 2689 doctrina
1556 2650 1681 2688 sana
1720 2643 1768 2687 et
1800 2642 2000 2687 contra-

415 2736 635 2790 dicentes
655 2733 959 2804 redarguere
978 2729 1108 2802 (Tt't.
1132 2745 1170 2793 ι,
1183 2728 1267 2801 9)?
1287 2728 1473 2784 Verbis
1494 2728 1633 2782 enim
1652 2726 1997 2790 contendere,

417 2838 504 2884 est
527 2842 632 2881 non
659 2840 846 2879 curare
872 2822 1140 2894 quomodo
1164 2837 1316 2875 error
1344 2820 1567 2874 veritate
1601 2818 1839 2873 vincatur
1857 2856 1874 2883 ,
1905 2814 1999 2871 sed

413 2914 681 2987 quomodo
707 2923 792 2970 tua
822 2913 983 2968 dictio
1007 2911 1223 2967 dictioni
1246 2908 1556 2981 praeferatur
1568 2907 1806 2963 alterius.
1833 2906 2002 2961 Porro

413 3008 505 3080 qui
535 3023 643 3063 non
673 3007 849 3062 verbis
874 3004 1167 3065 contendit,
1198 3004 1311 3056 sive
1334 3002 1596 3056 submisse
1614 3041 1630 3065 ,
1652 2999 1765 3055 sive
1793 3008 1999 3068 tempe-

415 3109 552 3167 rate,
581 3098 694 3154 sive
718 3096 992 3169 granditer
1014 3092 1240 3155 dicat,id
1269 3092 1378 3163 agit
1400 3090 1573 3146 \erbis
1598 3101 1658 3145 ut
1681 3090 1876 3144 veritas
1901 3103 1999 3158 pa-

415 3200 546 3257 teat,
587 3190 782 3245 veritas
811 3188 1045 3258 placeat,
1075 3185 1270 3240 veritas
1310 3191 1555 3243 moveat;
1604 3180 1852 3252 quoniam
1902 3193 2001 3235 nec

412 3284 551 3355 ipsa,
581 3297 699 3353 qua:
725 3280 977 3353 praecepti
996 3280 1117 3334 linis
1130 3287 1184 3333 et
1205 3276 1475 3349 plenitudo
1497 3274 1650 3345 Legis
1664 3282 1744 3329 est
1768 3272 2001 3328 Charitas

412 3377 459 3450 (I
483 3375 614 3431 Tim.
648 3391 685 3439 I,
708 3374 775 3441 5;
802 3384 849 3428 et
867 3373 1016 3428 Rom.
1049 3387 1163 3428 xui.
1194 3370 1319 3441 10),
1349 3368 1457 3423 ullo
1498 3367 1657 3423 modo
1696 3375 1840 3421 recta
1879 3381 2001 3422 esse

412 3479 611 3542 potest,
642 3469 685 3523 si
716 3483 776 3522 ea
804 3482 922 3539 qua:
946 3465 1252 3536 diliguntur,
1281 3478 1385 3516 non
1408 3476 1551 3525 vera,
1583 3460 1676 3515 sed
1703 3459 1828 3515 falsa
1852 3458 1996 3514 sunt.

410 3561 560 3619 Sicut
585 3571 761 3615 autem
792 3558 944 3629 cujus
982 3555 1257 3627 pulchrum
1284 3568 1480 3624 corpus
1521 3562 1575 3609 et
1622 3552 1877 3606 deformis
1914 3560 2000 3606 est

412 3655 646 3721 animus,
670 3652 837 3723 magis
861 3648 1121 3705 dolendus
1145 3654 1248 3714 est,
1271 3660 1429 3717 quam
1454 3644 1501 3700 si
1526 3644 1763 3700 deforme
1778 3643 2000 3699 haberet

410 3753 468 3802 et
489 3758 715 3815 corpus;
747 3742 816 3797 ita
838 3740 928 3811 qui
945 3739 1256 3811 eloquenter
1273 3752 1334 3792 ea
1356 3751 1476 3807 qua:
1497 3733 1626 3791 falsa
1651 3741 1774 3789 sunt
1792 3732 1993 3796 dicunt,

410 3836 583 3907 magis
610 3831 896 3889 miserandi
924 3840 1082 3897 sunt,
1108 3845 1264 3901 quam
1291 3827 1337 3884 si
1364 3827 1488 3882 talia
1515 3825 1827 3881 deformiter
1851 3824 1997 3879 diee-

412 3936 553 3985 rent.
578 3925 713 3995 Quid
754 3931 839 3980 est
877 3937 1006 3996 ergo
1055 3938 1164 3977 non
1207 3921 1379 3976 solum
1425 3918 1755 3990 eloquenter,
1808 3932 1994 3973 verum

409 4019 572 4075 etiam
596 4016 867 4087 sapienter
885 4014 1082 4078 dicere,
1110 4013 1211 4067 nisi
1237 4010 1395 4067 verba
1425 4010 1479 4065 in
1507 4009 1773 4064 submisso
1798 4024 1997 4079 genere

406 4108 746 4173 sufficientia,
778 4109 829 4164 in
854 4116 1149 4177 temperato
1177 4103 1531 4175 Splendeutia,
1556 4105 1607 4157 in
1628 4102 1812 4172 grandi
1835 4102 1996 4158 vehe-
2062 4100 2096 4133 ’δ

408 4209 645 4271 menda,
696 4201 838 4257 veris
885 4210 1059 4255 tamen
1097 4196 1277 4263 rebus,
1335 4211 1466 4267 quas
1510 4194 1680 4251 audiri
1727 4203 1991 4265 oporteat,

409 4294 701 4353 adhibere?
727 4293 832 4351 Sed
858 4292 947 4364 qui
974 4299 1252 4361 utrumque
1281 4305 1385 4344 non
1418 4295 1608 4359 potest,
1633 4286 1771 4341 dicat
1790 4287 1998 4356 sapieno

410 4399 496 4446 ter
519 4389 657 4461 quod
685 4404 788 4443 non
817 4386 944 4441 dicit
968 4384 1299 4453 eloquenter,
1333 4382 1507 4453 potius
1532 4397 1690 4453 quam
1716 4380 1857 4438 dicat
1882 4383 1993 4438 elo-

408 4490 633 4554 quenter
656 4479 793 4549 quod
821 4478 950 4533 dicit
975 4475 1303 4545 insipienter.

406 4570 633 4639 CAPUT
667 4568 861 4625 XXIX.
883 4593 943 4607 -
989 4564 1110 4620 Non
1138 4564 1423 4634 culpandus
1458 4564 1791 4630 ecclesiastes,
1835 4564 1922 4638 qui
1958 4583 1991 4620 a

479 4661 713 4734 peritiora
740 4658 892 4713 sumit
917 4657 1256 4727 conscriptum
1280 4654 1551 4724 eloquium,
1578 4654 1715 4725 quod
1741 4655 1809 4709 ad
1832 4672 1988 4727 papu-

479 4753 583 4809 lum
607 4755 849 4825 proferat.

476 4844 533 4902 Si
555 4851 730 4899 autem
760 4858 828 4897 ne
877 4841 975 4896 hoc
1015 4838 1229 4911 quidem
1274 4847 1467 4909 potest,
1518 4839 1585 4894 ita
1621 4850 1984 4906 conversetur,

405 4945 465 4992 ut
493 4951 596 4991 non
644 4934 814 4988 solum
856 4932 953 4987 sibi
1006 4932 1281 5002 praemium
1336 4940 1628 5000 comparet,
1678 4930 1773 4986 sed
1824 4929 1985 4987 etiam

407 5028 642 5101 praebeat
660 5025 777 5079 aliis
803 5023 1131 5093 exemplum,
1158 5032 1211 5078 et
1236 5022 1304 5077 sit
1321 5022 1438 5092 ejus
1457 5023 1605 5093 quasi
1625 5022 1775 5093 copia
1799 5022 1986 5081 dicen-

404 5119 457 5175 di
484 5118 648 5173 fortua
675 5114 905 5171 vivendi.

476 5211 561 5264 62.
606 5214 740 5263 Sunt
769 5224 897 5263 sane
932 5206 1141 5277 quidam
1180 5207 1268 5278 qui
1303 5207 1435 5263 bene
1477 5208 1815 5278 pronuntiare
1857 5224 1952 5280 [tos

405 5314 547 5366 sunt,
582 5303 704 5371 quid
719 5313 893 5356 autem
915 5300 1274 5370 pronuntient.
1293 5300 1597 5371 e\cogitare
1612 5317 1716 5355 non
1735 5309 1977 5369 possunt.

403 5392 554 5459 Quod
584 5395 623 5442 si
648 5398 712 5443 ab
740 5394 855 5445 aliis
881 5402 1091 5445 sumant
1110 5394 1418 5458 eloquenter
1450 5392 1819 5462 sapienterque
1852 5407 1950 5447 con

402 5484 598 5547 scriptu
626 5500 675 5543 κι,
714 5485 1082 5551 ειιιιιιιιιι·ἓ.ιιιιτιιξ
1112 5482 1505 5545 υυιιιιιιυιιιὶθιιι,
1532 5490 1690 5553 atque
1716 5481 1783 5536 ad
1811 5497 1975 5554 popu-

404 5578 510 5632 lum
545 5576 842 5643 poli-aunt,
872 5592 911 5627 si
942 5592 1002 5629 ea
1028 5595 1056 5626 ιι
1082 5591 1358 5644 ριιιευιιιιιιι
1380 5585 1590 5647 gerunt,
1611 5592 1713 5631 non
1736 5574 1975 5647 improbe

402 5668 617 5727 faciunt.
677 5668 766 5723 Sic
813 5668 981 5733 enim,
1023 5665 1163 5737 quod
1214 5666 1450 5738 profecto
1496 5666 1623 5723 utile
1667 5675 1771 5734 est,
1819 5668 1971 5726 multi

1008 229 1096 286 DE
1134 227 1470 287 DOCTRINA
1509 222 1945 293 CIIRISTIANA,
1986 223 2046 281 S.
2077 222 2445 283 AUGUSTINI
2483 226 2683 285 LIBER
2718 227 3057 301 QUARTUS.

3597 239 3706 298 {20

2121 338 2499 411 praedicatores
2522 344 2758 399 veritatis
2788 345 2939 411 ﬁunt,
2985 361 3085 403 nec
3132 347 3283 406 multi
3329 351 3590 424 magistri,
3648 357 3695 411 si

2124 430 2280 486 unius
2304 432 2413 488 veri
2443 434 2677 506 magistri
2724 436 2950 507 idipsnm
2997 436 3179 495 dicant
3210 428 3431 508 omnes,
3480 453 3535 500 et
3589 461 3699 501 non

2121 526 2229 582 sint
2257 526 2309 583 in
2337 526 2416 583 eis
2444 527 2729 586 schismata
2755 532 2774 601 (
2800 529 2956 588 ICor.
2987 548 3033 601 ι,
3067 532 3135 590 t0
3163 535 3203 606 ).
3244 533 3351 592 Nec
3392 536 3702 597 deterrendi

2119 629 2244 675 sunt
2283 620 2368 676 isti
2396 636 2528 678 voce
2573 622 2817 679 .Ieremiae
2866 627 3157 697 prophetae,
3212 643 3307 698 per
3347 644 3505 700 quem
3557 630 3700 686 Deus

2117 711 2292 784 arguit
2313 729 2408 769 eos
2430 714 2518 785 qui
2540 718 2778 788 furantur
2796 716 2941 771 verba
2958 720 3086 787 ejus,
3114 722 3448 789 unusquisque
3468 739 3501 776 a
3519 726 3699 794 proxi-

2118 819 2203 859 mo
2228 820 2320 859 suo
2348 803 2557 876 (Jerent.
2585 822 2736 873 χχιιι,
2756 807 2870 879 30).
2892 809 2991 877 Qui
3011 810 3153 866 enim
3179 810 3435 878 furantur,
3463 813 3700 871 alienum

2116 896 2395 965 auferunt;
2422 900 2641 954 verbum
2668 909 2846 957 autem
2878 902 2969 958 Dei
2990 918 3096 959 non
3126 915 3207 960 est
3229 904 3301 958 ab
3326 905 3406 962 eis
3428 906 3696 975 alienum,

2116 990 2208 1061 qui
2232 990 2602 1063 obtemperant
2626 993 2675 1049 ei
2703 1011 2718 1049 ε
2748 994 3026 1066 potiusque
3064 995 3152 1052 ille
3196 995 3326 1053 dicit
3369 997 3564 1066 aliena,
3604 1001 3699 1072 qui

2114 1093 2238 1137 cum
2263 1081 2403 1138 dicat
2426 1083 2579 1148 bene,
2610 1084 2739 1140 vivit
2765 1086 2925 1141 male.
2962 1085 3317 1159 Quacumque
3364 1089 3509 1145 enim
3552 1089 3698 1147 bona

2115 1171 2266 1237 dicit,
2294 1173 2410 1244 ejus
2427 1176 2712 1246 excogitari
2754 1176 3000 1233 videntur
3041 1177 3275 1248 ingenio,
3322 1179 3416 1234 sed
3465 1181 3534 1235 ab
3576 1181 3701 1252 ejus

2115 1266 2353 1324 moribus
2374 1268 2546 1323 aliena
2565 1277 2709 1325 sunt.
2742 1268 2846 1325 Eos
2870 1267 3047 1341 itaque
3065 1268 3196 1324 dixit
3219 1269 3357 1325 Deus
3384 1271 3541 1327 furari
3568 1288 3697 1328 ver-

2114 1357 2182 1415 ba
2213 1374 2330 1426 sua,
2361 1360 2449 1431 qui
2479 1360 2603 1415 boui
2649 1361 2833 1416 volunt
2882 1360 3072 1423 videri,
3127 1360 3388 1432 loquendo
3432 1377 3550 1435 quae
3601 1363 3696 1420 Dei

2116 1457 2274 1514 sunt;
2304 1464 2425 1504 cum
2455 1449 2577 1505 mali
2606 1449 2733 1515 sint,
2762 1448 3003 1504 faciendo
3021 1466 3139 1520 qua:
3164 1465 3257 1506 sua
3274 1460 3418 1507 sunt.
3441 1450 3549 1509 Nec
3564 1468 3698 1511 sane

2115 1540 2217 1610 ipsi
2244 1540 2423 1596 dicunt
2467 1540 2603 1596 bona
2642 1556 2761 1611 qua:
2787 1540 2989 1608 dicunt,
3026 1541 3071 1596 si
3106 1542 3385 1613 diligenter
3428 1546 3694 1600 attendas.

2114 1631 2393 1699 Quomodo
2421 1632 2562 1686 enim
2610 1630 2791 1686 dicunt
2836 1632 3030 1697 verbis,
3073 1630 3217 1703 quod
3266 1642 3462 1703 negant
3500 1634 3694 1689 factis?

2114 1721 2229 1777 Non
2254 1723 2395 1778 enim
2422 1721 2613 1777 frustra
2642 1721 2710 1778 de
2740 1722 2930 1779 talibus
2969 1724 3041 1778 ait
3081 1724 3409 1795 Apostolus:
3437 1724 3697 1795 Conﬁten-

2074 1804 2075 1807 “
2113 1823 2198 1867 tur
2221 1830 2275 1868 se
2316 1831 2463 1869 nosse
2496 1813 2680 1881 Deum,
2722 1814 2870 1886 factis
2913 1824 3080 1869 autem
3128 1826 3311 1887 negant
3354 1814 3482 1887 (Tit.
3511 1832 3551 1885 ι,
3575 1818 3693 1890 16).

2114 1903 2270 1959 Modo
2289 1920 2417 1976 ergo
2442 1904 2669 1975 quodam
2697 1904 2795 1976 ipsi
2821 1904 3031 1971 dicunt,
3066 1914 3123 1961 et
3166 1921 3353 1961 rursus
3393 1906 3501 1962 alio
3533 1908 3697 1964 modo

2115 2011 2221 2049 non
2254 1994 2351 2065 ipsi
2377 1996 2580 2056 dicunt.
2621 1996 2871 2066 quoniam
2910 2006 3191 2067 utrumque
3224 2013 3405 2052 verum
3434 2008 3519 2054 est
3550 1998 3696 2068 quod

2114 2084 2323 2141 Veritas
2346 2088 2439 2141 ait.
2479 2087 2553 2142 De
2596 2087 2787 2143 talibus
2834 2088 2975 2144 enim
3024 2089 3267 2160 loquens.
3318 2088 3447 2157 Qui:
3489 2092 3689 2159 dicunt,

2113 2178 2302 2251 inquit,
2330 2179 2512 2250 facite.-
2540 2194 2653 2250 qua:
2688 2188 2854 2233 autent
2884 2180 3095 2251 faciunt,
3135 2184 3303 2253 facere
3342 2180 3541 2247 nolite;
3588 2181 3696 2239 hoc

2112 2270 2389 2340 est,Quod
2434 2286 2497 2325 ex
2552 2287 2645 2327 ore
2690 2271 2899 2327 illorum
2946 2273 3157 2333 auditis,
3210 2273 3401 2340 facite;
3454 2276 3594 2347 quod
3640 2276 3697 2336 in

2111 2378 2274 2432 opere
2300 2362 2519 2419 videtis.
2552 2362 2724 2417 facere
2758 2361 2923 2419 nolite
2953 2380 2967 2417 :
3008 2364 3183 2419 dicunt
3221 2366 3378 2431 enim,
3411 2365 3602 2439 inquit,
3647 2378 3700 2425 et

2111 2469 2212 2507 non
2242 2452 2436 2525 faciunt
2466 2451 2675 2523 (Matth.
2708 2469 2857 2517 χχιιι.
2883 2452 2963 2525 3).
2999 2455 3135 2527 Ergo
3167 2458 3409 2531 quamvis
3461 2474 3567 2515 non
3612 2456 3697 2516 fa-

2109 2541 2274 2606 ciant,
2321 2542 2501 2597 dicunt
2542 2552 2739 2598 tamen.
2771 2543 2875 2599 Sed
2916 2545 3022 2600 alio
3076 2547 3193 2603 loco
3248 2547 3384 2605 tales
3419 2564 3693 2621 arguens:

2114 2632 2434 2705 Hypocrita',
2466 2637 2653 2708 inquit,
2684 2638 2932 2707 quomodo
2955 2641 3160 2711 potestis
3189 2641 3319 2697 bona
3367 2644 3525 2717 loqui,
3575 2661 3697 2703 cum

2110 2727 2219 2781 sitis
2246 2726 2369 2781 ntali
2390 2725 2500 2800 (ιιι.
2530 2744 2623 2793 ιιι,
2654 2729 2783 2801 34)?
2811 2732 2886 2786 Ac
2912 2746 3006 2802 per
3027 2733 3126 2787 hoc
3145 2743 3199 2787 et
3227 2750 3290 2790 ea
3322 2750 3442 2806 quae
3475 2735 3693 2806 dicunt,

2109 2817 2325 2888 quando
2354 2819 2490 2873 bona
2516 2819 2717 2885 dicunt,
2745 2837 2847 2876 non
2879 2822 2975 2893 ipsi
3004 2822 3221 2892 dicunt,
3247 2824 3519 2882 voluntate
3547 2827 3697 2885 scili-

2109 2916 2196 2963 cet
2219 2917 2377 2979 atque
2400 2925 2561 2979 opt-re
2582 2911 2824 2982 negando
2847 2903 2987 2983 quod
3013 2912 3215 2969 dicunt.
3247 2913 3397 2972 Unde
3432 2918 3698 2992 contingit

2110 3008 2169 3055 ut
2197 2998 2357 3055 homo
2380 3000 2615 3057 disertus
2659 3012 2711 3058 et
2747 3002 2940 3069 malus,
2989 3020 3291 3062 sermonem
3340 3022 3449 3079 quo
3492 3010 3698 3068 veritas

2109 3090 2460 3163 praedicetur,
2488 3092 2769 3149 dicendum
2804 3094 2872 3150 ab
2902 3094 3008 3149 alio
3029 3110 3134 3150 non
3159 3095 3359 3153 diserto
3381 3097 3477 3154 sed
3507 3098 3652 3157 bono
3674 3142 3694 3170 ,

2108 3183 2223 3254 ipse
2241 3193 2559 3253 componat;
2601 3183 2742 3255 quod
2771 3199 2892 3239 cum
2935 3186 3012 3251 Iit,
3070 3186 3183 3257 ipse
3229 3201 3260 3242 a
3306 3188 3484 3260 seipso
3528 3191 3695 3251 tradit

2105 3274 2361 3342 alienum,
2387 3275 2473 3330 ille
2496 3275 2565 3330 ah
2587 3276 2760 3331 alieno
2786 3277 2977 3349 accipit
3008 3292 3186 3334 suum.
3215 3279 3351 3336 Cum
3390 3297 3519 3338 vero
3555 3283 3689 3341 boni

2108 3364 2290 3420 ﬁdeles
2312 3365 2467 3421 bonis
2488 3365 2730 3422 fidelibus
2751 3365 2889 3423 hanc
2912 3384 3130 3440 operam
3148 3372 3486 3429 commodent
3507 3414 3523 3439 ,
3557 3376 3693 3432 utri-

2061 3462 2066 3467 '
2106 3466 2212 3529 que
2235 3472 2329 3513 sua
2354 3457 2536 3514 dicunt
2564 3472 2580 3511 :
2606 3459 2726 3531 quia
2756 3469 2809 3516 et
2836 3460 2976 3517 Deus
3001 3463 3235 3533 ipsorum
3265 3475 3368 3532 est,
3392 3466 3542 3537 cujus
3560 3462 3693 3526 sunt

2106 3549 2199 3605 illa
2226 3564 2346 3620 que
2366 3550 2580 3617 dicunt;
2600 3561 2653 3606 et
2670 3566 2732 3607 ea
2753 3567 2848 3607 sua
2866 3553 3084 3620 faciunt,
3114 3569 3233 3626 quae
3261 3571 3369 3612 non
3396 3557 3493 3628 ipsi
3531 3573 3689 3617 eom-

2105 3654 2307 3742 ponere
2372 3650 2698 3713 potuerunt,
2752 3644 2843 3714 qui
2905 3645 3197 3702 secundum
3252 3645 3343 3704 illa
3391 3651 3690 3722 composite

2102 3739 2303 3787 Vivunt.

2102 3871 2333 3933 CAPUT
2370 3874 2544 3934 XXX.
2565 3905 2640 3921 --
2675 3877 3010 3936 Coneionator
3031 3881 3306 3952 promittat
3323 3884 3597 3940 orationem
3611 3887 3688 3943 ad

2799 3968 2978 4028 Deum.

2174 4104 2263 4162 63.
2305 4104 2430 4162 Sive
2454 4113 2632 4162 autem
2676 4105 2814 4178 apud
2844 4108 3092 4178 populum
3118 4109 3200 4163 vel
3227 4108 3367 4179 apud
3411 4110 3686 4182 quoslibet

2095 4195 2424 4267 jamjamque
2452 4197 2710 4262 dicturus,
2740 4197 2851 4254 sive
2881 4200 3020 4268 quod
3051 4198 3191 4271 apud
3220 4202 3471 4273 populum
3493 4202 3683 4261 dicen-

2099 4287 2227 4343 dum
2254 4287 2337 4343 vel
2364 4288 2431 4343 ab
2458 4289 2537 4343 eis
2557 4288 2649 4359 qui
2674 4289 2937 4344 voluerint
2960 4300 3045 4344 aut
3080 4292 3348 4361 potuerint
3371 4293 3680 4365 legendum,

2097 4389 2182 4437 est
2203 4380 2496 4437 dictaturus
2514 4396 2531 4447 ;
2552 4388 2670 4436 oret
2695 4389 2752 4434 ut
2777 4380 2915 4436 Deus
2944 4396 3244 4439 sermonem
3275 4382 3471 4439 bonum
3497 4383 3587 4441 det
3618 4386 3679 4444 in

2096 4486 2161 4527 os
2182 4470 2317 4542 ejus.
2349 4471 2405 4528 Si
2434 4472 2576 4527 enim
2606 4471 2786 4543 regina
2806 4472 2976 4527 oravit
3003 4473 3211 4539 Esther,
3242 4490 3338 4545 pro
3363 4492 3477 4532 sure
3499 4479 3679 4549 gentis

2096 4562 2417 4634 temporaria
2443 4563 2613 4620 salute
2645 4563 2885 4620 locutura
2910 4565 3049 4636 apud
3077 4581 3289 4637 regem.
3318 4576 3375 4623 ut
3401 4568 3452 4623 in
3478 4582 3537 4623 os
3554 4568 3679 4638 ejus

2094 4654 2240 4711 Deus
2258 4670 2552 4726 congruum
2588 4671 2892 4712 sermmem
2924 4656 3077 4713 daret
3108 4655 3345 4729 (Esther.
3376 4674 3501 4727 xlv,
3524 4660 3674 4734 t3);

2093 4756 2292 4819 quanto
2320 4749 2488 4817 magis
2523 4763 2679 4804 orare
2716 4747 2898 4812 debet,
2930 4757 2988 4804 ut
3026 4749 3130 4805 tale
3177 4764 3371 4806 mutms
3423 4753 3673 4823 accipiat,

2090 4840 2181 4911 qui
2211 4854 2308 4908 pro
2334 4849 2530 4895 interna
2563 4839 2833 4895 hominum
2871 4842 3042 4896 salute
3080 4842 3132 4895 in
3160 4842 3323 4896 verbo
3348 4851 3403 4898 et
3426 4843 3670 4902 doctrina

2092 4932 2434 4989 Iahorat?llli
2470 4947 2595 4986 vero
2627 4933 2713 5004 qui
2754 4948 2814 4987 ea
2856 4933 3043 4988 dicturi
3099 4943 3221 4987 sunt
3265 4950 3384 5005 quae
3432 4934 3498 4989 ah
3547 4936 3672 4994 aliis

2091 5033 2429 5094 acceperunt,
2472 5032 2525 5077 ct
2558 5034 2840 5092 antequam
2875 5026 3153 5095 accipiant,
3189 5037 3339 5080 orent
3379 5043 3479 5099 pro
3510 5028 3587 5082 eis
3634 5046 3667 5083 a

2089 5117 2283 5190 quibus
2300 5117 2586 5187 accipiunt,
2621 5127 2676 5171 ut
2704 5118 2782 5171 eis
2807 5118 2961 5172 detur
2988 5118 3127 5186 quod
3161 5134 3251 5187 per
3288 5135 3383 5173 eos
3421 5122 3667 5189 accipere

2087 5208 2303 5271 volunt;
2329 5218 2380 5263 et
2402 5223 2520 5263 cum
2543 5209 2860 5278 noeeperint,
2887 5221 3037 5263 orent
3080 5220 3133 5263 ut
3161 5209 3293 5263 bene
3322 5220 3370 5264 et
3402 5211 3497 5281 ipsi
3534 5226 3662 5281 pro-

2086 5303 2279 5363 ferant.
2304 5312 2359 5357 et
2385 5300 2460 5355 illi
2480 5300 2546 5355 ad
2570 5315 2706 5371 quos
2731 5300 3005 5370 proferunt
3020 5311 3260 5366 sumant;
3281 5315 3329 5357 et
3348 5303 3416 5360 de
3441 5320 3663 5375 prcispe-

2086 5408 2148 5450 ro
2173 5392 2319 5448 exitu
2349 5392 2596 5447 dictionis
2623 5391 2794 5446 eidem
2842 5393 3039 5461 gratias
3079 5402 3254 5461 agant,
3292 5410 3320 5447 a
3372 5410 3477 5466 quo
3505 5394 3555 5448 id
3598 5410 3661 5451 se

2082 5485 2353 5557 accepisse
2379 5500 2481 5539 non
2510 5483 2753 5540 dubitant
2783 5500 2796 5535 :
2827 5493 2881 5539 ut
2919 5485 3005 5553 qui
3029 5484 3319 5555 gloriatur,
3352 5487 3403 5540 in
3432 5485 3519 5543 illo
3541 5485 3660 5557 glo-

2033 5582 2038 5587 ‘
2081 5577 2281 5643 rietur,
2312 5577 2365 5631 in
2389 5579 2542 5645 cujus
2567 5588 2728 5630 manu
2754 5586 2878 5632 sunt
2904 5584 2959 5633 et
2985 5589 3084 5632 nos
3105 5585 3159 5635 et
3180 5590 3458 5643 sermones
3485 5577 3653 5634 nostri

2081 5668 2239 5740 (Sep.
2267 5682 2338 5725 vn
2351 5708 2370 5737 .
2399 5667 2517 5742 t6).
