3874 6312
527 280 635 339 ιη

468 457 477 476 ι
528 406 743 467 quoque
773 390 1232 449 Sacramentornm
1261 388 1365 445 ritu
1393 388 1631 460 dispares
1653 403 1774 445 esse
1799 386 2101 452 voluerunt,

466 496 467 499 ‘
531 490 672 542 sicut
697 485 878 541 nescio
895 486 985 556 qui
1009 482 1312 553 Serpentini
1337 482 1425 551 qui
1447 482 1780 553 appellantur
1809 480 1903 553 (α),
1931 482 2067 534 sicut
2085 480 2103 511 ⁸

529 576 825 641 Manichaei,
851 576 986 631 sicut
1011 574 1101 629 alii
1120 573 1378 629 nonnulli.
1400 573 1503 629 Sed
1535 574 1585 627 in
1618 574 1719 628 illis
1744 574 1910 642 magis
1937 572 2108 626 anitu-

528 669 904 726 advertendum
954 667 1055 722 hoc
1098 667 1367 738 magisque
1395 667 1805 738 pra-dicandum,
1846 668 1933 736 qui
1961 666 2103 737 paria

526 760 868 815 Sacramenta
897 759 1066 814 θοὴ-Μ
1080 766 1253 822 antes,
1282 769 1456 813 tamen
1484 759 1603 828 quia
1632 758 1891 815 sententia
1920 759 2101 827 dispa-

530 864 615 907 res
649 860 791 915 sunt,
822 860 877 905 et
898 866 1107 907 errores
1134 865 1260 906 suos
1297 850 1589 905 animosius
1615 851 1916 913 defendere,
1943 867 2103 923 quam

524 944 731 1000 caulius
756 946 1023 1014 corrigere
1047 944 1369 1008 maluerunt,
1393 946 1588 1000 exclusi
1612 961 1643 999 a
1673 946 1932 1003 catholica
1956 964 2105 1003 com-

528 1034 813 1100 munione,
840 1043 895 1089 et
918 1051 948 1089 a
979 1035 1378 1105 participatione
1404 1038 1647 1107 quamvis
1678 1039 1883 1107 parium
1910 1040 2102 1096 Sacra-

525 1134 821 1181 mentorum
841 1167 857 1190 ,
889 1126 1093 1196 propria
1121 1126 1369 1183 vocabula
1406 1129 1754 1201 propriosque
1789 1142 2098 1200 conventus,

526 1215 715 1270 nonin
756 1230 1004 1271 sermone
1033 1225 1257 1281 tantum,
1303 1217 1397 1274 sed
1426 1220 1585 1275 etiam
1630 1220 1682 1276 in
1726 1225 2103 1293 superstitione

525 1314 871 1360 meruerunt:
900 1314 955 1360 ut
975 1305 1295 1375 Photiniatti,
1322 1308 1525 1375 Ariani,
1548 1312 1803 1382 mullique
1823 1325 2101 1384 prmterea.

524 1393 655 1450 Nam
694 1395 762 1451 de
800 1395 864 1451 iis
888 1396 977 1468 qui
1010 1398 1297 1454 schismata
1328 1398 1586 1467 fecerunt,
1615 1403 1717 1458 alia
1745 1407 1967 1474 quaestio
1995 1415 2101 1463 est.

527 1484 711 1543 Posset
739 1486 882 1544 enim
907 1503 999 1545 eos
1018 1504 1141 1544 area
1165 1489 1428 1546 dominica
1454 1506 1620 1563 usque
1644 1493 1711 1548 ad
1743 1504 1949 1567 tempus
1975 1498 2099 1553 ulti-

526 1595 631 1634 mze
661 1581 1018 1636 ventilationis
1052 1580 1193 1637 velut
1222 1582 1401 1652 paleas
1439 1586 1701 1640 sustinere
1740 1585 1965 1657 (Matth.
2011 1603 2098 1656 ιιι,

528 1671 650 1743 12),
680 1673 779 1727 nisi
808 1684 966 1728 vento
992 1673 1255 1743 superbiae
1283 1675 1441 1730 nimia
1470 1676 1682 1733 levitate
1705 1679 2010 1746 cessissent,
2048 1692 2103 1739 t-t

523 1780 643 1822 sese
678 1781 711 1821 a
739 1765 892 1822 nobis
932 1766 1072 1822 ultro
1098 1778 1452 1837 tit-parassent.
1493 1768 1661 1824 Jndtei
1702 1786 1825 1825 vero
1861 1774 2102 1842 quamvis

524 1856 617 1911 uni
645 1857 993 1927 omnipotenti
1020 1858 1129 1913 Deo
1156 1859 1473 1932 supplicent,
1500 1860 1609 1914 sola
1636 1867 1810 1916 tamen
1840 1871 2103 1933 tempora-

523 1947 593 2003 lia
634 1958 689 2005 et
731 1949 952 2004 visnhilia
994 1949 1128 2005 bona
1154 1950 1223 2005 de
1252 1950 1343 2005 illo
1379 1961 1765 2021 exspectantes,
1806 1955 2099 2013 rudimenta

526 2041 648 2096 novi
669 2042 847 2112 populi
872 2042 940 2099 ab
965 2042 1260 2099 humilitate
1284 2045 1573 2114 surgentia.
1605 2045 1657 2100 in
1680 2045 1806 2115 ipsis
1829 2049 1939 2103 suis
1958 2048 2099 2105 Scri-

522 2130 692 2201 pluris
716 2131 875 2187 nimia
903 2132 1186 2188 securitate
1213 2134 1490 2189 noluerunt
1514 2133 1815 2201 advertere,
1840 2145 1999 2208 atque
2028 2140 2100 2197 ita

521 2219 576 2276 in
604 2221 767 2277 veteri
799 2221 1012 2278 homine
1036 2233 1425 2281 remanserunt.
1447 2225 1578 2291 Quae
1600 2241 1719 2279 cum
1749 2226 1820 2281 ita
1850 2228 1976 2294 sint,
2000 2244 2098 2284 ne-

523 2331 628 2387 que
656 2314 711 2371 in
736 2315 1046 2371 confusione
1075 2316 1435 2389 Paganorunt,
1462 2332 1633 2388 neque
1660 2318 1712 2373 iu
1740 2323 2099 2389 purgamentis

521 2404 1087 2480 haereticorumnteque
1103 2410 1156 2464 in
1172 2410 1423 2481 languore
1438 2409 1914 2477 schismaticorum,
1929 2428 2098 2485 neque

520 2498 573 2554 in
600 2500 840 2555 eiecitate
863 2499 1168 2556 Judtrornm
1196 2500 1479 2571 qtuerenda
1503 2510 1587 2556 est
1610 2501 1817 2572 religio,
1843 2503 1935 2559 sed
1956 2506 2098 2575 apud

515 2604 612 2645 eos
635 2590 780 2646 solos
794 2592 882 2662 qtti
908 2589 1193 2647 Christiani
1219 2591 1489 2659 catholici,
1522 2593 1603 2649 vel
1628 2594 1908 2649 orthodoxi
1926 2598 2099 2651 nomi-

516 2689 730 2744 lantur.
751 2681 801 2738 id
825 2693 909 2738 est
932 2683 1247 2754 integritatis
1273 2684 1541 2747 custodes.
1568 2694 1623 2739 et
1643 2694 1785 2740 necta
1806 2696 2092 2744 sectatues.

514 2774 739 2834 CAPUT
776 2774 953 2833 VL—
980 2775 1110 2832 Vera
1136 2777 1312 2847 religio
1340 2778 1393 2832 in
1418 2779 1529 2833 sola
1561 2776 1783 2833 Ecclesia
1807 2780 2056 2835 catholica
2075 2824 2093 2849 ,

584 2884 698 2938 qua:
731 2868 961 2922 omnibus
998 2869 1278 2923 errantibus
1332 2869 1490 2922 utitur
1538 2869 1609 2921 ad
1656 2880 1913 2937 provectus
1955 2888 2092 2928 suos.

593 2957 726 3012 Boni
752 2974 1114 3027 nonnunquam
1138 2974 1201 3012 ea:
1227 2955 1455 3011 Ecclesia
1480 2974 1569 3027 per
1594 2958 1855 3014 seditiosos
1878 2961 2091 3029 expulsi.

588 3046 677 3103 10.
706 3045 831 3101 Htec
855 3046 997 3102 enim
1035 3045 1270 3102 Ecclesia
1297 3046 1555 3101 catholica
1598 3063 1693 3117 per
1718 3056 1883 3102 totum
1909 3049 2093 3105 orbetn

516 3135 690 3192 valide
716 3135 926 3206 lateque
952 3135 1140 3191 diffusa
1162 3177 1177 3201 ,
1230 3135 1476 3191 omnibus
1502 3137 1802 3191 errantibus
1841 3138 2004 3194 utitur
2025 3140 2093 3195 ad

520 3236 805 3299 provectus
829 3240 977 3294 suos,
1005 3236 1057 3282 et
1080 3226 1145 3281 ad
1173 3241 1359 3282 eorum
1382 3227 1765 3283 correctionem
1785 3270 1800 3293 ,
1831 3243 1952 3285 cum
1979 3232 2093 3286 evi-

514 3317 683 3389 gilare
708 3317 993 3373 voluerint.
1033 3316 1208 3373 Utitur
1233 3317 1375 3373 enim
1412 3315 1670 3373 Gentibus
1710 3318 1776 3373 ad
1819 3323 2093 3377 materiam

516 3409 843 3482 operationis
863 3425 973 3466 sute
990 3450 1006 3475 ,
1034 3409 1299 3465 hazreticis
1324 3408 1391 3464 ad
1434 3409 1791 3479 probationem
1836 3411 2093 3471 doctrina:

516 3516 649 3568 suat,
664 3500 1013 3557 schismaticis
1040 3500 1107 3555 ad
1127 3501 1499 3556 documentum
1526 3501 1824 3558 stabilitatis
1843 3521 1974 3575 sute,
1994 3505 2092 3562 Ju-

520 3595 651 3653 daeis
693 3594 759 3652 ad
808 3595 1259 3668 comparationem
1312 3595 1712 3667 pulchritudinis
1762 3614 1891 3653 sute.
1946 3601 2092 3657 Alios

517 3702 647 3759 ergo
698 3687 918 3754 invitat,
970 3687 1103 3741 alios
1146 3685 1413 3751 excludit,
1464 3686 1600 3741 alios
1641 3686 1920 3758 relinquit,
1960 3690 2094 3747 alios

515 3778 823 3836 antecedit:
852 3780 1099 3835 omnibus
1142 3789 1321 3835 tamen
1362 3780 1544 3850 gratia:
1584 3780 1676 3835 Dei
1715 3782 2093 3853 participanda:

516 3870 611 3925 dat
635 3879 987 3940 potestatem;
1036 3869 1148 3924 sive
1176 3869 1248 3924 illi
1278 3868 1539 3924 formandi
1565 3871 1671 3924 sint
1713 3871 1948 3939 adhuc’,
1979 3874 2092 3930 sive

515 3960 877 4027 reformandi,
908 3960 1021 4016 sive
1063 3959 1434 4029 recolligendi,
1462 3960 1575 4015 sive
1602 3959 1932 4018 admittendi.
1962 3963 2094 4019 Car-

517 4055 870 4117 nalesautem
894 4068 1051 4121 suos,
1095 4053 1146 4108 id
1177 4061 1261 4107 est
1283 4052 1521 4107 viventes
1547 4062 1638 4107 aut
1660 4054 1950 4110 sentientes
1976 4070 2093 4111 car-

516 4146 742 4213 naliter,
794 4156 1039 4216 tanquam
1068 4144 1248 4215 paleas
1271 4142 1498 4210 tolerat,
1538 4142 1729 4214 quibus
1758 4144 1810 4198 in
1833 4159 1957 4200 area
1984 4144 2094 4203 fru-

516 4247 698 4295 menta
728 4236 919 4292 tutiora
946 4245 1103 4303 sunt,
1132 4234 1303 4289 donec
1331 4232 1522 4289 talibus
1548 4234 1863 4304 tegminibus
1892 4251 2092 4294 exuan-

517 4342 621 4389 tur.
651 4330 757 4387 Sed
783 4330 903 4401 quia
932 4328 987 4385 in
1028 4328 1127 4383 hac
1153 4342 1276 4384 area
1318 4342 1414 4399 pro
1440 4327 1711 4382 voluntate
1745 4329 1968 4399 quisque
2008 4330 2091 4387 vel

516 4425 695 4497 palea,
723 4424 806 4480 vel
852 4424 1173 4479 frumentum
1200 4430 1312 4487 est,
1347 4420 1543 4475 tamdiu
1572 4419 1861 4476 sustinetur
1892 4435 2089 4491 pecca-

516 4525 627 4572 tum
651 4523 743 4570 aut
770 4530 923 4571 error
945 4513 1262 4584 cujuslibet,
1307 4512 1477 4568 donec
1502 4520 1596 4567 aut
1616 4522 1977 4569 accusatorem
2006 4514 2091 4569 itt-

514 4606 723 4672 veniat,
765 4613 857 4659 aut
900 4618 1113 4674 pravam
1139 4603 1445 4672 Opinionem
1475 4602 1727 4671 pertinaci
1755 4604 2092 4659 animositate

514 4694 783 4754 defendat.
814 4694 1030 4750 Exclusi
1058 4703 1234 4749 autem
1267 4700 1360 4747 aut
1384 4691 1686 4762 ptenitendo
1713 4692 1972 4760 redeunt,
2000 4703 2092 4751 aut

511 4792 567 4846 in
596 4788 882 4860 nequitiam
927 4785 1063 4842 male
1086 4784 1239 4841 liberi
1264 4784 1536 4851 deﬂuunt,
1580 4782 1647 4838 ad
1673 4784 2088 4841 admonitionem

514 4890 711 4938 nostra!
734 4878 1057 4947 diligentiae;
1085 4887 1177 4933 aut
1204 4877 1434 4933 schisma
1476 4876 1707 4941 faciunt,
1733 4876 1799 4931 ad
1829 4880 2090 4935 exercita-

509 4974 711 5031 tionem
740 4979 936 5029 nostra:
977 4969 1274 5040 patientiae;
1324 4976 1414 5022 aut
1466 4967 1709 5023 haeresim
1750 4968 1980 5039 aliquam
2009 4970 2089 5040 gi-

510 5073 700 5137 gnunt,
725 5062 793 5118 ad
821 5076 1045 5117 examen
1074 5059 1187 5116 sive
1212 5059 1545 5115 occasionem
1572 5070 1767 5114 nostra:
1791 5059 2089 5131 intelligen-

510 5156 620 5211 tiae.
646 5153 710 5211 Hi
746 5162 873 5210 sunt
894 5152 1070 5208 exitus
1091 5150 1500 5207 christianorum
1527 5151 1822 5206 carnalium
1859 5152 1949 5223 qui
1979 5166 2087 5209 non

514 5256 800 5317 potuerunt
823 5245 1016 5317 corrigi
1042 5253 1133 5299 aut
1160 5242 1428 5298 sustineri.

572 5358 591 5389 ³
616 5362 668 5405 In
705 5357 899 5406 eratsis
933 5356 1167 5407 omittitur
1191 5352 1518 5419 rictu,ng
1547 5366 1715 5419 vocem
1752 5355 1802 5403 in
1837 5353 2088 5419 plerisque

509 5424 616 5467 uss.
642 5426 885 5488 repertam
921 5418 1244 5488 restituimus,
1267 5417 1389 5488 quia
1412 5418 1792 5488 serpentium}
1824 5416 1847 5463 ι
1862 5416 2089 5488 anicbatis

510 5491 606 5527 non
628 5476 834 5541 obscure
865 5481 1079 5541 Secernit
1102 5476 1397 5541 Augustinus
1408 5479 1459 5541 in
1488 5476 1571 5541 lin.
1591 5476 1621 5525 2
1641 5478 1703 5525 de
1724 5479 1898 5541 Genesi
1920 5488 2087 5531 contu

509 5539 806 5612 animos,
823 5551 928 5610 cap.
952 5540 1031 5610 36,
1053 5548 1103 5612 et
1119 5537 1293 5589 clarius
1314 5541 1361 5609 in
1385 5537 1507 5608 libro
1527 5539 1591 5586 de
1614 5539 1791 5586 Haercsi
1827 5551 1899 5611 us.

570 5601 593 5632 ¹
637 5601 780 5664 edin,
812 5612 910 5664 stre
945 5600 1019 5651 illi
1053 5601 1347 5664 mformandt
1380 5605 1475 5650 sint
1510 5598 1689 5649 adhuc.
1726 5600 1816 5650 sed
1851 5602 2089 5655 sincerius

720 5632 780 5659 tl,
812 5632 909 5669 ..ΒΧ
947 5632 1019 5651 μοι
1053 5632 1166 5664 “CIV.
1179 5632 1347 5651 unum.
1380 5632 1474 5650 ’.η’
1510 5632 1689 5649 μισοῦσιν.

1547 273 1637 330 DE
1675 272 1857 329 VERA
1896 268 2281 339 RELIGIONE,
2320 271 2378 327 S.
2418 272 2782 332 AUGUSTINI

3682 278 3803 337 128

2285 388 2371 443 11.
2411 388 2564 461 Stcpe
2589 392 2747 447 etiam
2772 392 2899 447 sinit
2915 390 3092 447 divina
3140 391 3488 464 providentia,
3515 410 3610 466 per
3631 412 3790 454 non-

2210 481 2382 537 nullas
2407 485 2627 539 nimium
2655 484 2983 541 turbulentas
3016 485 3308 541 carnalium
3334 484 3604 545 hominum
3628 492 3796 549 sedi-

2210 573 2384 628 tiones
2408 576 2601 644 expelli
2626 575 2693 630 de
2719 577 3125 646 congregatione
3143 577 3460 645 christiana,
3490 582 3649 636 etiam
3680 583 3795 637 bo-

2210 679 2309 719 nos
2338 666 2479 719 viros
2518 667 2685 733 Quam
2714 667 3085 722 contumeliam
3108 667 3186 722 vel
3212 667 3458 737 it~jnriam
3478 685 3627 726 suam
3653 689 3792 729 cum

2208 755 2590 823 patientissime
2610 772 2671 825 pr
2694 781 2703 804 ι
2730 755 2984 812 Ecclesia:
3011 770 3141 828 pace
3169 759 3387 814 tulerint
3405 800 3421 824 ,
3452 776 3623 832 neque
3642 766 3793 821 ullas

2207 847 2470 902 novitates
2498 849 2578 903 vel
2622 848 2922 903 schismatis
2958 847 3042 903 vel
3072 847 3291 905 hzeresis
3336 852 3502 907 moliti
3546 853 3794 923 fuerint,

2204 935 2467 993 docebunt
2513 939 2755 995 homines
2781 954 2937 1011 qnam
2966 954 3092 995 vero
3114 940 3305 996 aﬂectu
3324 982 3343 1009 ,
3366 951 3423 997 et
3444 952 3639 1014 quanta
3672 946 3793 1000 sin-

2204 1031 2426 1085 ceritate
2472 1031 2745 1088 charilatis
2776 1033 2884 1088 Deo
2924 1033 3259 1090 serviendum
3284 1035 3374 1090 sit.
3418 1034 3624 1092 Talium
3648 1052 3794 1109 ergo

2205 1124 2440 1179 virorum
2467 1126 2793 1195 propositum
2822 1135 2933 1190 est,
2982 1133 3077 1179 aut
3115 1125 3313 1183 sedatis
3339 1141 3579 1184 remeare
3605 1131 3790 1184 turbi-

2204 1216 2403 1282 nibus;
2433 1225 2526 1271 aut
2549 1216 2595 1271 si
2622 1216 2673 1270 id
2705 1232 2810 1271 non
2836 1216 3077 1271 sinantur
3098 1257 3115 1281 ,
3147 1216 3229 1273 vel
3250 1217 3437 1273 eadem
3463 1228 3793 1290 tempestate

2206 1320 2582 1379 perseverante
2603 1350 2621 1374 ,
2648 1307 2731 1363 vel
2762 1324 2829 1364 ne
2852 1322 2951 1363 suo
2975 1308 3147 1363 reditu
3173 1309 3295 1363 talis
3318 1319 3409 1365 aut
3426 1312 3618 1366 savior
3638 1313 3791 1368 oria-

2205 1408 2327 1461 tur;
2377 1408 2561 1454 tonent
2604 1399 2925 1453 voluntatem
2971 1398 3280 1454 consulendi
3324 1400 3483 1456 etiam
3524 1403 3605 1456 eis
3650 1402 3791 1473 ipsis

2204 1504 2429 1559 quorum
2455 1488 2686 1544 molibus
2713 1490 3295 1560 perturbationibusque
3313 1504 3587 1547 cesserunt
3605 1535 3624 1557 ,
3663 1495 3788 1550 sine

2205 1580 2309 1634 ulla
2339 1579 2825 1636 conventiculorum
2854 1580 3220 1652 segregatione
3247 1596 3415 1651 usque
3450 1582 3518 1636 ad
3547 1593 3783 1638 mortem

2203 1668 2548 1725 defendentes
2566 1712 2580 1731 .
2606 1679 2663 1727 et
2690 1670 2992 1726 testimonio
3013 1672 3256 1740 jnvanles
3281 1687 3400 1728 eam
3428 1672 3586 1729 Iidem
3612 1690 3782 1746 quam

2205 1763 2258 1818 in
2288 1764 2522 1820 Ecclesia
2545 1763 2805 1820 catholica
2849 1763 3123 1834 praedicari
3157 1764 3352 1819 sciunt.
3400 1763 3509 1819 llos
3553 1776 3785 1822 coronat

2203 1855 2258 1910 in
2279 1858 2489 1909 occulto
2512 1856 2701 1920 Pater,
2728 1856 2778 1911 in
2806 1854 3015 1911 occulto
3040 1856 3243 1912 videns.
3271 1855 3468 1912 Rarum
3495 1856 3597 1913 hoc
3626 1858 3782 1914 vide-

2204 1955 2290 2002 tur
2312 1962 2500 2019 genus,
2523 1948 2617 2002 scd
2644 1957 2819 2003 tamen
2839 1947 3079 2018 exempla
3103 1963 3207 2003 non
3236 1947 3425 2003 desunt
3449 1966 3461 2002 :
3489 1950 3598 2003 imo
3626 1949 3783 2019 plura

2202 2048 2327 2095 sunt
2356 2054 2512 2109 quam
2542 2039 2686 2094 credi
2712 2047 2900 2109 potest.
2928 2038 3000 2094 lla
3029 2038 3274 2094 omnibus
3299 2038 3578 2110 generibus
3599 2039 3783 2095 homi-

2204 2148 2331 2187 nunt
2354 2142 2408 2187 et
2433 2132 2796 2199 exemplorum
2824 2131 2892 2187 ad
2912 2131 3207 2187 animarum
3230 2132 3557 2188 curationem
3579 2173 3597 2198 ,
3625 2142 3686 2188 et
3713 2134 3780 2188 ad

2203 2222 2585 2278 institutionem
2636 2222 2924 2293 spiritualis
2974 2221 3182 2294 populi,
3233 2224 3396 2278 utitur
3437 2222 3617 2279 divina
3654 2240 3781 2295 pro.

2202 2314 2451 2368 videnlia.

2201 2403 2284 2461 CA
2294 2404 2426 2461 PUT
2450 2404 2558 2461 Vll.
2579 2432 2650 2445 —-
2669 2404 2942 2460 Catholica:
2956 2405 3195 2460 Ecclesiae
3213 2405 3389 2479 religio
3406 2406 3776 2477 amplectenda.

2693 2494 2826 2561 Quid
2852 2495 2940 2549 illa
2964 2496 3277 2566 proﬁteatur.

2273 2586 2362 2643 12.
2400 2587 2793 2657 Quamobrem,
2833 2602 2953 2642 eum
2980 2596 3105 2643 ante
3156 2603 3351 2658 paucos
3378 2604 3549 2645 annos
3574 2591 3778 2661 promi-

2200 2680 2362 2735 serim
2416 2680 2509 2734 tibi
2553 2680 2829 2743 scribere,
2880 2678 3195 2734 charissime
3242 2679 3370 2734 mihi
3416 2680 3772 2749 Romanianc,

2199 2769 2325 2840 quid
2349 2769 2417 2825 de
2440 2786 2562 2825 vera
2586 2769 2839 2840 religione
2862 2768 3113 2825 sentirem
3142 2769 3278 2841 (Lib.
3298 2770 3336 2825 2
3363 2782 3539 2827 contra
3574 2776 3774 2829 Acade-

2199 2860 2374 2921 micos.
2403 2877 2519 2931 cap.
2569 2860 2637 2923 3.
2664 2878 2713 2915 n.
2747 2860 2842 2932 8),
2900 2871 3109 2932 tempus
3136 2876 3276 2917 nunc
3319 2877 3439 2919 esse
3478 2865 3767 2921 arbitratus

2197 2967 2316 3008 sum
2342 2954 2382 3014 ⁸,
2407 2963 2684 3023 postquam
2705 2962 2822 3007 tuas
2846 2953 3132 3009 acerrimas
3159 2955 3597 3027 interrogationes
3617 3001 3635 3024 ,
3661 2958 3773 3013 sine

2202 3046 2310 3102 ullo
2331 3056 2480 3101 certo
2502 3046 2609 3101 line
2628 3045 2881 3101 ﬂuctuare
2900 3088 2915 3113 ,
2946 3062 3007 3101 ea
3042 3046 3299 3103 charitate
3320 3065 3422 3119 qua
3453 3050 3546 3104 tibi
3570 3051 3771 3105 obstri-

2198 3148 2316 3194 ctus
2341 3153 2496 3202 smn,
2539 3137 2737 3193 diutius
2762 3140 3024 3193 sustinere
3040 3124 3169 3193 ‘non
3200 3154 3428 3209 possem.
3464 3139 3773 3211 Repudiatis

2198 3231 2360 3303 igitur
2380 3230 2630 3285 omnibus
2656 3230 2746 3300 qui
2797 3245 2969 3301 neque
2998 3230 3050 3285 in
3085 3231 3252 3286 sacris
3294 3231 3770 3303 philosophantur,

2198 3340 2299 3381 nec
2329 3325 2380 3379 in
2421 3322 2751 3395 philosophia
2778 3332 3190 3389 consecrantur;
3221 3334 3275 3380 et
3300 3325 3365 3380 iis
3388 3326 3475 3395 qui
3502 3324 3587 3381 vel
3614 3341 3769 3395 prava

2198 3416 2449 3487 opinione
2469 3456 2485 3481 ,
2512 3414 2595 3470 vel
2624 3415 2799 3486 aliqua
2827 3415 3095 3472 simultate
3118 3416 3502 3485 superbientes.
3532 3432 3561 3471 a
3591 3419 3770 3487 regula

2199 3518 2253 3565 et
2291 3510 2668 3565 communione
2711 3507 2961 3563 Ecclesiae
2984 3507 3262 3563 catholica:
3289 3507 3604 3575 deviarunt;
3635 3520 3690 3565 et
3711 3509 3770 3565 iis

2196 3595 2288 3667 qui
2331 3605 2633 3651 sanctarum
2674 3594 3064 3663 Scripturarum
3114 3594 3323 3662 lumen,
3375 3605 3432 3652 et
3482 3596 3771 3667 spiritualis

2198 3686 2375 3757 populi
2404 3686 2628 3757 gratiam
2648 3725 2668 3753 ,
2695 3685 2835 3755 quod
2861 3684 3063 3741 Novum
3090 3684 3490 3743 Testamentum
3515 3700 3765 3755 vocatur,

2199 3778 2398 3834 habere
2440 3778 2750 3841 noluerunt,
2791 3792 2925 3848 quos
2947 3786 3143 3849 quanta
3188 3777 3333 3847 potui
3371 3778 3632 3837 brevitate
3657 3796 3769 3852 per-

2199 3870 2388 3926 strinxi
2418 3888 2431 3924 :
2465 3868 2689 3925 tenenda
2717 3878 2799 3923 est
2818 3868 2973 3924 nobis
2994 3868 3279 3924 christiana
3309 3869 3493 3941 religio
3514 3909 3533 3937 ,
3577 3881 3637 3927 et
3661 3872 3771 3943 ejus

2199 3960 2451 4019 Ecclesia:
2476 3960 2888 4015 communicatio
2910 3975 3029 4031 qua:
3050 3960 3312 4016 catholica
3348 3970 3431 4017 est
3452 4002 3471 4030 ,
3512 3973 3568 4019 et
3586 3963 3770 4019 catho-

2198 4054 2298 4112 lica
2341 4053 2677 4119 nominatur,
2710 4069 2815 4109 non
2840 4052 3013 4108 solum
3042 4066 3074 4107 a
3101 4053 3244 4118 suis,
3290 4068 3474 4109 verum
3514 4054 3680 4111 etiam
3705 4055 3768 4110 ab

2198 4147 2443 4203 omnibus
2464 4145 2710 4201 inimicis.
2741 4144 2916 4201 Velint
2943 4144 3108 4200 nolint
3132 4144 3273 4200 enim
3300 4145 3398 4215 ipsi
3423 4160 3639 4217 quoque
3659 4147 3767 4202 hae-

2198 4238 2348 4293 retici
2366 4279 2381 4303 ,
2406 4246 2463 4291 et
2484 4237 2828 4292 schismatum
2855 4236 3088 4300 alumni,
3116 4235 3331 4305 quando
3358 4252 3463 4291 non
3487 4252 3611 4293 cum
3636 4240 3761 4304 suis,

2199 4326 2293 4383 sed
2318 4341 2438 4381 eum
2463 4327 2733 4381 extraneis
2771 4326 3055 4397 loqutmtur
3072 4367 3087 4390 ,
3111 4323 3438 4382 Cathole
3469 4326 3599 4382 nihil
3628 4328 3763 4384 aliud

2198 4433 2355 4489 quam
2383 4417 2712 4471 Catholicam
2740 4426 2945 4471 vocant.
2976 4414 3090 4471 Non
3116 4414 3257 4470 enim
3282 4426 3500 4486 possunt
3526 4418 3761 4489 intelligi,

2200 4510 2299 4565 nisi
2344 4509 2444 4563 hoc
2485 4524 2603 4564 eam
2652 4509 2865 4565 nomine
2907 4509 3243 4577 discernunt,
3271 4526 3376 4581 quo
3425 4511 3494 4565 ab
3521 4512 3765 4568 universo

2199 4601 2327 4656 orbe
2355 4610 2703 4670 nuncupatur.

2270 4693 2357 4748 15.
2402 4691 2567 4760 Hujus
2587 4690 2861 4761 religionis
2884 4689 3148 4745 sectandzc
3174 4700 3335 4762 caput
3361 4699 3444 4747 est
3471 4690 3690 4748 historia
3717 4700 3768 4746 et

2198 4782 2475 4857 prophetia
2502 4781 2917 4852 dispensationis
2940 4782 3246 4851 temporalis
3272 4782 3468 4838 divina:
3492 4785 3764 4853 providen-

2198 4877 2315 4938 lite,
2344 4889 2441 4944 pro
2465 4874 2631 4928 salute
2658 4873 2871 4943 generis
2898 4870 3114 4927 humani
3138 4875 3190 4927 in
3214 4884 3466 4928 mternam
3498 4875 3658 4930 vitam
3682 4889 3763 4929 re-

2196 4969 2457 5027 formandi
2499 4978 2657 5040 atque
2684 4966 2985 5039 reparandi.
3037 4972 3167 5037 Quae
3190 4985 3311 5026 cum
3335 4970 3535 5027 credita
3579 4971 3761 5033 fuerit.

2196 5074 2429 5118 mentem
2450 5060 2691 5130 purgabit
2717 5060 2835 5115 vitae
2864 5059 3054 5116 modus
3071 5061 3267 5118 divinis
3286 5065 3563 5133 pmceptis
3588 5064 3761 5121 conci.

2195 5153 2355 5208 liatus
2376 5193 2393 5219 ,
2421 5162 2478 5208 et
2516 5152 2758 5208 idoneam
2781 5150 2939 5207 faciet
2974 5152 3337 5222 spiritual‘thus
3372 5155 3723 5226 percipiendis
3742 5193 3759 5218 ,

2192 5263 2311 5320 quin
2341 5262 2436 5301 nec
2465 5246 2731 5317 prasterita
2755 5254 2900 5308 sunt.
2922 5261 3022 5300 nec
3050 5246 3244 5311 futura,
3267 5246 3363 5302 sed
3387 5248 3577 5303 eodem
3612 5247 3762 5303 modo

2194 5354 2407 5409 semper
2435 5338 2701 5393 manentia
2721 5378 2736 5398 ,
2764 5336 2893 5392 nulli
2919 5336 3251 5392 mntahilitati
3275 5337 3504 5394 obnoxia
3527 5357 3543 5405 ;
3576 5340 3625 5394 id
3650 5346 3756 5400 est.

2194 5449 2355 5489 unum
2376 5434 2548 5501 ipsum
2579 5430 2739 5483 Deum
2768 5428 2977 5483 Patrem
3003 5437 3057 5482 et
3086 5426 3274 5483 Filium
3298 5439 3351 5482 et
3370 5428 3621 5497 Spiritum
3645 5441 3757 5482 san-

2193 5538 2335 5581 ctum
2372 5542 2386 5579 :
2424 5538 2526 5593 qua
2556 5520 2813 5576 'I‘riuitale
2838 5528 3094 5591 quantum
3134 5520 3185 5573 iu
3214 5518 3312 5573 hac
3340 5521 3442 5574 vita
3470 5519 3651 5575 datum
3679 5525 3754 5574 est

2256 5658 2367 5731 ιείο
2378 5658 2609 5731 juxtatzr.
2805 5661 2923 5707 ven.
2945 5659 3057 5705 nov.
3080 5657 3363 5731 tunsam
3382 5664 3488 5707 esse
3508 5652 3755 5708 arbitram

2193 5730 2459 5788 postqum»,
2480 5726 2579 5772 etc.
2650 5726 2709 5768 It.
