3874 6348
106 338 172 402 ὐ
1038 315 1065 329 ”
1440 304 1632 365 LIBER

1742 303 1873 363 ωδ.

102 449 285 523 cognita,
302 440 469 498 omnis
497 431 869 493 intellectualis
894 436 951 487 et
976 426 1220 522 animalis
1238 432 1291 479 et
1317 420 1609 523 corporalis

101 516 309 603 aestum,
337 533 402 589 ab
438 529 628 587 eadem
652 526 908 582 Trinitate
931 516 1189 577 crea'triee
1216 532 1336 573 esse
1357 516 1410 571 in
1434 528 1607 587 quan—

103 653 177 692 tum
192 643 284 693 est,
309 638 361 685 et
398 624 629 695 speciem
656 635 808 675 suam
853 616 1051 673 habere
1071 614 1113 681 ’,
1137 620 1194 669 et
1217 606 1611 666 ordinatissime

101 720 423 784 administrari,
467 717 582 771 sine
625 711 733 768 ulla
762 706 1091 765 dubitatione
1128 700 1473 774 perspicitur;
1503 712 1611 752 non

102 833 136 874 nl
156 819 281 871 aliam
304 820 499 880 partem
543 805 709 861 totius
748 809 1007 857 creatura:
1051 795 1242 851 fecisse
1287 790 1614 880 intelligatur

102 913 237 970 Pater,
258 878 471 959 etaliam
500 896 671 951 Filius
689 934 706 959 ,
727 902 784 949 et
805 891 962 946 aliam
989 886 1220 957 Spiritus
1240 893 1452 939 sanctus
1473 924 1489 948 ,
1516 878 1613 937 sed

100 1012 134 1056 cl
171 993 296 1051 simul
340 989 518 1045 omnia
559 993 616 1042 et
640 992 1066 1051 unamquamque
1107 985 1353 1031 naturam
1399 970 1612 1027 Patrem

102 1090 240 1145 fuisse
274 1096 361 1154 per
399 1079 594 1135 Filium
632 1076 686 1131 in
734 1072 878 1129 dono
916 1068 1147 1139 Spiritus
1188 1063 1381 1121 sancti.
1426 1060 1614 1117 Omnis

103 1180 202 1234 enim
223 1190 323 1239 res,
354 1172 435 1227 vel
463 1166 784 1229 Substantia,
816 1163 901 1219 vel
943 1159 1176 1216 essentia
1199 1198 1214 1223 ,
1259 1155 1348 1211 vel
1394 1163 1612 1221 natura,

104 1272 159 1326 rel
178 1270 213 1324 si
250 1280 345 1339 quo
368 1264 474 1319 alio
512 1259 681 1314 verbo
705 1256 899 1312 melius
920 1252 1259 1316 enuntiatur,
1313 1247 1471 1304 simul
1500 1246 1615 1301 haec

104 1362 171 1415 tria
189 1336 351 1417 habet;
377 1361 512 1409 utet
538 1365 706 1406 unum
734 1343 932 1417 aliquid
961 1343 1060 1409 sit,
1101 1350 1157 1396 et
1198 1338 1376 1411 specie
1403 1336 1616 1408 propria

104 1452 364 1507 discvrnatur
379 1461 407 1499 a
432 1441 669 1504 caeteris,
692 1447 747 1493 et
768 1450 945 1492 rerum
970 1432 1211 1487 ordinem
1241 1446 1347 1484 non
1371 1425 1615 1484 excedat.

104 1526 272 1596 m‘ll'l‘
302 1535 421 1589 vni.
442 1562 513 1574 —
548 1532 679 1598 Qua!
732 1528 894 1599 primo
941 1524 1237 1579 auctoritate
1270 1520 1408 1574 ducti
1448 1518 1617 1572 credi-

151 1630 299 1692 dim,
319 1623 634 1694 postmodum
654 1618 846 1673 ratione
868 1614 1212 1685 intelligimus.
1242 1609 1481 1666 Heretici
1500 1624 1619 1681 pro-

152 1732 240 1775 nutt
263 1719 505 1773 Ecclesia.

154 1814 218 1867 ll.
243 1811 343 1877 Quo
367 1805 616 1878 cognito,
661 1804 790 1859 satis
837 1797 1113 1871 apparebit
1154 1803 1411 1867 quantum
1456 1792 1619 1848 homo

105 1906 262 1972 assequi
290 1911 483 1972 potest,
517 1912 682 1971 quam
728 1893 1044 1951 necessariis
1068 1899 1124 1947 et
1148 1888 1362 1945 invictis
1387 1895 1444 1943 et
1462 1886 1621 1957 justis

107 1996 287 2066 legibus.
325 1994 427 2048 Deo
448 2002 503 2047 et
534 1988 761 2045 Domino
785 2000 882 2042 suo
907 1992 1096 2039 cuncta
1113 1981 1350 2050 subjecta
1378 1979 1485 2033 sint
1511 1996 1525 2033 :
1554 1993 1621 2032 ex

106 2104 182 2157 quo
203 2088 275 2140 illa
303 2084 465 2139 omnia
489 2124 506 2148 ,
558 2096 682 2152 quo:
718 2078 892 2151 primo
924 2072 1251 2130 credidimus
1273 2111 1289 2134 ,
1347 2070 1475 2125 nihil
1520 2067 1622 2124 nisi

106 2178 404 2234 auctoritatem
446 2174 652 2239 secuti,
702 2170 892 2241 partim
918 2168 999 2223 sic
1024 2165 1418 2236 intelliguntur,
1461 2171 1521 2217 ut
1545 2160 1626 2215 vi-

106 2270 273 2324 deanius
288 2283 396 2323 esse
420 2264 759 2325 certissima;
786 2260 981 2333 partim
1001 2258 1102 2323 sic,
1126 2264 1185 2311 ut
1208 2254 1480 2310 videamus
1509 2251 1625 2307 fieri

106 2375 247 2427 posse,
272 2368 414 2430 atque
457 2358 527 2411 ita
564 2354 679 2410 lii-ri
718 2350 1054 2423 oportuisse.
1096 2347 1476 2414 doliamusque
1506 2343 1626 2399 illos

107 2452 189 2506 hac
206 2466 290 2506 non
312 2450 620 2510 credentes,
650 2446 861 2516 quinos
884 2451 1038 2497 antea
1062 2438 1348 2495 credentes
1376 2434 1623 2501 irridere,

108 2558 223 2608 quam
247 2542 497 2596 nobiscum
519 2536 746 2594 credere
765 2534 1083 2591 maluerunt.
1109 2529 1223 2587 Non
1246 2529 1389 2585 enim
1405 2530 1515 2596 jam
1538 2525 1626 2580 illa

109 2633 284 2689 hominis
304 2640 638 2688 sacrosancta
666 2626 966 2697 sitsceptin,
996 2631 1051 2678 et
1078 2620 1306 2693 Virginis
1331 2625 1544 2691 partus,
1571 2622 1629 2672 et

108 2742 215 2780 nm
236 2724 337 2781 Filii
365 2724 451 2780 Dei
479 2738 585 2794 pro
614 2718 796 2781 nobis,
817 2727 872 2772 ct
890 2714 1213 2772 resurrectio
1242 2727 1270 2765 a
1298 2709 1541 2773 mortuis.
1573 2714 1631 2764 et

110 2819 145 2871 is
167 2818 328 2873 uelum
353 2814 603 2871 ascensio
624 2854 639 2876 ,
668 2820 723 2867 et
746 2823 1029 2866 consessus
1049 2806 1115 2861 ad
1135 2804 1406 2860 dexteram
1434 2800 1625 2867 Patris,

108 2920 145 2961 et
174 2918 469 2978 peri-atomum
494 2903 719 2960 abolitio
740 2941 755 2964 ,
795 2911 849 2956 et
870 2898 1052 2969 judicii
1091 2896 1238 2961 dies,
1268 2906 1322 2951 et
1344 2908 1629 2963 contorum

110 3000 379 3054 resuscitatiu
400 3040 413 3063 ,
445 2995 662 3067 cognita
688 2991 989 3049 aeternitate
1008 2986 1282 3043 Trinitatis
1309 2994 1364 3042 et
1401 2983 1630 3039 mutabi-

108 3091 218 3145 litate
238 3100 497 3152 creatune.
525 3084 821 3142 creduntur
845 3091 1073 3143 tantum,
1104 3088 1156 3134 ct
1187 3093 1290 3131 non
1310 3078 1472 3131 etiam
1490 3072 1634 3143 judi-

108 3180 332 3237 caturad
369 3179 563 3235 summi
611 3176 702 3231 Dei
750 3170 1201 3235 misericordiam,
1250 3183 1407 3239 quam
1449 3163 1633 3236 generi

110 3274 293 3328 hastam
308 3274 513 3329 exhibet
534 3312 553 3333 ,
588 3268 871 3340 pertinere.

162 3364 233 3420 l5.
258 3364 349 3419 Sed
387 3362 643 3432 quoniam
690 3357 966 3413 verissime
1008 3352 1209 3408 dictum
1257 3359 1377 3415 est,
1424 3348 1635 3420 Oportet

112 3455 255 3509 inultas
284 3456 483 3509 hereses
509 3467 649 3513 esse,
693 3460 746 3502 ut
768 3446 962 3511 probati
984 3443 1233 3510 manifesti
1252 3442 1377 3510 [tant
1405 3442 1533 3494 inter
1550 3454 1637 3495 vos

114 3544 145 3615 (Ι
166 3543 258 3600 Cor.
286 3560 353 3606 si.
384 3546 494 3614 l9);
522 3552 736 3597 IlLlllllll'
753 3539 913 3593 etiam
938 3535 1040 3590 isto
1066 3533 1259 3589 divina:
1284 3530 1632 3598 providentia:

114 3634 339 3691 hostico.
367 3636 436 3691 Es
466 3634 554 3690 his
583 3632 725 3688 enim
756 3627 1057 3684 hominibus
1096 3624 1331 3679 lueretici
1363 3622 1515 3686 illiut.
1547 3619 1640 3693 qui

113 3725 458 3782 etiamsiessent
480 3726 536 3781 in
565 3721 830 3782 Ecclesia,
855 3716 1196 3773 nihilominus
1219 3722 1479 3770 errarent.
1505 3710 1638 3768 Cum

114 3829 253 3872 autem
278 3819 400 3874 foris
425 3826 575 3873 sunt.
604 3813 887 3887 plurimum
920 3816 1177 3881 prosunt,
1206 3821 1309 3862 non
1338 3821 1519 3860 verum
1544 3803 1643 3861 du-

114 3908 273 3967 cendo.
295 3908 426 3979 quod
445 3904 728 3966 nesciunt;
751 3901 844 3959 sed
864 3900 930 3955 ad
952 3913 1135 3955 verum
1154 3896 1496 3969 quaerendum
1525 3910 1642 3950 car-

115 3998 261 4063 nales,
284 4008 335 4055 et
359 3999 423 4054 ad
443 4012 628 4054 verum
659 3991 1003 4065 apericndmn
1031 3988 1334 4060 spirituales
1352 3986 1644 4042 catholicos

115 4087 366 4143 excitatum.
385 4089 523 4145 Sunt
540 4087 687 4142 enim
706 4080 1115 4140 innumerabiles
1134 4080 1188 4135 in
1206 4077 1440 4134 Ecclesia
1461 4083 1642 4131 sancta

115 4176 200 4233 Deo
227 4181 416 4251 probati
442 4180 579 4245 viri,
615 4175 710 4233 sed
756 4172 1020 4231 manifesti
1052 4186 1157 4226 non
1188 4168 1320 4224 tium
1346 4167 1481 4223 inter
1506 4180 1604 4221 IltlS
1625 4205 1642 4232 ,

116 4270 319 4336 qmuodiu
346 4269 623 4341 imperitia:
649 4274 842 4321 nostra:
872 4261 1105 4319 tenebris
1134 4258 1380 4316 delectati
1410 4256 1648 4312 dormire

117 4360 366 4428 uolumus,
394 4376 555 4433 quam
588 4358 760 4415 lucem
785 4354 1024 4412 veritatis
1053 4352 1265 4409 intueri.
1313 4350 1650 4421 Quapropter

118 4451 266 4512 multi.
301 4464 353 4509 ut
376 4452 520 4509 diem
576 4450 668 4506 Dei
693 4446 904 4504 videant
940 4455 995 4502 et
1020 4445 1315 4516 gaudeant,
1366 4457 1459 4513 per
1481 4440 1651 4499 haere-

118 4543 220 4600 ticos
239 4546 299 4602 de
320 4561 509 4603 somno
531 4543 850 4602 excitantur.
889 4538 1111 4597 Utamur
1130 4552 1259 4610 ergo
1284 4536 1444 4593 etiam
1475 4533 1649 4592 luere-

120 4635 211 4689 ticis
233 4655 324 4693 non
353 4650 410 4694 ut
429 4653 619 4695 eorum
636 4633 992 4706 approbemus
1010 4644 1241 4693 errores,
1269 4626 1365 4683 sed
1392 4635 1451 4682 ut
1466 4625 1655 4683 catho-

120 4726 245 4783 bcam
257 4727 582 4802 disciplinam
606 4726 863 4782 adversus
880 4738 1065 4780 eorum
1093 4718 1314 4777 insidias
1327 4727 1649 4784 asserentes,

122 4822 434 4883 vigilantiores
451 4832 507 4878 et
529 4819 797 4877 cautiores
823 4819 990 4874 simus
1009 4856 1028 4885 ,
1055 4813 1267 4874 etiamsi
1291 4828 1386 4870 eos
1408 4812 1477 4869 ad
1502 4812 1653 4868 salu-

121 4921 202 4965 tem
230 4931 473 4972 revocare
495 4931 600 4971 non
627 4927 929 4986 possumus.

123 5003 305 5061 CAPUT
323 5006 410 5063 ιχ.
433 5035 507 5049 -
527 5005 926 5062 Manichaeorum
949 5019 1090 5059 error
1107 5004 1173 5058 de
1188 5001 1380 5059 duobus

575 5110 624 5154 et
650 5099 844 5153 duabus
873 5096 1154 5152 animabus.

178 5185 252 5242 16.
274 5186 443 5247 Credo
458 5199 633 5247 autem
656 5188 939 5245 aﬂ’uturum
963 5188 1151 5252 Demn,
1172 5194 1232 5241 ut
1256 5186 1354 5241 ista
1374 5187 1654 5258 scriptura,

130 5281 419 5343 [incedente
447 5282 640 5353 pietate
662 5320 677 5343 ,
719 5280 1015 5352 legentibus
1055 5277 1239 5342 bouis,
1267 5294 1373 5332 non
1402 5280 1656 5339 adversus

132 5380 258 5424 "Itala
290 5373 518 5443 aliquam
537 5413 552 5435 ,
582 5372 675 5428 sed
700 5372 953 5427 adversus
975 5384 1163 5425 omnes
1194 5384 1385 5441 pravas
1407 5380 1456 5425 et
1496 5368 1659 5427 falsus

134 5464 369 5530 opiniones
393 5472 557 5537 possit
578 5465 776 5523 valere.
793 5465 985 5521 Contra
1006 5478 1101 5518 eos
1130 5472 1304 5518 tamen
1326 5466 1656 5537 potissimum

181 5640 308 5696 'Is.
340 5645 558 5697 undecim
579 5654 749 5712 carent
786 5646 863 5712 bis
884 5645 1071 5707 verbis,
1093 5654 1140 5699 et
1168 5646 1373 5712 speciem
1402 5661 1540 5701 suam
1573 5649 1661 5701 ha-

400 5718 559 5781 ramen
584 5710 662 5760 hic
687 5721 730 5772 ι,
748 5698 902 5775 prium
940 5698 1233 5763 aan'v'entunt
1263 5725 1366 5776 pro,
1383 5698 1460 5765 ter

1714 424 1798 472 est
1825 414 2095 479 instituta.
2142 404 2234 485 qui
2276 413 2409 470 duas
2449 421 2665 471 naturas
2687 429 2775 471 ve.
2821 400 3143 475 substantias
3168 419 3284 475 sin-

1712 509 1851 582 gulis
1880 507 2152 581 principiis
2188 505 2443 563 adversus
2479 508 2706 563 invicem
2734 506 2961 565 rebelles
2997 524 3118 567 esse
3141 511 3284 567 arbi-

1714 611 1939 658 trantur.
1968 599 2166 657 Oderisi
2194 600 2334 657 enim
2353 600 2666 674 quibusdam
2689 601 2867 668 rebus,
2881 612 2938 659 et
2964 620 3147 661 rursus
3164 605 3286 678 qui-

1714 693 1937 750 busdam
1964 692 2245 758 delectati,
2296 706 2404 748 non
2453 707 2639 749 earum
2688 694 2880 765 quibus
2906 694 3283 764 offenduntur,

1714 786 1809 843 sed
1834 801 2014 842 earum
2039 785 2232 857 quibus
2255 783 2620 853 delectantur,
2648 786 2831 842 volunt
2868 802 2989 844 esse
3016 798 3287 846 auctorem

1715 876 1903 932 Deum.
1928 876 2125 932 Etcum
2143 876 2578 932 consuetudinem
2598 890 2747 933 suam
2766 877 2977 936 vincere
2996 892 3287 953 nequeunt,

1711 966 1824 1038 jam
1848 966 2150 1023 carnalibus
2187 965 2388 1036 laqueis
2430 966 2655 1035 irretiti,
2685 968 2818 1024 duas
2855 969 3059 1025 animas
3086 985 3205 1028 esse
3234 972 3288 1028 in

1718 1074 1826 1114 uno
1848 1073 2073 1129 corpore
2098 1058 2407 1115 existimant
2433 1075 2447 1112 :
2475 1074 2634 1114 unam
2654 1059 2722 1115 de
2744 1060 2853 1117 Deo
2869 1101 2886 1127 ,
2927 1077 3047 1133 qua:
3072 1071 3292 1120 natura-

1716 1153 1841 1210 liter
1861 1152 1965 1209 boc
1990 1153 2062 1209 sit
2084 1153 2224 1225 quod
2251 1154 2393 1225 ipse;
2423 1155 2643 1209 alteram
2660 1153 2728 1210 de
2753 1164 2908 1225 gente
2928 1155 3291 1225 tenebrarum,

1717 1260 1878 1317 quam
1905 1246 2046 1302 Deus
2071 1261 2170 1301 nec
2192 1246 2451 1317 genuerit,
2483 1260 2582 1303 nec
2608 1247 2824 1315 fecerit,
2850 1263 2950 1305 nec
2974 1250 3291 1320 protulerit,

1720 1353 1820 1395 nec
1844 1338 2132 1405 abjecerit;
2180 1339 2273 1394 sed
2302 1356 2421 1410 qua:
2444 1355 2594 1396 suam
2637 1342 2835 1408 vitam,
2880 1357 3031 1399 suam
3060 1350 3254 1401 terram
3273 1386 3292 1414 ,

1719 1442 1845 1483 suos
1888 1427 2025 1483 fetus
2050 1439 2103 1485 et
2138 1429 2383 1485 animalia
2406 1471 2423 1495 ,
2451 1446 2607 1486 suum
2651 1441 2920 1503 postremo
2949 1449 3167 1506 regnum
3194 1435 3295 1491 ha-

1720 1518 1920 1585 buerit,
1956 1521 2356 1594 ingenitumque
2382 1523 2736 1594 principium;
2777 1526 2870 1582 sed
2899 1527 3126 1597 quodam
3156 1536 3295 1586 temo

1722 1627 1853 1684 pore
1881 1614 2138 1670 adversus
2182 1616 2345 1671 Deum
2388 1616 2703 1682 rebellasse,
2751 1617 2914 1673 Deum
2954 1628 3131 1675 autem
3172 1636 3295 1676 cmn

1722 1704 1865 1760 aliud
1893 1705 2035 1776 quod
2079 1705 2275 1762 faceret
2309 1722 2415 1761 non
2464 1708 2717 1775 haberet,
2743 1715 2819 1763 ‘et
2842 1710 3109 1779 quomodo
3144 1710 3301 1768 aliter

1725 1804 1904 1865 posset
1933 1795 2070 1850 hosti
2103 1796 2351 1852 resistere
2381 1811 2486 1851 non
2518 1797 2817 1862 inveniret,
2859 1800 3172 1855 necessitate
3200 1815 3301 1871 op-

1726 1902 1968 1958 pressum
2010 1887 2219 1943 misisse
2266 1888 2368 1943 huc
2410 1888 2641 1943 animum
2673 1888 2899 1955 bonam,
2937 1902 2992 1945 et
3018 1892 3301 1961 quamdam

1726 1977 2035 2048 particulam
2062 1996 2172 2034 sua:
2197 1980 2505 2035 substantia:
2523 2022 2538 2046 ,
2564 1979 2716 2051 cujus
2742 1980 3119 2038 commixtione
3140 1990 3301 2055 atque

1724 2070 1941 2126 miscela
1965 2071 1981 2102 ί
2006 2070 2209 2127 hostem
2232 2080 2583 2142 temperatum
2601 2086 2722 2128 esse
2749 2073 3034 2139 somniant,
3064 2083 3120 2129 et
3144 2090 3302 2131 mun-

1725 2163 1852 2219 dum
1871 2163 2205 2219 fabricatum.

1800 2256 1890 2312 t7.
1930 2254 2110 2327 Neque
2134 2270 2276 2311 nunc
2301 2254 2580 2327 opiniones
2602 2271 2788 2313 eorum
2812 2255 3132 2327 refellimus,
3162 2258 3304 2330 quod

1730 2349 1918 2420 partim
1966 2348 2076 2419 jam
2128 2349 2378 2414 fecimus,
2427 2351 2619 2421 partim
2652 2363 2906 2421 quan'um
2954 2352 3092 2407 Deus
3121 2350 3305 2408 siverit

1729 2438 1987 2495 faciemus
2020 2455 2033 2491 :
2065 2438 2158 2494 sed
2205 2441 2258 2495 in
2304 2439 2407 2494 hoc
2429 2455 2593 2510 opere
2629 2441 2897 2513 quomodo
2930 2441 3184 2498 adversus
3210 2456 3305 2499 eos

1729 2530 1863 2587 fides
1884 2529 2144 2586 catholiCa
2174 2540 2287 2586 tnta
2315 2532 2386 2587 sit
2407 2572 2423 2596 ,
2452 2540 2508 2587 et
2554 2533 2821 2603 quomodo
2846 2550 2950 2589 non
2994 2535 3307 2605 perturbent

1729 2621 1962 2676 animum
1983 2636 2045 2676 ea
2069 2621 2263 2692 quibus
2284 2622 2535 2677 commoti
2566 2623 2810 2680 homines
2830 2624 2882 2678 in
2902 2639 3086 2679 eorum
3110 2624 3309 2682 cedunt

1732 2713 2050 2770 sententiam
2067 2754 2083 2778 ,
2110 2711 2404 2768 rationibus
2422 2727 2555 2781 quas
2588 2713 2844 2769 Dominus
2870 2714 3000 2770 dare
3024 2714 3307 2787 dignatur,

1731 2815 1985 2879 quantum
2016 2819 2296 2877 possumus
2318 2805 2764 2861 demonstramus.
2799 2806 2927 2862 Illud
2955 2822 3084 2863 sane
3113 2807 3163 2862 in
3196 2807 3308 2877 pri-

1732 2897 1836 2952 mis
1864 2904 2047 2953 tenere
2075 2904 2129 2951 te
2152 2898 2308 2960 volo,
2347 2897 2436 2967 qui
2486 2896 2621 2952 bene
2664 2897 2800 2952 nosti
2831 2898 3063 2952 animum
3096 2914 3307 2964 meum,

1736 3002 1841 3043 non
1862 2988 1962 3042 hoc
1988 3002 2073 3042 me
2097 2984 2362 3057 fugienda:
2381 2985 2697 3058 arrogantiae
2718 2988 2883 3059 gratia
2900 2987 3052 3058 quasi
3068 2988 3310 3044 solemni-

1737 3086 1819 3134 ter
1841 3078 2050 3143 dicere,
2101 3077 2355 3150 quidquid
2401 3078 2452 3132 in
2494 3077 2575 3132 bis
2623 3078 2814 3133 litteris
2839 3079 3041 3134 erroris
3086 3079 3311 3137 inveniri

1735 3169 1961 3240 poterit,
1993 3167 2095 3224 hoc
2120 3168 2293 3223 solum
2334 3167 2462 3223 mihi
2487 3182 2609 3225 esse
2644 3168 3014 3234 tribuendum;
3060 3170 3314 3243 quidquid

1736 3270 1914 3316 autem
1932 3274 2113 3314 verum
2136 3269 2187 3315 et
2215 3260 2592 3315 conuenienter
2614 3261 2933 3332 expositum,
2962 3262 3050 3318 uni
3074 3265 3314 3321 omnium

1740 3352 1999 3408 bonorum
2023 3367 2302 3407 munerum
2333 3351 2568 3422 largitori
2594 3352 2722 3407 Deo.

1738 3443 1964 3500 CAPUT
1988 3443 2131 3499 X.—
2150 3442 2196 3496 Η
2202 3443 2424 3497 istoriant
2445 3443 2628 3498 divinat
2643 3445 2931 3501 teconomite
2949 3463 3068 3518 erga
3092 3457 3314 3503 nostram

1812 3535 2023 3590 salutent
2054 3545 2351 3590 narraturus
2368 3575 2385 3603 ,
2432 3537 2648 3591 ostendit
2678 3538 2895 3607 primum
2939 3539 3072 3593 unde
3095 3556 3237 3595 error
3262 3541 3317 3595 in

1812 3629 2053 3700 religione
2074 3629 2365 3700 contingat,
2396 3638 2442 3682 et
2468 3628 2718 3699 quomodo
2744 3634 2968 3703 perfecta
3004 3630 3178 3702 religio
3208 3629 3315 3687 Deo

1813 3722 2126 3776 subueniente
2142 3722 2469 3775 instanretar.

1816 3816 1904 3871 l8.
1942 3813 2295 3883 Quamobrem
2323 3812 2392 3867 sit
2434 3811 2527 3867 tibi
2571 3812 2905 3868 manifestum
2934 3822 3094 3886 atque
3121 3828 3318 3886 perce-

1745 3915 1926 3978 ptum,
1955 3906 2155 3961 nullum
2181 3920 2420 3962 errorem
2468 3904 2520 3960 in
2550 3905 2803 3977 religione
2828 3922 2950 3963 esse
2977 3908 3209 3979 potuisse
3228 3950 3244 3977 ,
3271 3909 3318 3967 si

1745 4000 1920 4056 anima
1949 4014 2044 4070 pro
2074 3999 2184 4054 Deo
2207 4013 2307 4052 suo
2335 4013 2440 4053 non
2468 3998 2671 4053 coleret
2692 3998 2954 4066 animant,
2986 4009 3077 4055 aut
3102 4016 3316 4073 corpus,

1747 4100 1839 4146 aut
1868 4092 2232 4163 phantasmata
2257 4106 2351 4145 sua
2381 4088 2482 4164 (ο),
2508 4099 2600 4145 aut
2639 4089 2830 4146 horum
2856 4092 3030 4162 aliqua
3055 4091 3322 4155 duoscon-

1746 4185 1959 4257 juncta,
1985 4194 2076 4239 aut
2094 4192 2241 4241 certe
2259 4183 2415 4238 simul
2441 4183 2620 4239 oninia
2646 4199 2661 4237 :
2704 4182 2799 4239 sed
2829 4183 2881 4238 in
2910 4184 3007 4238 hac
3030 4184 3133 4239 vita
3159 4185 3323 4241 socie-

1753 4276 1843 4331 tati
1868 4273 2079 4347 generis
2101 4275 2312 4330 bumani
2340 4274 2458 4331 sine
2476 4274 2600 4330 dolo
2626 4274 2986 4344 temporaliter
3003 4289 3323 4346 congruens,

1752 4379 1950 4426 teterna
1976 4368 2349 4434 meditaretur,
2398 4383 2561 4422 unum
2606 4366 2771 4423 Deum
2823 4367 3036 4434 colens;
3083 4370 3170 4439 qui
3220 4368 3323 4425 nisi

1754 4468 2093 4533 permaneret
2121 4456 2597 4524 incommutabilis,
2636 4457 2780 4513 nulla
2830 4458 3095 4514 mutabilis
3138 4469 3324 4517 natura

1755 4559 2076 4612 remaneret.
2111 4550 2297 4608 Mutari
2317 4558 2495 4605 autem
2519 4547 2749 4606 animam
2770 4563 2948 4620 posse,
2976 4564 3082 4606 non
3111 4551 3324 4621 quidem

1756 4642 2029 4708 localiter,
2071 4642 2167 4698 sed
2197 4652 2373 4697 tamen
2401 4639 2793 4711 temporaliter,
2812 4641 2927 4698 suis
2958 4641 3325 4701 affectionibus

1754 4737 1979 4809 quisque
2003 4735 2295 4807 cognoscit.
2314 4732 2523 4804 Corpus
2548 4748 2675 4789 vero
2696 4740 2754 4791 et
2772 4735 3099 4806 temporibus
3125 4748 3179 4792 et
3194 4738 3327 4793 locis

1757 4844 1876 4887 esse
1901 4827 2190 4894 mutabile,
2233 4825 2399 4882 cuivis
2420 4824 2698 4883 advertere
2750 4826 2903 4884 facile
2950 4837 3050 4883 est.
3094 4828 3329 4885 Phanta-

1758 4934 1926 4980 smata
1947 4937 2109 4996 porro
2131 4922 2263 4977 nihil
2291 4930 2415 4978 sunt
2441 4921 2582 4976 aliud
2606 4936 2763 4993 quam
2780 4922 2848 4979 de
2876 4923 3057 4993 Specie
3084 4926 3325 4993 corporis

1758 5031 2015 5090 corporeo
2058 5030 2218 5072 sensu
2262 5022 2484 5070 attracta
2538 5013 2785 5085 ﬁgmenta
2825 5031 2841 5070 :
2889 5030 3008 5085 quae
3055 5015 3329 5071 memoria:

1760 5110 2014 5167 mandare
2040 5120 2093 5164 ut
2118 5116 2332 5176 accepta
2374 5114 2532 5171 sunt,
2564 5104 2648 5162 vel
2690 5105 2908 5176 partiri.
2961 5105 3043 5160 vel
3072 5104 3332 5174 multipli-

1762 5219 1919 5269 care,
1952 5202 2030 5257 vel
2077 5198 2426 5264 contrahi-re,
2459 5200 2538 5253 vel
2560 5198 2864 5253 distendere
2884 5238 2898 5259 ,
2926 5196 3007 5251 vel
3036 5196 3287 5251 ordinare
3311 5236 3329 5264 ,

1762 5297 1844 5352 vel
1874 5296 2212 5366 perturbare,
2242 5294 2325 5348 vel
2354 5292 2583 5364 quolibet
2612 5291 2771 5345 modo
2801 5292 3024 5357 ﬁgurare
3050 5289 3335 5359 cogitando

1768 5386 2072 5442 facillimum
2115 5394 2232 5448 est,
2262 5383 2357 5439 sed
2384 5400 2504 5440 cum
2538 5398 2715 5436 verum
2744 5390 3027 5450 qun-ritur.
3058 5397 3249 5437 calere
3276 5389 3337 5437 et

1767 5481 1932 5535 vitare
1956 5478 2188 5534 difﬁcile.

1829 5686 1845 5720 t
1871 5692 1975 5737 διες.
2002 5680 2360 5736 novemdecim,
2383 5682 2523 5739 atque
2542 5670 2748 5726 miseria.
2777 5680 2840 5725 tta
2863 5676 3007 5725 etiam
3026 5675 3136 5727 ω.
3159 5682 3212 5728 et
3230 5681 3307 5727 Β.

1828 5775 1904 5837 (υ)
1924 5781 1944 5825 ι
1964 5776 2168 5822 semet.
2192 5777 2297 5829 cap.
2326 5760 2402 5823 13,
2422 5775 2473 5812 ιι.
2497 5760 2546 5811 3.

1771 5898 1861 5925 ’τδρ

1936 5922 1995 5937 ’δυ
