3874 6314
480 293 586 355 {85

478 417 665 474 tatem,
690 404 1063 478 corporeisque
1084 404 1334 463 sensibus
1355 403 1571 471 deditis,
1595 419 1754 476 quam
1784 403 2056 459 excelsum

478 500 654 558 locum
698 499 838 556 inter
877 507 1149 554 creaturas
1187 498 1376 554 habeat
1421 497 1650 554 humana
1676 507 1891 562 natura,
1916 496 2059 568 quod

389 593 417 616 "
479 605 587 647 non
624 590 798 647 solum
840 590 1116 647 visibiliter
1152 588 1316 661 (nam
1354 588 1408 645 id
1457 598 1662 658 poterat
1698 600 1752 645 et
1788 589 1841 645 in
1880 589 2060 660 aliquo

476 683 713 741 :ethereo
737 697 964 754 corpore
986 681 1052 738 ad
1078 690 1379 739 nostrorum
1398 690 1705 751 aspectuum
1726 681 2057 736 tolerantiam

479 778 822 849 temperato),
842 776 937 832 sed
970 774 1273 831 hominibus
1302 775 1352 830 in
1382 789 1511 830 vero
1537 773 1749 829 homine
1774 773 2054 844 apparuit:

478 872 591 945 ipsa
631 872 773 928 enim
804 878 989 925 natura
1019 867 1355 939 suscipienda
1386 876 1503 923 erat
1527 882 1645 937 qua:
1673 867 1965 924 liberanda.
1992 867 2059 921 Et

478 979 547 1021 ne
573 962 691 1037 quis
737 962 871 1019 forte
910 976 1071 1018 sexus
1102 976 1133 1017 a
1172 976 1271 1017 suo
1303 958 1558 1016 Creatore
1596 974 1655 1016 se
1695 967 2056 1029 contemptum

476 1047 706 1128 putaret,
733 1055 902 1110 virum
929 1053 1182 1124 suscepit.
1209 1062 1362 1109 natus
1385 1068 1449 1109 es
1486 1051 1699 1108 femina.

547 1150 637 1206 3i.
675 1147 815 1204 Nihil
858 1148 965 1219 egit
1013 1147 1101 1209 vi,
1149 1145 1241 1203 sed
1294 1147 1475 1203 omnia
1524 1145 1796 1202 suadendo
1840 1154 1896 1203 et
1938 1160 2057 1201 mo-

476 1241 654 1297 uendo
684 1239 783 1312 (a).
809 1238 989 1295 Veteri
1014 1239 1210 1311 quippe
1235 1239 1490 1295 servitute
1519 1246 1815 1303 transacta,
1850 1249 2061 1309 tempus

477 1331 737 1389 libertatis
772 1330 1044 1393 illusrrat,
1084 1341 1137 1386 et
1165 1337 1464 1401 opportune
1484 1329 1595 1399 jam
1625 1328 1825 1384 homini
1862 1328 2058 1385 suade-

475 1424 634 1480 batur
657 1431 816 1493 atque
838 1421 1141 1488 salubriter,
1166 1437 1324 1493 quam
1365 1421 1530 1477 libero
1553 1430 1697 1477 esset
1718 1430 1929 1477 creatus
1964 1436 2058 1476 ar-

476 1513 659 1571 bitrio.
706 1512 972 1570 Miraculis
1016 1512 1316 1569 conciliavit
1362 1512 1522 1569 ﬁdem
1568 1513 1677 1568 Deo
1718 1512 1809 1584 qui
1853 1522 1969 1569 erat
2014 1514 2056 1578 ⁸,

478 1606 726 1679 passione
751 1605 953 1660 homini
978 1621 1134 1674 quem
1160 1605 1395 1675 gerebat.
1420 1603 1494 1661 Ita
1531 1603 1753 1675 loquens
1781 1603 1847 1658 ad
1877 1603 2059 1659 turbas

478 1708 538 1754 ut
567 1698 727 1764 Deus,
753 1697 1044 1752 nuntiatam
1071 1695 1173 1751 sibi
1197 1705 1421 1750 matrem
1460 1694 1670 1766 negavit
1698 1692 1717 1767 (
1741 1692 1926 1749 Matth.
1956 1709 2057 1762 xu,

477 1787 583 1856 48)
609 1804 622 1842 :
652 1797 706 1843 et
731 1794 929 1851 tamen,
967 1794 1026 1840 ut
1054 1784 1398 1856 Evangelium
1433 1783 1685 1856 loquitur,
1712 1799 1845 1856 puer
1870 1800 2059 1854 paren-

479 1879 621 1936 tibus
648 1878 890 1935 subditus
914 1886 1025 1934 erat
1052 1875 1215 1948 (Luc.
1238 1892 1298 1939 ιι.
1324 1876 1446 1946 5|).
1475 1876 1721 1931 Doctrina
1750 1875 1893 1930 enim
1921 1874 2059 1931 Deus

476 1973 785 2045 apparebat,
806 1971 1048 2025 aetatibus
1075 1969 1255 2024 homo.
1276 1966 1407 2024 Item
1432 1983 1623 2038 aquam
1650 1967 1703 2022 in
1729 1967 1907 2023 vinum
1932 1981 2061 2023 con-

479 2077 731 2119 versurus
760 2071 819 2117 ut
844 2059 1004 2121 Deus.
1034 2059 1186 2126 dicit,
1217 2059 1412 2116 Recede
1437 2076 1469 2112 a
1494 2074 1593 2124 me,
1615 2058 1833 2114 mulier:
1862 2058 1986 2112 mihi
2012 2068 2060 2113 et

479 2154 568 2209 tibi
603 2152 725 2224 quid
762 2152 877 2208 est?
914 2150 1159 2207 Nondum
1184 2152 1314 2206 venit
1342 2152 1468 2205 hora
1506 2166 1615 2204 mea
1644 2148 1664 2221 (
1682 2149 1841 2206 Joan.
1873 2166 1932 2212 tt,
1959 2149 2057 2223 4).

480 2245 614 2303 Cum
652 2255 829 2302 autem
868 2243 1099 2300 venisset
1123 2242 1251 2298 hora
1275 2284 1293 2308 ,
1320 2258 1424 2313 qua
1453 2252 1513 2297 ut
1541 2240 1701 2298 homo
1739 2251 2057 2309 moreretur,

483 2339 551 2394 de
592 2352 752 2395 cruce
787 2337 1052 2408 cognitam
1093 2346 1316 2391 matrem
1356 2332 1749 2389 commendavit
1776 2332 2057 2406 discipulo,

482 2445 639 2502 quem
667 2445 777 2500 pne
802 2428 1012 2484 ueteris
1036 2427 1285 2497 diligebat
1313 2423 1435 2496 (Id.
1469 2439 1592 2489 itis.
1615 2424 1708 2488 26,
1738 2423 1855 2493 27).
1883 2422 2058 2480 Satel-

484 2522 604 2579 lites
647 2522 974 2594 voluptatum
1017 2519 1229 2574 divitias
1277 2517 1573 2588 perniciose
1618 2515 1794 2587 populi
1839 2524 2057 2587 appete-

482 2613 644 2669 bant:
679 2626 875 2683 pauper
901 2624 1021 2665 rsse
1061 2610 1246 2664 voluit.
1291 2607 1591 2663 Honoribus
1624 2615 1679 2661 et
1716 2605 1952 2675 imperiis
1978 2604 2062 2661 in-

482 2704 735 2761 hiabant:
769 2719 859 2759 rex
889 2702 1001 2756 ﬁeri
1029 2700 1215 2756 uoluit.
1241 2699 1494 2756 Carnales
1522 2699 1658 2753 ﬁlios
1686 2713 1933 2766 magnum
1961 2697 2060 2753 bo.

482 2811 607 2852 num
631 2794 914 2865 putabant:
941 2792 1045 2848 tale
1063 2791 1366 2862 conjuginm
1392 2790 1699 2860 prolemque
1719 2788 2058 2860 contempsit.

480 2888 839 2948 Contumelias
880 2886 1257 2956 superbissime
1303 2883 1588 2939 horrebant
1624 2900 1639 2937 :
1688 2898 1847 2937 omne
1894 2896 2062 2951 genus

481 2978 922 3037 contumeliarum
966 2976 1236 3031 sustinuit.
1277 2973 1499 3044 lujurias
1539 2972 1900 3029 intolerabiles
1940 2987 2063 3030 esse

482 3072 912 3129 arbitrabantur:
943 3084 1061 3140 quae
1092 3069 1262 3135 major
1289 3065 1474 3135 injuria
1497 3080 1655 3137 quam
1679 3066 1878 3133 justum
1910 3065 2063 3120 inno-

481 3174 796 3233 eentemquc
816 3159 1095 3214 damnari?
1117 3158 1335 3214 Dolores
1352 3157 1594 3227 corporis
1614 3156 2062 3213 exsecrabantur:

484 3252 778 3325 ﬂagellatus
830 3258 989 3321 atque.
1044 3248 1310 3304 cruciatus
1363 3256 1465 3302 est.
1523 3246 1653 3303 Mori
1717 3248 2062 3304 metuebant:

484 3356 657 3403 morte
687 3345 937 3400 multatus
956 3350 1059 3397 est.
1089 3340 1650 3412 Ignomiuiosissimum
1683 3338 1870 3395 intortis
1897 3354 2066 3409 genus

484 3453 695 3494 crucem
738 3434 991 3506 putabant
1016 3450 1029 3486 :
1057 3432 1341 3489 cruciﬁxus
1366 3440 1471 3487 est.
1497 3430 1684 3488 Omnia
1713 3447 1831 3501 qua:
1871 3430 2068 3488 habere

486 3532 760 3602 cupientes
798 3543 903 3583 non
942 3535 1087 3583 recte
1126 3525 1463 3589 vivebamus,
1491 3524 1723 3580 carendo
1760 3523 1994 3581 vili-fecit
2019 3526 2063 3580 '.

488 3626 675 3685 Omnia
706 3640 824 3698 qua)
850 3622 1017 3678 vitare
1045 3620 1320 3689 cupientis
1344 3635 1372 3673 a
1400 3618 1574 3674 studio
1599 3618 1943 3673 deviabamus
1974 3634 2069 3676 ve-

489 3719 659 3775 ritatis
685 3717 724 3781 ³,
760 3714 1100 3786 perpetiendo
1126 3711 1338 3781 dejecit.
1370 3710 1485 3767 Non
1508 3711 1651 3765 enim
1682 3710 1843 3765 ullum
1876 3725 2067 3781 pecca-

490 3821 599 3866 tum
626 3807 882 3865 committi
910 3815 1105 3877 potest.
1134 3807 1231 3860 nisi
1260 3814 1349 3858 aut
1371 3804 1496 3858 dum
1521 3812 1840 3872 appetuntur
1863 3817 1924 3857 ea
1950 3818 2068 3873 qua:

491 3904 580 3957 ille
608 3898 946 3968 contempsit,
973 3906 1062 3950 aut
1093 3895 1362 3965 fugiuntur
1387 3909 1503 3964 qua:
1529 3894 1616 3947 ille
1643 3892 1910 3948 sustinuit.

563 3991 650 4046 32.
692 3990 822 4044 Tota
867 3989 1042 4057 itaque
1070 3988 1173 4039 vita
1212 3986 1326 4053 ejus
1357 3985 1406 4038 in
1438 3985 1592 4039 terris
1613 4023 1628 4046 ,
1660 4000 1754 4054 per
1796 3984 2069 4040 hominem

492 4097 650 4153 quem
677 4082 948 4147 suscipere
981 4078 1225 4145 dignatus
1248 4086 1363 4139 est,
1389 4073 1666 4142 disciplina
1707 4090 1912 4129 morum
1952 4075 2067 4129 l’uit.

497 4172 836 4229 Resurrectio
863 4185 990 4223 vero
1013 4167 1127 4237 i-jus
1153 4183 1182 4221 a
1213 4175 1454 4231 martius,
1482 4166 1609 4220 nihil
1645 4168 1872 4222 hominis
1896 4168 2071 4235 perire

495 4275 730 4320 naturae.
772 4277 890 4316 l'lllll
921 4259 1099 4314 omnia
1136 4258 1284 4313 salva
1315 4267 1432 4310 siml
1469 4257 1608 4316 Deo.
1641 4260 1771 4311 satis
1800 4256 2066 4322 indicavit,

494 4365 551 4412 et
574 4351 1019 4425 quemadmodum
1059 4359 1246 4405 cuncta
1276 4364 1387 4404 seri
1400 4350 1507 4403 iant
1534 4348 1770 4405 Creatori
1800 4364 1898 4404 suo
1917 4391 1932 4407 .
1960 4352 2072 4407 sive

497 4445 564 4501 ad
597 4443 878 4499 vindictam
912 4450 1283 4512 peccatorum,
1313 4440 1426 4495 siie
1450 4440 1516 4494 ad
1548 4438 1779 4495 hominis
1808 4441 2075 4497 liberaliu-

499 4554 645 4602 nem,
670 4550 935 4608 quantique
961 4534 1112 4590 facile
1136 4549 1328 4605 corpus
1354 4533 1544 4587 anima:
1572 4534 1787 4596 serviat.
1809 4550 1929 4590 cum
1961 4535 2071 4607 ipSa

498 4628 776 4697 subjicitur
807 4627 934 4682 Deo.
958 4625 1159 4695 Quibus
1190 4625 1435 4694 perfectis
1458 4639 1564 4681 non
1586 4624 1756 4681 solum
1786 4628 1924 4682 nulla
1950 4630 2075 4683 sub-

498 4719 692 4774 stantia
730 4717 925 4772 malum
954 4724 1064 4779 est,
1101 4714 1241 4781 quod
1283 4715 1395 4771 ﬁeri
1430 4730 1701 4785 nunquam
1740 4726 1949 4786 potest;
1979 4718 2073 4774 sed

498 4811 660 4866 etiam
691 4808 837 4864 nullo
864 4807 1001 4861 malo
1023 4807 1268 4871 allicitur,
1291 4805 1430 4877 quod
1459 4805 1572 4862 lieri
1600 4823 1698 4878 per
1727 4818 1997 4877 peccatum
2020 4819 2077 4867 et

499 4902 791 4959 vindictam
822 4901 1009 4973 potuit.
1040 4900 1107 4956 Et
1135 4901 1250 4956 haec
1271 4908 1356 4957 est
1386 4899 1667 4972 disciplina
1693 4902 1947 4957 naturalis
1971 4901 2072 4976 (ι),

567 5111 582 5144 ι
612 5108 724 5178 Βιράἶ
749 5113 800 5157 et
815 5111 916 5178 βαῖνε,
939 5104 1021 5177 τιτᾴ
1113 5116 1168 5156 eo
1187 5109 1306 5157 erat.
1330 5103 1601 5178 tjaulo‘post
1632 5113 1736 5178 Mss.
1760 5114 1864 5178 tres
1884 5109 2077 5178 optime

501 5180 628 5242 nota:
652 5171 850 5242 habent,
1074 5179 1216 5242 quem
1236 5166 1443 5242 regebat.
1472 5166 1552 5240 alii
1571 5181 1680 5241 cum
1710 5170 1841 5231 Edd.,
1865 5166 2075 5242 gerebat.

502 5238 708 5297 Utraque,
727 5230 873 5302 lectio
894 5244 1026 5302 recc,
1044 5238 1098 5302 ta
1116 5230 1392 5302 Augustino,
1414 5230 1496 5302 qui
1514 5230 1932 5302 δᾳροςὶιιδῳνξό,
1958 5247 2007 5282 n.
2025 5233 2076 5302 3,

499 5292 1043 5405 ³221,μὲἱηὶοω
1076 5292 1313 5354 8a,.ieutia
1346 5292 1430 5342 Dei
1465 5292 1675 5355 gestante
1710 5298 1755 5344 et
1786 5292 2079 5358 gizbemante

565 5418 587 5447 ¹
611 5422 675 5466 ita
697 5417 746 5465 in
771 5422 954 5478 κεεεΑι
973 5415 1023 5465 ἱη
1046 5412 1180 5474 add,
1204 5412 1315 5465 vitia
1334 5414 1462 5478 fecit,

565 5478 851 5555 itte-‘21“:
864 5477 1251 5555 _'£‘;"“:"‘..Y99fi:"_
1816 5478 1966 5555 ίξτίιίοί
1988 5494 2078 5555 ry-

504 5545 609 5589 tant
627 5537 948 5600 vocemhanc
985 5551 1013 5588 a
1050 5538 1255 5600 librariis
1293 5538 1528 5600 additam,
1553 5537 1925 5594 eteorumdem
1963 5537 2080 5596 vitio

503 5613 673 5651 vocem
692 5597 851 5650 studio
871 5613 957 5664 pro
977 5598 1133 5651 stadio
1153 5600 1449 5664 Obrepsisse.
1512 5597 1570 5653 tt.

565 5684 643 5813 5:;
662 5691 913 5797 bimi
925 5682 1509 5804 ﬁﬁaﬁfnﬁiﬁimwm
1538 5750 1845 5817 partitionem
1865 5751 1911 5804 in
1935 5758 2074 5805 natu-

1474 290 1565 349 DE
1600 290 1784 348 γεω
1826 274 2215 356 ηειιαιοκε.
2251 280 2311 347 s.
2351 284 2719 348 AUGUSTINI

2166 400 2482 457 Christianis
2508 402 2685 457 minus
2707 397 3119 471 intelligentibus
3140 397 3296 471 plena
3321 398 3425 457 ﬁde
3449 399 3631 475 digna,
3660 403 3731 463 ίιι
3748 434 3773 450 .

2171 491 2525 562 telligentibus
2550 502 2729 546 autem
2757 489 2904 545 omni
2932 505 3116 549 errore
3146 499 3390 563 purgata.

2166 581 2394 639 CAPUT
2441 581 2605 639 XVII.
2644 609 2720 625 -—
2758 580 3019 639 Doctrina:
3064 584 3196 640 ratio
3244 584 3297 640 in
3349 601 3467 642 vera
3509 588 3775 661 religione

2236 691 2389 747 quam
2425 678 2637 746 optima,
2672 692 2765 732 seu
2816 672 2970 733 Vetas
3007 692 3099 733 seu
3136 675 3341 733 Norant
3376 678 3772 739 Testamentum

2234 775 2505 836 spectetur.

2236 857 2326 914 33.
2362 857 2611 916 Jamvero
2644 857 2761 931 ipse
2796 861 2961 919 totius
2997 861 3258 921 doctrina:
3297 866 3516 935 modus,
3558 872 3770 940 partim

2164 950 2537 1021 apertiSsimus
2564 952 2606 1019 ',
2651 953 2845 1025 partim
2882 954 3344 1026 similitudinibus,
3376 960 3429 1014 in
3460 959 3621 1017 dictis
3641 1003 3657 1027 ,
3700 963 3774 1022 in

2165 1041 2340 1107 factis,
2357 1043 2411 1099 in
2431 1044 2800 1114 sacramentis,
2818 1045 2888 1102 ad
2906 1061 3119 1104 omnem
3138 1050 3329 1105 animae
3351 1051 3775 1112 instructionem

2165 1135 2708 1209 exercitationemque
2745 1140 3213 1211 accommodatus,
3248 1143 3373 1215 quid
3412 1145 3553 1201 aliud
3592 1163 3771 1218 quam

2165 1227 2441 1284 rationalis
2476 1228 2770 1301 disciplina
2799 1230 3035 1301 regulam
3076 1231 3359 1302 implevit?
3384 1233 3517 1291 Nam
3553 1248 3610 1293 et
3636 1254 3775 1312 my-

2164 1317 2450 1373 steriorum
2483 1321 2758 1391 expositio
2779 1320 2846 1376 ad
2870 1336 2932 1377 ea
2966 1321 3242 1394 dirigitur,
3268 1340 3389 1397 qua
3416 1327 3774 1398 apertissime

2164 1406 2304 1463 dicta
2331 1420 2475 1465 sunt.
2505 1410 2573 1466 Et
2598 1410 2645 1466 si
2672 1426 2735 1466 ea
2765 1419 2968 1468 tantum
3007 1425 3185 1470 essent
3220 1430 3341 1486 quae
3378 1416 3634 1478 facillime
3675 1422 3773 1480 in-

2164 1500 2497 1573 telliguntur,
2526 1517 2625 1558 nec
2649 1502 2888 1560 studiose
2909 1515 3258 1576 quaereretur,
3287 1522 3388 1565 nec
3413 1510 3651 1569 suaviter
3675 1513 3773 1570 in-

2164 1596 2440 1650 veniretur
2482 1595 2699 1652 veritas.
2729 1595 2914 1666 Neque
2939 1597 2985 1653 si
3023 1609 3203 1654 essent
3243 1598 3299 1656 in
3337 1600 3626 1673 Scripturis
3665 1620 3771 1661 sa.

2163 1696 2436 1742 cramenta
2464 1688 2509 1754 ’,
2544 1696 2601 1743 et
2644 1686 2698 1743 in
2737 1690 3087 1746 sacramentis
3120 1706 3225 1746 non
3263 1704 3449 1751 essent
3482 1695 3770 1766 signacula

2164 1781 2425 1847 veritatis,
2446 1782 2579 1837 satis
2602 1798 2724 1837 cuin
2753 1785 3056 1855 cognitione
3079 1786 3222 1841 actio
3243 1789 3577 1847 conveniret.
3603 1789 3770 1845 Nunc

2164 1887 2293 1928 vero
2315 1875 2565 1945 quoniam
2591 1875 2761 1947 pietas
2789 1876 2981 1932 timore
3006 1876 3305 1949 inchoatur,
3335 1880 3595 1938 charitate
3625 1898 3763 1952 per-

2167 1964 2340 2020 ﬁcitur
2360 1982 2376 2027 ;
2405 1967 2632 2037 populus
2659 1967 2848 2022 timore
2870 1969 3192 2026 constrictus
3215 1979 3458 2043 tempore
3481 1974 3768 2030 Servitutis

2166 2055 2221 2112 in
2264 2059 2424 2113 veteri
2469 2056 2611 2130 Lege
2653 2058 2834 2114 multis
2872 2059 3229 2117 Sacramentis
3267 2064 3608 2120 onerabatur.
3641 2066 3766 2121 Hoc

2165 2152 2307 2204 enim
2338 2149 2533 2205 talibus
2558 2150 2686 2205 utile
2712 2142 2829 2206 erat
2852 2150 2919 2206 ad
2944 2150 3351 2210 desideraudam
3378 2158 3598 2227 gratiam
3634 2157 3762 2223 Dei.

2165 2255 2284 2310 quae
2312 2256 2408 2311 per
2427 2240 2722 2311 Prophetas
2747 2250 2971 2297 ventura
2992 2246 3302 2302 colebatur.
3326 2246 3456 2314 Qua:
3475 2247 3562 2303 tibi
3584 2249 3763 2317 venit,

2164 2330 2234 2384 ab
2277 2331 2389 2402 ipsa
2436 2329 2528 2386 Dei
2571 2330 2842 2402 Sapientia
2888 2332 3103 2390 homine
3142 2346 3438 2407 assumpto,
3480 2353 3508 2391 a
3548 2354 3657 2409 quo
3704 2339 3763 2395 in

2167 2421 2465 2478 libertatem
2506 2425 2676 2479 vocati
2721 2440 2906 2481 sumus
2942 2425 2985 2485 ³.
3021 2441 3181 2494 pauca
3225 2428 3570 2483 Sacramenta
3608 2429 3764 2484 salu-

2166 2511 2395 2568 berrima
2440 2515 2725 2570 constituta
2770 2526 2914 2581 sunt,
2959 2531 3079 2587 quae
3121 2517 3435 2573 societatem
3476 2517 3763 2576 christiani

2167 2606 2366 2675 p'apuli,
2395 2604 2498 2662 hoc
2520 2615 2603 2661 est
2627 2608 2726 2661 sub
2754 2624 2859 2661 uno
2890 2607 2997 2662 Deo
3022 2606 3204 2663 liberie
3225 2607 3604 2675 multitudinis,
3625 2625 3763 2668 eon-

2167 2696 2419 2752 tiuerent.
2444 2696 2603 2752 Multa
2634 2713 2761 2752 vero
2784 2713 2903 2767 qua:
2932 2698 3126 2769 popqu
3151 2698 3398 2768 Hebraeo,
3422 2699 3525 2757 hoc
3546 2711 3631 2758 est
3655 2703 3763 2759 sub

2166 2789 2354 2846 eodem
2378 2805 2484 2844 uno
2503 2790 2612 2846 Deo
2631 2790 2945 2861 comprdita:
2966 2791 3286 2849 multitudini
3305 2793 3551 2863 imposita
3571 2805 3758 2866 erant,

2166 2884 2237 2938 ab
2263 2884 2470 2940 actione
2512 2893 2711 2939 remota
2742 2894 2884 2943 sunt.
2913 2884 2965 2939 in
2996 2884 3097 2940 lide
3122 2895 3281 2957 atque
3310 2886 3762 2959 interpretatione

2167 2983 2499 3030 manserunt.
2536 2974 2607 3028 Ita
2639 2988 2778 3029 nunc
2806 2991 2904 3030 nec
2929 2975 3193 3031 serviliter
3225 2977 3474 3050 alligant,
3504 2988 3561 3035 et
3588 2994 3761 3037 exer-

2167 3078 2288 3123 cent
2317 3065 2611 3121 liberaliter
2634 3081 2890 3121 annuum.

2239 3157 2328 3213 δι.
2368 3156 2618 3225 Quisquis
2661 3165 2838 3212 autem
2888 3154 3008 3211 ideo
3048 3164 3206 3227 negat
3242 3166 3523 3230 utrumque
3558 3157 3761 3215 Testa-

2168 3261 2406 3307 mentum
2435 3249 2505 3303 ab
2531 3265 2637 3304 uno
2669 3248 2775 3303 Deo
2800 3264 2920 3304 esse
2947 3262 3123 3317 ptisse,
3152 3249 3272 3319 quia
3303 3264 3409 3305 non
3433 3250 3638 3306 eisdem
3668 3266 3761 3307 sa-

2167 3341 2454 3398 cramentis
2477 3349 2687 3395 tenetur
2718 3340 2942 3411 populus
2966 3348 3168 3407 uoster,
3191 3340 3385 3411 quibus
3407 3340 3573 3397 Judaei
3601 3349 3761 3398 tene-

2168 3434 2363 3491 bantur
2386 3433 2470 3489 vel
2508 3432 2683 3488 adliuc
2716 3443 3000 3498 tenentur;
3040 3440 3214 3503 potest
3248 3432 3429 3490 dicere
3458 3450 3562 3489 non
3594 3448 3758 3506 posse

2174 3528 2285 3585 lieri
2314 3538 2372 3583 ut
2400 3543 2535 3582 unus
2577 3526 2952 3597 patet-{.unilias
2981 3526 3309 3595 justissimus
3337 3526 3481 3583 aliud
3524 3527 3760 3597 imperet

2170 3622 2251 3678 eis
2287 3620 2478 3693 quibus
2502 3620 2809 3675 servitutem
2851 3618 3117 3675 duriorem
3144 3620 3327 3677 utilem
3358 3619 3579 3691 judicat,
3608 3620 3759 3676 aliud

2170 3714 2251 3769 eis
2273 3729 2408 3783 quos
2434 3714 2484 3767 iu
2514 3714 2739 3768 liliorum
2763 3712 2982 3783 gradum
3010 3711 3262 3783 adoptare
3284 3712 3552 3785 dignatur.
3575 3711 3632 3769 Si
3657 3727 3763 3768 au-

2174 3815 2277 3866 tem
2307 3814 2568 3876 praecepta
2607 3804 2728 3860 vita:
2768 3815 2975 3860 moveut
2996 3846 3011 3870 ,
3037 3805 3177 3875 quod
3208 3806 3259 3861 iu
3286 3805 3451 3861 veteri
3478 3804 3619 3877 Lege
3648 3805 3757 3860 mi-

2174 3913 2302 3954 uora
2329 3907 2453 3952 sunt
2475 3937 2488 3955 .
2517 3898 2567 3951 in
2598 3896 2883 3967 Evangelio
2915 3895 3113 3965 majora
3134 3938 3148 3961 ,
3175 3906 3230 3951 et
3259 3895 3380 3952 ideo
3407 3903 3619 3966 putatur
3646 3910 3758 3953 non

2173 3990 2239 4045 ad
2284 4005 2450 4044 unum
2496 3988 2660 4045 Deum
2701 4001 2921 4058 utraque
2962 3988 3267 4058 pertinere:
3309 3995 3484 4059 potest
3519 3987 3608 4060 qui
3652 3987 3763 4044 hoc

2174 4092 2324 4155 putat
2359 4081 2689 4153 perturbari,
2720 4081 2765 4135 si
2794 4096 2930 4135 unus
2960 4080 3194 4136 medicus
3221 4082 3321 4135 alia
3358 4096 3457 4152 per
3482 4079 3759 4135 ministros

2174 4191 2301 4231 suos
2337 4174 2799 4236 imbecillioribus,
2835 4173 2936 4226 alia
2982 4187 3077 4242 per
3110 4173 3343 4244 seipsum
3374 4172 3759 4229 valentioribus

2178 4267 2445 4339 praecipiat
2485 4268 2551 4323 ad
2590 4264 2958 4334 reparandum,
2991 4266 3074 4321 vel
3117 4266 3456 4321 obtinendam
3501 4266 3755 4321 salutem.

2180 4358 2246 4416 Ut
2283 4359 2424 4414 enim
2454 4375 2543 4413 ars
2579 4357 2890 4423 medicinae,
2919 4372 3041 4412 cum
3077 4356 3263 4412 eadem
3305 4366 3551 4423 maneat,
3579 4372 3759 4428 neque

2176 4451 2285 4507 ullo
2314 4460 2466 4520 pacto
2493 4451 2603 4520 ipsa
2630 4457 2895 4513 mutetur,
2924 4455 3092 4504 mutat
3122 4456 3300 4503 tamen
3329 4456 3592 4519 punct-pta
3635 4448 3758 4503 lan-

2175 4541 2489 4614 guentibus,
2531 4541 2651 4609 quia
2701 4538 2969 4594 nmtabilis
3005 4548 3088 4595 est
3130 4546 3310 4594 nostra
3358 4538 3637 4593 valetudo:
3683 4538 3759 4593 ita

2178 4633 2353 4688 divina
2391 4630 2736 4703 providentia,
2763 4646 2885 4686 cum
2913 4630 2984 4685 sit
3008 4630 3119 4700 ipsa
3154 4627 3374 4683 omnino
3403 4629 3759 4683 iueonimutao

2178 4723 2319 4787 bilis,
2348 4722 2586 4778 mutabili
2618 4730 2792 4776 tamen
2824 4729 3083 4777 creaturae
3106 4719 3252 4774 varie
3276 4719 3545 4781 subvenit,
3575 4727 3630 4776 et
3661 4734 3762 4789 pro

2179 4814 2488 4871 diversitate
2514 4815 2821 4870 morborum
2848 4811 2981 4868 alias
3009 4812 3108 4867 alia
3132 4811 3283 4882 jubet
3308 4820 3400 4866 aut
3429 4819 3611 4874 vetat;
3643 4820 3703 4867 ut
3727 4826 3760 4866 a

2179 4909 2309 4964 vitio
2333 4907 2473 4964 unde
2496 4922 2642 4963 mors
2670 4905 2871 4975 incipit,
2895 4912 2953 4960 et
2978 4904 3045 4959 ab
3070 4903 3182 4973 ipsa
3208 4911 3400 4969 morte,
3421 4902 3486 4957 ad
3514 4911 3759 4958 naturam

2180 5018 2330 5060 suam
2352 5012 2407 5059 et
2422 5000 2729 5061 essentiam.
2747 5014 2812 5055 ea
2834 5013 2954 5070 quae
2975 4996 3247 5064 delicium,
3270 4995 3321 5053 id
3340 5005 3424 5053 est
3441 4994 3508 5051 ad
3532 4994 3760 5053 nihilum

2180 5094 2424 5159 tendunt,
2452 5091 2669 5149 reducat
2691 5100 2747 5147 et
2771 5088 2965 5146 timet.

2245 5212 2351 5284 ιξίε
2364 5216 2471 5262 ηδε
2488 5223 2559 5284 es:
2855 5217 2908 5284 et
2927 5216 3036 5259 Ατιι·
3056 5209 3396 5284 AEN-.3234

2998 5267 3760 5386 mammae;

2180 5365 3763 5470 οεὲιεὲἵὲῗεῑεἱὲοΐἨῑὲῗέαὲεηἫὲξΐὶἓιξῗῖζῗῗῗ.ΪΪΪΪΪΖᾎ

2243 5435 3130 5570 ξὲξεῖ-ἰιιῐέῐιὲῖῶιῖὑῗὶαωνιφιο“ω”
3096 5435 3295 5518 ’ὨΓῶ
3316 5452 3581 5506 libertatem
3607 5449 3763 5506 vocati

2179 5623 2355 5685 ralem,
2388 5624 2621 5677 moralem
2645 5631 2697 5676 et
2723 5622 3024 5677 rationalem.
3050 5623 3273 5675 Moralem
3300 5633 3446 5685 supra
3473 5631 3760 5685 conruent)-

2180 5680 2451 5750 ravit,cum
2471 5689 2705 5751 aitgvitam
2720 5688 2888 5740 Christi
2922 5685 3219 5751 disciplinain
3244 5680 3438 5751 imorum
3468 5682 3618 5751 tuisse
3642 5694 3657 5729 τ
3680 5680 3761 5739 αἱς

2181 5743 2345 5815 νισι-τό,
2368 5749 2669 5815 naturalem;
2692 5764 2804 5805 mox
2826 5753 2875 5804 in
2908 5743 3133 5816 sequenti
3151 5750 3325 5815 capite,
3348 5743 3654 5800 rationalem.
