3874 6336
162 314 249 376 157

282 419 502 484 CAPUT
530 422 716 481 XVIII.
739 448 810 465 -ο
833 423 1090 479 Creaturw
1113 439 1271 494 quare
1296 420 1579 477 mutabiles.

221 523 299 577 55.
338 518 441 575 Sed
482 517 619 574 dicis
647 515 815 571 mihi:
844 517 1019 585 Quare
1054 514 1348 570 deficiunt?
1375 514 1508 582 Quia
1545 521 1717 567 muta—

164 613 266 669 bilis
291 618 429 667 sunt.
468 607 646 675 Quare
679 606 956 662 mutabilia
994 606 1162 662 sunt?
1190 605 1322 673 Quia
1362 620 1468 659 non
1511 618 1719 659 summe

162 714 283 762 sunt.
310 702 485 771 Quare
508 715 617 757 non
644 714 855 756 summe
880 697 1042 755 sunt?
1061 697 1196 767 Quia
1224 697 1476 753 inferiora
1500 705 1624 751 sunt
1653 710 1719 751 eo

161 811 186 851 ε
206 809 299 867 quo
323 792 460 848 facta
485 801 629 846 sunt.
666 790 798 859 Quis
818 806 881 845 ea
911 789 1077 845 fecit?
1103 789 1206 856 Qui
1230 803 1437 843 summe
1458 796 1560 870 εει.
1588 788 1718 854 Quis

162 887 235 943 hic
266 884 381 941 est?
416 884 563 940 Deus
602 881 1051 938 incommutabilis
1087 880 1351 947 Trinitas,
1377 880 1625 951 quoniam
1665 889 1719 934 et

162 992 245 1048 per
264 988 518 1032 summam
544 971 869 1044 Sapientiam
894 986 957 1027 ea
985 971 1131 1039 fecit,
1161 980 1217 1027 et
1243 985 1449 1025 summa
1474 969 1717 1040 benigni-

162 1077 253 1124 tate
272 1073 569 1123 conservat.
601 1063 707 1121 Cur
732 1078 797 1120 ea
836 1062 1003 1119 fecit?
1031 1061 1101 1118 Ut
1140 1072 1341 1118 essent.
1368 1061 1545 1133 Ipsum
1572 1060 1716 1117 enim

162 1172 619 1235 quantumcumque
664 1173 823 1225 esse,
865 1157 1065 1213 bonum
1108 1166 1229 1223 est;
1277 1157 1401 1227 quia
1447 1171 1716 1211 summum

160 1254 330 1310 bonum
352 1262 438 1309 est
460 1265 667 1307 summe
692 1264 834 1306 esse.
860 1247 1016 1306 Unde
1055 1248 1220 1305 fecit?
1249 1248 1329 1303 Ex
1356 1247 1543 1303 nihilo.
1568 1246 1716 1315 Quo-

160 1346 279 1401 niam
298 1341 554 1416 quidquid
575 1350 680 1408 εει,
703 1340 1182 1411 quantulacumque
1205 1340 1384 1409 specie
1405 1339 1473 1394 sit
1497 1353 1717 1395 necesse

160 1446 226 1491 est
249 1437 301 1501 ¹;
339 1435 411 1490 ita
439 1434 542 1490 etsi
583 1433 860 1489 minimum
890 1432 1089 1489 bonum
1110 1471 1128 1499 ,
1160 1441 1335 1487 tamen
1364 1430 1563 1487 bonum
1591 1431 1713 1497 erit,

160 1542 269 1583 etes
286 1525 531 1582 Deoerit.
548 1522 685 1581 Nam
705 1524 956 1594 quoniam
979 1538 1187 1578 summa
1213 1522 1422 1593 species
1446 1537 1715 1577 summum

160 1619 326 1673 bonum
368 1626 490 1681 est,
532 1614 752 1670 minima
793 1614 1002 1685 species
1046 1613 1325 1669 minimum
1367 1612 1566 1668 bonum
1608 1621 1711 1667 est.

158 1707 299 1763 Omne
321 1717 500 1763 autem
526 1706 748 1774 bonum,
769 1714 859 1761 aut
889 1705 1051 1773 Deus,
1080 1712 1174 1760 aut
1200 1720 1267 1760 ex
1298 1705 1409 1761 Deo
1435 1714 1539 1761 est.
1571 1704 1716 1775 Ergo

158 1816 211 1856 ex
233 1800 330 1856 Deo
355 1808 441 1857 est
466 1798 631 1855 etiam
653 1798 871 1854 minima
896 1797 1122 1868 species.
1157 1795 1299 1853 Sane
1323 1796 1467 1868 quod
1490 1797 1559 1852 de
1586 1812 1713 1867 spc-

157 1894 240 1960 cie,
264 1892 357 1949 hoc
384 1892 549 1948 etiam
574 1890 644 1948 de
674 1889 841 1947 forma
866 1889 972 1946 dici
999 1897 1195 1960 potest.
1225 1888 1409 1960 Neque
1432 1889 1576 1944 enim
1607 1888 1717 1943 fru-

157 1994 246 2040 stra
267 1994 364 2041 tam
393 1983 869 2056 speciosissimum,
896 1997 1058 2053 quam
1081 1982 1245 2037 etiam
1271 1980 1712 2038 formosissimum

157 2075 201 2131 in
223 2075 359 2132 laude
380 2076 620 2149 ponitur.
649 2074 705 2130 ld
732 2088 861 2145 ergo
887 2081 991 2138 est,
1018 2071 1162 2128 unde
1190 2070 1318 2127 fecit
1346 2072 1488 2127 Deus
1510 2072 1708 2139 omnia,

155 2166 275 2237 quod
326 2167 525 2222 nullam
569 2166 804 2237 speciem
848 2164 1047 2227 habet,
1094 2162 1400 2234 nullamque
1445 2163 1710 2229 formam;

154 2255 273 2327 quod
298 2256 425 2313 nihil
466 2264 549 2313 est
588 2255 732 2312 aliud
775 2271 935 2327 quam
975 2253 1129 2311 nihil.
1156 2248 1289 2311 Nam
1334 2253 1461 2309 illud
1487 2253 1628 2325 quod
1657 2255 1713 2310 in

156 2348 524 2419 comparatione
564 2348 921 2418 perfecturum
962 2345 1190 2401 informe
1216 2345 1429 2411 dicitur,
1465 2346 1512 2402 si
1553 2344 1713 2401 habet

155 2440 321 2512 aliquid
340 2440 549 2505 formae,
566 2439 809 2510 quamvis
828 2439 1102 2509 exiguum,
1121 2436 1359 2507 quamvis
1383 2435 1709 2503 inchoatum,

156 2531 358 2587 nendum
385 2540 474 2588 est
516 2529 677 2595 nihil,
704 2544 769 2586 ac
797 2544 894 2600 per
922 2528 1024 2585 hoc
1055 2527 1107 2585 id
1134 2542 1348 2599 quoque
1374 2528 1425 2583 in
1455 2537 1709 2599 quantum

155 2634 239 2692 est,
263 2640 359 2681 non
386 2632 477 2680 est
504 2623 607 2679 nisi
633 2638 700 2679 ex
725 2623 858 2678 Deo.

211 2715 288 2771 56.
323 2715 662 2787 Quapropter
685 2714 846 2771 etiam
871 2713 918 2769 si
942 2713 1010 2769 de
1033 2713 1206 2784 aliqua
1247 2712 1460 2768 informi
1490 2714 1710 2769 materia

156 2811 296 2865 [acuis
320 2818 400 2865 est
424 2806 684 2873 mundus,
712 2807 828 2862 haec
865 2805 980 2877 ipsa
1022 2804 1157 2862 facta
1181 2813 1265 2860 est
1288 2806 1507 2861 omnino
1530 2804 1600 2860 de
1625 2806 1711 2859 ni-

154 2904 263 2959 hilo.
282 2902 410 2959 Nam
447 2911 508 2958 ει
544 2900 689 2973 quod
710 2899 948 2956 nondum
975 2898 1256 2954 formatum
1285 2907 1387 2965 est,
1416 2910 1593 2954 tamen
1618 2898 1715 2952 aii-

153 3009 242 3064 qtto
257 2994 409 3050 modo
428 3001 492 3050 ut
507 2991 731 3049 formari
756 2991 923 3063 possit
965 2990 1269 3046 inchoatum
1294 3000 1397 3057 est,
1428 2989 1524 3046 Dei
1552 2988 1715 3045 bene-

153 3085 254 3140 itcio
274 3084 557 3142 formabile
592 3092 706 3140 est:
732 3082 934 3138 bonum
970 3089 1052 3137 εει
1074 3082 1216 3138 enim
1254 3096 1375 3137 esse
1405 3082 1710 3137 formatum.

152 3178 447 3237 Nonnullam
470 3194 602 3250 ergo
619 3177 817 3233 bonum
833 3184 915 3232 est
931 3183 986 3231 et
999 3175 1262 3245 capacitas
1280 3173 1465 3230 formae
1486 3192 1500 3229 :
1525 3182 1580 3229 et
1596 3174 1715 3230 ideo

153 3271 384 3328 bonorum
403 3270 650 3328 omnium
678 3277 885 3333 auctor,
920 3267 1009 3338 qui
1040 3265 1285 3338 praestitit
1326 3265 1573 3333 formam,
1601 3265 1716 3335 ipse

155 3362 258 3418 fecit
282 3367 436 3419 etiam
457 3376 617 3433 posse
639 3359 878 3416 formari.
896 3358 972 3414 Ita
997 3373 1157 3414 omne
1180 3356 1320 3429 quod
1347 3366 1449 3424 εει,
1474 3357 1528 3412 in
1548 3371 1719 3428 quan-

156 3466 248 3511 tum
271 3466 379 3523 est;
403 3464 466 3512 et
495 3469 654 3509 omne
677 3451 820 3524 quod
845 3451 1081 3507 nondum
1108 3459 1213 3518 εει,
1243 3450 1295 3505 in
1313 3458 1569 3521 quantum
1596 3461 1717 3505 esse

155 3557 323 3618 potest,
350 3564 415 3605 ex
448 3548 563 3603 Deo
586 3544 764 3602 habet.
809 3542 963 3612 Quod
1004 3542 1108 3599 alio
1154 3540 1315 3597 modo
1350 3539 1428 3597 sic
1472 3539 1664 3595 dicitur
1697 3559 1715 3599 :

155 3656 290 3697 omne
315 3636 695 3704 formatum,in
723 3643 976 3708 quantum
1014 3634 1298 3690 formatum
1339 3641 1449 3699 est;
1477 3640 1533 3688 et
1558 3647 1718 3689 omne

156 3731 277 3800 quod
296 3730 534 3788 nondum
562 3728 847 3784 formatum
873 3734 975 3793 est,
1005 3726 1059 3781 in
1081 3733 1337 3797 quantum
1364 3722 1582 3779 formari
1624 3739 1721 3794 po-

156 3831 262 3891 test,
284 3839 346 3880 ex
374 3824 493 3880 Deo
517 3821 697 3877 habet.
723 3819 877 3878 Nulla
908 3826 1083 3874 autem
1109 3833 1197 3874 res
1216 3816 1421 3873 obtinet
1446 3816 1720 3888 integrita-

158 3923 249 3969 tem
273 3924 475 3971 natura:
512 3928 647 3979 sum,
680 3913 782 3968 nisi
807 3912 862 3967 in
897 3925 996 3966 suo
1033 3924 1227 3981 genere
1263 3909 1405 3964 salva
1432 3908 1521 3964 sit.
1544 3908 1626 3962 Ab
1651 3923 1719 3964 eo

155 4018 417 4065 autemest
443 4007 624 4064 omnis
661 4006 827 4074 salus,
854 4020 886 4060 a
915 4020 1020 4076 quo
1063 4014 1146 4061 est
1188 4019 1345 4061 omne
1389 4004 1619 4070 bonum;
1665 4012 1720 4059 at

156 4114 296 4155 omne
319 4100 519 4157 bonum
546 4114 613 4155 ex
637 4098 781 4154 Deo:
803 4097 949 4153 salus
975 4097 1133 4169 igitur
1156 4097 1331 4152 omnis
1353 4111 1421 4152 ex
1449 4096 1577 4152 Deo.

156 4190 357 4249 CAPUT
395 4191 545 4249 XIX.
561 4220 635 4233 --
658 4189 801 4247 Bona
827 4198 962 4256 sunt,
987 4190 1076 4245 sed
1097 4206 1200 4245 non
1220 4205 1417 4244 summa
1442 4189 1589 4257 bona,
1608 4204 1722 4259 quae

726 4283 890 4339 vitiari
912 4291 1139 4355 possunt.

218 4380 301 4436 57.
338 4380 480 4436 Hinc
502 4381 612 4449 jam
650 4376 733 4433 cui
778 4374 920 4432 oculi
960 4375 1151 4431 mentis
1180 4384 1378 4445 patent,
1420 4389 1519 4430 nec
1540 4374 1721 4445 perni-

160 4472 289 4527 cioso
321 4472 505 4528 studio
529 4485 680 4526 vana:
721 4468 958 4525 victoria:
986 4467 1216 4538 caligant
1235 4476 1395 4537 atque
1425 4466 1717 4535 turbantur,

161 4562 299 4621 facile
343 4564 614 4633 intelligit,
662 4562 838 4617 omnia
877 4575 996 4631 quae
1024 4560 1277 4614 vitiantur
1310 4567 1365 4614 et
1402 4557 1720 4628 moriuntur,

163 4655 284 4712 bona
309 4672 452 4723 esse,
498 4670 797 4727 quanquam
835 4654 1008 4724 ipsum
1047 4653 1253 4719 vitium,
1302 4663 1357 4708 et
1399 4652 1510 4723 ipsa
1556 4666 1720 4719 mors,

164 4748 341 4805 malum
368 4750 462 4805 sit.
490 4746 601 4803 Nisi
627 4746 771 4803 enim
806 4746 976 4801 salute
1011 4745 1187 4816 aliqua
1228 4745 1579 4815 privarentur,
1618 4760 1723 4799 non

164 4840 235 4897 eis
255 4850 473 4898 noceret
498 4840 685 4897 vitium
713 4839 798 4895 vel
823 4853 1001 4894 mors:
1023 4837 1118 4894 sed
1159 4837 1205 4892 si
1252 4851 1360 4892 non
1402 4845 1616 4893 noceret
1644 4838 1725 4893 vi-

163 4932 301 4999 tium,
325 4933 475 4990 nullo
501 4931 660 4989 modo
683 4940 825 4988 esset
843 4931 1050 4986 vitium.
1068 4929 1122 4985 Si
1150 4943 1278 4999 ergo
1303 4928 1460 4984 saluti
1477 4928 1723 4985 adversa-

165 5027 243 5076 tur
263 5024 468 5092 vitium,
496 5032 553 5080 et
586 5022 733 5078 nullo
755 5021 1029 5077 dubitante
1052 5020 1200 5076 salus
1224 5020 1422 5075 bonum
1448 5030 1559 5087 est;
1587 5020 1724 5075 bona

165 5114 322 5169 omnia
346 5124 495 5182 sunt,
522 5115 715 5187 quibus
755 5113 1065 5169 adversatur
1091 5113 1309 5178 vitium;
1336 5113 1525 5184 quibus
1549 5123 1724 5169 autem

168 5203 461 5263 adversatur
481 5207 690 5273 vitium,
716 5207 829 5277 ipsa
855 5206 1108 5261 vitiantur
1128 5224 1142 5260 :
1162 5205 1299 5262 bona
1316 5216 1438 5261 sunt
1463 5219 1591 5276 ergo
1609 5221 1727 5277 quae

168 5295 430 5364 vitiantur;
476 5296 571 5355 sed
614 5297 735 5355 ideo
774 5296 1047 5365 vitiantur,
1076 5297 1197 5367 quia
1224 5311 1329 5352 non
1361 5312 1566 5352 summa
1589 5296 1724 5352 bona

170 5394 293 5442 sunt.
330 5387 471 5457 Quia
514 5388 671 5461 igitur
711 5388 853 5445 bona
892 5397 1034 5456 sunt,
1065 5404 1129 5445 ex
1161 5388 1271 5444 Deo
1298 5398 1453 5444 sunt:
1475 5389 1597 5459 quia
1622 5404 1727 5445 non

168 5488 358 5535 summa
377 5478 520 5534 bona
539 5488 682 5546 sunt,
711 5493 817 5534 non
839 5488 965 5535 sunt
995 5478 1154 5535 Deus.
1188 5478 1393 5533 Bonum
1434 5493 1561 5548 ergo
1588 5478 1727 5551 quod

171 5569 326 5626 vitiari
346 5586 455 5627 non
479 5580 667 5643 potest,
692 5571 832 5628 Deus
850 5581 953 5627 est.
970 5572 1172 5628 Cretera
1194 5580 1372 5627 autem
1397 5571 1573 5627 omnia
1594 5571 1728 5627 bona

593 5705 1020 5771 quantulacumque
1034 5705 1216 5770 species
1226 5704 1305 5768 sit,
1323 5718 1511 5759 necesse
1524 5712 1611 5769 est,
1635 5716 1728 5759 etc.

432 5850 657 5919 Sacr.
701 5853 976 5917 Αυευετ.
1009 5851 1139 5949 III.
1566 5832 1582 5843 “’
1602 5831 1673 5883 ν’

1562 305 1762 365 LIBER
1802 307 1999 366 UNUS.

3309 312 3412 377 438

1831 434 1898 473 ex
1928 419 2044 489 ipso
2070 428 2213 488 sunt,
2244 434 2361 490 quae
2388 434 2482 489 per
2504 420 2677 491 seipsa
2698 431 2919 490 possunt
2942 424 3137 491 vitiari,
3163 427 3287 496 quia
3309 444 3405 498 per

1826 512 2002 581 seipsa
2030 511 2160 566 nihil
2180 521 2304 568 sunt
2321 530 2336 568 :
2356 527 2450 584 per
2466 513 2640 583 ipsum
2659 522 2838 571 autem
2866 518 3057 587 partim
3083 532 3190 573 non
3217 519 3409 574 vitian-

1829 610 1936 671 tur,
1964 602 2154 673 partim
2181 603 2365 658 vitiata
2388 607 2699 660 sanantur-*.

2072 694 2297 752 CAPUT
2334 696 2453 751 XX.
2476 726 2552 738 —
2580 696 2729 755 Unde
2749 700 2935 756 animi:
2965 703 3160 757 uitium.

1895 788 1986 843 58.
2028 788 2123 845 Est
2151 798 2328 844 autem
2371 790 2556 846 vitium
2602 792 2830 862 primum
2874 794 3065 849 anima:
3108 795 3404 865 rationalis,

1827 878 2071 936 voluntas
2094 895 2157 935 ea
2180 879 2408 937 faciendi
2429 898 2549 953 quze
2576 892 2721 940 vetat
2747 899 2955 940 summa
2980 895 3033 942 et
3062 888 3245 943 intima
3269 892 3411 946 veri-

1826 982 1929 1028 tas.
1956 972 2032 1027 Ita
2074 973 2235 1029 homo
2262 974 2330 1031 de
2356 975 2603 1046 paradiso
2633 977 2686 1032 in
2717 977 2819 1033 hoc
2860 979 3114 1034 sarculum
3159 982 3410 1050 expulsus

1825 1074 1928 1133 est,
1970 1066 2023 1121 id
2061 1075 2144 1122 est
2181 1067 2249 1124 ab
2291 1069 2508 1125 aeternis
2548 1069 2615 1124 ad
2660 1071 2990 1141 temporalia,
3020 1089 3053 1127 a
3082 1073 3314 1143 copiosis
3342 1074 3411 1130 ad

1823 1174 2011 1229 egena,
2042 1174 2074 1215 a
2102 1159 2351 1217 firmitate
2377 1162 2445 1217 ad
2473 1162 2717 1218 infirma:
2747 1180 2854 1219 non
2896 1180 3024 1236 ergo
3053 1182 3083 1220 a
3110 1167 3251 1221 bono
3276 1169 3407 1223 sub-

1823 1249 2052 1305 stantiali
2072 1251 2140 1305 ad
2161 1251 2360 1306 malum
2399 1252 2765 1318 substantiale,
2792 1255 2916 1325 quia
2948 1256 3088 1309 nulla
3114 1257 3411 1315 substantia

1823 1340 2021 1394 malum
2048 1349 2161 1407 est;
2192 1341 2286 1396 sed
2316 1356 2347 1397 a
2372 1341 2513 1397 bono
2536 1354 2739 1398 aeterno
2772 1344 2839 1399 ad
2869 1344 3065 1400 bonum
3094 1348 3404 1417 temporale,

1821 1444 1852 1485 a
1878 1430 2021 1485 bono
2045 1431 2308 1502 spirituaii
2336 1431 2404 1487 ad
2428 1432 2628 1488 bonum
2652 1434 2889 1503 carnale,
2925 1451 2955 1489 a
2984 1436 3124 1491 bono
3151 1438 3405 1509 intelligi-

1820 1520 1915 1575 bili
1938 1520 2004 1576 ad
2037 1521 2236 1577 bonum
2265 1523 2535 1589 sensibile,
2560 1539 2590 1578 a
2612 1523 2754 1580 bono
2774 1540 2986 1581 summo
3008 1527 3074 1581 ad
3096 1529 3291 1583 bonum
3320 1530 3406 1584 in-

1821 1610 2027 1667 fimum.
2070 1612 2165 1667 Est
2205 1612 2365 1683 igitur
2390 1613 2657 1685 quoddam
2700 1615 2921 1685 bonum,
2963 1618 3101 1687 quod
3146 1618 3193 1674 si
3235 1620 3406 1691 diligit

1820 1704 1996 1759 anima
2025 1704 2320 1770 rationalis,
2349 1714 2565 1776 peccat;
2595 1708 2720 1777 quia
2763 1706 2899 1762 infra
2925 1708 3071 1762 illam
3097 1708 3404 1765 ordinatum

1819 1807 1938 1853 est:
1967 1813 2133 1869 quare
2171 1798 2345 1869 ipsum
2371 1808 2645 1869 peccatum
2670 1799 2870 1855 malum
2900 1808 2999 1863 est,
3029 1816 3135 1855 non
3169 1817 3232 1857 ea
3273 1804 3403 1858 sub-

1819 1890 2012 1945 stantia
2052 1905 2173 1961 qute
2213 1890 2484 1961 peccando
2512 1890 2768 1963 diligitur.
2815 1892 2932 1948 Non
2974 1908 3100 1964 ergo
3129 1894 3287 1950 arbor
3312 1896 3401 1952 illa

1819 1981 2017 2037 malum
2044 1991 2146 2049 est,
2169 1997 2288 2052 quae
2310 1982 2365 2038 in
2388 1982 2566 2038 medio
2594 1983 2838 2054 paradiso
2864 1985 3099 2054 plantata
3129 1987 3396 2055 scribitur,

1818 2072 1915 2129 sed
1936 2073 2104 2128 divini
2132 2074 2381 2145 pmcepti
2399 2076 2771 2146 transgressio.
2790 2077 2920 2144 Quae
2934 2093 3057 2135 cum
3072 2094 3404 2151 consequen-

1820 2173 1928 2218 tcm
1958 2162 2119 2218 habet
2138 2165 2336 2233 justam
2363 2164 2780 2235 damnationem,
2810 2168 3069 2240 contingit
3094 2186 3157 2224 ex
3188 2171 3273 2225 illa
3313 2189 3403 2227 ar-

1816 2253 1968 2321 bore,
1999 2270 2118 2325 qute
2142 2264 2325 2311 contra
2351 2257 2573 2313 vetitum
2604 2266 2741 2313 tacta
2762 2268 2865 2327 est,
2893 2260 3256 2329 dignoscentia
3274 2264 3402 2319 boni

1816 2353 1872 2401 et
1895 2344 2055 2400 mali:
2084 2346 2205 2416 quia
2226 2362 2346 2401 cum
2372 2363 2472 2404 suo
2497 2358 2717 2419 peccato
2731 2350 2907 2405 anima
2931 2351 3087 2407 fuerit
3111 2353 3400 2423 implicata,

1816 2434 2013 2490 luendo
2057 2451 2263 2505 poenas,
2305 2438 2463 2494 discit
2502 2441 2631 2510 quid
2676 2441 2883 2497 intersit
2912 2443 3051 2499 inter
3080 2456 3404 2516 praeceptum

1816 2527 1957 2595 quod
1977 2528 2246 2584 custodire
2276 2530 2466 2598 noluit,
2498 2540 2552 2585 et
2576 2540 2848 2601 peccatum
2875 2534 3017 2604 quod
3056 2535 3213 2603 fecit;
3247 2547 3405 2608 atque

1817 2616 1920 2673 hoc
1956 2619 2117 2674 modo
2155 2621 2374 2689 malum,
2422 2623 2564 2693 quod
2613 2624 2850 2680 cavendo
2877 2641 2985 2681 non
3012 2627 3216 2695 didicit,
3248 2629 3404 2685 discit

1815 2710 2127 2777 sentiendo;
2149 2722 2205 2767 et
2234 2713 2428 2767 bonum
2453 2714 2595 2783 quod
2622 2729 2726 2769 non
2754 2716 3206 2786 obtemperando’
3227 2720 3405 2777 minus

1815 2799 2085 2871 diligebat,
2113 2802 2385 2858 ardentius
2405 2803 2575 2874 diligit
2597 2806 2975 2874 comparanda.

1889 2894 1980 2949 59.
2019 2892 2215 2949 Vitium
2236 2910 2363 2965 ergo
2386 2896 2577 2951 anima:
2602 2905 2680 2952 est
2704 2897 2844 2967 quod
2867 2897 3009 2963 fecit,
3041 2910 3095 2955 et
3121 2900 3406 2960 difﬁcultas

1817 3000 1885 3041 ex
1910 2986 2037 3041 vitio
2056 3000 2213 3056 pretia
2236 2997 2318 3043 est
2338 3003 2494 3058 quam
2524 2988 2751 3059 patitur;
2782 2999 2837 3043 et
2862 2991 2962 3046 hoc
2989 2999 3074 3047 est
3098 2999 3268 3047 totum
3289 3009 3407 3050 ma-

1818 3076 1949 3133 lum.
1983 3076 2183 3133 Facere
2208 3088 2388 3134 autem
2430 3087 2484 3134 et
2528 3078 2637 3148 pati
2663 3094 2768 3134 non
2799 3089 2881 3135 est
2908 3081 3239 3138 substantia:
3271 3100 3403 3155 qua-

1784 3230 1795 3241 _
1818 3177 2037 3240 propter
2062 3169 2358 3225 substantia
2386 3185 2491 3225 non
2520 3180 2603 3227 est
2630 3171 2846 3227 malum.
2875 3173 2963 3229 Sic
2978 3176 3121 3231 enim
3147 3191 3244 3231 nec
3264 3192 3401 3249 aqua

1818 3261 2015 3343 malum
2040 3272 2143 3330 est,
2174 3278 2274 3319 nec
2298 3263 2494 3318 animal
2523 3264 2666 3334 quod
2700 3265 2829 3321 vivit
2856 3267 2909 3322 in
2935 3284 3089 3333 aere;
3119 3285 3241 3325 nam
3283 3272 3400 3328 ista:

1817 3353 2128 3409 substantiae
2167 3363 2325 3410 sunt:
2351 3354 2445 3410 sed
2486 3356 2684 3411 malum
2720 3366 2801 3413 est
2827 3358 3121 3416 voluntaria
3154 3364 3402 3433 praecipi-

1820 3446 1949 3501 tatio
1992 3446 2046 3500 in
2087 3461 2300 3518 aquam,
2345 3454 2402 3503 et
2443 3447 2718 3504 sull‘ocatio
2759 3466 2917 3523 quam
2944 3468 3153 3509 mersus
3182 3456 3398 3525 patitur.

1821 3535 1988 3593 Stilus
2013 3537 2219 3595 ferreus
2240 3537 2524 3608 aliaparte
2560 3555 2661 3610 qua
2701 3540 3016 3607 scribamus,
3048 3544 3150 3599 alia
3179 3561 3280 3615 qua
3306 3546 3403 3603 de-

1820 3630 2041 3697 leamus,
2083 3631 2281 3686 all‘abre
2306 3630 2476 3691 factus
2500 3641 2603 3698 est,
2630 3642 2686 3687 et
2710 3633 2763 3686 in
2802 3649 2899 3687 suo
2924 3649 3120 3703 genere
3158 3636 3397 3707 pulcher,

1821 3731 1877 3779 et
1908 3721 1976 3777 ad
2016 3737 2168 3777 usum
2214 3729 2454 3776 nostrum
2482 3722 2936 3778 accommodatus.
2967 3725 3034 3778 At
3062 3724 3107 3779 si
3137 3725 3399 3796 quispiam

1822 3830 1885 3869 ea
1904 3823 2052 3885 parte
2063 3814 2296 3869 scribere
2310 3828 2412 3883 qua
2433 3812 2660 3882 deletur,
2679 3823 2733 3870 et
2748 3829 2810 3870 ea
2825 3815 2952 3870 velit
2965 3814 3144 3873 delere
3159 3834 3261 3888 qua
3278 3820 3404 3873 scrin

1823 3905 1985 3972 bitur,
2013 3904 2156 3960 nullo
2186 3903 2345 3959 modo
2364 3904 2545 3959 stilum
2583 3905 2780 3959 malum
2813 3905 2999 3961 fecerit
3017 3948 3033 3973 ,
3063 3922 3183 3963 cum
3225 3909 3400 3979 ipsum

1822 3997 2019 4053 factum
2062 3996 2185 4066 jure
2226 3997 2585 4069 vituperetur:
2612 3998 2754 4069 quod
2800 4000 2845 4053 si
2889 4001 3138 4072 corrigat,
3182 4003 3269 4058 ubi
3298 4004 3403 4060 erit

1822 4088 2056 4145 malum?
2079 4087 2136 4145 Si
2160 4090 2279 4160 quis
2300 4098 2519 4159 repente
2547 4090 2894 4146 meridianum
2925 4093 3091 4149 solem
3112 4094 3398 4163 intueatur,

1824 4181 2125 4253 repercussi
2163 4181 2303 4237 oculi
2341 4182 2722 4237 turbabuntur:
2752 4199 2876 4239 num
2918 4185 3038 4241 ideo
3062 4196 3152 4242 aut
3175 4188 3257 4243 sol
3282 4204 3398 4243 ma-

1824 4274 1934 4330 lum
1961 4275 2065 4330 erit
2107 4283 2199 4330 aut
2240 4275 2413 4330 oculi?
2435 4274 2590 4331 Nullo
2618 4276 2807 4344 modo;
2833 4289 2956 4334 sunt
2984 4280 3123 4335 enim
3151 4282 3399 4338 substan-

1826 4367 1913 4421 tiae
1937 4385 1953 4422 :
1984 4366 2078 4423 sed
2105 4367 2304 4422 malum
2328 4375 2410 4423 est
2438 4367 2766 4423 inordinatus
2787 4379 3051 4439 aspectus,
3074 4381 3126 4427 et
3148 4372 3259 4442 ipsa
3278 4390 3399 4445 qua:

1826 4458 2167 4530 consequitur
2193 4457 2546 4529 perturbatio;
2583 4459 2725 4528 quod
2754 4459 2947 4514 malum
2983 4477 3090 4516 non
3128 4463 3249 4530 erit,
3276 4480 3399 4520 cum

1826 4549 1964 4604 oculi
2004 4548 2199 4604 fuerint
2243 4550 2487 4616 recreati,
2530 4559 2586 4605 et
2632 4550 2801 4606 lucem
2851 4566 2999 4607 suam
3048 4565 3401 4625 congruenter

1827 4642 2147 4712 aspexerint.
2168 4640 2351 4713 Neque
2375 4657 2496 4697 cum
2519 4643 2705 4698 eadem
2736 4644 2825 4698 lux
2848 4660 2966 4714 quae
2985 4644 3051 4699 ad
3072 4647 3256 4702 oculos
3276 4664 3399 4719 per-

1828 4735 1979 4801 tinet,
2025 4748 2123 4804 pro
2167 4734 2286 4789 luce
2329 4733 2601 4802 sapientiae
2642 4750 2760 4805 quae
2795 4736 2862 4790 ad
2891 4746 3122 4793 mentem
3153 4740 3400 4809 pertinet,

1827 4828 2040 4892 colitur,
2070 4827 2184 4897 ipsa
2213 4825 2272 4881 fit
2314 4826 2544 4880 malum:
2575 4825 2669 4881 sed
2713 4829 3018 4897 superstitio
3056 4830 3251 4885 malum
3294 4842 3398 4899 est,

1828 4934 1932 4989 qua
1973 4926 2233 4973 creaturae
2274 4916 2446 4987 potius
2487 4932 2644 4986 quam
2688 4917 2927 4974 Creatori
2957 4922 3213 4987 servitur;
3260 4922 3402 4992 quod

1828 5008 2027 5065 malum
2072 5008 2290 5064 omnino
2331 5008 2531 5063 nullum
2578 5008 2698 5074 erit,
2754 5024 2874 5064 cum
2917 5011 3090 5065 anima
3130 5010 3404 5080 recognito

1827 5098 2099 5164 Creatore,
2130 5098 2230 5169 ipsi
2255 5099 2346 5153 uni
2373 5113 2434 5154 se
2460 5097 2765 5169 subjecerit,
2810 5108 2864 5154 et
2906 5111 3097 5155 caetera
3141 5113 3236 5167 per
3276 5113 3399 5155 eum

1829 5192 2066 5263 subjecta
2092 5190 2193 5247 sibi
2217 5206 2336 5247 esse
2363 5192 2705 5262 persenserit.

1900 5286 1989 5342 40.
2030 5286 2105 5340 lta
2131 5284 2303 5341 omnis
2336 5299 2591 5355 corporea
2638 5292 2901 5353 creatura,
2953 5285 2997 5337 si
3039 5285 3404 5343 tantummodo

1834 5376 2164 5447 possideatur
2200 5375 2269 5431 ab
2309 5377 2485 5431 anima
2529 5391 2645 5444 qua:
2688 5375 2854 5444 diligit
2884 5374 3070 5441 Deum,
3098 5374 3294 5432 bonum
3322 5391 3407 5436 εει

1834 5468 2093 5533 infimum,
2123 5467 2254 5522 etin
2281 5478 2477 5539 genere
2501 5483 2598 5523 suo
2628 5466 2937 5536 pulchrum;
2963 5468 3211 5538 quoniam
3237 5470 3406 5528 forma

1900 5585 1916 5616 ι
1944 5588 2000 5644 ωᾉ
2026 5581 2329 5644 asterciensi
2359 5586 2442 5629 Ms.
2478 5578 2684 5627 habetur
2707 5591 2720 5626 :
2749 5575 2933 5644 Partim
2953 5590 3047 5629 non
3077 5577 3332 5644 vitiatur,
3359 5589 3410 5632 ut

1838 5642 2002 5739 Ληρειὶ
2020 5657 2037 5705 ;
2054 5642 2230 5707 partim
2245 5640 2409 5691 vitiata
2428 5645 2673 5712 sanantur,
2698 5644 2747 5687 ut
2764 5637 2993 5691 homines.
3010 5706 3035 5714 η

1946 5713 2037 5739 Mea
2080 5702 2290 5739 nnnnnlli
2332 5701 2459 5739 mmd
2480 5714 2530 5739 πη
2554 5701 2919 5739 (ώιριῃηρι-ηπίΙη
2961 5705 3035 5739 ΑΙιι

1946 5701 2065 5757 Msé.’
2080 5702 2308 5760 nonnulli,
2332 5701 2459 5765 quod
2480 5701 2530 5752 in
2554 5701 2935 5764 obtemperando.
2957 5705 3037 5751 Alii
3057 5739 3070 5763 ,
3092 5705 3217 5767 quod
3239 5706 3416 5757 obtenta

2426 5857 2461 5875 ’ί
2884 5850 3138 5919 [Γίηυά
