3874 6378
397 369 454 419 et
480 360 658 431 specie
678 359 1013 416 continetur:
1041 359 1088 415 si
1109 367 1284 414 autem
1300 357 1548 430 diligatur
1574 361 1640 415 ab
1665 361 1841 415 anima
1857 375 1973 430 quae

398 451 619 524 negligit
641 451 832 520 Deum,
870 451 941 508 ne
981 451 1060 508 sic
1101 451 1317 522 quidem
1358 452 1556 508 malum
1595 452 1654 507 iit
1689 452 1836 520 ipsa;
1880 450 1976 508 sed

395 543 645 615 quoniam
689 547 965 613 peccatum
1006 542 1204 598 malum
1246 547 1348 609 est,
1390 557 1496 614 quo
1527 543 1597 599 ita
1632 542 1886 615 diligitur,
1917 542 1978 598 fit

395 634 620 709 ptenalis
667 633 909 690 dilectori
949 647 1067 699 suo,
1108 643 1164 690 et
1205 641 1327 690 eum
1365 632 1600 704 implicat
1623 636 1892 697 aerumnis,
1920 641 1976 690 et

395 728 567 801 pascit
589 727 863 784 fallacibus
885 726 1279 798 voluptatibus:
1301 727 1423 797 quia
1445 741 1620 799 neque
1639 736 1970 797 permanent,

395 834 574 890 neque
598 819 810 884 satiant,
840 817 937 874 sed
975 823 1226 889 torquent
1254 817 1548 873 doloribus.
1575 817 1709 886 Quia
1733 833 1855 874 cum
1883 833 1974 874 or-

397 912 576 969 dinem
612 926 769 969 suum
815 911 1018 984 peragit
1062 910 1278 982 pulchra
1304 911 1626 968 mutabilitas
1652 923 1971 983 temporum,

395 1004 596 1060 deserit
625 1010 890 1058 amantem
915 1002 1120 1071 species
1147 1003 1448 1072 concupita,
1476 1010 1530 1057 et
1557 1017 1652 1073 per
1682 1004 1972 1058 cruciatum

395 1097 673 1156 sentientis
704 1096 928 1153 discedit
963 1111 994 1153 a
1028 1093 1288 1162 sensibus,
1317 1099 1372 1151 et
1398 1095 1671 1151 erroribus
1693 1097 1886 1166 agitat;
1919 1103 1977 1150 ut

394 1191 532 1248 hanc
551 1206 670 1248 esse
701 1190 922 1260 primam
947 1189 1178 1259 speciem
1200 1196 1370 1258 putet,
1393 1201 1512 1258 quae
1537 1189 1771 1250 omnium
1796 1187 1975 1243 intima

394 1289 498 1350 est,
545 1286 748 1336 naturae
790 1279 993 1335 scilicet
1039 1278 1364 1348 corporeze‘,
1401 1290 1559 1347 quam
1609 1285 1703 1348 per
1743 1277 1976 1334 lubricos

395 1379 585 1430 se’nsus
613 1388 740 1429 caro
769 1372 908 1427 male
948 1371 1209 1426 delectata
1236 1369 1616 1435 nuntiaverit‘,
1647 1378 1703 1424 ut
1729 1384 1849 1424 eum
1871 1367 1972 1424 ali-

395 1467 518 1539 quid
536 1467 751 1538 cogitat,
770 1467 1064 1536 intdligcrc
1087 1481 1141 1517 se
1163 1463 1367 1530 credat,
1386 1459 1587 1518 umbris
1605 1462 1791 1517 illusus
1809 1463 1974 1532 phan-

394 1566 696 1613 tasmatum.
730 1557 783 1612 Si
809 1553 1021 1627 quando
1044 1561 1219 1610 autem
1252 1561 1360 1607 non
1386 1559 1576 1608 tenens
1610 1554 1866 1624 integram
1893 1551 1973 1607 di-

396 1642 531 1703 vinae
556 1643 900 1717 providentia:
915 1643 1269 1715 disciplinam,
1291 1641 1385 1698 sed
1411 1650 1596 1699 tenere
1612 1658 1671 1698 se
1686 1644 1970 1708 arbitrans,

394 1739 541 1795 carni
581 1737 827 1794 resistere
852 1745 1106 1802 conatur;
1149 1737 1318 1806 usque
1361 1735 1426 1791 ad
1468 1734 1750 1790 visibilium
1794 1749 1972 1790 rerum

395 1831 653 1903 imagines
683 1829 938 1901 pervenit,
959 1835 1014 1884 et
1040 1827 1171 1883 lucis
1196 1825 1352 1896 hujus
1371 1833 1529 1898 quam
1549 1826 1707 1882 Certis
1733 1825 1973 1882 terminis

395 1922 847 1991 circumscriptam
872 1916 1035 1986 videt,
1058 1919 1317 1973 immensa
1339 1918 1506 1987 spatia
1527 1917 1845 1988 cogitatione
1868 1916 1972 1972 for-

396 2025 504 2071 mat
532 2015 786 2069 inaniter:
810 2019 864 2069 et
889 2013 1025 2067 hanc
1053 2011 1284 2081 speciem
1302 2010 1324 2042 ³
1345 2010 1445 2066 sibi
1471 2009 1661 2065 futurae
1689 2011 1968 2066 habitatio.

395 2106 476 2160 nis
505 2103 811 2174 pollicetur;
843 2102 1084 2157 nesciens
1111 2101 1387 2156 oculorum
1407 2102 1891 2170 concupiscentiam
1912 2113 1970 2158 se

397 2198 624 2264 trahere,
651 2203 704 2252 et
729 2205 846 2251 cum
875 2194 977 2250 hoc
1001 2194 1198 2249 mundo
1233 2194 1312 2249 ire
1347 2193 1482 2249 velle
1504 2203 1650 2248 extra
1679 2193 1967 2261 mundum;

394 2309 549 2364 quem
576 2299 858 2361 propterea
884 2289 1057 2358 ipsum
1083 2302 1202 2343 esse
1236 2301 1344 2342 non
1373 2289 1542 2357 putat,
1569 2287 1688 2357 quia
1721 2286 1838 2355 ejus
1861 2287 1971 2342 cla-

396 2386 585 2440 riorem
612 2392 815 2453 partem
835 2395 930 2451 per
944 2380 1204 2434 iniinitum
1222 2377 1348 2434 falsa
1364 2378 1682 2449 Cogitatione
1696 2377 1966 2434 distendit.

400 2477 547 2545 Quod
575 2492 678 2530 non
702 2475 872 2529 solum
905 2472 974 2528 de
1001 2470 1100 2527 bac
1132 2467 1378 2538 lucc,sed
1401 2471 1557 2525 etiam
1589 2470 1655 2526 de
1693 2485 1848 2540 aqua,
1872 2485 1974 2541 po-

392 2579 589 2625 stremo
613 2569 679 2624 de
695 2569 837 2636 vino,
855 2566 921 2622 de
945 2563 1118 2631 melle,
1143 2563 1210 2620 de
1233 2579 1382 2627 auro,
1401 2563 1467 2618 de
1481 2573 1720 2634 argento,
1747 2563 1814 2617 de
1840 2563 1968 2629 ipsis

392 2663 615 2732 denique
636 2659 828 2730 pulpis.
855 2657 939 2713 vel
963 2655 1239 2727 sanguine,
1265 2653 1352 2710 vel
1376 2655 1588 2709 ossibus
1615 2653 1970 2723 quorumlibet

390 2753 714 2817 animalium,
737 2758 790 2804 et
813 2748 1020 2804 caeteris
1060 2745 1363 2817 huiusmodi
1389 2745 1548 2802 rebus
1575 2744 1820 2800 facillime
1854 2743 1967 2797 fieri

393 2853 580 2913 potest.
620 2841 758 2896 Nihil
792 2841 934 2896 enim
977 2847 1059 2894 est
1095 2835 1357 2906 corporis,
1389 2835 1530 2906 quod
1559 2851 1662 2890 non
1691 2835 1772 2890 vel
1803 2850 1966 2890 unum

390 2935 558 2988 \isum
597 2931 764 3001 possit
805 2927 1260 2983 innumerabiliter
1297 2926 1536 2996 cogitari,
1580 2927 1664 2980 vel
1713 2927 1763 2980 in
1803 2941 1967 2995 parvo

390 3026 558 3094 spatio
576 3022 748 3077 visum
771 3019 937 3089 possit
960 3017 1146 3073 eadem
1169 3015 1482 3087 imaginandi
1511 3015 1754 3070 facultate
1771 3033 1868 3088 per
1889 3017 1968 3071 in-

392 3117 529 3169 iinita
558 3109 800 3169 diffundi.
830 3111 936 3166 Sed
963 3109 1270 3165 facillimum
1313 3116 1395 3163 est
1435 3109 1700 3164 exsecrari
1725 3125 1960 3178 carnem,

388 3204 753 3260 difﬁcillimum
786 3209 961 3256 autem
993 3216 1098 3254 non
1128 3201 1413 3255 carnaliter
1437 3214 1645 3268 sapere.

391 3295 616 3353 CAPUT
654 3292 1078 3350 XXl.——Anima
1104 3291 1375 3357 seducitur,
1404 3291 1524 3344 dum
1550 3292 1752 3362 fugaces
1779 3307 1964 3362 corpo-

740 3401 853 3438 rum
868 3382 1259 3455 pulchritudines
1278 3390 1606 3436 consectatur.

455 3478 544 3532 41.
585 3476 696 3530 liae
738 3491 862 3545 ergo
909 3475 1254 3544 perversitate
1295 3474 1506 3537 animae,
1550 3487 1668 3543 quae
1709 3474 1964 3547 contingit

386 3575 602 3638 petente
626 3574 782 3636 atque
809 3565 1090 3635 supplicio,
1118 3566 1174 3618 iit
1193 3564 1367 3618 omnis
1393 3573 1579 3618 natura
1608 3577 1864 3634 corporea
1902 3566 1963 3620 il-

386 3659 472 3714 Iud
502 3658 641 3729 quod
665 3665 760 3729 per
773 3657 1108 3713 Salomonem
1124 3654 1348 3711 dicitur:
1376 3653 1586 3710 Vanitas
1608 3657 1957 3725 vanitantium,

383 3759 428 3805 et
449 3751 616 3805 omnia
644 3750 856 3804 uanitas.
887 3748 1010 3814 Qua:
1032 3746 1341 3801 abundantia
1371 3747 1562 3801 homini
1601 3748 1654 3801 in
1700 3749 1837 3802 omni
1879 3749 1960 3802 la-

381 3843 498 3894 bore
522 3841 652 3911 ejus,
675 3851 770 3909 quo
790 3839 898 3908 ipse
921 3836 1112 3891 laborat
1138 3835 1228 3891 sub
1252 3836 1356 3890 sole
1377 3836 1569 3908 (Eccle.
1602 3851 1639 3902 ι,
1671 3838 1724 3902 2,
1749 3839 1840 3907 '5)?
1859 3839 1962 3894 Ne.

383 3941 484 4005 que
505 3935 647 3989 enim
674 3933 866 3986 frustra
892 3941 974 3986 est
991 3930 1246 3994 additum,
1277 3931 1625 3995 vanitantium,
1656 3933 1776 4002 quia
1798 3934 1841 3987 si
1864 3947 1958 3988 va-

384 4023 610 4080 nitantes
634 4022 901 4086 detrahas,
944 4022 1031 4091 qui
1077 4029 1324 4091 tanquam
1352 4022 1521 4091 prima
1550 4031 1821 4078 sectantur
1862 4040 1957 4079 ex-

385 4129 571 4182 trema,
600 4130 707 4171 non
737 4116 848 4189 erit
873 4129 1065 4185 corpus
1103 4114 1342 4179 vanitas;
1375 4114 1468 4169 sed
1510 4115 1561 4167 in
1607 4129 1703 4168 suo
1739 4131 1953 4185 genere,

383 4209 621 4280 quamvis
648 4215 960 4271 extremam,
991 4205 1431 4276 pulchritudinem
1473 4206 1586 4260 sine
1624 4206 1732 4260 ullo
1777 4223 1958 4265 errore

386 4298 717 4356 monstrabit.
747 4297 1137 4368 'l‘emporaiium
1177 4296 1317 4351 enim
1358 4298 1654 4368 specierum
1696 4298 1958 4353 multifor-

384 4392 538 4446 mitas
577 4390 643 4446 ab
681 4391 878 4444 unitate
920 4388 1012 4444 Dei
1055 4387 1321 4443 hominem
1357 4389 1557 4460 lapsum
1596 4403 1692 4460 per
1716 4392 1956 4447 carnales

385 4490 572 4536 sensus
601 4480 972 4545 diverberavit,
999 4489 1052 4534 et
1079 4479 1315 4534 mutabili
1355 4481 1609 4536 varietate
1635 4481 1954 4551 multiplica-

389 4574 464 4629 vit
489 4573 605 4643 ejus
639 4572 916 4628 affectum:
943 4573 1010 4626 ita
1037 4571 1172 4627 facta
1204 4580 1285 4627 est
1314 4571 1630 4628 abundantia
1669 4575 1951 4642 laboriosa,

283 4653 292 4659 ’
384 4674 456 4731 et,
487 4666 531 4719 si
557 4664 661 4719 dici
686 4671 882 4734 potest,
909 4663 1123 4733 cepiosa
1159 4672 1385 4733 egestas,
1415 4663 1536 4717 dum
1567 4663 1708 4718 aliud
1733 4674 1786 4720 et
1811 4666 1952 4721 aliud

383 4757 641 4826 sequitur,
673 4763 726 4809 et
751 4753 886 4808 nihil
912 4769 1033 4808 cum
1075 4768 1140 4808 eo
1183 4760 1474 4823 permanet.
1515 4753 1603 4808 Sic
1643 4770 1673 4808 a
1715 4764 1953 4825 tempore

385 4849 659 4913 frumenti,
683 4847 788 4900 vini
812 4853 867 4901 et
896 4846 998 4900 olei
1023 4846 1103 4900 sui
1128 4845 1502 4914 multiplicatus
1526 4855 1625 4913 est,
1653 4855 1839 4902 utnon
1867 4848 1952 4902 in-

383 4942 556 4996 veniat
583 4939 807 5008 idlpsum
835 4935 1006 5008 (Psat.
1029 4951 1101 5002 tv,
1126 4936 1180 5002 8,
1211 4935 1289 5008 9),
1312 4936 1363 4991 id
1389 4945 1731 4994 estnaturam
1754 4941 1953 4996 incom-

381 5031 686 5085 mutabilem
709 5035 764 5083 et
785 5027 1124 5098 singularem,
1157 5043 1312 5098 quam
1338 5036 1550 5084 secutus
1579 5043 1685 5086 non
1714 5041 1874 5100 erret,
1899 5043 1952 5091 et

381 5127 655 5176 assecutus
675 5124 782 5174 nun
802 5118 998 5174 doleat.
1028 5118 1250 5174 Habebit
1273 5120 1414 5174 enim
1433 5122 1594 5175 etiam
1623 5137 1954 5195 consequen-

383 5222 486 5267 tem
515 5209 930 5280 redemptionem
960 5209 1200 5278 corporis
1227 5209 1305 5263 sui
1334 5208 1504 5280 (Rom.
1530 5225 1643 5279 vru,
1665 5211 1779 5286 25),
1810 5217 1951 5286 quod

409 5331 602 5408 _Editi
629 5357 641 5392 :
673 5335 855 5393 Natura
877 5339 1056 5393 scilicet
1076 5337 1321 5405 corporea.
1347 5341 1402 5392 At
1420 5349 1524 5394 Mss.
1547 5343 1738 5408 decem,
1765 5353 1952 5403 natura:

377 5400 555 5469 εέξωερι
577 5413 836 5469 corpora,

408 5467 460 5527 μ’
482 5465 624 5527 editi,
641 5463 764 5527 male
781 5463 1290 5527 dilectarnwttiaverat.
1313 5474 1419 5516 MSS.
1436 5472 1563 5527 octo,
1584 5466 1839 5526 maledicta
1853 5487 1952 5527 mm

376 5517 693 5599 tiatierit.'klii
713 5517 846 5599 duo,
870 5517 1200 5599 meum;
1222 5541 1347 5578 unus
1362 5561 1376 5587 ,
1412 5517 1535 5578 male
1549 5517 1561 5527 ’
1579 5517 1952 5599 mugiuit};

378 5586 480 5645 alii,
500 5585 625 5635 male
646 5585 879 5638 delectata
897 5585 1196 5639 mutaverit.

442 5633 1346 5717 ilbi;‘ei"iiiif;}j5£iii."s€d"ihenus
1379 5633 1590 5716 antiquae
1629 5655 1866 5710 editiones
1899 5668 1951 5712 et

376 5715 506 5771 In,
527 5715 748 5772 speciem.

1422 242 1511 298 DE
1548 241 1736 299 VERA
1771 243 2163 313 REIJGIONE,
2202 246 2260 302 S.
2302 246 2672 308 AUGUSTINI

3565 266 3668 323 140

2079 352 2191 431 Ῐεω
2215 373 2321 417 non
2350 375 2739 436 corrumpetur.
2784 366 2934 423 Nunc
2971 384 3100 426 vero
3143 385 3336 442 corpus
3359 374 3502 444 quod
3541 391 3664 432 cor-

2081 454 2348 524 rumpitur
2371 463 2620 527 aggravat
2644 458 2893 524 animam,
2927 469 2982 515 et
3006 459 3252 530 deprimit
3271 467 3478 520 terrena
3507 465 3664 524 inha-

2081 542 2268 599 bitatio
2290 561 2504 602 sensum
2533 549 2694 604 multa
2720 549 3040 620 cogitantem
3074 551 3226 623 (Sap.
3267 569 3342 621 rx,
3388 556 3499 626 i5),
3539 561 3665 629 quia

2081 636 2285 706 rapitur
2326 637 2380 692 in
2423 638 2662 694 ordinem
2710 641 3060 696 successionis
3105 653 3341 699 extrema
3379 660 3665 716 corporum

2081 727 2435 796 pulchritudo.
2485 728 2618 784 Nam
2662 729 2781 786 ideo
2810 741 3045 788 extrema
3087 743 3188 800 est,
3227 741 3348 806 quia
3375 737 3530 792 simul
3555 754 3664 795 non

2081 825 2260 886 potest
2287 820 2482 876 habere
2505 822 2712 886 omnia;
2737 821 2830 877 sed
2850 824 2974 878 dum
3005 825 3105 879 alia
3133 826 3329 880 cedunt
3353 835 3510 898 atque
3537 842 3663 885 suc-

2082 907 2300 977 cedunt,
2345 911 2714 981 temporalium
2745 911 3034 969 formarum
3082 925 3362 972 numerum
3405 919 3460 973 in
3501 933 3663 976 unam

2080 999 2525 1068 pulchritudinem
2554 1005 2826 1072 complent
2841 1005 2880 1058 ³.

2079 1089 2304 1149 CAPUT
2341 1091 2506 1149 XXII.
2541 1125 2615 1136 —
2655 1095 2847 1150 Rerum
2892 1100 3258 1155 transeuntium
3295 1102 3667 1159 administratio

2573 1185 2694 1238 solis
2719 1186 2889 1256 impiis
2915 1186 3166 1258 displicet.

2148 1271 2237 1326 42.
2255 1271 2322 1327 Et
2350 1273 2451 1328 hoc
2475 1281 2641 1328 totum
2672 1289 2776 1330 non
2806 1277 3087 1347 propterea
3111 1279 3330 1346 malum,
3349 1281 3471 1350 quia
3491 1291 3667 1339 trans-

2079 1362 2138 1418 it.
2161 1364 2251 1420 Slc
2265 1365 2404 1420 enim
2436 1374 2490 1420 et
2523 1378 2708 1423 versus
2729 1368 2781 1422 in
2795 1379 2895 1423 suo
2909 1381 3106 1438 genere
3124 1371 3344 1441 pulcher
3354 1381 3457 1438 est,
3475 1387 3667 1444 quam-

2079 1456 2160 1510 vis
2183 1456 2300 1511 dure
2339 1457 2555 1528 syllabae
2595 1459 2751 1514 simul
2781 1461 2886 1515 dici
2916 1462 3068 1516 nullo
3106 1462 3265 1516 modo
3291 1465 3514 1533 possint.
3546 1463 3663 1522 Nec

2078 1547 2218 1602 enim
2239 1548 2470 1602 secunda
2498 1551 2823 1614 enuntiatur,
2850 1551 2951 1606 nisi
2978 1553 3148 1622 prima
3170 1554 3470 1621 transierit;
3499 1565 3665 1626 atque

2079 1637 2153 1692 ita
2179 1652 2275 1707 per
2297 1638 2535 1694 ordinem
2563 1641 2865 1710 pervenitur
2886 1641 2952 1696 ad
2983 1643 3164 1710 linem,
3193 1655 3253 1697 ut
3284 1657 3404 1699 cum
3430 1646 3542 1699 sola
3569 1647 3662 1700 ul-

2078 1729 2204 1783 tima
2235 1739 2408 1798 sonat,
2441 1741 2548 1786 non
2575 1745 2757 1786 secum
2795 1733 3106 1788 sonantibus
3129 1735 3511 1804 superioribus,
3543 1736 3662 1790 for-

2077 1835 2218 1875 mam
2245 1830 2420 1878 tamen
2449 1833 2506 1878 et
2533 1823 2696 1878 decus
2737 1825 3017 1880 metricum
3053 1839 3177 1881 cum
3220 1827 3502 1898 praeteritis
3527 1843 3662 1884 con.

2076 1919 2218 1967 texta
2241 1914 2500 1982 perliciat.
2520 1913 2629 1970 Nec
2654 1915 2772 1970 ideo
2797 1924 2970 1972 tamen
2995 1931 3083 1974 ars
3109 1919 3220 1988 ipsa
3243 1933 3348 1989 qua
3377 1935 3561 1977 versus
3580 1922 3664 1977 fa-

2077 1999 2329 2068 bricatur,
2359 2005 2436 2057 sic
2460 2003 2684 2074 tempori
2707 2004 2938 2060 obnoxia
2963 2015 3066 2073 est,
3105 2015 3163 2063 ut
3185 2008 3519 2078 pulchritudo
3538 2011 3663 2082 ejus

2075 2107 2172 2163 per
2198 2105 2478 2148 mensuras
2524 2103 2792 2150 morarum
2821 2096 3122 2167 digeratur:
3151 2099 3247 2154 sed
3291 2099 3446 2155 simul
3495 2099 3662 2158 habet

2074 2186 2274 2252 omnia,
2314 2186 2507 2255 quibus
2546 2185 2710 2242 efficit
2735 2185 2948 2243 versum
2998 2204 3104 2244 non
3167 2191 3328 2246 simul
3370 2191 3661 2249 habentem

2074 2276 2270 2341 omnia,
2298 2275 2388 2330 sed
2417 2263 2801 2346 posteriiiribus
2838 2279 3011 2349 priora
3043 2280 3344 2348 tollentem;
3373 2291 3660 2354 propterea

2075 2374 2250 2420 tamen
2273 2367 2574 2436 pulchrum,
2602 2369 2722 2438 quia
2744 2378 2982 2425 extrema
3009 2371 3229 2441 vestigia
3255 2374 3395 2428 illius
3419 2374 3663 2444 pulchri-

2074 2458 2274 2512 tudinis
2302 2468 2556 2528 ostentat,
2585 2475 2744 2531 quam
2769 2470 3076 2518 constanter
3118 2471 3277 2534 atque
3305 2465 3663 2521 incommuta-

2072 2548 2251 2604 biliter
2271 2565 2362 2606 ars
2391 2553 2502 2622 ipsa
2523 2553 2772 2608 custodit.

2140 2642 2233 2697 45.
2270 2640 2466 2713 Itaque,
2497 2653 2554 2698 ut
2580 2644 2822 2700 nonnulli
2858 2647 3095 2716 perversi
3122 2647 3290 2719 magis
3313 2657 3498 2705 amant
3522 2665 3654 2706 rer-

2074 2747 2214 2798 sum,
2253 2748 2409 2803 quam
2455 2746 2620 2790 artem
2653 2737 2821 2806 ipsam
2848 2751 2950 2807 qua
2976 2739 3254 2794 coniicitur
3295 2753 3497 2807 versus,
3527 2742 3654 2812 quia

2070 2825 2192 2895 plus
2229 2839 2289 2880 se
2327 2826 2544 2880 auribus
2581 2842 2739 2896 quam
2788 2827 3148 2900 intelligentia:
3193 2831 3549 2889 dediderunt:
3577 2833 3657 2890 ita

2069 2919 2225 2973 multi
2251 2921 2559 2989 temporalia
2582 2919 2824 2992 diligunt,
2855 2921 3200 2979 conditrieem
3230 2939 3358 2980 vero
3377 2939 3442 2980 ac
3469 2925 3658 2981 mode-

2069 3013 2319 3066 ratricem
2348 3019 2644 3081 temporum
2673 3012 2903 3068 divinam
2933 3014 3313 3084 providentiam
3345 3031 3448 3070 non
3474 3017 3660 3087 requi-

2068 3113 2224 3169 runt;
2284 3113 2445 3173 atque
2487 3103 2538 3158 in
2584 3104 2694 3173 ipsa
2736 3105 3018 3161 dilectione
3056 3106 3423 3176 temporalium
3467 3109 3658 3164 uolunt

2070 3196 2303 3252 transire
2342 3196 2484 3267 quod
2514 3207 2711 3264 amant,
2756 3207 2812 3252 et
2855 3206 2960 3251 tam
2999 3206 3123 3252 sunt
3156 3198 3388 3264 absurdi,
3420 3214 3579 3269 quam
3603 3200 3657 3256 si

2073 3289 2351 3358 quisquam
2379 3288 2432 3343 in
2464 3289 2773 3343 recitatione
2819 3289 3060 3359 praeclari
3092 3291 3343 3345 carminis
3369 3307 3524 3345 unam
3551 3292 3656 3346 ali-

2069 3397 2227 3453 quam
2250 3381 2507 3453 syllabam
2533 3381 2700 3436 solam
2729 3391 2981 3450 perpetuo
3005 3382 3166 3436 vellet
3189 3383 3393 3438 audire.
3420 3382 3529 3439 Sed
3570 3393 3656 3440 ta-

2068 3473 2147 3530 les
2173 3475 2442 3530 auditores
2465 3475 2759 3530 carminum
2781 3489 2888 3529 non
2929 3475 3297 3541 inveniuntur;
3331 3476 3522 3532 talibus
3548 3492 3652 3533 au—

2067 3571 2172 3620 tem
2193 3581 2370 3620 rerqu
2392 3564 2802 3619 :estimatoribus
2822 3563 2973 3633 plena
2992 3573 3113 3619 sunt
3127 3565 3335 3630 omnia;
3364 3574 3649 3635 propterea

2067 3657 2191 3726 quia
2221 3671 2378 3711 nemo
2423 3662 2523 3720 est,
2553 3656 2646 3724 qui
2675 3669 2782 3708 non
2822 3653 2977 3710 facile
3004 3671 3107 3709 non
3140 3656 3299 3711 modo
3326 3665 3493 3712 totum
3524 3674 3651 3714 ver-

2065 3759 2204 3812 sum,
2233 3745 2327 3799 sed
2357 3745 2515 3800 etiam
2545 3753 2716 3799 totum
2762 3759 2978 3800 carmen
3025 3746 3192 3815 possit
3227 3748 3440 3814 audire;
3472 3759 3644 3806 totum

2063 3845 2243 3892 autem
2284 3835 2524 3891 ordinem
2567 3837 2884 3892 surculorum
2913 3839 3108 3894 sentire
3149 3841 3327 3895 nullus
3368 3841 3648 3899 hominum

2063 3935 2256 3997 potest.
2286 3927 2399 3982 Huc
2422 3927 2622 3983 accedit
2651 3928 2791 3997 quod
2824 3930 3072 3984 carminis
3103 3947 3208 3986 non
3231 3948 3413 3986 sumus
3441 3942 3644 4004 partes,

2062 4019 2377 4074 saeculorum
2409 4035 2537 4074 vero
2566 4021 3105 4099 partesdamnatione
3127 4023 3250 4078 facti
3277 4040 3479 4080 sumus.
3508 4025 3646 4082 Illud

2061 4126 2188 4182 ergo
2215 4113 2422 4166 canitur
2446 4112 2544 4167 sub
2565 4112 2765 4181 judicio
2787 4123 2990 4180 nostro,
3014 4114 3110 4168 ista
3131 4125 3453 4185 peraguntur
3476 4116 3547 4172 de
3567 4118 3648 4173 la-

2060 4200 2192 4257 bore
2219 4212 2423 4258 nostro.
2450 4203 2590 4259 Nulli
2617 4215 2792 4259 autem
2811 4206 2950 4260 victo
2973 4205 3081 4260 ludi
3106 4205 3381 4276 agonistici
3408 4207 3640 4276 placent,

2059 4294 2156 4350 sed
2192 4303 2368 4351 tamen
2415 4311 2536 4352 cum
2569 4297 2686 4366 ejus
2730 4296 2992 4352 dedecore
3035 4297 3213 4352 decori
3257 4307 3415 4354 sunt:
3441 4310 3495 4354 et
3519 4299 3640 4358 haec

2059 4390 2201 4445 enim
2228 4390 2468 4460 quaedam
2493 4389 2715 4444 imitatio
2733 4390 2970 4443 veritatis
2993 4398 3094 4445 est.
3116 4388 3226 4445 Nec
3249 4390 3319 4446 ob
3341 4392 3484 4447 aliud
3509 4409 3538 4446 a
3561 4402 3647 4450 ta-

2059 4481 2198 4536 libus
2227 4481 2571 4551 prohibemur
2609 4481 2947 4552 spectaculis,
2978 4483 3079 4538 nisi
3108 4499 3176 4538 ne
3207 4484 3410 4540 umbris
3453 4501 3639 4545 rerum

2058 4572 2288 4642 decepti,
2309 4573 2377 4627 ab
2398 4573 2526 4641 ipsis
2547 4573 2706 4627 rebus
2724 4588 2947 4643 quarum
2975 4574 3078 4628 illa:
3100 4576 3300 4630 umbra:
3320 4587 3463 4644 sunt,
3483 4581 3646 4634 aber-

2058 4678 2256 4717 remus.
2288 4660 2361 4716 lta
2388 4662 2751 4719 universitatis
2783 4663 2939 4732 hujus
2964 4664 3198 4722 conditio
3221 4676 3384 4738 atque
3409 4669 3641 4726 adelini-

2058 4755 2263 4819 stratio,
2291 4755 2419 4809 solis
2448 4756 2621 4824 impiis
2661 4757 2853 4810 animis
2881 4756 3247 4830 damnatisque
3289 4775 3394 4816 non
3425 4763 3639 4834 placet;

2055 4845 2153 4900 sed
2173 4847 2330 4900 etiam
2350 4861 2470 4901 cum
2497 4845 2708 4902 miseria
2728 4862 2911 4901 earum
2928 4849 2969 4912 ³,
2990 4849 3170 4906 multis
3197 4852 3279 4906 vel
3303 4853 3356 4908 in
3385 4861 3522 4909 terra
3554 4857 3640 4912 vi-

2057 4939 2324 5003 ctricibus,
2345 4940 2426 4994 vel
2450 4939 2504 4993 in
2517 4939 2654 4994 cmlo
2674 4939 2790 4994 sine
2813 4942 3046 5009 periculo
3061 4946 3419 5014 spectantibus
3434 4947 3634 5017 placet:

2057 5029 2188 5086 nihil
2211 5030 2355 5085 enim
2377 5030 2578 5098 justum
2605 5029 2848 5099 displicet
2865 5030 3030 5101 justo.

2220 5143 2444 5198 CAPUT
2493 5132 2680 5199 XXI".
2708 5174 2783 5186 —
2807 5144 2984 5200 Omnis
3007 5146 3284 5203 substantia
3317 5150 3466 5207 bona.

2058 5243 2066 5303 ξ
2126 5235 2217 5291 μ.
2245 5235 2523 5304 Quocirca,
2551 5251 2672 5291 cum
2698 5238 2872 5292 omnis
2893 5238 3067 5293 anima
3096 5241 3367 5296 rationalis
3386 5243 3477 5297 aut
3502 5251 3635 5313 pec-

2085 5450 2106 5488 :
2119 5416 2360 5488 {sicana
2394 5415 2638 5488 plerique.
2659 5421 2718 5466 At
2737 5423 2814 5467 Er.
2851 5423 2965 5468 ιον.
2988 5425 3044 5470 et
3061 5426 3170 5470 Am.
3184 5447 3202 5484 φ
3222 5428 3443 5474 maneres
3459 5423 3512 5476 οι
3526 5423 3641 5488 put-

2055 5474 2678 5551 άιῖίευάέηριῖἓέοίηρίεξηίι.
2783 5549 2797 5551 _
2850 5537 2861 5551 .
2924 5535 2948 5551 _.
3015 5539 3020 5546 .
3465 5474 3572 5551 ζίξ

2120 5539 2140 5570 ι
2165 5545 2236 5586 Er.
2264 5543 2316 5588 et
2340 5547 2417 5589 Ms.
2444 5537 2707 5590 Casalensis
2731 5554 2743 5590 :
2770 5537 2861 5593 Sed
2890 5537 3034 5592 etiam
3056 5537 3305 5598 anunab'us
3326 5537 3500 5599 sanctis

2268 5613 2452 5671 earum.
2477 5608 2605 5659 Lov.,
2624 5605 2708 5652 sed
2730 5603 2873 5653 etiam
2891 5604 3176 5671 attinnt-tibus
3193 5609 3366 5660 scutatis
3383 5598 3508 5671 cum,
3535 5598 3639 5662 etc.

2057 5667 2202 5730 locus
2225 5663 2564 5730 interpolatus,
2590 5679 2746 5730 quem
2776 5673 2882 5716 uss.
2916 5667 3136 5730 plerique
3169 5683 3353 5724 necnon
3395 5663 3644 5726 editiones

2055 5725 2167 5774 Bad.
2190 5732 2244 5776 et
2263 5732 2375 5775 Arn.
2394 5727 2466 5776 sic
2488 5725 2754 5780 exhibent:
2779 5730 2865 5781 sed
2884 5725 3032 5780 citam
3047 5725 3160 5784 cum
3175 5736 3390 5795 unum,
3411 5745 3516 5787 etc.
