3874 6358
276 240 377 314 tu

274 352 411 407 catis
439 350 551 405 suis
598 350 796 405 msera
840 350 928 414 sit,
974 352 1065 403 aut
1090 354 1235 403 recte
1265 340 1417 403 lactis
1457 345 1647 411 beata;
1686 344 1862 400 omnis

1674 248 1879 307 LIBER
1917 240 2119 308 UNUS.

3455 244 3559 319 {id

1974 355 2154 396 amore
2194 353 2385 411 pueros
2413 352 2633 399 necesse“
2667 353 2779 411 est;
2819 345 3185 404 adol63cente’s
3211 350 3337 407 vero
3377 348 3547 425 prope

271 453 455 501 autem
502 445 823 500 irrationalis
868 452 958 499 aut
998 442 1155 499 cedat
1200 440 1503 512 potentiori,
1548 448 1639 494 aut
1684 442 1868 509 pareat
1971 450 2191 491 necesse
2220 446 2333 503 est;
2368 436 2490 492 hinc
2514 438 2623 508 jam
2660 439 2979 510 procedertte
3005 448 3163 497 {etate
3186 455 3299 499 non
3335 444 3419 501 est
3448 464 3542 506 ne.

272 537 507 602 meliori,
532 546 623 591 aut
644 542 982 606 Comparetur
1009 534 1219 606 aequali,
1247 542 1339 589 aut
1364 536 1654 589 certantem
1675 534 1692 564 ¹
1711 546 1869 587 εχει-ά
1970 541 2144 582 cesse.

271 638 397 685 edat
425 631 467 697 ⁸,
508 636 600 685 aut
640 630 892 683 damnato
943 636 1168 691 noceat;
1215 637 1270 683 et
1316 638 1474 681 omne
1518 638 1713 695 corpus
1754 640 1864 680 sua:

272 722 473 777 minus:
516 721 734 788 serviat,
760 727 1013 790 quantum
1040 730 1140 790 pro
1164 719 1280 787 ejus
1311 718 1537 784 meritis,
1566 726 1621 773 et
1648 730 1743 787 pro
1772 731 1862 772 re-

270 822 401 865 rum
426 812 614 866 ordine
656 811 848 865 sinitur
876 827 889 864 :
929 809 1130 864 milium
1162 809 1357 863 malum
1397 817 1477 863 est
1511 818 1712 863 natura:
1741 808 1864 863 uni-

272 915 469 965 versae,
517 901 611 956 sed
641 916 737 955 sua
771 903 960 969 cuique
988 900 1139 969 culpa
1168 900 1225 953 ﬁt
1266 898 1484 953 malum.
1532 898 1696 954 Porro
1742 912 1862 953 cum

269 992 454 1043 anima
482 1000 576 1059 per
617 990 713 1046 Dei
757 990 979 1061 gratiam
1026 994 1359 1060 regenerata',
1402 999 1457 1044 et
1503 991 1555 1045 in
1600 991 1860 1060 integrum

270 1081 545 1147 restituta,
568 1090 621 1136 et
642 1081 713 1135 illi
729 1081 934 1135 subdita
957 1080 1047 1135 uni
1073 1090 1104 1135 a
1128 1096 1232 1150 quo
1256 1089 1339 1135 εει
1356 1090 1552 1144 creata,
1573 1082 1862 1136 instaurato

269 1173 435 1228 etiam
462 1187 689 1242 corpore
705 1173 757 1229 in
771 1175 1044 1244 pristinam
1060 1174 1381 1238 ﬁrmitatem,
1406 1191 1510 1228 nou
1525 1188 1642 1228 cum
1664 1176 1861 1230 mundo

266 1264 557 1333 possideri,
598 1264 692 1318 sed
728 1266 980 1319 mundum
1016 1265 1290 1336 possidere
1326 1267 1567 1336 coeperit,
1590 1264 1789 1320 nullum
1811 1264 1863 1321 ei

264 1356 474 1410 malum
497 1358 765 1427 erilzquia-
788 1360 887 1413 ista
916 1358 1093 1413 inﬁma
1134 1356 1469 1428 pulchritudo
1495 1359 1858 1427 temporalium

263 1448 841 1521 vicissitudinumgua:
862 1466 981 1505 cum
999 1451 1110 1520 ipsa
1127 1449 1497 1521 peragebatur,
1514 1450 1611 1505 sub
1624 1450 1733 1520 ipsa
1750 1450 1859 1519 per-

267 1551 501 1609 agetur;
530 1549 589 1596 et
610 1543 735 1608 erit,
768 1550 824 1596 ut
842 1544 1095 1613 scriptum
1118 1552 1218 1608 est,
1242 1540 1435 1596 Cwlum
1455 1556 1633 1595 novum
1654 1550 1697 1594 et
1726 1550 1859 1594 terra

262 1647 407 1685 nova
421 1630 573 1706 (Isai.
600 1649 720 1698 va,
740 1636 824 1697 l7,
852 1644 897 1689 et
916 1636 1071 1708 Apoc.
1091 1649 1209 1701 ut,
1231 1634 1307 1703 i),
1329 1648 1434 1687 non
1461 1633 1510 1686 iu
1540 1642 1685 1703 parte
1712 1631 1858 1687 labo-

258 1723 516 1778 rentibus
539 1724 750 1792 animis,
776 1725 870 1780 sed
895 1726 949 1780 in
980 1725 1321 1780 universitate
1346 1724 1705 1794 regnantibus.
1741 1721 1857 1779 0m-

258 1814 357 1865 περ
380 1815 522 1868 enim
551 1830 731 1879 vestra,
760 1817 925 1887 inquit
955 1817 1264 1886 Apostolus,
1307 1831 1393 1869 vos
1422 1822 1589 1869 mitem
1627 1814 1851 1882 Christi,

260 1901 507 1959 Christus
533 1916 699 1959 autem
730 1906 824 1961 Dei
846 1908 896 1977 (Ι
925 1906 1041 1962 Cor.
1068 1923 1148 1972 ιιι,
1166 1906 1271 1980 2‘2)
1302 1923 1315 1961 τ
1345 1915 1417 1973 et,
1446 1906 1607 1976 Caput
1634 1906 1857 1961 mulieris

257 1994 365 2056 uir,
399 2006 549 2064 caput
577 1997 670 2049 viri
697 1996 965 2064 Christus;
1000 2008 1149 2069 caput
1177 2005 1341 2051 autem
1368 1996 1553 2051 Christi
1581 1995 1717 2049 Deus
1742 1994 1852 2069 (Id.

257 2100 347 2149 ιι,
382 2084 460 2154 5).
487 2082 745 2154 Quoniam
774 2090 932 2160 igitur
953 2091 1137 2145 vitium
1165 2091 1353 2143 animat
1379 2104 1484 2143 non
1511 2096 1694 2143 natura
1716 2089 1851 2156 ejus,

254 2177 367 2231 sed
399 2187 578 2232 contra
607 2188 846 2233 naturam
876 2181 991 2250 ejus
1015 2190 1115 2245 est,
1149 2180 1385 2249 nihilque
1421 2179 1560 2233 aliud
1589 2187 1671 2235 est
1695 2194 1851 2249 quam

252 2279 546 2337 peceatum
587 2279 638 2325 et
666 2282 819 2340 poena
861 2273 1103 2339 peccati;
1149 2272 1269 2327 inde
1310 2271 1616 2341 intelligitur
1655 2270 1852 2325 nullam

250 2369 536 2426 naturam,
566 2362 669 2427 vel,
711 2364 754 2417 si
786 2365 971 2417 melius
1010 2364 1079 2417 ita
1121 2363 1333 2427 dicitur,
1375 2362 1573 2416 nullam
1604 2363 1850 2415 substan-

250 2451 406 2504 tiam
432 2452 547 2506 sive
583 2454 867 2508 essentiam
894 2454 1091 2507 malum
1122 2466 1259 2507 esse.
1307 2451 1487 2522 Neque
1528 2453 1594 2506 de
1624 2451 1852 2521 peccatis

248 2542 550 2612 pennisque
575 2544 687 2613 ejus
710 2545 902 2598 anim
924 2543 1169 2606 efﬁcitur,
1203 2552 1257 2597 ut
1286 2543 1601 2596 universitas
1630 2542 1732 2595 ulla
1759 2540 1851 2596 de-

245 2629 541 2690 fwmitate
565 2642 802 2705 turpetur
853 2634 982 2701 Quia
1012 2634 1281 2687 rationalis
1301 2633 1615 2697 substantia,
1641 2646 1759 2701 quae
1784 2633 1851 2687 ab

244 2726 420 2781 omi
450 2736 660 2794 peccato
686 2726 880 2779 munda
907 2732 1009 2790 est,
1046 2726 1153 2779 Deo
1181 2725 1437 2793 subjecta,
1466 2722 1719 2791 subjectis
1749 2723 1848 2776 sibi

244 2818 483 2873 ceteris
504 2817 818 2871 dominatur.
849 2818 922 2871 Ea
945 2828 1070 2870 vero
1089 2830 1209 2885 quae
1230 2815 1484 2884 peccavit,
1509 2814 1581 2867 ibi
1608 2813 1848 2867 ordinata

240 2918 373 2974 est,
413 2909 497 2962 ubi
525 2924 639 2963 esse
671 2909 804 2963 tales
827 2909 997 2974 decet,
1034 2919 1091 2962 ut
1130 2909 1239 2962 Deo
1276 2908 1550 2962 conditore
1579 2918 1734 2977 atque
1760 2921 1848 2963 re-

239 3010 426 3056 ctore
450 3001 798 3055 universitatis
825 3001 1016 3058 decora
1046 3002 1155 3056 sint
1182 3001 1376 3054 omnia.
1408 3001 1473 3055 Et
1500 3010 1581 3055 est
1613 3001 1846 3070 pulchri-

243 3094 407 3149 tudo
447 3094 701 3147 universas
739 3103 997 3147 creaturas
1040 3106 1132 3162 per
1175 3091 1288 3146 hmo
1329 3094 1426 3145 tria
1474 3092 1844 3161 inculpabilis;

236 3184 660 3240 damnationem
700 3194 1056 3255 peccaturum,
1087 3185 1522 3240 exercitationem
1558 3184 1843 3255 iustorum,

238 3277 651 3350 perfectionem
680 3279 775 3334 hea
783 3288 973 3333 torum.

237 3370 501 3427 WHT
535 3370 721 3426 XXIV.
747 3400 820 3411 —
850 3370 1054 3441 Duplici
1096 3370 1177 3423 sia
1202 3369 1355 3425 saluti
1382 3368 1597 3423 hominis
1631 3369 1845 3422 consuli—

322 3470 446 3527 κη’,
488 3464 780 3516 auctoritate
804 3472 850 3517 et
877 3463 1071 3517 ratione
1100 3478 1118 3515 :
1146 3477 1205 3515 ac
1245 3461 1408 3532 primo
1446 3459 1510 3515 de
1534 3461 1849 3515 auctoritatis

323 3552 561 3607 subsidio
585 3557 754 3623 agitur
776 3570 933 3626 usque
960 3554 1028 3607 ad
1062 3562 1213 3624 caput
1236 3552 1325 3607 9.9.

326 3644 434 3701 l5.
463 3643 811 3711 Quamobrem
835 3646 944 3714 ipsa
973 3658 1184 3715 quoque
1206 3644 1395 3697 anima:
1418 3643 1698 3709 medicina,
1727 3659 1844 3713 qua:

235 3737 447 3795 divina
476 3738 799 3807 providentia
835 3745 889 3791 et
929 3736 1180 3791 ineﬁ‘abili
1231 3736 1573 3791 beneﬁcentia
1604 3736 1802 3804 geritur
1826 3779 1839 3803 ,

233 3828 527 3901 gradatim
568 3828 921 3898 distincteque
958 3826 1308 3897 pulcherrima
1360 3835 1458 3881 est.
1506 3826 1844 3880 Distribuitur

234 3922 419 3978 enim
465 3920 516 3973 in
567 3922 935 3975 auctoritatem
996 3929 1154 3988 atque
1200 3920 1481 3974 rationem.
1540 3919 1842 3974 Auctoritas

233 4011 435 4068 ﬁdem
460 4009 672 4081 ﬂagitat,
694 4020 748 4067 et
778 4011 968 4065 rationi
995 4019 1255 4080 praeparat
1279 4011 1568 4065 hominem.
1597 4010 1750 4065 Ratio
1776 4010 1842 4065 ad

232 4102 594 4161 intellectum
624 4102 1087 4173 cognitionemque
1123 4102 1380 4172 perducit.
1409 4102 1719 4172 Quanquam
1746 4116 1841 4158 ne-

232 4200 367 4267 qua
386 4194 748 4248 auctoritatem
774 4194 909 4250 ratio
926 4193 1134 4263 penitus
1153 4193 1366 4257 deserit,
1392 4208 1511 4248 cum
1533 4192 1839 4247 considera-

234 4298 345 4343 tur
378 4284 467 4336 cui
493 4284 559 4338 sit
580 4284 900 4339 credendum
926 4300 941 4349 ;
972 4292 1027 4339 et
1047 4293 1194 4339 certe
1221 4298 1427 4339 summa
1447 4290 1530 4339 est
1552 4284 1716 4353 ipsius
1729 4283 1839 4354 jam

232 4374 491 4445 agnita:
541 4384 701 4444 atque
754 4375 1044 4445 perspicuae
1098 4376 1339 4431 veritatis
1382 4375 1683 4431 auctoritas.
1730 4374 1837 4433 Sed

232 4468 397 4538 quia.
425 4464 477 4519 in
519 4466 831 4536 temporalia
866 4466 1200 4533 devenimus,
1230 4475 1285 4522 et
1325 4480 1513 4522 eorum
1554 4482 1736 4523 amore
1772 4470 1841 4525 ab

234 4560 481 4619 uternis
521 4559 858 4629 impedimur,
902 4558 1143 4629 quadam
1189 4558 1498 4628 temporalis
1542 4559 1835 4626 medicina,

238 4656 390 4725 qua:
418 4662 519 4705 non
566 4651 815 4716 scientes,
859 4650 951 4704 sed
980 4648 1259 4705 credentes
1304 4648 1369 4701 ad
1396 4648 1618 4703 salutem
1664 4658 1836 4716 vocat,

235 4759 373 4801 non
405 4751 600 4801 naturae
627 4750 681 4797 et
702 4741 1031 4797 excellentiae
1058 4741 1101 4807 ’,
1130 4738 1223 4793 sed
1267 4739 1432 4807 ipsius
1470 4741 1726 4809 temporis
1753 4754 1839 4795 or-

234 4837 395 4894 dine
420 4836 563 4905 prior
589 4844 691 4889 at.
735 4834 870 4889 Nam
898 4834 951 4888 in
980 4844 1143 4903 quem
1170 4832 1349 4887 locum
1387 4832 1608 4901 quisque
1633 4833 1841 4889 cecide.

235 4929 348 4993 ris,
388 4925 459 4979 ibi
483 4925 640 4981 debet
662 4925 967 4981 incumbere
986 4932 1044 4979 ut
1069 4930 1267 4995 surgat.
1296 4923 1441 4993 Ergu
1458 4923 1587 4993 ipsis
1611 4926 1836 4979 carnali-

235 5023 363 5078 bus
398 5016 599 5085 formis,
641 5018 833 5088 quibus
871 5016 1191 5081 detinentur,
1222 5016 1497 5071 linendum
1528 5025 1625 5081 est,
1655 5016 1721 5070 ad
1747 5023 1841 5071 eas

235 5108 658 5181 cognoscendas
695 5123 827 5179 quas
851 5120 977 5164 caro
1002 5121 1108 5162 non
1151 5107 1373 5163 nuntiat.
1407 5106 1511 5181 ligas
1543 5108 1683 5162 enim
1722 5118 1846 5169 eain,

238 5204 414 5259 nales
450 5216 603 5264 voco,
645 5214 765 5269 quae
808 5212 904 5269 per
933 5212 1147 5253 carnem
1190 5199 1373 5252 sentiri
1401 5210 1616 5267 queunt,
1661 5198 1711 5253 id
1757 5208 1838 5253 est

237 5309 356 5366 per
403 5292 607 5357 neritos,
639 5306 733 5360 per
771 5305 945 5356 aures,
992 5296 1319 5360 eaeterosque
1360 5292 1598 5359 corporis
1627 5304 1832 5345 sensus.

239 5386 353 5444 llis
384 5398 510 5454 ergo
534 5382 836 5438 carnalibus
860 5381 947 5437 vel
974 5383 1339 5452 corporalibus
1364 5381 1547 5435 formis
1578 5382 1837 5438 inhaerere

312 5548 334 5607 ξ
365 5552 477 5597 ιον.
521 5550 576 5607 et.
617 5526 1063 5607 Arn.,jcertamen.j
1102 5541 1195 5593 sed
1225 5544 1505 5594 ooncinuius
1536 5542 1645 5593 Bad.
1684 5549 1757 5593 Er.
1785 5550 1839 5595 et

236 5602 363 5663 I3.
383 5610 515 5665 octo,
538 5602 815 5655 sermnem.

309 5674 343 5705 ⁸
358 5677 474 5720 Β.
491 5664 826 5730 (maniplares,
843 5678 941 5717 non
952 5672 1141 5719 natant
1160 5664 1467 5717 excellentia.

1970 617 2198 678 CAPUT
2236 622 2401 677 xxv.
2421 654 2493 664 -
2519 624 2742 691 Quot-itm
2783 626 3040 681 hominum
3061 635 3149 681 seu
3176 627 3418 686 librorum
3446 640 3547 687 ou-

2286 718 2501 769 ctoritati
2529 717 2592 770 de
2616 715 2713 768 Dei
2737 717 2875 771 cultu
2907 717 3229 775 credendm.

2041 803 2130 857 46.
2171 803 2431 871 Quoniam
2457 806 2614 876 igitur
2641 807 2816 861 divina
2848 808 3195 877 providentia,
3234 818 3343 866 non
3369 813 3545 869 solum

1969 896 2189 965 singulis
2217 897 2521 954 hominibus
2553 901 2704 969 quasi
2734 901 2998 970 privatim,
3030 902 3124 957 sed
3168 905 3415 961 universo
3452 920 3548 978 ge-

1966 988 2083 1041 neri
2127 987 2359 1042 bumano
2402 997 2649 1060 tanquam
2694 991 2905 1059 publice
2952 993 3211 1060 censum;
3257 995 3381 1065 quid
3422 1004 3542 1054 cum

1967 1076 2187 1144 singulis
2211 1086 2414 1147 agatur,
2438 1079 2579 1134 Deus
2601 1080 2693 1149 qui
2727 1081 2832 1151 agit
2862 1090 3022 1151 atque
3060 1083 3165 1153 ipsi
3186 1092 3307 1139 cum
3347 1087 3540 1156 quibus

1963 1166 2138 1235 agitur
2157 1170 2345 1222 sciunt.
2376 1169 2511 1236 Quid
2531 1178 2705 1225 autem
2727 1180 2911 1241 agauir
2926 1182 3048 1228 cum
3069 1184 3264 1245 genere
3285 1176 3538 1248 humano,

1962 1272 2060 1330 per
2087 1260 2358 1316 historiam
2384 1263 2745 1319 cornmen‘dari
2774 1267 2954 1331 voluit,
2980 1276 3035 1322 et
3058 1272 3155 1339 per
3181 1270 3533 1345 prophetiam.

1962 1353 2354 1425 Temporalium
2392 1366 2568 1412 autem
2597 1366 2773 1414 rerum
2804 1359 2955 1425 ﬁdes,
2986 1362 3100 1417 sive
3125 1365 3532 1433 ptzeter‘itarum',

1963 1445 2076 1501 sive
2119 1446 2437 1515 futurarum,
2486 1450 2655 1521 magis
2686 1451 2953 1506 credendo
2992 1464 3151 1523 quam
3194 1452 3547 1526 intelligendu-

1961 1537 2119 1592 valet.
2148 1537 2253 1593 Sed
2281 1549 2519 1594 nostrum
2546 1546 2631 1596 est
2655 1542 3014 1609 considerare,
3041 1545 3233 1613 quibus
3259 1547 3341 1601 vei
3366 1547 3541 1603 homi-

1960 1627 2115 1682 nibus
2157 1629 2239 1684 vel
2284 1627 2433 1685 libris
2478 1630 2799 1687 credendum
2846 1633 2915 1686 sit
2958 1634 3024 1687 ad
3067 1634 3347 1690 colendum
3395 1645 3540 1694 recte

1959 1717 2147 1785 Deum,
2174 1734 2292 1789 quae
2314 1735 2416 1775 una
2444 1722 2589 1777 salus
2613 1731 2714 1777 est.
2744 1721 2910 1792 Hujus
2933 1724 3010 1779 rei
3033 1726 3199 1793 prima
3220 1726 3539 1796 disceptatio

1959 1818 2060 1873 est,
2104 1818 2280 1865 utrum
2309 1812 2375 1867 iis
2412 1813 2586 1882 potius
2616 1812 2918 1879 credamus,
2950 1815 3039 1883 qui
3068 1815 3133 1869 ad
3163 1818 3358 1872 multos
3382 1817 3534 1887 deos,

1958 1912 2025 1954 an
2054 1900 2119 1954 iis
2143 1902 2233 1971 qui
2260 1902 2325 1955 ad
2354 1917 2515 1958 unum
2543 1904 2709 1959 Deum
2736 1904 3016 1959 colendum
3044 1920 3150 1960 nos
3171 1916 3381 1962 voeant.
3408 1908 3536 1976 Quis

1957 1988 2161 2045 dubitet
2189 2007 2282 2046 eos
2325 1994 2656 2062 potissimum
2686 1994 2983 2066 sequendos
3027 1997 3115 2067 qui
3142 1998 3207 2050 ad
3242 2013 3401 2053 unum
3444 2015 3537 2054 vo-

1956 2093 2098 2151 cant,
2142 2088 2435 2155 praesertim
2470 2101 2589 2142 cum
2628 2087 2703 2142 illi
2732 2089 3021 2143 multorum
3055 2089 3306 2155 cultores,
3338 2092 3407 2148 de
3434 2092 3536 2148 hoc

1955 2190 2064 2230 uno
2104 2176 2329 2231 Domino
2376 2188 2686 2233 cunctorum
2712 2188 2780 2239 ,et
2816 2188 3025 2234 rectore
3065 2182 3441 2237 consentiant?
3481 2193 3536 2238 et

1955 2276 2100 2322 certe
2120 2269 2186 2323 ab
2213 2284 2317 2323 uuo
2343 2270 2525 2340 incipit
2545 2284 2814 2325 numerus.
2846 2271 3000 2327 Prius
3013 2280 3142 2340 ergo
3165 2273 3251 2327 isti
3274 2275 3529 2344 sequendi

1955 2368 2097 2424 sunt,
2129 2361 2217 2429 qui
2254 2375 2417 2415 unum
2442 2361 2607 2415 Deum
2636 2376 2902 2415 summum
2928 2363 3099 2417 solum
3125 2366 3309 2418 verum
3343 2365 3531 2433 Deum,

1956 2455 2010 2501 et
2035 2449 2206 2502 solum
2243 2450 2522 2505 colendum
2562 2465 2683 2506 esse
2709 2451 2911 2507 dicunt.
2955 2451 3012 2509 Si
3039 2453 3179 2523 apud
3216 2455 3313 2509 hos
3337 2456 3535 2513 veritas

1958 2552 2066 2593 non
2097 2540 2341 2604 eluserit,
2371 2550 2479 2594 tum
2510 2541 2722 2595 demum
2763 2544 3091 2612 migrandum
3117 2553 3201 2598 est
3241 2543 3337 2615 (o).
3383 2543 3533 2600 Sicut

1953 2631 2099 2684 enim
2124 2632 2174 2683 iu
2203 2632 2314 2701 ipsa
2344 2647 2520 2685 rerum
2552 2642 2735 2686 natura
2767 2635 2938 2702 major
2959 2645 3042 2688 est
3064 2637 3349 2689 auctoritas
3376 2638 3531 2693 unius

1955 2721 2020 2775 ad
2050 2738 2211 2775 unum
2258 2723 2433 2776 omnia
2480 2723 2789 2794 redigentis,
2822 2736 2919 2778 nec
2961 2725 3015 2778 in
3057 2736 3254 2795 genere
3301 2728 3533 2782 humano

1955 2815 2307 2870 multitudinis
2355 2817 2459 2870 ulla
2503 2817 2739 2886 potentia
2778 2826 2859 2871 est
2901 2816 3005 2871 nisi
3045 2819 3448 2887 consentientis,
3479 2822 3532 2876 id

1953 2915 2034 2960 est
2076 2922 2235 2959 unum
2282 2906 2559 2961 sentientis
2590 2923 2604 2959 :
2633 2907 2702 2960 ita
2733 2907 2784 2959 in
2831 2906 3084 2977 religione
3111 2908 3202 2977 qui
3244 2907 3312 2962 ad
3359 2922 3523 2965 unum

1952 3008 2163 3066 vocant,
2195 3006 2378 3054 eorum
2422 3000 2593 3071 major
2624 3008 2679 3056 et
2718 3000 2823 3056 ﬁde
2850 3000 3060 3071 dignior
3088 3014 3206 3057 esse
3234 3002 3395 3059 debet
3432 3018 3528 3059 au-

1951 3090 2191 3145 claritas.

2021 3184 2111 3238 47.
2154 3184 2334 3239 Altera
2373 3184 2728 3239 censid‘eratio
2756 3192 2839 3240 est
2878 3184 3227 3241 dissensionis
3264 3187 3385 3257 ejus
3410 3194 3530 3259 quae

1951 3274 2019 3330 de
2044 3276 2201 3329 unius
2233 3276 2326 3329 Dei
2354 3276 2497 3331 cultu
2522 3276 2660 3331 inter
2686 3277 2925 3331 homines
2946 3286 3063 3331 orta
3088 3284 3189 3331 est.
3240 3277 3349 3333 Sed
3374 3284 3529 3335 accc-

1951 3368 2145 3438 pituus,
2175 3367 2404 3437 majores
2434 3377 2644 3422 nostros
2673 3382 2740 3422 eo
2762 3367 2927 3438 gradu
2960 3368 3082 3424 ﬁdei
3110 3368 3150 3435 θ,
3182 3374 3288 3439 quo
3316 3381 3347 3423 a
3386 3376 3525 3425 tent-

1950 3459 2219 3529 poralibus
2244 3458 2309 3513 ad
2345 3467 2543 3514 :eterna
2584 3458 2976 3525 conscenditur,
3023 3459 3246 3513 visibili'a
3274 3460 3527 3516 miracula

1952 3551 2080 3621 (non
2108 3551 2248 3605 enim
2276 3550 2431 3605 aliter
2458 3553 2725 3621 poterant)
2762 3558 2973 3606 secutos
3005 3558 3126 3605 ease
3153 3568 3166 3603 :
3200 3564 3294 3619 per
3320 3564 3452 3620 quos
3473 3552 3526 3608 id

1947 3650 2124 3697 actum
2172 3650 2270 3707 est,
2320 3652 2377 3697 ut
2415 3642 2713 3697 necessaria
2744 3656 2848 3695 nou
2888 3652 3068 3696 essent
3098 3644 3340 3710 posteris.
3390 3642 3522 3698 Cum

1948 3737 2090 3791 enim
2136 3736 2369 3791 Ecclesia
2397 3735 2653 3790 catholica
2696 3749 2790 3803 per
2816 3742 2982 3787 totum
3010 3736 3189 3789 orbem
3230 3732 3415 3789 diﬂ'usa
3443 3744 3524 3790 at—

1947 3838 2049 3896 que
2078 3825 2289 3881 fundata
2326 3826 2417 3893 sit,
2455 3840 2554 3881 uec
2580 3826 2833 3880 miracula
2871 3825 2957 3878 illa
2993 3824 3044 3878 in
3078 3832 3255 3879 nostra
3284 3836 3520 3895 tetnpora

1947 3919 2139 3974 durare
2185 3920 2443 3989 permissa
2488 3929 2631 3985 sunt,
2676 3933 2744 3973 ne
2782 3919 2990 3973 animus
3036 3924 3247 3988 Semper
3290 3919 3515 3975 visibilis

1947 4020 2229 4081 quaereret,
2274 4019 2330 4066 et
2371 4025 2555 4066 eorum
2581 4010 2959 4065 consuetudine
3000 4009 3306 4077 frigesceret
3350 4026 3517 4082 genus

1950 4102 2260 4169 humanum,
2306 4116 2529 4173 quorum
2560 4101 2793 4156 novitate
2836 4101 3074 4171 ﬁagravit
3116 4100 3193 4175 (ὁ)
3225 4120 3238 4154 :
3266 4117 3365 4157 nec
3406 4103 3519 4173 jam

1947 4196 2102 4251 nobis
2143 4195 2358 4251 dubium
2403 4208 2523 4249 esse
2561 4200 2772 4265 oportet
2807 4193 2872 4246 iis
2908 4206 3027 4247 esse
3054 4191 3398 4257 credendum,
3426 4194 3520 4265 qui

1944 4301 2065 4341 cum
2082 4301 2141 4340 ea
2169 4285 2519 4356 praedicarent
2547 4298 2665 4354 quae
2687 4282 2836 4352 pauci
2860 4291 3234 4352 assequuntur,
3258 4298 3316 4337 se
3342 4294 3517 4340 tamen

1946 4377 2242 4447 sequendos
2269 4376 2481 4446 populis
2516 4374 2835 4444 persuadere
2863 4376 3161 4445 potuerunt.
3202 4372 3351 4430 Nunc
3375 4377 3518 4431 enim

1947 4469 2119 4538 agitur
2155 4469 2345 4538 quibus
2382 4466 2707 4521 credendum
2750 4465 2838 4531 sit,
2883 4474 3163 4534 antequam
3198 4466 3419 4536 quisque
3447 4468 3517 4522 sit

1944 4562 2165 4616 idoneus
2212 4560 2455 4615 ineundzc
2498 4559 2686 4614 rationi
2729 4558 2795 4613 dc
2832 4556 3024 4613 divinis
3064 4565 3119 4612 et
3163 4558 3517 4615 invisibilibus

1944 4654 2137 4719 rebus;
2167 4669 2291 4708 nam
2321 4653 2419 4723 ipsi
2463 4652 2655 4707 rationi
2696 4653 3013 4722 purgatioris
3059 4651 3271 4717 animre,
3301 4667 3421 4723 qua:
3448 4653 3516 4707 ad

1944 4745 2276 4815 perspicuam
2299 4745 2572 4798 veritatem
2592 4744 2855 4813 pervenit,
2883 4742 3029 4796 nullo
3044 4741 3202 4797 modo
3227 4744 3518 4798 auctoritas

1943 4835 2177 4890 humana
2227 4836 2551 4905 praeponitur
2592 4850 2607 4887 :
2652 4834 2745 4889 sed
2790 4832 2859 4888 ad
2902 4834 3038 4888 hanc
3080 4832 3222 4889 nulla
3269 4835 3515 4904 snperbia

1944 4927 2183 4996 perducit
2203 4927 2247 4979 ".
2296 4925 2425 4992 Quae
2470 4925 2515 4980 si
2544 4934 2649 4978 nun
2687 4926 2848 4990 esset,
2893 4939 2998 4978 non
3028 4928 3209 4979 essent
3247 4923 3511 4990 haeretici,

1943 5034 2115 5088 neque
2133 5018 2473 5084 Schismatici,
2499 5032 2599 5072 nec
2617 5024 2779 5072 carne
2793 5018 3108 5084 circumcisi,
3137 5030 3234 5072 nec
3256 5002 3514 5071 creatura:

1941 5114 2447 5180 simulacrorumque
2489 5110 2740 5164 cultores.
2792 5108 2858 5162 Hi
2897 5118 3071 5163 autem
3111 5110 3156 5162 si
3196 5114 3301 5161 non
3334 5112 3515 5163 easent

1942 5211 2066 5258 ante
2092 5202 2466 5273 perfectionem
2499 5200 2698 5270 populi,
2727 5214 2843 5270 qua:
2870 5198 3210 5267 promittitur,
3242 5197 3408 5250 multo
3434 5198 3514 5267 pi.

1944 5299 2087 5369 grius
2118 5298 2311 5351 veritas
2338 5304 2683 5365 quazrcretur.

2002 5415 2020 5446 ι
2046 5412 2192 5460 Abest
2212 5407 2331 5473 ﬁdei
2344 5422 2371 5457 ει
2392 5414 2496 5456 Mss.
2523 5406 2812 5473 quindecim,
2836 5402 3021 5473 necnon
3044 5404 3200 5473 amid.
3227 5408 3278 5455 ει
3299 5404 3371 5473 Et.

1936 5477 1947 5509 Γ
2000 5477 2021 5508 ³
2045 5474 2193 5533 editi,
2212 5464 2363 5523 nulla
2392 5464 2616 5534 superbia
2636 5470 2843 5517 limitum:
2867 5464 3104 5529 perducit.
3129 5470 3275 5519 Abest
3303 5468 3513 5522 humana

1936 5552 1963 5589 a
1986 5543 2094 5586 MSS.

2000 5599 2072 5660 (ιι)
2098 5604 2111 5644 I
2138 5603 2339 5660 Retract.
2363 5605 2467 5654 cap.
2496 5592 2571 5652 13,
2590 5602 2638 5638 ιι.
2657 5588 2708 5638 6.

1999 5664 2069 5726 (ὸ)
2088 5661 2202 5708 ibid.
2227 5672 2277 5706 ιι.
2302 5659 2355 5706 7.
