3874 6316
383 222 490 285 ω

386 338 612 400 CAPUT
648 333 836 394 XXVI.
851 359 931 379 .-
950 330 1138 386 Divina
1158 323 1470 398 providentia
1488 336 1608 391 erga
1631 326 1853 372 nostram
1877 328 1962 367 sa-

530 434 685 488 lutem
710 428 778 482 ad
813 441 903 482 sea:
928 432 1100 480 aetates
1133 418 1350 474 hominis
1386 414 1563 471 ueteris
1604 427 1664 464 ac
1690 407 1823 463 novi.

458 526 548 581 48.
590 517 920 591 Dispensatio
964 528 1093 585 ergo
1124 508 1449 580 temporalis,
1495 513 1550 561 et
1587 499 1847 558 medicina
1885 496 1968 550 di-

389 618 527 674 vina:
557 609 920 684 providentiae,
945 620 1068 677 erga
1092 604 1211 658 illos
1235 600 1327 671 qui
1347 605 1565 669 peccato
1594 591 1970 684 mortalitatem

389 679 719 768 meruerunt,
764 700 843 757 sic
869 697 1111 755 traditur.
1163 693 1344 749 Primo
1374 689 1527 745 unius
1556 682 1837 755 cujuslibet
1877 679 1974 732 ho-

389 798 551 854 minis
595 793 862 851 nascentis
890 799 1098 854 natura,
1129 796 1183 842 et
1211 783 1439 840 eruditio
1480 779 1761 850 cogitatur.
1794 772 1972 828 Prima

392 889 555 959 hujus
578 896 709 943 aetas
736 882 951 940 infantia
966 883 1018 936 in
1044 876 1381 935 nutrimentis
1396 870 1761 943 corporalibus
1780 866 1971 959 agitur,

396 953 609 1052 penitus
636 973 994 1033 obliviscenda
1022 969 1301 1027 crescenti.
1370 965 1500 1021 Eam
1547 961 1769 1033 puerit‘m
1799 953 1978 1052 sequi-

391 1048 499 1136 tur,
526 1069 664 1124 unde
690 1065 967 1137 incipimus
990 1060 1185 1133 aliquid
1212 1058 1539 1115 meminisse.
1580 1054 1714 1109 Huic
1740 1048 1978 1107 succedit

391 1157 787 1221 adolescentia,
828 1154 914 1210 cui
956 1153 1067 1224 jam
1110 1148 1541 1221 propagationem
1589 1143 1752 1215 prolis
1788 1148 1976 1195 natura

391 1252 674 1326 permittit,
720 1258 775 1303 et
813 1256 1015 1318 patrem
1056 1243 1197 1297 facit.
1242 1240 1407 1295 Porro
1441 1234 1851 1293 adolescentiam
1891 1230 1977 1300 ju-

390 1356 583 1403 ventus
608 1342 825 1412 excipit,
848 1340 959 1410 jam
983 1333 1277 1392 exercenda
1302 1329 1610 1387 muneribus
1638 1326 1880 1396 publicis,
1911 1330 1966 1377 et

392 1435 657 1495 domanda
682 1434 782 1489 sub
806 1430 1043 1503 legibus;
1089 1429 1142 1483 in
1167 1442 1270 1497 qua
1298 1420 1663 1479 vehementior
1692 1414 1979 1488 prohibitio

391 1536 754 1600 peccatorum,
784 1532 839 1580 et
875 1535 1033 1592 poena
1057 1516 1387 1589 peccantium
1413 1511 1675 1568 serviliter
1703 1522 1975 1573 coercens,

393 1599 694 1675 carnalibus
719 1612 912 1670 animis
936 1609 1224 1665 atrociores
1258 1608 1488 1677 impetus
1515 1601 1747 1657 libidinis
1773 1599 1976 1669 gignit,

394 1723 451 1769 et
490 1711 666 1768 omnia
709 1706 991 1764 commissa
1028 1700 1382 1772 congeminat.
1429 1696 1543 1751 Non
1572 1692 1712 1749 enim
1753 1690 1980 1759 simplex

391 1813 672 1877 peccatum
700 1808 803 1866 est,
844 1812 950 1852 non
977 1795 1148 1850 solum
1177 1790 1396 1854 malum,
1436 1786 1532 1842 sed
1562 1786 1720 1840 etiam
1758 1781 1979 1877 vetitum

393 1872 697 1952 admittere.
729 1890 859 1947 Post
877 1886 1086 1942 labores
1110 1890 1286 1937 autem
1308 1877 1618 1950 juventutis,
1650 1872 1846 1929 seniori
1880 1885 1978 1940 pax

394 1984 656 2042 nonnulla
682 1977 1013 2037 conceditur.
1057 1972 1184 2029 lnde
1208 1986 1375 2040 usque
1398 1967 1464 2022 ad
1497 1973 1719 2021 mortem
1750 1960 1983 2017 deterior

394 2086 527 2132 astas
548 2089 613 2130 ac
638 2070 873 2134 decolor,
907 2076 961 2123 et
998 2064 1199 2121 morbis
1228 2060 1515 2129 subjectior
1543 2056 1833 2123 debilisque
1862 2066 1982 2121 per-

394 2167 558 2221 ducit.
608 2164 735 2218 Ilznc
760 2168 846 2216 est
877 2158 983 2212 vita
1024 2154 1252 2209 hominis
1282 2151 1507 2205 viventis
1548 2163 1613 2201 ex
1642 2158 1884 2214 corpore,
1928 2149 1984 2196 et

395 2254 770 2327 cupiditatibus
788 2264 967 2306 rerum
994 2244 1364 2317 temporalium
1387 2239 1636 2310 colligati.
1669 2238 1766 2291 llic
1791 2235 1984 2289 dicitur

395 2357 550 2402 vetus
582 2345 762 2407 homo,
792 2350 849 2397 et
866 2339 1117 2403 exterior,
1144 2347 1198 2392 et
1224 2344 1485 2400 terrenus,
1514 2329 1721 2386 etiamsi
1748 2328 1986 2383 obtineat

396 2454 517 2495 eam
537 2451 696 2507 quam
724 2432 909 2503 vulgus
934 2437 1088 2486 vocat
1112 2427 1435 2488 felicitatem,
1464 2424 1517 2478 in
1541 2422 1675 2476 bene
1694 2419 1985 2475 constituta

398 2540 610 2585 terrena
650 2525 885 2592 civitate,
926 2522 1041 2579 sive
1068 2521 1166 2574 sub
1196 2518 1428 2589 regibus,
1457 2516 1570 2570 sive
1610 2513 1708 2568 sub
1737 2511 1989 2582 principi-

396 2620 520 2686 bus,
564 2619 676 2674 sive
704 2617 804 2672 sub
848 2613 1073 2685 legibus,
1114 2611 1225 2666 sive
1252 2608 1355 2665 sub
1402 2607 1484 2661 his
1513 2605 1759 2661 omnibus
1792 2621 1805 2657 :
1834 2602 1989 2658 aliter

399 2712 543 2767 enim
583 2711 720 2766 bene
756 2704 1010 2763 constitui
1040 2704 1267 2775 populus
1305 2716 1410 2756 non
1448 2707 1645 2770 potest,
1693 2696 1851 2751 etiam
1896 2693 1989 2764 qui

398 2816 612 2863 terrena
638 2812 905 2867 sectatur;
936 2800 1095 2855 habet
1114 2798 1308 2868 quippe
1335 2804 1391 2851 et
1418 2795 1532 2865 ipse
1562 2790 1777 2846 modum
1803 2802 1989 2860 quem-

400 2899 523 2953 dam
556 2892 959 2966 pulchritudinis
988 2905 1117 2945 sua}.

473 2982 563 3037 49.
603 2979 754 3035 Hunc
779 2986 955 3032 autem
981 2974 1270 3037 hominem,
1301 2985 1461 3041 quem
1488 2977 1724 3023 veterem
1751 2973 1805 3020 et
1837 2972 1988 3019 exte-

401 3073 602 3130 riorem
629 3080 685 3127 et
709 3079 978 3125 terrenum
1000 3064 1401 3134 descripsimus,
1443 3062 1556 3115 sive
1591 3060 1642 3113 in
1670 3072 1767 3113 suo
1795 3069 1991 3127 genere

403 3162 766 3227 moderatum,
794 3160 906 3213 sive
930 3157 1088 3213 etiam
1114 3152 1321 3210 servilis
1349 3150 1571 3222 justitiac
1596 3146 1813 3205 modum
1837 3160 1991 3201 exce-

403 3254 642 3317 dentem,
688 3247 928 3305 nouuulli
969 3254 1133 3316 agunt
1180 3251 1346 3299 totum
1394 3242 1461 3295 ah
1503 3239 1658 3295 istius
1707 3237 1827 3291 vitae
1872 3243 1993 3291 ortu

404 3357 577 3415 usque
612 3340 681 3397 ad
709 3352 978 3395 occasum.
1025 3334 1275 3391 Nonnulli
1304 3341 1481 3388 autem
1508 3331 1664 3387 istam
1695 3329 1855 3384 vitam
1896 3342 1993 3382 ne-

405 3437 642 3494 cessario
665 3434 734 3489 ab
760 3432 852 3489 illo
878 3430 1155 3503 incipiunt,
1181 3426 1276 3483 sed
1300 3436 1651 3483 renascuntur
1676 3423 1916 3485 interius,
1939 3428 1992 3476 et

406 3537 631 3583 caeteras
646 3525 763 3598 ejus
781 3532 959 3594 partes
973 3536 1071 3577 suo
1092 3520 1285 3577 robore
1298 3517 1561 3590 spirituali
1581 3527 1634 3571 et
1651 3512 1994 3570 incrementis

404 3617 685 3688 sapientia:
709 3621 1058 3684 corrumpunt
1084 3620 1140 3667 et
1158 3619 1367 3676 necant,
1397 3618 1452 3665 et
1474 3608 1527 3663 in
1555 3607 1799 3663 cmlestes
1826 3605 1990 3674 leges,

408 3711 584 3769 donec
610 3718 730 3783 post
754 3708 1015 3765 visibilem
1044 3714 1271 3761 mortem
1304 3711 1472 3758 totum
1512 3701 1858 3763 instauretur,
1902 3696 1996 3750 ad-

407 3802 696 3873 stringunt.
750 3798 855 3856 Iste
892 3797 1085 3852 dicitur
1124 3810 1294 3851 novus
1340 3793 1523 3861 homo,
1573 3800 1629 3848 et
1671 3788 1910 3855 interior,
1942 3796 1999 3843 et

409 3894 666 3959 celestis,
696 3891 898 3946 habens
926 3897 981 3943 et
1008 3889 1123 3958 ipse
1151 3887 1515 3957 pr0portionc,
1546 3898 1653 3938 non
1683 3884 1857 3948 annis,
1902 3880 1997 3936 sed

412 3982 751 4058 provectibus
805 3978 1078 4034 distinctas
1136 3977 1390 4047 quasdam
1453 3974 1757 4045 spirituales
1814 3981 1998 4028 mtatcs

413 4088 561 4132 suas.
603 4072 835 4127 Primam
868 4070 919 4123 in
952 4067 1203 4124 uberibus
1232 4067 1376 4121 utilis
1401 4065 1655 4130 historim,
1687 4080 1805 4133 quae
1832 4063 2000 4118 nutrit

415 4163 696 4234 exemplis.
739 4160 1038 4217 Secundam
1064 4159 1173 4230 jam
1220 4158 1621 4213 obliviscentem
1666 4156 1914 4221 humana,
1946 4164 2001 4211 et

416 4256 486 4312 ad
512 4256 689 4311 divina
716 4252 1043 4317 tendentem,
1068 4250 1119 4306 in
1147 4264 1250 4321 qua
1272 4264 1377 4305 non
1402 4247 1733 4303 auctoritatis
1757 4246 2000 4303 humana:

418 4348 541 4405 sinu
565 4346 885 4412 continetur,
912 4342 1008 4399 sed
1040 4342 1107 4397 ad
1145 4356 1405 4398 summam
1433 4351 1487 4396 et
1516 4339 1999 4396 incommutabilem

420 4437 594 4508 legem
624 4436 865 4507 passibus
894 4434 1115 4489 rationis
1141 4432 1397 4487 innititur.
1425 4431 1656 4487 Tertiam
1695 4431 1805 4501 jam
1831 4430 1999 4485 ﬁden-

412 4528 637 4596 .tiorem,
673 4535 729 4582 et
750 4526 1017 4582 carnalem
1044 4526 1334 4595 appetitum
1365 4523 1584 4579 rationis
1626 4524 1818 4579 robore
1843 4524 2002 4578 mari-

421 4629 648 4688 tantem,
692 4617 1116 4688 gaudentemque
1144 4616 1463 4672 intrinsecus
1491 4616 1543 4670 in
1572 4615 1799 4685 quadam
1824 4616 2002 4672 dulce-

422 4711 549 4767 dine
590 4708 874 4780 conjugali,
902 4723 1020 4762 cum
1047 4708 1221 4762 anima
1250 4708 1413 4762 menti
1442 4706 1739 4776 copulatur,
1771 4715 1826 4762 et
1857 4707 2004 4761 vela-

421 4812 607 4861 mento
650 4800 867 4873 pudoris
908 4799 1213 4865 obnubitur,
1264 4807 1322 4854 ut
1362 4798 1472 4868 jam
1511 4806 1655 4854 recte
1692 4799 1868 4854 vivere
1896 4814 2003 4854 non

424 4906 665 4969 cogatur,
701 4894 797 4951 sed
837 4892 1047 4950 etiamsi
1075 4908 1261 4948 omnes
1289 4891 1601 4959 concedant,
1645 4908 1865 4962 peccare
1899 4908 2005 4948 non

421 4990 603 5046 libeat.
651 4987 900 5056 Quartam
925 4986 1035 5055 jam
1066 4985 1292 5055 idipsum
1337 4985 1503 5039 multo
1551 4983 1755 5039 firmius
1796 4984 2008 5039 ordina-

423 5084 637 5155 tiusque
655 5080 934 5136 facientem
966 5086 1021 5133 et
1047 5078 1366 5133 cmicantem
1393 5077 1444 5131 in
1472 5075 1643 5131 virum
1668 5076 1964 5147 perfectum
1988 5118 2004 5145 ,

424 5185 583 5246 atque
607 5182 786 5246 aptam
811 5182 865 5228 et
906 5170 1148 5226 idoneam
1175 5170 1422 5225 onmibus
1446 5178 1500 5223 et
1530 5170 2003 5239 persccutionibus,

425 5276 481 5321 et
507 5266 687 5321 mundi
713 5265 868 5336 hujus
897 5262 1296 5334 tempestatibus
1320 5276 1382 5316 ac
1412 5260 1655 5316 ﬂuctibus
1683 5262 2007 5317 sustinendis

426 5368 586 5429 atque
622 5357 947 5429 frangendis.
988 5356 1236 5425 Quintam
1286 5363 1522 5426 pacatam
1565 5364 1724 5425 atque
1750 5372 1813 5409 cx
1862 5357 2006 5411 omni

335 5480 340 5487 -
427 5460 578 5523 parte
608 5452 963 5521 tranquillam,
994 5451 1257 5506 viventem
1289 5450 1340 5503 in
1385 5450 1574 5520 opibus
1602 5458 1657 5504 et
1684 5450 2007 5507 abundantia

427 5543 874 5601 incommutabilis
897 5543 1044 5612 regni
1070 5557 1291 5596 summa:
1315 5551 1473 5611 atque
1494 5541 1774 5598 ineﬂabilis
1798 5543 2008 5614 sapien—

427 5640 535 5696 tizn.
564 5636 779 5694 Sexum
806 5634 1124 5693 onmimodre
1141 5634 1448 5692 mutationis
1476 5635 1529 5693 in
1549 5644 1803 5694 teternam
1820 5636 2004 5706 vitam,

1410 204 1499 261 DE
1536 200 1724 260 VERA
1762 184 2152 259 RELIGIONE,
2192 190 2250 247 S.
2294 187 2663 248 AUGUSTINI

3554 198 3662 257 144

2072 315 2129 361 et
2155 321 2321 376 usque
2347 305 2414 361 ad
2443 314 2606 360 totam
2642 303 2962 361 oblivionem
2999 305 3119 361 vita:
3148 308 3453 378 temporalis
3477 318 3659 370 trans-

2074 407 2285 454 euntem
2316 398 2371 453 in
2397 397 2682 467 perfectam
2708 396 2953 462 formam,
2988 413 3108 467 qua:
3134 399 3267 453 facta
3292 409 3374 455 est
3422 400 3486 455 ad
3515 403 3661 460 ima-

2074 490 2249 560 ginem
2277 499 2331 544 et
2358 489 2759 545 similitudinem
2785 487 2895 542 Dei.
2935 488 3170 558 Septima
3194 491 3337 545 enim
3369 492 3478 560 jam
3502 497 3660 565 quies

2076 589 2274 636 (eterna
2302 589 2406 648 est,
2446 588 2500 636 et
2525 580 2683 635 nullis
2720 579 2961 634 mtatibus
2990 580 3357 652 distinguenda
3385 584 3660 643 beatitudo

2077 680 2349 741 perpetua.
2380 670 2448 727 Ut
2473 671 2614 726 enim
2656 670 2773 725 finis
2800 670 2994 727 veteris
3023 672 3253 727 hominis
3279 689 3423 731 mors
3447 684 3548 745 est,
3581 678 3663 735 sic

2078 758 2197 816 linis
2219 762 2339 816 novi
2366 763 2594 816 hominis
2608 762 2715 816 vita
2739 771 2958 818 aeterna.
2986 762 3078 819 Ille
3099 779 3325 837 namque
3351 766 3510 824 homo
3530 784 3662 840 pec-

2078 853 2181 908 cati
2206 862 2307 919 est,
2349 853 2449 907 istc
2469 852 2708 922 justitize.

2149 942 2375 999 CAPUT
2411 942 2714 998 XXVII.-—
2736 942 3006 1016 Utriusque
3029 946 3247 1002 hominis
3272 948 3510 1005 decursus
3537 954 3592 1006 in

2503 1036 2732 1091 universo
2760 1036 3017 1091 hominum
3043 1055 3241 1110 genere.

2151 1130 2239 1187 50.
2294 1130 2439 1185 Sicut
2485 1140 2659 1185 autem
2717 1130 2802 1185 isti
2853 1131 3010 1186 ambo
3071 1132 3218 1187 nullo
3265 1132 3537 1191 dubitante
3588 1137 3661 1191 ita

2081 1232 2224 1290 sunt,
2266 1231 2323 1277 ut
2361 1239 2525 1278 unum
2570 1239 2779 1289 eorum,
2812 1222 2863 1277 id
2898 1233 2979 1278 est
3020 1236 3254 1281 veterem
3296 1235 3455 1298 atque
3497 1238 3666 1285 terre-

2082 1329 2231 1381 num,
2261 1314 2429 1383 possit
2453 1314 2505 1367 in
2534 1313 2631 1367 hac
2661 1323 2768 1367 tota
2790 1314 2894 1367 vita
2922 1330 3058 1369 unus
3085 1314 3244 1371 homo
3263 1332 3440 1388 agere,
3468 1335 3664 1376 novum

2082 1419 2210 1458 vero
2232 1414 2287 1458 et
2314 1403 2583 1458 cmlestcm
2632 1418 2791 1457 nemo
2830 1403 2882 1456 in
2911 1403 3011 1459 hac
3053 1406 3157 1460 vita
3198 1408 3364 1476 possit
3402 1409 3506 1465 nisi
3543 1426 3665 1467 cum

2083 1505 2297 1560 vetere;
2323 1512 2442 1549 nam
2474 1506 2527 1550 et
2550 1497 2621 1550 ab
2646 1496 2761 1567 ipso
2800 1496 3018 1567 incipiat
3042 1513 3261 1553 necesse
3283 1509 3387 1567 est,
3419 1510 3473 1556 ct
3502 1518 3667 1573 usque

2084 1589 2150 1643 ad
2172 1590 2429 1644 visibilem
2457 1599 2680 1645 mortem
2710 1607 2830 1646 cum
2862 1591 2973 1658 illo,
3002 1593 3243 1661 quamvis
3268 1608 3333 1648 eo
3358 1593 3665 1663 deficiente,

2084 1697 2143 1735 se
2160 1680 2489 1749 proﬁciente,
2509 1680 2760 1751 perduret
2779 1700 2791 1735 :
2812 1682 2887 1738 sic
2903 1682 3245 1752 proportione
3261 1685 3572 1739 universum
3587 1700 3670 1755 ge-

2085 1788 2186 1827 nus
2216 1772 2525 1839 lmmanum,
2552 1773 2704 1842 cujus
2732 1783 2980 1844 tanquam
3008 1775 3165 1828 unius
3190 1773 3421 1829 hominis
3449 1774 3566 1829 vita
3590 1783 3670 1830 est

2084 1864 2153 1918 ab
2172 1864 2341 1919 Adam
2374 1881 2541 1935 usque
2561 1864 2628 1919 ad
2653 1865 2812 1919 ﬁnem
2843 1865 2999 1935 hujus
3020 1865 3223 1932 szcculi,
3257 1868 3327 1920 ita
3353 1865 3452 1921 sub
3477 1866 3667 1922 divinze

2084 1956 2429 2026 providentia:
2456 1955 2658 2025 legibus
2700 1954 3117 2023 administratur,
3160 1964 3218 2011 ut
3259 1956 3311 2011 iu
3337 1955 3444 2011 duo
3474 1972 3668 2027 genera

2085 2046 2420 2102 distributum
2460 2056 2731 2117 appareat.
2762 2047 2996 2115 Quorum
3031 2048 3083 2101 in
3123 2063 3228 2103 uno
3261 2058 3345 2104 cst
3370 2048 3523 2104 turba
3568 2049 3668 2105 im-

2086 2138 2318 2207 piorum,
2362 2140 2562 2193 terreni
2606 2139 2835 2193 hominis
2875 2139 3155 2209 imaginem
3195 2140 3262 2194 ab
3304 2141 3454 2195 initio
3491 2142 3668 2205 saeculi

2087 2244 2256 2299 usque
2277 2228 2345 2284 ad
2366 2230 2526 2285 ﬁnem
2552 2230 2869 2301 gerentium.
2894 2229 2949 2284 In
2975 2231 3161 2296 altero,
3190 2231 3357 2286 series
3376 2232 3557 2301 populi
3582 2233 3667 2288 uni

2092 2323 2203 2379 Deo
2230 2322 2416 2390 dediti,
2460 2324 2554 2379 scd
2596 2324 2664 2378 ab
2691 2323 2861 2377 Adam
2890 2338 3058 2393 usque
3095 2323 3161 2377 ad
3188 2323 3447 2379 Joannem
3490 2325 3668 2395 Bapti-

2088 2424 2224 2469 stam
2256 2416 2451 2470 terreni
2491 2415 2722 2470 hominis
2748 2416 2909 2470 vitam
2948 2417 3180 2486 gerean
3225 2418 3405 2471 servili
3443 2416 3668 2487 quadam

2085 2506 2291 2575 justitia
2319 2525 2331 2561 :
2364 2508 2518 2578 cujus
2558 2507 2776 2562 historia
2805 2506 2971 2562 Vetus
3007 2508 3402 2563 Testamentum
3430 2518 3667 2577 vocatur,

2090 2599 2243 2668 quasi
2266 2609 2531 2654 terrenum
2554 2599 2813 2669 pollicens
2832 2613 3086 2668 regnum;
3108 2614 3226 2669 quae
3248 2608 3353 2654 tota
3379 2598 3511 2654 nihil
3536 2599 3671 2655 aliud

2091 2700 2175 2746 est
2196 2707 2354 2762 quam
2381 2693 2553 2763 imago
2578 2692 2701 2747 novi
2728 2694 2927 2763 populi,
2955 2701 3010 2748 et
3035 2692 3166 2747 Novi
3196 2692 3523 2749 Testamenti
3560 2694 3670 2765 pol-

2092 2783 2301 2839 licentis
2330 2800 2552 2854 regnum
2592 2784 2871 2840 ccelorum.
2918 2783 3083 2854 Cujus
3118 2786 3295 2854 populi
3326 2786 3430 2840 vita
3461 2786 3670 2842 interim

2095 2876 2399 2944 temporalis
2438 2877 2622 2947 incipit
2657 2892 2689 2931 a
2740 2876 2948 2931 Domini
2985 2877 3211 2932 adventu
3256 2878 3309 2932 in
3356 2878 3669 2949 humilitate,

2094 2981 2264 3036 usque
2297 2967 2362 3021 ad
2402 2967 2540 3021 diem
2581 2967 2784 3037 judicii,
2815 2968 3028 3038 quando
3066 2969 3118 3023 in
3152 2968 3391 3024 claritate
3423 2981 3674 3027 venturus

2094 3066 2195 3111 est.
2238 3056 2366 3110 Post
2410 3057 2550 3127 quod
2585 3056 2865 3127 judicium,
2916 3068 3096 3113 vetere
3134 3057 3347 3114 homine
3390 3061 3669 3129 exstincto,

2095 3148 2198 3203 erit
2242 3148 2333 3203 illa
2378 3148 2601 3203 mutatio
2645 3164 2764 3218 qua:
2807 3148 3097 3218 angelicam
3143 3148 3304 3203 vitam
3352 3150 3671 3221 pollicetur:

2100 3238 2285 3296 Omnes
2314 3242 2455 3296 enim
2485 3257 2819 3311 resurgemus,
2859 3241 2946 3295 sed
2974 3258 3073 3295 non
3112 3257 3282 3295 omnes
3304 3243 3675 3298 immutabimttr

2098 3335 2142 3405 (1
2169 3333 2286 3389 Cor.
2318 3350 2408 3400 xv,
2438 3333 2553 3404 51).
2584 3333 2849 3403 Resurget
2870 3348 2997 3403 ergo
3026 3333 3141 3403 pius
3175 3334 3418 3405 p0pulus,
3446 3344 3506 3389 ut
3533 3345 3673 3391 veteo

2096 3427 2173 3480 ris
2200 3425 2428 3480 hominis
2466 3426 2547 3479 sui
2579 3426 2827 3495 reliquias
2867 3423 3208 3480 transformet
3249 3426 3301 3479 in
3334 3441 3551 3480 novum.
3578 3427 3675 3482 Re-

2098 3526 2281 3587 surget
2304 3526 2480 3570 autem
2520 3516 2716 3586 impius
2743 3514 2988 3585 populus,
3030 3516 3118 3585 qui
3145 3515 3212 3570 ab
3242 3516 3391 3570 initio
3420 3531 3588 3586 usque
3613 3514 3675 3570 ad

2099 3608 2260 3664 ﬁnem
2286 3616 2519 3663 veterem
2549 3608 2817 3661 hominem
2838 3607 3021 3677 gessit,
3053 3617 3109 3661 ut
3142 3608 3195 3661 in
3226 3608 3508 3664 secundam
3541 3623 3675 3664 mor-

2102 3710 2209 3756 tem
2251 3701 2629 3771 prcecipitetur.
2660 3699 2900 3754 ditatum
2940 3709 3117 3755 autem
3144 3702 3416 3767 articulos,
3447 3703 3539 3772 qui
3568 3702 3678 3756 dili-

2100 3800 2286 3862 genter
2315 3790 2515 3861 legunt,
2544 3791 2851 3855 inveniunt;
2880 3804 2979 3845 nec
3004 3791 3202 3844 zizania
3233 3805 3332 3846 nec
3356 3791 3536 3860 paleas
3561 3806 3675 3862 per-

2103 3882 2436 3938 horrescunt.
2486 3882 2684 3953 Impius
2727 3897 2957 3952 namque
3004 3881 3093 3951 pio
3133 3882 3284 3949 vivit,
3341 3892 3394 3937 et
3441 3892 3679 3953 peccator

2100 3976 2263 4046 justo,
2308 3986 2366 4031 ut
2393 3991 2577 4032 eorum
2608 3976 3008 4046 comparatione
3032 3974 3279 4043 alacrius,
3322 3975 3491 4031 donec
3522 3975 3677 4047 perfa-

2104 4067 2295 4132 ciatur,
2328 4077 2585 4137 assurgat.

2105 4156 2329 4213 CAPUT
2356 4157 2591 4212 XXVIII.
2609 4186 2680 4197 —
2700 4157 2847 4223 Qua,
2870 4156 3045 4223 quibus
3067 4164 3111 4210 et
3134 4173 3233 4228 quo
3254 4167 3399 4227 pacto
3420 4158 3677 4213 tradenda.

2177 4251 2265 4304 51.
2298 4250 2544 4320 Quisquis
2566 4259 2739 4304 autem
2768 4250 2943 4319 populi
2963 4250 3160 4305 terreni
3182 4251 3508 4320 temperibus
3524 4265 3681 4321 usque

2110 4342 2173 4397 ad
2217 4338 2651 4398 illuminationem
2697 4342 2963 4397 interioris
2994 4341 3223 4396 hominis
3268 4343 3463 4396 meruit
3501 4357 3681 4413 perve-

2108 4438 2241 4500 nire,
2275 4452 2439 4506 gcnus
2466 4435 2753 4489 lmmanum
2785 4449 2882 4503 pro
2922 4445 3159 4505 tempore
3187 4435 3405 4505 adjuvit,
3433 4435 3681 4490 exhibens

2108 4529 2155 4583 ei
2178 4528 2318 4598 quod
2343 4536 2473 4581 tetas
2493 4528 2579 4581 illa
2602 4526 2872 4596 poscebat,
2895 4534 2949 4581 et
2971 4541 3062 4596 per
3084 4526 3412 4597 prophetiam
3440 4527 3682 4582 intimam

2110 4618 2163 4673 id
2192 4616 2332 4688 quod
2368 4616 2622 4671 exhibere
2662 4625 3018 4686 opportunum
3059 4632 3165 4671 non
3196 4626 3347 4671 erat:
3375 4619 3557 4687 quales
3591 4616 3683 4671 Pa-

2110 4709 2355 4764 triarcha:
2380 4723 2442 4762 ac
2465 4707 2747 4777 Propheta:
2776 4707 3116 4763 inveniuntur
3140 4709 3206 4763 ab
3234 4709 3298 4763 iis
3318 4711 3405 4779 qui
3433 4725 3535 4764 non
3564 4724 3683 4779 pue-

2108 4798 2281 4855 riliter
2310 4799 2548 4853 insiliunt
2579 4797 2652 4871 (a)
2676 4840 2691 4866 ,
2722 4798 2815 4853 sed
2844 4799 2929 4868 pie
2956 4798 3342 4870 diligenterque
3368 4805 3685 4870 pertractant

2111 4892 2405 4945 divinarum
2431 4900 2484 4945 et
2509 4889 2858 4944 humanarum
2902 4905 3080 4945 rerum
3110 4900 3213 4946 tam
3244 4890 3553 4957 bonum,'et
3584 4901 3682 4945 tam

2112 4983 2313 5054 grande
2355 4994 2639 5038 secretum.
2680 4981 2830 5049 Quod
2874 4983 3036 5038 etiam
3068 4984 3395 5054 temporibus
3437 4985 3557 5041 novi
3596 4998 3683 5054 po-

2111 5077 2243 5148 puli,
2273 5093 2303 5131 a
2330 5076 2534 5146 magnis
2560 5084 2613 5132 et
2642 5076 3004 5147 spiritualibus
3033 5078 3160 5133 viris
3193 5078 3447 5134 Ecclesia:
3470 5076 3685 5133 catholi-

2113 5183 2191 5223 (ιω
2215 5168 2441 5222 alumnis
2470 5166 2623 5221 video
2666 5167 2970 5222 cautissime
3004 5167 3268 5237 provideri
3296 5186 3310 5222 :
3337 5185 3405 5224 ne
3441 5168 3564 5240 quid
3589 5180 3682 5237 po-

2111 5258 2369 5330 pulariter
2395 5266 2570 5329 agant,
2602 5257 2742 5328 quod
2770 5258 3007 5313 nondum
3045 5274 3164 5315 esse
3190 5261 3463 5330 temporis,
3486 5270 3541 5315 ut
3568 5271 3682 5313 eum

2112 5350 2310 5421 popqu
2338 5360 2542 5419 agatur,
2578 5350 2907 5419 intelligunt;
2939 5351 3186 5405 alimenta
3224 5351 3387 5408 lactea
3414 5352 3555 5421 large
3578 5348 3683 5403 avi-

2116 5440 2201 5496 dis
2228 5440 2606 5495 infirmioribus
2637 5441 2873 5511 pluribus
2906 5438 3066 5513 atque
3107 5443 3362 5499 instanter
3385 5442 3677 5504 infundunt,

2116 5531 2460 5587 validioribus
2506 5541 2681 5587 autem
2712 5531 2845 5591 cibis
2881 5549 3002 5589 cum
3046 5534 3371 5607 sapientibus
3395 5533 3573 5608 paucis
3598 5546 3683 5589 ve-

2177 5646 2249 5709 (a)
2275 5653 2328 5697 u
2354 5646 2605 5697 stanichaci.
