3874 6340
337 360 449 416 145

331 486 577 536 scuntur.
614 475 941 548 Sapientiam
977 474 1119 530 enim
1147 473 1431 546 loquuntur
1457 474 1597 530 inter
1627 473 1911 545 perfectos,

332 570 640 629 carnalibus
666 584 793 624 vero
813 578 865 623 et
888 568 1223 636 animalibus,
1249 568 1493 637 quamvis
1513 568 1663 622 novis
1691 568 1919 623 homini-

331 663 459 727 bus,
510 660 681 715 adhuc
721 668 897 714 tamen
928 658 1177 728 parvulis,
1220 659 1473 714 nonnulla
1509 660 1781 728 obtegnnt,
1824 659 1919 714 sed

331 754 482 809 nulla
512 752 853 807 mentiuntur.
880 749 994 805 Non
1017 748 1158 804 enim
1181 748 1473 805 honoribus
1492 749 1602 804 suis
1620 750 1769 803 vanis
1789 764 1918 804 con-

331 843 518 898 sulunt
540 850 595 896 et
619 841 863 894 inanibus
891 839 1165 905 laudibus;
1204 839 1297 895 sed
1332 840 1544 894 utilitati
1580 855 1766 895 eorum
1794 856 1916 896 cum

330 935 529 1005 quibus
555 933 863 989 societatem
898 930 1021 985 vitae
1050 930 1206 1000 hujus
1246 931 1378 986 inire
1416 940 1745 987 meruerunt.
1792 933 1917 988 Rrec

327 1028 476 1083 enim
502 1026 585 1080 lex
614 1033 696 1079 est
722 1023 913 1077 divina:
939 1021 1305 1093 providentiae,
1338 1031 1396 1077 ut
1438 1038 1595 1077 nemo
1620 1038 1648 1075 a
1676 1023 1915 1092 superio-

328 1115 485 1171 ribus
538 1114 818 1184 adjuvetur
856 1111 924 1168 ad
966 1112 1386 1182 cognoscendam
1420 1120 1475 1167 et
1521 1114 1914 1183 percipiendam

325 1208 559 1279 gratiam
587 1206 701 1269 Dei,
731 1206 819 1276 qui
849 1220 957 1259 non
1002 1204 1069 1258 ad
1104 1203 1343 1260 eamdem
1368 1219 1505 1275 puro
1547 1204 1737 1259 atl‘ectu
1781 1202 1914 1259 infe-

325 1303 508 1357 riores
522 1299 799 1370 adjuvcrit.
817 1296 892 1353 Ita
912 1297 979 1352 de
998 1305 1215 1367 peccato
1234 1305 1435 1359 nostro,
1459 1295 1599 1366 quod
1622 1295 1673 1350 in
1698 1294 1913 1350 homine

326 1401 611 1463 peccatore
640 1391 753 1459 ipsa
783 1398 967 1444 natura
993 1397 1179 1443 nostra
1208 1388 1495 1454 commisit,
1532 1397 1585 1443 et
1611 1401 1780 1458 genus
1816 1386 1914 1443 hu-

324 1497 550 1538 manum
591 1481 783 1535 factum
825 1488 906 1535 est
952 1496 1201 1550 magnum
1242 1479 1405 1535 decus
1438 1490 1913 1551 ornamentumque

324 1583 616 1635 terrarum,
643 1579 701 1627 et
722 1582 827 1625 tam
848 1570 1100 1626 decenter
1127 1570 1319 1624 divina:
1351 1569 1696 1639 providentia:
1725 1584 1912 1639 procu-

325 1668 539 1722 ratione
590 1664 1017 1730 administratur,
1072 1670 1129 1717 ut
1168 1676 1257 1717 ars
1300 1660 1581 1717 inel'fabilis
1632 1660 1912 1716 medicina:

322 1758 501 1825 ipsam
522 1756 771 1809 vitiorum
799 1748 1088 1809 fmditatem
1118 1752 1169 1807 in
1198 1752 1378 1808 nescio
1402 1767 1560 1823 quam
1596 1751 1679 1807 sui
1701 1751 1911 1823 generis

321 1846 777 1919 pulchritudinem
802 1852 992 1901 vertat.

322 1937 557 1995 CAPUT
596 1935 786 1993 XXIX.
809 1934 977 1989 ——De
1016 1936 1175 1989 altero
1221 1935 1399 1990 salutis
1438 1935 1680 2000 subsidio,
1724 1934 1911 1988 scilicet

401 2010 626 2069 ratione;
654 2006 901 2077 quomodo
924 2006 1020 2077 liae
1045 2006 1172 2059 duce
1194 2005 1262 2058 ad
1284 2005 1616 2077 Deumqhomo
1650 2004 1871 2059 euehitur
1892 2020 1911 2059 :

402 2081 510 2132 lure
536 2075 754 2148 primum
780 2076 1003 2131 sensibus
1023 2084 1262 2147 praestare
1286 2075 1696 2144 deprehenditur.

404 2170 494 2225 52.
534 2170 601 2223 Ει
624 2169 871 2238 quoniam
898 2168 965 2222 de
981 2166 1310 2222 auctoritatis
1340 2166 1706 2232 beneﬁcentia,
1738 2180 1909 2236 quan-

324 2269 444 2315 tum
476 2260 527 2314 in
568 2259 848 2329 prtesentia
887 2258 1018 2311 satis
1053 2257 1226 2312 visum
1254 2264 1357 2323 est,
1396 2256 1555 2310 locuti
1583 2270 1800 2320 sumus;
1834 2254 1908 2309 vi-

323 2353 552 2407 deamus
577 2358 837 2421 quatenus
862 2349 998 2405 ratio
1019 2349 1186 2418 possit
1204 2348 1448 2418 progredi
1468 2362 1498 2402 a
1526 2347 1821 2403 visibilibus
1841 2346 1909 2402 ad

325 2444 636 2507 invisibilia,
668 2450 721 2495 et
745 2458 775 2496 a
802 2441 1181 2511 temporalibus
1208 2439 1274 2494 ad
1294 2450 1491 2493 aeterna
1518 2432 1904 2495 conscendens.

323 2536 448 2591 Non
483 2536 623 2589 enim
661 2533 853 2588 frustra
883 2540 937 2586 et
962 2532 1191 2586 inaniter
1219 2530 1407 2585 intueri
1434 2538 1640 2598 oportet
1669 2528 1907 2599 pulchri-

325 2626 568 2680 tudinem
598 2624 741 2691 cueli,
766 2622 1004 2676 ordinem
1029 2621 1283 2689 siderum,
1304 2621 1589 2676 candorem
1609 2621 1762 2687 lueis,
1790 2620 1907 2675 die-

324 2731 452 2772 rum
482 2724 535 2771 et
572 2716 805 2769 noctium
836 2712 1241 2779 vicissitudines,
1272 2712 1409 2765 luna:
1447 2719 1716 2767 menstrua
1741 2713 1911 2767 curri-

322 2807 472 2869 csla,
514 2805 635 2860 anni
680 2802 1053 2874 quadrifariam
1091 2803 1551 2872 temperationem,
1593 2803 1907 2874 quadripar-

325 2898 443 2951 titis
488 2877 765 2951 elementis
801 2903 1214 2964 congruentem,
1258 2902 1457 2949 tantam
1502 2897 1608 2949 vim
1647 2897 1908 2952 seminum

327 2989 543 3060 species
566 3002 924 3057 numerosque
948 2986 1297 3057 gignentium,
1328 2995 1383 3042 et
1407 2989 1582 3041 omnia
1610 2988 1665 3043 in
1689 3004 1785 3043 suo
1813 3005 1907 3061 ge-

324 3094 462 3135 nere
482 3079 696 3134 modum
720 3079 988 3149 proprium
1011 3087 1357 3148 naturamque
1382 3081 1668 3135 servantia.
1694 3080 1748 3135 in
1771 3098 1907 3152 quo-

324 3187 447 3226 rum
486 3169 909 3225 consideratione
947 3185 1052 3224 non
1093 3185 1223 3224 vana
1264 3178 1317 3225 et
1356 3171 1587 3239 peritura
1632 3173 1908 3229 curiositas

325 3259 624 3316 exercenda
666 3268 767 3324 εει,
797 3258 892 3313 sed
922 3258 1116 3329 gradus
1145 3258 1211 3313 ad
1252 3260 1568 3315 immortalia
1606 3271 1661 3316 et
1698 3277 1910 3331 semper

323 3350 596 3405 manentia
634 3349 926 3403 faciendus.
974 3349 1277 3405 Proximum
1317 3351 1458 3405 enim
1489 3362 1590 3417 est,
1632 3353 1907 3410 attendere

322 3457 448 3512 qua:
482 3442 582 3496 ista
622 3441 692 3495 sit
721 3448 909 3495 natura
936 3440 1131 3506 vitalis,
1177 3457 1296 3512 qum
1336 3451 1523 3497 cuncta
1563 3444 1661 3497 ista
1702 3446 1902 3501 sentit:

324 3548 446 3604 quae.
475 3529 716 3601 profecto
738 3532 984 3597 quoniam
1010 3533 1171 3586 vitam
1202 3531 1292 3586 dat
1316 3534 1546 3602 corpori,
1572 3536 1908 3603 praestantior

322 3637 395 3677 eo
409 3623 478 3677 sit
495 3637 715 3677 necesse
727 3630 828 3677 est.
844 3622 955 3676 Non
974 3622 1118 3677 enim
1136 3623 1535 3693 qualiscumque
1551 3625 1736 3687 moles,
1751 3642 1909 3697 quan-

323 3729 485 3783 quam
512 3713 611 3767 ista
630 3712 826 3768 visibili
857 3713 973 3768 luce
1002 3713 1324 3784 prmlulgeat,
1354 3715 1397 3768 si
1422 3716 1526 3770 vita
1546 3725 1712 3783 caret,
1731 3719 1906 3788 magni

322 3803 638 3858 aestimanda
664 3812 765 3859 est.
800 3804 1057 3871 Qnmlibet
1089 3820 1319 3875 namque
1338 3792 1453 3860 viva
1477 3808 1769 3863 substantia
1796 3810 1907 3865 cui-

322 3894 459 3950 libet
486 3910 588 3949 non
611 3896 744 3949 viva:
760 3895 1089 3962 substantiae,
1104 3904 1304 3952 natura:
1325 3897 1440 3967 lege
1462 3901 1784 3968 praeponitur
1802 3899 1901 3972 (a).

403 3989 494 4043 53.
536 3988 641 4043 Sed
670 3988 789 4059 quia
824 3988 1146 4044 irrationalia
1175 4005 1384 4060 quoque
1412 3992 1695 4047 animantia
1726 3993 1906 4050 vivere

323 4085 488 4148 atque
522 4078 718 4133 sentire
747 4093 905 4133 neruo
929 4079 1164 4148 ambigit,
1195 4079 1319 4133 illud
1362 4079 1413 4133 in
1451 4082 1629 4134 animo
1673 4081 1904 4139 humano

320 4167 825 4237 prmstantissimum
866 4177 965 4232 est,
1014 4182 1118 4221 non
1145 4183 1250 4238 quo
1277 4169 1438 4223 sentit
1475 4171 1762 4238 scnsibilia,
1807 4174 1903 4229 sed

319 4273 431 4326 quo
454 4257 656 4327 judicat
678 4258 744 4313 de
768 4258 1126 4314 sensibilibus.
1164 4259 1294 4313 Nam
1322 4268 1376 4313 et
1396 4259 1574 4315 vident
1598 4264 1822 4329 acutius,
1851 4274 1904 4320 et

320 4350 532 4404 emeris
574 4350 814 4418 corporis
862 4351 1105 4407 sensibus
1152 4353 1325 4407 acrius
1372 4367 1596 4423 corpora
1642 4356 1904 4425 attingunt

319 4442 593 4511 pleneque
620 4441 801 4496 bestiae
826 4457 982 4512 quam
1012 4443 1253 4498 homines
1278 4462 1291 4499 :
1320 4444 1414 4499 sed
1437 4444 1678 4514 judicare
1699 4446 1765 4501 de
1786 4461 1903 4501 cor-

322 4532 543 4601 poribus
577 4547 680 4585 non
707 4533 985 4587 sentientis
1014 4541 1214 4588 tantum
1242 4536 1383 4601 vitm,
1420 4537 1512 4590 sed
1543 4539 1700 4592 etiam
1733 4540 1898 4594 ratio-

320 4620 550 4677 cinantis
589 4631 703 4685 est;
745 4637 845 4691 qua
886 4622 988 4676 illzu
1030 4633 1232 4688 carent,
1272 4640 1370 4680 nos
1410 4628 1738 4684 excellimus.
1783 4631 1900 4685 Jam

319 4723 453 4763 vero
482 4710 608 4764 illud
636 4710 818 4766 videre
857 4710 1159 4767 faciﬂimum
1199 4723 1299 4778 est,
1331 4718 1751 4783 prazstantiorem
1781 4736 1901 4777 esse

314 4800 667 4869 judicantem,
704 4818 860 4872 quam
890 4803 976 4857 illa
1016 4819 1101 4859 res
1129 4812 1213 4859 est
1239 4804 1305 4859 de
1333 4820 1436 4876 qua
1461 4806 1747 4875 jndicatur.
1782 4811 1897 4868 Non

318 4892 491 4946 solum
536 4901 711 4948 autem
754 4892 1023 4948 rationalis
1050 4895 1152 4949 vita
1189 4895 1255 4951 de
1292 4897 1651 4967 sensibilibns,
1694 4903 1787 4958 sed
1828 4904 1898 4961 de

316 4985 452 5055 ipsis
471 5000 683 5055 quoque
706 4985 947 5039 sensibus
963 4986 1196 5052 judicat;
1225 5004 1321 5044 cur
1349 4989 1403 5044 in
1427 5006 1562 5062 aqua
1584 5008 1787 5048 remum
1815 4996 1898 5049 in-

316 5076 548 5131 fractum
585 5086 828 5146 oporteat
851 5092 1108 5148 apparere
1134 5095 1254 5136 cum
1291 5092 1468 5137 rectus
1508 5084 1595 5149 sit,
1621 5095 1675 5141 et
1710 5102 1804 5142 cur
1827 5089 1897 5143 ita

318 5183 416 5239 per
442 5166 623 5221 oculos
651 5168 832 5222 sentiri
859 5184 1078 5226 necesse
1100 5171 1166 5226 sit
1195 5190 1207 5225 :
1235 5188 1356 5226 nam
1381 5174 1493 5243 ipse
1517 5186 1759 5245 aspectus
1780 5195 1899 5234 ocu-

312 5258 490 5313 lorum
546 5259 851 5315 renuntiare
900 5259 950 5313 id
1003 5269 1208 5330 potest,
1242 5263 1481 5331 judicare
1523 5275 1699 5322 autem
1752 5271 1896 5325 nullo

314 5343 499 5399 modo.
547 5343 724 5412 Quare
772 5344 1107 5400 manifestum
1150 5355 1251 5413 est,
1298 5356 1355 5401 ut
1395 5350 1690 5405 sensualem
1735 5353 1894 5408 vitam

312 5434 552 5503 corpori,
583 5435 652 5488 ita
688 5435 1002 5491 rationalem
1027 5436 1239 5508 utrique
1267 5448 1539 5508 praestare.

310 5519 562 5596 (ΞΑΡΙΠῘΔ
582 5520 931 5596 ΧΧὶζε--Αι
965 5527 1159 5581 ratione
1190 5530 1511 5596 prmtantior
1548 5530 1630 5585 lea:
1663 5530 1895 5587 immuta-

472 5592 609 5658 bilis,
640 5594 827 5648 scilicet
852 5596 1031 5649 veritas
1054 5592 1325 5651 secundum
1352 5616 1503 5669 quam
1520 5600 1739 5670 judicat.

382 5681 474 5737 54.
516 5681 700 5753 Itaque
726 5682 771 5738 si
800 5684 1067 5741 rationalis
1089 5688 1194 5741 vita
1221 5688 1515 5745 secundum
1543 5692 1772 5762 seipsam
1794 5694 1885 5765 ju-

368 5794 451 5861 (α)
468 5798 675 5848 Consule
696 5795 781 5848 lib.
802 5797 834 5848 2
852 5798 915 5850 de
937 5800 1104 5853 Libero
1120 5802 1340 5866 Arbitrio,
1359 5816 1462 5869 cap.
1487 5806 1519 5855 3
1542 5812 1594 5858 et
1612 5819 1745 5881 seqq.

1754 354 1952 411 LIBER
1991 355 2083 414 UN
2090 358 2188 417 US.

3508 366 3614 426 ιιι

2029 478 2186 545 dicat,
2208 480 2347 536 nulla
2356 480 2467 552 jam
2484 484 2758 536 estnatura
2775 475 3125 547 praestantior.
3144 476 3249 535 Sed
3261 480 3381 551 quia
3398 480 3606 541 clarum

2025 581 2109 627 est
2146 589 2263 628 eam
2282 589 2399 629 esse
2415 572 2742 637 mutabilem,
2756 569 2967 641 quando
2982 585 3120 626 nunc
3137 572 3321 639 perita,
3344 590 3483 629 nunc
3503 576 3607 630 im,

2025 664 2192 732 perita
2210 664 2499 725 invenitur;
2520 672 2664 717 tanto
2680 668 2853 716 autem
2872 661 3056 715 melius
3066 660 3289 729 judicat,
3306 672 3503 733 quanto
3517 673 3602 720 est

2025 754 2277 823 peritior;
2302 763 2356 809 et
2376 763 2520 808 tanto
2541 762 2624 808 est
2638 751 2875 822 peritior,
2894 758 3089 820 quanto
3114 751 3337 821 alicujus
3364 754 3493 809 artis
3519 757 3607 811 vel

2024 845 2313 915 disciplina:
2334 847 2417 900 vel
2445 844 2717 916 sapientia:
2737 843 3002 914 particeps
3028 851 3111 897 est
3131 860 3143 896 :
3160 844 3324 912 ipsius
3346 846 3474 900 artis
3504 862 3606 901 na-

2025 942 2140 989 tura
2155 936 2437 1005 quazrenda
2451 944 2550 989 est.
2566 934 2747 1004 Neque
2758 948 2896 988 nunc
2906 942 3074 988 artem
3089 932 3311 1005 intelligi
3327 934 3468 999 volo,
3486 951 3608 1006 qua:

2023 1032 2236 1079 notatur
2257 1024 2601 1094 experiendo,
2629 1022 2721 1079 sed
2759 1037 2878 1092 quae
2915 1022 3276 1077 ratiocinando
3304 1023 3603 1095 indagatur.

2021 1113 2157 1179 Quid
2199 1114 2339 1168 enim
2375 1114 2682 1184 praeclarum
2724 1113 2894 1177 novit,
2930 1112 3019 1182 qui
3065 1113 3213 1167 novit
3258 1129 3321 1168 ea
3361 1114 3603 1185 impensa

2020 1220 2140 1275 qua:
2161 1205 2305 1260 calce
2334 1213 2390 1259 et
2413 1220 2573 1259 arena
2603 1203 2786 1267 confit,
2818 1202 3054 1257 tenacius
3076 1203 3276 1273 lapides
3300 1205 3596 1273 cohaerere,

2020 1312 2176 1367 quam
2216 1296 2361 1351 luto?
2401 1306 2492 1351 aut
2529 1296 2618 1363 qui
2650 1303 2755 1347 tam
2783 1294 3052 1364 eleganter
3094 1293 3338 1359 aediﬁcat,
3385 1303 3444 1350 ut
3478 1311 3600 1366 qua:

2018 1389 2171 1459 plura
2210 1398 2352 1453 sunt,
2398 1388 2543 1458 paria
2579 1386 2793 1457 paribus
2831 1384 3216 1455 respondeant;
3266 1401 3384 1455 qua:
3417 1394 3599 1441 autem

2020 1482 2245 1551 singula,
2278 1480 2510 1537 medium
2545 1479 2717 1534 locum
2747 1477 2999 1533 teneant?
3024 1492 3323 1547 quanquam
3349 1476 3449 1532 iste
3474 1492 3599 1533 sen-

2018 1587 2108 1627 sus
2128 1572 2237 1642 jam
2263 1574 2331 1626 sit
2350 1570 2539 1626 rationi
2565 1570 2878 1638 veritatique
2892 1569 3132 1623 vicinior.
3156 1567 3263 1623 Sed
3284 1578 3430 1624 certe
3449 1585 3598 1640 quae-

2017 1666 2239 1722 rendum
2269 1676 2350 1721 est
2387 1682 2481 1721 cur
2509 1680 2607 1720 nos
2636 1663 2885 1729 offendat,
2915 1664 2960 1718 si
2987 1663 3191 1718 duabus
3217 1662 3462 1718 fenestris
3487 1677 3599 1718 non

2016 1773 2177 1828 super
2205 1758 2456 1821 invicem,
2488 1756 2582 1812 sed
2610 1756 2759 1825 juxta
2789 1756 3013 1811 invicem
3046 1755 3255 1822 locatis,
3283 1770 3387 1809 una
3413 1770 3598 1810 earum

2015 1848 2186 1917 major
2215 1848 2451 1903 minorve
2498 1848 2587 1911 sit,
2636 1862 2757 1901 cum
2799 1846 3031 1915 aequales
3062 1860 3183 1901 esse
3222 1846 3524 1915 potuerint:
3550 1846 3599 1901 si

2014 1954 2142 1993 vero
2161 1952 2321 2007 super
2346 1938 2571 1992 invicem
2602 1936 2815 2004 fuerint,
2834 1936 3107 2007 ambmque
3128 1936 3350 1991 dimidio
3372 1938 3388 1969 ί
3406 1952 3595 2007 quam-

2016 2029 2095 2085 vis
2127 2029 2393 2098 impares,
2420 2044 2525 2083 non
2558 2028 2627 2081 ita
2667 2026 2900 2084 oll‘endat
2925 2027 3010 2082 illa
3035 2027 3398 2097 inaequalitas;
3425 2036 3479 2083 et
3501 2042 3598 2083 cur

2015 2134 2119 2173 non
2149 2120 2369 2173 multum
2393 2133 2661 2184 curemus,
2690 2128 2889 2187 quanto
2913 2117 2982 2171 sit
3006 2132 3109 2172 una
3139 2132 3322 2172 earum
3359 2126 3449 2172 aut
3478 2133 3595 2172 ma-

2009 2208 2097 2280 jor
2126 2218 2217 2264 aut
2246 2210 2438 2277 minor,
2462 2208 2581 2279 quia
2612 2208 2731 2263 dua:
2759 2216 2901 2263 sunt.
2928 2208 2983 2262 In
3016 2208 3181 2263 tribus
3209 2217 3387 2265 autem
3407 2223 3597 2266 sensus

2014 2298 2129 2369 ipse
2155 2299 2363 2353 videtur
2387 2308 2636 2369 expetere
2660 2308 2720 2354 ut
2748 2307 2839 2353 aut
2863 2299 3094 2369 impares
3115 2314 3219 2353 non
3245 2300 3371 2365 sint,
3397 2310 3488 2355 aut
3516 2300 3598 2354 in-

2015 2396 2097 2442 ter
2121 2389 2406 2443 maximam
2428 2397 2481 2443 et
2505 2389 2778 2444 minimam
2800 2390 2869 2443 ita
2893 2389 2965 2443 sit
2989 2388 3182 2455 media,
3207 2397 3263 2443 ut
3286 2396 3434 2444 tanto
3458 2404 3599 2459 pra:-

2014 2482 2167 2537 cedat
2184 2482 2465 2548 minorem,
2487 2492 2684 2551 quanto
2705 2498 2737 2537 a
2762 2482 2963 2552 majore
2989 2481 3321 2552 praeceditur.
3349 2480 3425 2537 Ita
3450 2483 3595 2537 enim

2014 2573 2186 2643 primo
2218 2576 2366 2642 quasi
2396 2580 2581 2627 natura
2617 2574 2731 2643 ipsa
2771 2572 3068 2628 consulitur
3100 2572 3224 2643 quid
3253 2572 3459 2642 probet.
3491 2574 3595 2628 Ubi

2014 2663 2349 2733 potissimum
2382 2662 2670 2717 notandum
2710 2671 2811 2727 est,
2851 2662 3296 2733 quemadmodum
3322 2663 3464 2733 quod
3500 2678 3593 2718 so-

2015 2754 2122 2809 lum
2153 2753 2445 2823 inspectum
2495 2753 2669 2809 minus
2695 2753 3041 2822 displicuerit;
3088 2755 3141 2809 in
3184 2754 3416 2811 melioris
3444 2767 3595 2811 com-

2013 2844 2286 2916 paratione
2310 2851 2612 2915 respuatur.
2639 2843 2715 2898 lta
2742 2844 3001 2915 reperitur
3031 2844 3158 2898 nihil
3186 2858 3306 2900 esse
3328 2845 3470 2900 aliud
3502 2861 3591 2900 ar-

2016 2948 2123 2994 tem
2154 2938 2447 3008 vulgarem,
2476 2937 2575 2992 nisi
2603 2952 2781 2993 rernm
2808 2947 3145 3007 expertarum
3176 2938 3594 3011 plaeitarumque

2013 3032 2344 3094 memoriam,
2385 3045 2485 3085 usu
2521 3031 2751 3100 quodam
2794 3031 3033 3101 corporis
3073 3039 3229 3100 atque
3270 3031 3595 3101 operationis

2014 3123 2263 3192 adjuncto
2289 3141 2301 3175 :
2331 3137 2437 3193 quo
2462 3122 2505 3176 si
2531 3136 2734 3186 careas,
2758 3121 2998 3192 judicare
3022 3121 3089 3176 de
3115 3122 3361 3192 operibus
3397 3125 3589 3194 possis,

2012 3215 2153 3285 quod
2181 3215 2348 3269 multo
2388 3223 2469 3269 est
2498 3213 2871 3282 excellentius,
2913 3214 3155 3284 quamvis
3180 3215 3387 3284 operari
3428 3214 3595 3271 artill-

2012 3308 2154 3362 ciosa
2180 3323 2282 3361 non
2314 3307 2505 3377 possis.

2083 3399 2171 3454 55.
2214 3397 2317 3452 Sed
2348 3412 2467 3451 cum
2495 3396 2547 3451 in
2574 3396 2821 3452 omnibus
2850 3396 3053 3453 artibus
3076 3399 3440 3455 convenientia
3466 3399 3584 3468 pla-

2011 3497 2144 3553 ceat,
2176 3503 2277 3557 qua
2299 3504 2400 3542 una
2421 3489 2565 3541 salva
2588 3497 2641 3543 et
2667 3488 2880 3557 pulchra
2911 3499 3034 3544 sunt
3081 3491 3256 3545 omnia
3282 3506 3297 3556 ;
3327 3491 3439 3561 ipsa
3460 3506 3591 3546 vero

2010 3580 2376 3635 convenientia
2421 3580 2776 3649 aequalitatem
2818 3580 3174 3651 unitatemque
3216 3591 3448 3651 appetat,
3501 3585 3585 3639 vel

2010 3671 2354 3726 similitudine
2395 3671 2599 3741 parium
2642 3666 2890 3741 partium,
2928 3673 3011 3727 vel
3064 3673 3371 3742 gradatione
3413 3676 3592 3746 dispa-

2012 3762 2148 3816 rium
2180 3780 2193 3815 :
2226 3764 2346 3832 quis
2386 3763 2579 3831 estqui
2611 3776 2869 3815 summam
2898 3764 3247 3830 mqualitatem
3280 3764 3365 3820 vel
3397 3765 3590 3821 simili-

2009 3852 2244 3906 tudinem
2263 3852 2312 3904 in
2334 3852 2641 3921 corporibus
2663 3852 2913 3918 inveniat,
2933 3852 3226 3923 audentque
3246 3853 3442 3920 dicere,
3465 3871 3588 3911 cum

2009 3942 2290 4014 diligenter
2341 3943 2755 3998 censidcraverit
2795 3943 3068 4014 quodlibet
3113 3960 3305 4013 corpus
3350 3961 3476 4003 vere
3523 3963 3589 4001 ac

2009 4036 2320 4106 simpliciter
2360 4052 2521 4091 unum
2560 4052 2710 4102 esse;
2753 4052 2871 4091 cum
2903 4036 3078 4090 omnia
3102 4038 3187 4091 vel
3212 4037 3279 4093 de
3313 4040 3491 4109 specie
3532 4039 3589 4093 in

2010 4125 2264 4196 speciem,
2294 4126 2377 4180 vel
2406 4127 2472 4181 de
2508 4127 2623 4181 loco
2653 4127 2704 4180 in
2738 4126 2912 4180 locum
2942 4126 3265 4183 transeundo
3292 4137 3583 4195 mutentur,

2009 4226 2062 4273 et
2088 4218 2324 4288 partibus
2352 4227 2593 4272 constent
2618 4232 2711 4271 sua
2742 4216 2853 4273 loca
2880 4217 3259 4281 obtinentibus,
3283 4235 3376 4288 per
3392 4235 3510 4290 qua:
3531 4220 3583 4273 in

2008 4310 2173 4378 spatia
2212 4308 2421 4362 diversa
2452 4308 2788 4361 dividuntur?
2817 4307 2982 4361 Porro
3014 4308 3125 4377 ipsa
3151 4322 3275 4363 vera
3310 4311 3586 4380 aequalitas

2007 4414 2070 4452 ac
2108 4398 2416 4462 similitudo,
2464 4408 2622 4468 atque
2659 4398 2769 4468 ipsa
2798 4414 2919 4453 vera
2957 4407 3011 4453 et
3039 4398 3206 4468 prima
3238 4400 3432 4467 unitas,
3479 4418 3584 4456 non

2008 4488 2177 4542 oculis
2204 4488 2428 4551 carneis,
2462 4504 2634 4554 neque
2659 4489 2763 4541 ullo
2792 4490 2879 4543 tali
2901 4490 3081 4555 Sensu,
3113 4490 3205 4545 sed
3232 4502 3406 4547 mente
3428 4492 3586 4549 intel-

2007 4578 2141 4633 lecta
2168 4579 2507 4648 conspicitur.
2544 4578 2695 4635 Unde
2726 4580 2864 4634 enim
2894 4581 3289 4652 qualiscumque
3316 4582 3367 4637 in
3389 4600 3583 4654 corpo-

2006 4669 2154 4723 ribus
2182 4679 2521 4741 appcteretur
2548 4670 2840 4740 :cqualitas,
2868 4680 2958 4725 aut
2991 4670 3131 4727 unde
3155 4674 3579 4739 convinceretur,

2005 4760 2160 4832 longe
2185 4762 2463 4832 plurimum
2485 4760 2700 4816 dill‘erre
2723 4776 2751 4813 a
2780 4760 3033 4830 perfecta,
3062 4762 3161 4817 nisi
3185 4778 3248 4819 ea
3272 4780 3391 4835 qua:
3416 4765 3583 4835 perfe-

2004 4862 2089 4909 cta
2113 4864 2214 4919 est,
2237 4861 2412 4908 mente
2436 4853 2747 4909 videretur?
2776 4854 2819 4908 si
2842 4862 3017 4909 tamen
3037 4870 3155 4926 qua:
3177 4854 3315 4912 facta
3342 4872 3445 4912 non
3476 4866 3578 4922 est,

2004 4943 2235 5013 perfecta
2264 4943 2485 4998 dicenda
2511 4950 2612 4999 est.

2073 5036 2161 5092 56.
2194 5036 2260 5090 Et
2300 5051 2421 5090 cum
2460 5036 2636 5091 omnia
2666 5051 2785 5106 qum
2830 5038 3149 5096 sensibiliter
3174 5039 3387 5109 pulchra
3411 5038 3572 5106 sunt,
3644 5034 3649 5039 ’

2004 5127 2112 5181 sive
2156 5136 2345 5181 natura
2384 5126 2545 5192 edita,
2594 5128 2707 5184 sive
2752 5131 2955 5186 artibus
2998 5132 3298 5198 elaborata,
3349 5131 3477 5188 locis
3523 5144 3580 5189 et

2004 5218 2329 5288 temporibus
2358 5218 2465 5273 sint
2493 5218 2734 5289 pulchra,
2770 5231 2835 5276 ut
2878 5237 3070 5291 corpus
3095 5230 3148 5276 et
3190 5224 3428 5292 corporis
3455 5240 3574 5281 mo-
3625 5266 3635 5297 ε

2004 5316 2118 5371 tus;
2151 5308 2236 5363 illa
2262 5310 2535 5379 :equalitas
2575 5319 2629 5365 et
2671 5312 2844 5365 unitas
2892 5312 3056 5365 menti
3096 5314 3461 5370 tantummodo
3484 5332 3577 5371 co-

2000 5401 2173 5469 gnita,
2230 5401 2522 5456 secundum
2568 5417 2725 5471 quam
2784 5402 2851 5455 de
2894 5415 3148 5471 corporea
3186 5402 3578 5473 pulchritudine

2000 5506 2161 5547 sensu
2182 5492 2509 5547 internuntio
2537 5492 2821 5562 jndicatur.
2847 5506 2945 5547 nec
2975 5494 3092 5549 loco
3116 5496 3312 5552 tumida
3342 5506 3443 5563 est,
3477 5516 3577 5555 nec

2000 5585 2254 5640 instabilis
2272 5594 2526 5653 tempore.
2546 5583 2657 5637 Non
2674 5583 2812 5637 enim
2831 5585 3086 5641 rectedici
3106 5596 3275 5657 potest
3286 5591 3575 5645 secundum

1999 5677 2354 5750 eamjudicari
2381 5675 2662 5731 rotundum
2703 5677 2951 5732 canthum
2976 5719 2991 5743 ,
3021 5687 3076 5734 et
3122 5694 3225 5735 non
3271 5682 3560 5739 secundum

2064 5810 2080 5842 ι
2104 5810 2177 5858 sic
2194 5805 2555 5871 praestandores
2570 5812 2754 5860 Mss...“
2773 5807 2885 5860 uid.
2902 5810 3101 5875 habent,
3117 5812 3179 5863 de
3194 5813 3366 5864 medio.
