3874 6348
390 371 497 430 M7

389 503 511 547 eam
537 482 826 542 rotundum
850 479 1154 545 vasculum;
1188 484 1282 534 aut
1307 476 1600 534 secundum
1628 491 1743 531 eam
1789 485 1977 532 rotun-

389 581 518 639 dum
538 575 834 640 vasculum,
866 583 920 630 et
944 588 1050 629 non
1079 569 1375 627 secundum
1401 584 1521 623 eam
1565 567 1850 624 rotundum
1878 567 1976 624 de-

389 675 616 731 narium.
664 667 924 740 Similiter
967 667 1022 720 in
1069 664 1395 733 temporibus
1437 670 1597 731 atque
1642 661 1696 716 in
1745 662 1977 718 motibus

388 779 697 836 corporum,
742 758 966 816 ridicule
1017 756 1212 811 dicitur
1250 754 1542 812 secundum
1591 767 1710 807 eam
1748 751 1976 821 judicari

387 858 619 931 aequales
645 868 833 915 annos,
867 859 922 908 et
957 863 1062 905 non
1101 847 1392 905 secundum
1411 861 1532 902 eam
1561 845 1794 916 aequales
1823 859 1975 898 men-

386 969 507 1018 ses;
536 958 627 1006 aut
656 945 947 1005 secundum
975 959 1092 998 eam
1124 941 1356 1011 :cquales
1380 953 1593 995 menses
1613 979 1629 1006 ,
1675 948 1730 993 et
1757 952 1859 991 non
1889 951 1976 993 se-

385 1027 616 1112 cundum
643 1057 762 1098 eam
786 1039 1019 1112 :rquales
1055 1035 1190 1091 dies.
1236 1032 1342 1089 Sed
1364 1033 1477 1088 sive
1507 1046 1602 1101 per
1632 1031 1744 1085 haec
1780 1029 1972 1098 spatia,

385 1139 498 1197 sive
525 1152 619 1208 per
647 1136 805 1189 horas
831 1174 846 1198 ,
887 1131 1000 1186 sive
1044 1145 1134 1210 per
1165 1127 1412 1182 breviora
1461 1131 1730 1179 momenta
1774 1136 1975 1177 conve-

383 1228 596 1288 nienter
619 1237 895 1282 moveatur
915 1219 1112 1291 aliquid
1133 1263 1148 1285 ,
1177 1219 1361 1274 eadem
1394 1232 1495 1271 una
1524 1224 1579 1270 et
1624 1216 1974 1268 incommuta-

383 1324 475 1382 bili
507 1294 805 1392 aequalitate
829 1316 1117 1392 judicatur.
1143 1311 1294 1381 Quod
1336 1311 1380 1365 si
1427 1309 1632 1364 minora
1677 1315 1733 1363 et
1771 1307 1972 1375 majora

383 1413 551 1489 spatia
581 1414 864 1482 ﬁgurarum
905 1418 1064 1478 atque
1094 1405 1384 1460 motionum
1407 1402 1698 1476 secundum
1730 1400 1972 1456 eamdem

383 1507 558 1578 legem
588 1500 870 1576 parilitatis
891 1541 905 1564 ,
934 1500 1018 1554 vel
1058 1495 1439 1558 similitudinis,
1481 1493 1565 1549 vel
1613 1491 1975 1562 congruentia

378 1598 708 1672 iudicantur,
738 1594 848 1661 ipsa
893 1591 979 1646 lex
1009 1589 1179 1656 major
1224 1596 1307 1642 est
1337 1587 1419 1639 his
1448 1584 1718 1647 omnibus,
1749 1583 1844 1638 sed
1873 1597 1974 1652 po-

384 1690 570 1747 tentia.
615 1684 882 1740 Caeterum
930 1681 1102 1750 spatio
1148 1688 1236 1732 aut
1280 1677 1383 1732 loci
1434 1683 1525 1730 aut
1566 1673 1842 1742 temporis,
1876 1685 1975 1727 nec

382 1780 556 1853 major
581 1759 679 1834 nec
705 1777 879 1831 minor
903 1792 916 1828 :
945 1775 1064 1844 quia
1088 1773 1131 1828 si
1161 1771 1331 1842 major
1349 1777 1513 1834 esset,
1543 1783 1650 1821 non
1681 1764 1972 1821 secundum

383 1887 551 1942 totam
590 1872 955 1944 judicaremus
994 1868 1233 1930 minora;
1277 1865 1322 1918 si
1361 1874 1540 1918 autem
1587 1861 1761 1914 minor
1805 1866 1969 1924 esset,

379 1986 488 2030 non
517 1963 808 2024 secundum
837 1976 953 2017 eam
978 1959 1335 2030 judicaremus
1362 1953 1559 2023 majora
1589 1951 1630 2005 ί.
1665 1949 1818 2005 Nunc
1848 1964 1974 2004 vero

382 2078 508 2120 cum
552 2055 845 2118 secundum
875 2063 1037 2108 totam
1067 2047 1405 2122 quadratum:
1434 2045 1600 2114 legem
1627 2043 1894 2112 jndicetur
1919 2048 1975 2095 et

381 2155 555 2214 forum
584 2149 902 2223 quadratum
928 2186 945 2213 ,
991 2157 1042 2199 et
1075 2142 1208 2214 lapis
1249 2139 1538 2210 quadratus
1565 2179 1580 2202 ,
1613 2145 1667 2190 et
1696 2135 1888 2188 tabella
1919 2141 1976 2188 et

379 2262 592 2324 gemma
620 2242 875 2316 quadrata
899 2256 914 2306 ;
950 2251 1138 2292 rursus
1166 2231 1458 2289 secundum
1504 2240 1668 2284 totam
1696 2228 1972 2300 aequalita-

385 2321 455 2398 tis
474 2340 642 2408 legem
665 2335 970 2406 judicentur
995 2327 1279 2382 convenire
1304 2324 1402 2378 sibi
1431 2332 1606 2376 motus
1636 2321 1827 2392 pedum
1851 2337 1976 2376 cur-

384 2431 554 2490 rentis
575 2427 826 2487 formica;
848 2433 901 2477 et
918 2417 1205 2476 secundum
1225 2432 1342 2472 eam
1364 2414 1652 2486 gradientis
1673 2411 1970 2482 elephanti:

382 2523 504 2598 quis
546 2537 663 2586 eam
690 2518 894 2574 dubitet
926 2515 1166 2569 locorum
1197 2509 1490 2565 intervallis
1537 2524 1599 2562 ac
1643 2516 1969 2576 tempormn,

381 2631 486 2676 nec
504 2613 762 2685 majorem
805 2623 924 2665 esse
945 2649 960 2675 ,
990 2621 1089 2660 nec
1137 2603 1420 2667 minorem,
1461 2616 1580 2654 cum
1615 2601 1848 2670 potentia
1881 2614 1974 2653 su-

381 2716 533 2780 peret
560 2702 773 2774 omnia?
802 2701 925 2760 lilzcc
950 2708 1126 2753 autem
1151 2695 1236 2751 lex
1263 2693 1500 2749 omnium
1531 2693 1722 2746 artium
1745 2708 1866 2746 cum
1906 2693 1976 2748 sit

383 2799 606 2864 omnino
636 2793 1084 2863 incommutabilis
1106 2833 1122 2866 ,
1153 2805 1304 2844 mens
1341 2803 1472 2862 vero
1513 2787 1741 2841 lnnnana
1773 2787 1856 2842 eui
1891 2796 1973 2876 ta:

387 2890 494 2947 lem
517 2889 686 2959 legem
715 2885 898 2942 videre
933 2895 1246 2937 concessum
1287 2888 1401 2948 est,
1434 2877 1839 2933 mutabilitatem
1869 2881 1975 2945 patl

386 2986 558 3058 possit
583 2977 818 3044 erroris,
841 2975 971 3032 satis
1010 2980 1231 3046 apparet
1257 2986 1417 3048 supra
1460 2978 1696 3048 mentem
1737 2978 1975 3024 nostram

385 3087 511 3132 esse
534 3071 729 3142 legem,
759 3083 878 3146 quae
907 3065 1103 3131 veritas
1130 3062 1341 3140 dicitur.

381 3202 611 3262 CAPUT
657 3199 852 3257 XXXI.
868 3229 943 3242 -—
965 3197 1107 3258 Deus
1132 3212 1330 3251 amoma
1355 3196 1455 3252 ista
1492 3195 1576 3252 lea:
1602 3203 1673 3252 est
1700 3195 1977 3256 secundum

489 3310 642 3368 quam
671 3293 799 3346 ratio
816 3292 1036 3363 judicat,
1064 3289 1153 3344 sed
1178 3305 1327 3360 quam
1344 3287 1586 3359 judicare
1613 3305 1715 3343 non
1737 3289 1874 3346 licet.

455 3428 544 3486 57.
585 3425 693 3483 Nec
712 3425 824 3498 jam
851 3424 978 3480 illud
1015 3422 1391 3502 ambigendum
1426 3431 1543 3492 est,
1571 3425 1979 3480 incommutabi-

383 3523 491 3580 lem
513 3530 777 3586 naturam,
795 3535 914 3590 qua:
933 3533 1093 3589 supra
1117 3517 1430 3576 rationalem
1451 3518 1680 3574 animam
1703 3519 1792 3581 sit,
1809 3519 1975 3572 Deum

383 3629 542 3684 esse;
571 3623 624 3670 et
653 3613 724 3668 ibi
755 3626 874 3668 esse
899 3610 1122 3681 primam
1149 3610 1310 3663 vitam
1332 3616 1388 3663 et
1411 3608 1635 3680 primam
1664 3609 1974 3678 eSsentiam,

382 3708 475 3766 ubi
498 3715 581 3764 est
610 3706 777 3778 prima
809 3702 1088 3775 sapientia.
1128 3699 1260 3756 Nam
1287 3698 1406 3776 haec
1443 3711 1520 3754 est
1553 3700 1641 3756 illa
1676 3700 1976 3755 incommu-

384 3803 562 3864 tabilis
586 3803 805 3870 veritas,
833 3815 951 3872 qua:
976 3799 1064 3855 lex
1088 3797 1326 3864 omnium
1355 3795 1548 3851 artium
1589 3807 1733 3850 reete
1761 3795 1974 3865 dicitur,

383 3904 440 3957 et
459 3909 552 3952 ars
568 3891 947 3963 omnipotentis
967 3889 1206 3952 artificis.
1231 3889 1412 3957 Itaque
1432 3904 1550 3943 cum
1577 3903 1637 3944 se
1657 3889 1831 3942 anima
1853 3905 1978 3954 sen-

384 3987 482 4046 tiat
519 4001 619 4043 nec
659 3999 944 4056 corporum
992 3981 1224 4052 speciem
1270 3989 1578 4052 motumque
1609 3979 1848 4051 judicare
1892 3995 1980 4040 se-

385 4078 618 4140 cundum
664 4075 934 4146 seipsam,
967 4073 1126 4128 simul
1169 4079 1380 4142 oportet
1424 4081 1676 4143 agnoscat
1723 4082 1977 4144 praestare

385 4185 537 4229 suam
580 4177 825 4228 naturam
874 4165 922 4222 ei
954 4173 1156 4220 natura:
1187 4163 1255 4218 de
1303 4179 1406 4233 qua
1448 4163 1687 4234 judicat;
1722 4173 1977 4234 praestare

386 4272 564 4320 autem
595 4259 699 4316 sibi
729 4274 846 4318 eam
876 4266 1140 4326 naturam,
1171 4254 1464 4310 secundum
1493 4271 1650 4325 quam
1674 4255 1896 4326 judicat,
1923 4265 1978 4312 et

385 4353 454 4410 de
475 4368 578 4423 qua
603 4349 843 4424 judicare
869 4348 1019 4404 nullo
1045 4348 1206 4404 modo
1231 4354 1424 4418 potest.
1467 4346 1690 4401 Possum
1721 4345 1862 4402 enim
1897 4349 1976 4402 di-

385 4458 508 4500 cere
541 4457 706 4514 quare
743 4440 937 4510 similia
980 4439 1084 4498 sibi
1119 4455 1182 4494 ex
1231 4447 1452 4509 utraque
1479 4448 1626 4508 parte
1651 4439 1976 4509 reSpondcre

386 4533 626 4602 membra
677 4535 933 4604 cujusque
978 4531 1217 4602 corporis
1268 4530 1541 4596 debeant;
1593 4531 1714 4601 quia
1768 4546 1976 4589 summa

387 4626 689 4698 aequalitate
727 4624 998 4692 delector,
1029 4638 1188 4693 quam
1219 4638 1324 4678 non
1363 4622 1533 4678 oculis
1574 4624 1810 4693 Corporis
1835 4667 1849 4690 ,
1879 4625 1975 4680 sed

385 4718 584 4786 tuentis
603 4725 891 4776 contueor:
911 4725 1234 4790 quapmpter
1252 4721 1399 4782 tanto
1421 4714 1638 4784 meliora
1661 4731 1779 4771 esse
1795 4715 1976 4788 judico

385 4827 509 4885 qua:
548 4811 718 4878 oculis
746 4824 944 4874 cerno,
971 4819 1171 4882 quanto
1205 4824 1301 4878 pro
1348 4821 1442 4874 sua
1487 4819 1672 4868 natura
1722 4808 1974 4864 viciniora

385 4911 514 4962 sunt
537 4903 602 4957 iis
620 4918 739 4974 quin
756 4901 934 4956 animo
957 4901 1212 4971 intelligo.
1244 4901 1419 4968 Quare
1442 4910 1617 4968 autem
1645 4901 1732 4956 illa
1755 4902 1824 4957 ita
1844 4903 1972 4970 sint,

386 4997 564 5056 nullus
591 5004 766 5067 potest
801 4993 982 5051 dicere
1007 5011 1020 5050 :
1045 5008 1146 5054 nec
1185 4993 1259 5048 ita
1299 4992 1498 5066 debere
1535 5009 1655 5062 esse
1698 4994 1974 5064 quisquam

385 5089 568 5154 sobrie
596 5087 807 5164 dixerit,
835 5085 985 5158 quasi
1010 5086 1216 5158 possint
1243 5099 1363 5154 esse
1392 5099 1496 5142 non
1524 5085 1617 5142 ita.

456 5183 548 5240 58.
586 5181 762 5256 Quare
786 5188 964 5242 autem
993 5179 1148 5242 nobis
1172 5179 1436 5250 placeant,
1461 5188 1514 5235 et
1533 5193 1629 5234 cur
1654 5193 1736 5245 ea,
1761 5179 1974 5250 quando

386 5275 581 5338 melius
601 5275 859 5346 sapimus,
884 5273 1351 5330 vehementissime
1371 5273 1671 5344 diligamus,
1692 5288 1758 5328 ne
1779 5272 1829 5328 id
1852 5273 1972 5342 qui-

388 5368 510 5426 dem
539 5368 844 5438 quisquam,
863 5368 910 5426 si
935 5382 999 5422 ea
1027 5366 1132 5422 rite
1157 5366 1419 5438 intelligit,
1442 5367 1618 5432 dicere
1643 5366 1877 5422 audebit.
1909 5365 1976 5444 Ut

387 5460 530 5519 enim
557 5473 658 5520 nos
677 5467 733 5515 et
765 5474 953 5521 omnes
981 5459 1174 5514 anima:
1213 5458 1532 5528 rationales,
1559 5458 1848 5523 secundum
1878 5474 1973 5522 ve-

386 5553 599 5616 ritatem
623 5551 694 5608 de
717 5552 1058 5610 inferioribus
1084 5562 1233 5610 recte
1256 5552 1580 5625 iudicamus;
1605 5553 1683 5611 sic
1703 5554 1769 5612 de
1795 5554 1971 5619 nobis,

385 5641 600 5715 quando
625 5641 798 5700 eidem
826 5642 1160 5704 cohaeremus
1178 5687 1194 5714 ,
1220 5647 1332 5706 sola
1369 5645 1482 5719 ipsa
1514 5645 1717 5717 Veritas
1749 5646 1970 5718 judicat.

452 5779 469 5810 ι
489 5775 608 5828 Εάἰιί
632 5790 647 5826 :
673 5783 773 5828 Non
801 5773 1066 5850 εεσυηέξφη
1081 5790 1193 5843 ωτι
1217 5779 1554 5845 judicaretur:
1574 5782 1782 5850 more.
1803 5781 1976 5836 Helius

385 5837 1099 5900 ωηωηεεεωιάιωιωιωιι.
1173 5837 1235 5873 “ἶ

1420 358 1512 415 ne
1548 359 1736 416 VERA
1775 357 2169 428 itELlGlONE,
2206 357 2268 418 s.
2307 334 2684 420 AUGUSTlNl

2085 476 2160 531 De
2186 475 2300 546 ipsa
2327 492 2452 532 vero
2485 493 2584 533 nec
2628 479 2815 547 Pater,
2845 495 2950 536 non
2989 479 3136 538 enim
3178 483 3357 541 minor
3382 493 3464 542 est
3507 503 3677 559 quam

2082 566 2197 636 ipse
2222 568 2240 600 ¹
2265 610 2281 634 ,
2310 577 2364 622 et
2388 568 2508 625 ideo
2535 586 2653 640 quae
2679 571 2835 626 Pater
2857 572 3086 642 judicat,
3116 591 3212 644 per
3247 576 3414 646 ipsam
3438 577 3675 648 iudicat.

2079 659 2267 715 Omnia
2297 660 2440 715 enim
2468 677 2588 731 quae
2607 671 2862 733 appetunt
2891 667 3168 733 unitatem,
3193 668 3330 724 hanc
3359 669 3554 726 habent
3580 689 3679 728 re-

2079 754 2284 824 gulam,
2331 757 2415 811 vel
2443 757 2699 824 formam,
2730 758 2815 812 vel
2854 761 3157 828 exemplum
3178 803 3194 827 ,
3225 762 3311 816 vel
3357 763 3404 818 si
3433 781 3537 834 quo
3563 767 3676 822 alio

2025 885 2031 891 .
2080 847 2244 902 verbo
2267 847 2370 902 dici
2398 863 2458 904 se
2485 849 2641 915 sinit;
2683 851 2935 920 quoniam
2966 853 3076 906 sola
3116 852 3232 923 ejus
3265 855 3676 915 similitudinem

2078 952 2107 990 a
2132 953 2241 1008 quo
2260 954 2381 995 esse
2407 941 2630 1010 accepit,
2663 941 2900 1010 implevit
2930 960 2943 996 :
2975 941 3024 997 si
3062 952 3240 1000 tamen
3265 987 3282 1013 ,
3313 949 3537 1016 accepit,
3563 967 3674 1006 non

2079 1027 2369 1100 incongrue
2394 1031 2610 1097 dicitur,
2642 1047 2740 1102 pro
2760 1048 2822 1088 ea
2849 1033 3256 1104 signiﬁcatione,
3272 1052 3370 1107 qua
3396 1037 3557 1094 Filius
3577 1056 3680 1111 ap-

2080 1119 2324 1188 pellatur,
2348 1123 2469 1191 quia
2497 1137 2602 1177 non
2628 1123 2696 1178 de
2719 1125 2896 1193 seipso
2924 1133 3026 1190 est,
3052 1126 3147 1181 sed
3191 1127 3260 1184 de
3301 1130 3475 1199 primo
3511 1134 3668 1187 sum-

2078 1225 2274 1282 moque
2300 1212 2559 1285 principio
2577 1257 2592 1282 ,
2615 1217 2707 1287 qui
2735 1216 2892 1272 Pater
2916 1217 3143 1285 dicitur;
3163 1235 3229 1276 ea:
3254 1238 3354 1294 quo
3377 1223 3538 1278 omnis
3572 1242 3676 1295 pa-

2077 1305 2285 1359 temitas
2307 1306 2361 1360 in
2388 1307 2512 1362 calo
2538 1317 2586 1363 et
2613 1310 2666 1364 in
2695 1319 2828 1364 terra
2854 1313 3142 1367 nominatur
3179 1313 3395 1386 (Eplm.
3421 1333 3478 1372 ιιι
3503 1361 3516 1381 ,
3551 1318 3674 1391 15).

2079 1393 2238 1450 Pater
2262 1414 2390 1468 ergo
2419 1418 2518 1454 non
2535 1402 2737 1472 judieat
2760 1421 3058 1476 quamquam
3077 1448 3093 1474 ,
3123 1407 3212 1462 sed
3239 1425 3388 1464 omne
3413 1412 3677 1482 judicium

2076 1487 2216 1543 dedit
2241 1489 2378 1546 Filio
2408 1491 2587 1563 (Joan.
2612 1509 2668 1560 v,
2695 1493 2786 1564 22)
2816 1514 2829 1549 :
2866 1507 2939 1562 et,
2968 1499 3250 1567 spiritualie
3295 1501 3444 1558 homo
3472 1503 3675 1570 iudicat

2077 1581 2269 1648 omnia,
2295 1582 2405 1651 ipse
2427 1594 2593 1639 autem
2626 1601 2658 1638 a
2688 1587 2885 1641 nemine
2904 1588 3163 1658 iudicatur
3190 1590 3376 1659 (ICor.
3397 1608 3453 1659 ιι,
3471 1593 3579 1664 15),
3611 1594 3676 1650 id

2076 1680 2161 1728 est
2197 1688 2227 1726 a
2277 1675 2422 1730 nullo
2450 1675 2700 1745 homine,
2726 1677 2821 1732 sed
2849 1693 2879 1731 a
2920 1680 3031 1733 sola
3061 1681 3172 1750 ipsa
3216 1682 3332 1751 lege
3373 1684 3675 1739 secundum
3709 1678 3714 1682 ⁷

2075 1776 2234 1834 quam
2257 1764 2458 1835 judicat
2483 1769 2702 1833 omnia;
2738 1770 2988 1838 quoniam
3019 1781 3070 1825 et
3102 1772 3231 1828 illud
3271 1774 3549 1830 verissime
3581 1776 3675 1830 di-

2077 1864 2219 1910 ctum
2265 1869 2384 1924 est,
2429 1859 2640 1930 Oportet
2678 1878 2769 1915 nos
2808 1879 2981 1918 omnes
3023 1864 3249 1920 exhiberi
3287 1877 3408 1922 ante
3447 1869 3677 1926 tribunal

2076 1946 2265 2026 Christi
2290 1950 2366 2030 (ΙΙ
2389 1950 2506 2006 Cor.
2533 1941 2728 2023 v.10).
2751 1953 2938 2009 Omnia
2968 1970 3095 2026 ergo
3120 1956 3340 2027 iudicat,
3357 1960 3482 2030 quia
3507 1977 3677 2031 super

2078 2043 2256 2098 omnia
2283 2055 2387 2113 est,
2414 2033 2627 2120 quando
2651 2063 2772 2114 cum
2805 2048 2913 2104 Deo
2941 2058 3039 2106 est.
3080 2039 3209 2105 Cum
3237 2051 3329 2112 illo
3357 2063 3535 2114 autem
3561 2064 3672 2121 est,

2072 2135 2288 2204 quando
2310 2136 2590 2206 purissime
2616 2137 2879 2209 intelligit,
2903 2149 2956 2204 et
2983 2149 3090 2194 tota
3117 2142 3394 2210 cbaritate,
3419 2145 3560 2214 quod
3588 2147 3677 2200 in-

2079 2225 2298 2295 telligit,
2327 2227 2515 2302 diligit.
2557 2228 2632 2310 ita
2681 2231 2874 2298 etiam,
2905 2239 3158 2304 quantum
3191 2243 3366 2303 potest
3391 2278 3403 2297 .
3430 2234 3514 2291 lex
3552 2235 3678 2310 ipsa

2077 2317 2236 2388 etiam
2265 2318 2377 2389 ipse
2407 2320 2486 2388 lit,
2513 2305 2809 2388 secundum
2847 2337 3004 2393 quam
3039 2323 3237 2398 judicat
3277 2326 3452 2380 omnia
3475 2367 3491 2390 ,
3522 2305 3678 2384 etde

2078 2425 2179 2480 qua
2206 2412 2446 2480 judicare
2475 2415 2652 2470 nullus
2678 2422 2870 2484 potest.
2894 2412 3042 2474 SiCut
3065 2417 3117 2476 in
3145 2417 3261 2475 istis
3287 2420 3674 2489 temporalibus

2077 2500 2303 2573 legibus.
2335 2521 2638 2578 quanquam
2667 2506 2735 2562 de
2763 2507 2844 2562 bis
2873 2506 3117 2584 homines
3156 2509 3396 2578 judicent
3429 2527 3548 2568 cum
3578 2527 3678 2570 eas

2079 2594 2378 2662 instituunt,
2411 2606 2584 2652 tamen
2627 2613 2748 2654 cum
2775 2596 2973 2656 fuerint
3009 2599 3263 2658 insututze
3298 2610 3458 2672 atque
3489 2602 3675 2668 ﬁrma-

2080 2692 2167 2750 tto,
2201 2702 2306 2742 non
2337 2687 2518 2744 licebit
2541 2687 2703 2757 judici
2734 2689 2800 2746 de
2822 2689 2951 2761 ipsis
2975 2689 3237 2760 judicare,
3262 2692 3355 2751 sed
3376 2694 3674 2756 secundum

2079 2777 2242 2848 ipsas.
2282 2780 2539 2835 C0nditot'
2569 2791 2745 2838 tamen
2773 2782 2946 2852 legum
2977 2784 3372 2853 temporalium,
3399 2785 3445 2840 si
3473 2787 3555 2846 vir
3577 2786 3676 2849 bo-

2077 2885 2182 2930 nus
2205 2879 2289 2928 est
2313 2881 2367 2926 et
2392 2872 2603 2943 sapiens
2623 2913 2636 2936 ,
2666 2872 2813 2926 illam
2841 2872 3010 2943 ipsam
3038 2874 3267 2930 consulit
3294 2883 3572 2942 adoream,
3603 2875 3676 2934 de

2080 2979 2182 3034 qua
2211 2963 2343 3022 nulli
2387 2965 2581 3022 animae
2618 2964 2863 3034 judicare
2893 2966 3073 3032 datum
3119 2977 3240 3038 est;
3285 2977 3345 3028 ut
3379 2969 3676 3032 secundum

2080 3055 2196 3126 ejus
2238 3054 2698 3112 incommutabiles
2743 3057 2988 3128 regulas,
3021 3057 3148 3128 quid
3188 3059 3257 3115 sit
3306 3075 3402 3129 pro
3431 3070 3678 3134 tempore

2076 3148 2371 3218 jubendum
2424 3150 2814 3222 retandumque
2859 3151 3145 3210 discernat.
3190 3151 3468 3222 Eternam
3511 3155 3678 3228 igitur

2079 3241 2252 3312 legem
2277 3243 2485 3306 mundis
2513 3245 2706 3312 animis
2727 3243 2805 3301 fas
2830 3253 2912 3308 est
2934 3260 3282 3318 cognoscere,
3300 3247 3538 3317 judicare
3562 3264 3676 3314 non

2081 3333 2163 3398 {as
2191 3343 2292 3390 est.
2336 3335 2448 3406 Hoc
2473 3347 2649 3392 autem
2696 3337 2945 3404 interest,
2979 3338 3121 3408 quod
3146 3339 3212 3394 ad
3241 3338 3675 3410 cognoscendum

2081 3427 2212 3490 satis
2238 3436 2322 3482 est
2347 3436 2406 3482 ut
2434 3427 2707 3484 videamus
2734 3431 2806 3490 ita
2832 3445 2950 3492 esse
2976 3429 3174 3499 aliquid
3204 3431 3286 3486 vel
3317 3445 3422 3486 non
3466 3431 3536 3486 ita
3561 3447 3578 3486 :
3601 3430 3674 3488 ad

2077 3519 2423 3591 judicandum
2465 3537 2594 3578 vero
2633 3521 2878 3582 addimus
2906 3523 3103 3593 aliquid
3155 3538 3264 3594 quo
3312 3523 3678 3595 signiﬁcemus

2081 3626 2241 3682 posse
2263 3627 2384 3670 esse
2411 3621 2466 3672 et
2493 3612 2684 3678 aliter;
2717 3614 2859 3677 velut
2887 3630 3006 3674 cum
3035 3614 3262 3674 dicimus
3283 3657 3300 3684 ,
3331 3615 3407 3672 ita
3431 3631 3553 3681 esse
3571 3615 3674 3681 de-

2081 3703 2193 3770 bet,
2223 3713 2334 3774 aut,
2365 3703 2437 3761 ita
2463 3719 2585 3762 esse
2611 3703 2812 3770 debuit,
2845 3714 2956 3772 aut,
2984 3705 3058 3770 ita
3085 3721 3207 3764 esse
3232 3707 3482 3776 debebit;
3515 3718 3577 3778 ut
3611 3710 3670 3774 in

2079 3797 2194 3858 suis
2221 3797 2471 3867 operibus
2513 3797 2744 3856 artiﬁces
2770 3796 2985 3860 faciunt.

2081 3884 2307 3950 CAPUT
2333 3886 2622 3946 XXXll.—
2651 3887 2872 3948 "uitatis
2890 3889 2944 3950 in
2976 3888 3272 3959 corporibus
3292 3899 3366 3946 ut
3389 3889 3672 3962 mugiunt,

2281 3982 2369 4036 sed
2391 3982 2504 4052 ipsa
2529 3983 2699 4040 unitas
2727 3983 2928 4042 nonnisi
2952 3991 3113 4042 mente
3139 3983 3466 4055 conspicitur.

2152 4073 2245 4130 59.
2287 4073 2394 4130 Sed
2437 4075 2616 4130 multis
2656 4075 2776 4134 linis
2813 4083 2896 4134 est
2944 4074 3172 4134 humana
3225 4074 3539 4146 delectatio,
3571 4092 3676 4134 nec

2081 4165 2268 4224 volunt
2297 4165 2517 4222 tendere
2543 4167 2610 4223 ad
2637 4167 2934 4239 superiora,
2954 4175 3012 4224 ut
3035 4166 3276 4238 judicent
3299 4183 3396 4225 cur
3420 4168 3519 4224 ista
3544 4170 3677 4236 visi-

2081 4258 2209 4316 bilia
2237 4259 2499 4329 placeant.
2541 4259 2722 4330 Itaque
2745 4260 2792 4314 si
2818 4273 3051 4331 quaeram
3077 4259 3146 4318 ab
3163 4259 3388 4326 artiﬁce,
3415 4277 3520 4324 uno
3540 4276 3672 4318 arcu

2079 4358 2409 4415 constructo,
2432 4366 2528 4404 cur
2551 4351 2775 4406 alterum
2806 4366 2986 4420 parem
3011 4361 3196 4407 contra
3235 4352 3288 4406 in
3327 4352 3487 4410 altera
3518 4362 3676 4423 parte

2081 4442 2364 4505 moliatur;
2392 4441 2770 4513 respondebit,
2799 4441 2995 4508 credo,
3024 4456 3082 4498 ut
3124 4443 3268 4514 paria
3299 4444 3513 4513 paribus
3539 4446 3676 4502 aedi-

2083 4530 2185 4587 ﬁcii
2214 4532 2453 4588 membra
2479 4532 2856 4602 respondeant.
2896 4533 3065 4590 Porro
3093 4533 3138 4590 si
3167 4549 3382 4605 pergam
3403 4551 3669 4606 qu:erere,

2080 4623 2310 4692 idipsum
2339 4638 2436 4680 cur
2477 4625 2671 4694 eligat;
2717 4625 2859 4681 dicet
2886 4624 2989 4680 hoc
3019 4625 3212 4682 decere
3236 4668 3250 4692 ,
3279 4629 3380 4682 hoc
3404 4643 3525 4684 esse
3552 4630 3671 4698 pul-

2078 4713 2289 4781 chrum,
2308 4713 2412 4769 hoc
2425 4713 2691 4772 delectare
2709 4723 2990 4772 cernentes
3007 4732 3022 4772 :
3043 4716 3174 4772 nihil
3187 4717 3403 4773 audebit
3419 4720 3667 4788 amplius.

2079 4805 2365 4862 lnclinatus
2393 4806 2534 4861 enim
2560 4807 2824 4862 recumbit
2847 4808 3034 4869 oculis.
3061 4816 3117 4862 et
3139 4808 3280 4866 unde
3308 4809 3534 4879 pendeat
3557 4827 3669 4866 non

2079 4896 2342 4967 intelligit.
2383 4899 2453 4952 At
2477 4911 2576 4968 ego
2604 4897 2775 4952 virum
2797 4899 3115 4956 intrinsecus
3139 4901 3427 4967 oculatum,
3451 4911 3503 4956 et
3527 4902 3668 4956 invi-

2079 4988 2304 5044 sibiliter
2331 4987 2596 5044 videntem
2627 5006 2732 5044 non
2773 4989 3015 5054 desinam
3055 5006 3395 5048 commonere
3433 5008 3531 5048 cur
3567 4994 3669 5054 ista

2079 5081 2341 5152 placeant,
2366 5082 2600 5152 utjudex
2628 5097 2748 5139 esse
2766 5085 2960 5139 audeat
2990 5084 3152 5154 ipsius
3172 5085 3538 5142 delectationis
3566 5087 3668 5142 hu-

2077 5189 2270 5229 mante.
2313 5173 2388 5228 Ita
2414 5175 2558 5230 enim
2600 5174 2932 5244 superfertur
2968 5175 3081 5244 illi,
3114 5192 3214 5232 nec
3251 5177 3318 5232 ab
3347 5194 3408 5233 ea
3435 5187 3665 5247 tenetur,

2077 5265 2203 5322 dum
2225 5281 2331 5322 non
2353 5266 2643 5322 secundum
2663 5267 2851 5339 ipsam,
2874 5267 2971 5324 sed
2996 5269 3165 5338 ipsam
3186 5269 3408 5341 judicat.
3433 5271 3497 5326 Et
3522 5271 3670 5341 prius

2076 5375 2311 5432 quaram
2343 5371 2518 5416 utrum
2548 5359 2670 5416 ideo
2699 5361 2918 5430 pulchra
2947 5363 3085 5430 sint,
3110 5364 3233 5432 quia
3268 5363 3530 5419 delectant
3555 5379 3572 5430 ;
3600 5381 3666 5419 an

2078 5453 2198 5510 ideo
2214 5454 2501 5523 delectent,
2514 5454 2636 5526 quia
2657 5454 2879 5524 pulchra
2895 5464 3036 5511 sunt.
3071 5457 3166 5512 ilic
3183 5458 3311 5513 mihi
3329 5459 3442 5513 sine
3457 5458 3667 5514 dubita-

2075 5547 2222 5603 tione
2243 5547 2673 5618 respondebitur,
2692 5547 2814 5603 ideo
2838 5546 3104 5604 delectare
3129 5550 3254 5620 quia
3276 5549 3496 5620 pulchra
3518 5561 3664 5606 sunt.

2077 5638 2322 5708 Quaerant
2353 5653 2480 5709 ergo
2508 5624 2980 5712 deinceps,iquarc
3007 5638 3114 5694 sint
3152 5639 3410 5710 pulchra;
3437 5651 3494 5700 et
3520 5641 3566 5704 si
3599 5641 3665 5695 ti-

2077 5713 2364 5797 tubabitur,
2384 5728 2681 5800 subjiciam,
2700 5740 2874 5787 utrum
2900 5731 3020 5788 ideo
3045 5733 3164 5804 quia
3187 5731 3390 5790 similes
3414 5732 3512 5788 sibi
3539 5749 3654 5803 par«

2139 5846 2159 5879 ί
2181 5852 2290 5898 uss.
2313 5843 2568 5898 duodecim
2588 5844 2772 5898 habent
2790 5859 2805 5898 :
2828 5855 2932 5900 Non
2951 5831 3080 5902 enini
3099 5847 3256 5902 atinas
3277 5854 3348 5902 est
3371 5861 3514 5916 quam
3539 5846 3662 5912 ipse.
