3874 6326
182 255 286 315 ης

186 383 266 428 tes
293 371 449 430 sunt,
477 367 536 416 et
577 340 753 428 aliqua
778 346 1120 424 copulatione
1143 337 1214 397 ad
1248 347 1412 394 unam
1438 326 1763 390 convenien-

187 463 310 518 tiam
336 455 666 524 rediguntur.
859 457 864 462 ·

370 508 536 616 Quod
578 554 700 597 cum
741 537 815 592 ita
864 545 988 588 esse
1027 519 1388 594 compererit,
1431 508 1770 582 interrogabo

188 653 359 702 utrum
390 610 531 694 hanc
556 634 725 702 ipsam
751 623 1008 680 unitatem
1028 660 1046 688 ,
1071 629 1228 688 quam
1266 610 1651 667 convincuntur
1676 615 1774 670 ap-

191 746 391 812 petere,
416 697 626 786 summe
651 721 904 792 impleant
924 756 940 780 ,
967 729 1044 768 an
1071 710 1230 779 longe
1269 701 1404 762 infra
1440 698 1653 777 iaceant
1673 733 1688 760 ,
1719 697 1775 750 et

903 809 912 812 _
1140 801 1175 812 Α
1270 797 1284 812 ,
1520 785 1770 812 “dum

196 785 310 888 I[eam
335 785 1094 897 quodammodo-mentiantur.
1135 797 1288 870 Quod
1329 794 1376 852 si
1401 794 1475 852 ita
1516 797 1598 852 est
1626 785 1772 860 (nam

194 921 311 995 quis
335 881 441 974 rion
468 909 772 968 admonitus
795 901 993 962 videat,
1016 907 1190 964 neque
1213 890 1376 946 ullam
1405 881 1659 954 speciem.
1679 891 1778 932 ne-

194 963 296 1086 que
322 1009 488 1064 ullum
518 1000 738 1058 omnino
760 1008 882 1051 esse
901 1000 1098 1058 corpus
1123 979 1264 1052 quod
1293 990 1398 1034 non
1428 972 1618 1028 habeat
1654 963 1747 1026 uni
1763 995 1778 1006 ι

871 1084 881 1086 Α
922 1083 934 1086 -
1251 1085 1260 1086 κ
1307 1061 1627 1086 ξηκ-μ--η--ἀη
1657 1055 1742 1086 ...ηι

196 1055 315 1161 ῗδιίε
340 1097 728 1172 qualecumque
750 1055 1069 1153 vestigium;
1099 1085 1271 1143 neque
1295 1061 1631 1140 quantumvis
1657 1055 1777 1128 pul-

200 1148 315 1161 """
342 1148 435 1172 1"
453 1148 497 1153 "
512 1148 530 1151 '
545 1148 563 1150 ί
644 1148 662 1163 ι
893 1148 915 1153 -

198 1193 519 1254 cherrimqu
539 1195 754 1256 corpus,
770 1191 892 1234 eum
912 1167 1203 1229 intervallis
1223 1164 1459 1218 locorum
1479 1148 1779 1211 necessario
1859 1215 1862 1220 η

117 1271 130 1280 ’
520 1242 921 1341 ὶιειὶκξθιξροεεθ
948 1259 1160 1329 assequi
1198 1269 1314 1310 eam
1357 1263 1516 1322 quam
1545 1242 1781 1314 sequitur

201 1368 522 1442 unitatem?)
551 1385 565 1421 :
587 1379 751 1436 quare
777 1361 820 1415 si
850 1360 950 1412 hoc
978 1356 1049 1408 ita
1073 1359 1174 1412 est,
1203 1344 1449 1416 ﬂagitabo
1473 1347 1532 1397 ut
1556 1349 1781 1404 respon-

200 1470 339 1534 deat,
373 1463 462 1520 ubi
495 1429 668 1516 irideat
688 1457 803 1526 ipse
824 1451 1080 1506 unitatem
1109 1444 1265 1506 banc,
1284 1445 1379 1493 aut
1404 1433 1544 1490 unde
1569 1429 1780 1490 videat:

203 1575 357 1634 quam
382 1556 428 1611 si
456 1568 564 1608 non
591 1547 818 1610 videret,
849 1539 988 1595 unde
1007 1539 1352 1606 cognosceret
1377 1522 1580 1596 etquid
1606 1521 1782 1579 imita-

821 1629 832 1634 -
986 1629 997 1634 -
1102 1617 1150 1634 .,
1184 1613 1402 1634 7,1,,“
1433 1623 1535 1634 un
1563 1611 1736 1634 “Mm
1761 1601 1782 1634 ς

205 1601 347 1701 :etur
378 1650 664 1708 corporum
694 1601 928 1700 species,
949 1629 1006 1679 et
1028 1601 1154 1690 quid
1184 1613 1406 1683 implere
1431 1623 1538 1668 non
1563 1601 1788 1676 posset?

206 1739 354 1795 Nune
401 1694 532 1788 vero
573 1742 693 1783 cum
726 1694 870 1777 idicit
909 1711 1242 1784 corporibus,
1289 1707 1395 1761 Vos
1433 1700 1644 1773 quidem
1687 1694 1788 1751 nisi

209 1825 380 1899 aliqua
420 1823 595 1878 unitas
622 1814 950 1873 contineret,
979 1802 1109 1859 nihil
1145 1797 1335 1855 essetis
1357 1836 1371 1859 ,
1403 1792 1497 1850 sed
1530 1800 1716 1845 rursus
1743 1784 1790 1842 si

1421 1884 1470 1899 -o,
1507 1898 1510 1899 ,
1550 1886 1691 1899 _---.-
1716 1873 1787 1899 ειη

209 1873 380 1899 -..ηπ-

209 1939 300 1977 vos
329 1915 524 1975 essetis
553 1913 665 1982 ipsa
694 1904 890 1966 unitas,
913 1908 1139 1967 corpora
1165 1905 1270 1947 non
1297 1884 1518 1947 essetis;
1549 1886 1694 1938 recte
1715 1873 1792 1932 illi

214 2012 424 2087 dicitur,
455 1973 609 2061 Unde
637 2000 778 2054 illam
808 1991 944 2048 nosti
985 1986 1243 2043 unitatem
1265 2019 1282 2046 ,
1308 1973 1596 2034 secundum
1631 1981 1791 2037 quam

210 2082 413 2174 iudicas
439 2106 687 2164 corpora,
709 2100 866 2158 quam
896 2081 996 2137 nisi
1026 2076 1260 2137 videres,
1285 2067 1523 2138 judicare
1548 2075 1652 2124 ngn
1675 2071 1798 2127 pos-

215 2146 411 2174 l""'""'
445 2146 562 2164 "‘r
673 2146 686 2158 1
728 2146 742 2158 ι

215 2209 298 2249 ses
322 2188 467 2261 quod
495 2200 614 2241 eam
655 2195 759 2234 non
800 2174 1054 2245 impleant
1083 2185 1097 2221 :
1124 2166 1169 2220 si
1196 2170 1372 2216 autem
1417 2156 1499 2210 his
1527 2146 1798 2220 corporeis

217 2238 298 2249 ..η
326 2238 467 2261 γη
877 2238 893 2245 _

217 2283 384 2342 oeulis
412 2295 532 2336 eam
554 2275 764 2330 videres
780 2310 794 2334 ,
821 2282 927 2323 non
951 2276 1076 2318 vere
1100 2258 1335 2318 diceres,
1359 2255 1662 2321 quanquam
1682 2238 1800 2310 ejus

219 2374 443 2444 vestigio
470 2374 754 2426 teneantur
774 2402 790 2426 ,
819 2359 973 2427 longe
1003 2364 1177 2406 tamen
1207 2345 1273 2399 ab
1312 2358 1373 2398 ea
1414 2333 1652 2394 distare?
1677 2345 1800 2390 nam

220 2466 331 2524 istis
357 2461 530 2519 oculis
550 2452 824 2526 corporeis
847 2457 953 2503 no‘n
979 2441 1078 2499 nisi
1104 2434 1398 2507 corporalia
1415 2429 1562 2485 vides
1585 2443 1599 2480 :
1621 2429 1805 2481 mente

221 2521 374 2630 igitur
394 2569 516 2609 eam
538 2521 798 2626 videmus.
815 2541 920 2598 Sed
942 2537 1028 2594 ubi
1049 2533 1288 2590 videmus
1302 2527 1327 2582 τ
1341 2525 1398 2582 Si
1412 2523 1514 2578 hoc
1529 2521 1646 2576 loco
1663 2521 1807 2574 esse:

221 2605 306 2706 ιζ,δὶ
327 2658 530 2716 corpus
550 2623 790 2696 nostrum
817 2641 917 2696 est,
936 2644 1042 2686 non
1065 2639 1181 2680 eam
1201 2619 1407 2676 videret
1429 2614 1518 2685 qui
1533 2612 1636 2667 hoc
1649 2605 1809 2666 modo

221 2743 273 2799 in
294 2700 519 2798 Oriente
539 2735 607 2790 de
621 2727 931 2801 corporibus
943 2721 1160 2794 iudicat.
1183 2715 1296 2772 Non
1316 2724 1444 2782 ergo
1458 2709 1556 2762 ista
1572 2700 1813 2759 contine-

223 2843 306 2892 tur
323 2833 466 2894 loco;
480 2835 668 2884 etcum
681 2799 830 2876 adest
846 2803 1444 2882 ubicumquejudicanti,
1458 2809 1716 2867 nusquam
1729 2799 1814 2848 est

226 2941 318 3000 per
336 2892 512 2995 spatia
526 2919 787 2977 locorum,
808 2917 864 2966 et
880 2922 975 2978 per
993 2900 1280 2975 potentiam
1299 2905 1559 2964 nusquam
1580 2902 1686 2943 non
1707 2892 1810 2942 est.

224 2997 453 3100 ilAPUT
483 3025 727 3096 XXXIII.
749 3003 822 3065 έ-
843 3018 963 3075 Non
990 3029 1222 3088 corpora,
1253 3024 1342 3063 nec
1369 3019 1541 3062 sensus
1567 2997 1815 3070 corporis,

371 3090 634 3197 judicium
661 3114 918 3180 mentitur.
965 3107 1221 3184 Differam
1245 3097 1483 3155 mentiens
1512 3103 1556 3149 et
1580 3090 1781 3164 fallens.

298 3219 388 3284 6t.
433 3209 591 3280 Quod
618 3209 662 3262 si
691 3221 808 3260 eam
834 3213 1056 3272 corpora
1085 3192 1430 3253 mentiuntur,
1461 3200 1567 3239 non
1594 3189 1674 3237 est
1699 3193 1821 3234 cre-

232 3309 470 3389 dandum
500 3298 880 3362 mentientibus
899 3336 914 3360 ,
945 3307 1011 3347 ne
1037 3286 1330 3344 incidamus
1369 3281 1420 3334 in
1448 3275 1708 3331 vanitates
1732 3285 1825 3325 va-

945 3385 958 3389 -
1152 3379 1178 3389 _,
1331 3382 1343 3389 _
1403 3386 1511 3389 ___#
1538 3367 1654 3389 un
1676 3377 1797 3389 Μ’

234 3383 523 3462 nitentium
546 3414 561 3451 :
585 3392 682 3452 sed
711 3385 1051 3462 quaerendum
1074 3379 1249 3453 potius
1268 3382 1370 3440 est,
1395 3386 1518 3425 cum
1538 3367 1658 3421 ideo
1676 3377 1828 3419 men-

238 3494 440 3552 tiantur
461 3530 479 3553 ,
506 3486 628 3559 quia
674 3497 791 3538 eam
822 3452 1373 3530 videnmrostendere
1401 3457 1567 3516 oculis
1594 3452 1824 3519 carneis,

237 3601 355 3644 cum
390 3583 486 3638 illa
512 3555 690 3634 mente
718 3587 845 3644 pura
872 3567 1138 3626 videatur,
1164 3568 1340 3615 utrum
1361 3555 1413 3609 in
1439 3558 1639 3608 tantum
1679 3560 1831 3602 men-

238 3679 462 3738 tiantur,
483 3671 534 3726 in
556 3675 810 3740 quantum
835 3661 884 3716 ei
905 3655 1101 3714 similia
1120 3659 1347 3714 sunt,an
1368 3648 1420 3700 in
1440 3650 1692 3715 quantum
1713 3651 1832 3693 eam

241 3785 346 3827 non
385 3768 770 3834 assequuntur.
809 3752 941 3809 Nam
978 3749 1023 3803 si
1067 3729 1511 3814 assequerentur,
1539 3731 1681 3804 quod
1709 3728 1834 3784 imi-

244 3870 424 3918 tantur
455 3823 758 3921 implerent.
796 3842 853 3900 Si
880 3847 1056 3894 autem
1087 3833 1386 3916 implerent,
1413 3825 1631 3882 omnino
1656 3823 1836 3876 essent

243 3950 463 4008 similia.
505 3942 564 4012 Si
612 3937 830 4018 omnino
870 3939 1050 3988 essent
1091 3911 1322 3990 similia,
1352 3919 1481 3974 nihil
1525 3917 1663 3970 inter
1692 3912 1836 3967 illam

245 4049 501 4114 naturam
538 4039 595 4096 et
621 4012 775 4102 istam
805 4025 1103 4080 interesset.
1153 4014 1304 4098 Quod
1352 4012 1396 4066 si
1435 4012 1504 4065 ita
1535 4013 1703 4071 esset,
1729 4019 1838 4058 non

986 4111 996 4114 _
1418 4100 1432 4114 ,
1732 4092 1838 4114 nu

248 4091 366 4202 ἕω
394 4091 792 4194 mentirentur:
820 4114 873 4170 id
915 4111 1057 4169 enim
1083 4091 1263 4162 essent
1296 4100 1436 4174 quod
1462 4098 1560 4153 'illa
1591 4103 1691 4150 est.
1732 4092 1841 4148 Nec

251 4197 432 4282 tamen
477 4182 802 4270 mentiuntur
839 4201 1142 4273 diligentius
1189 4188 1645 4250 considerantibus
1676 4203 1689 4238 :
1721 4182 1844 4254 quia

252 4275 626 4380 illumeptitur
645 4300 734 4376 qui
755 4297 864 4352 vult
883 4291 1048 4364 videri
1078 4289 1127 4344 id
1152 4285 1292 4358 quod
1320 4298 1426 4339 non
1451 4287 1565 4345 est;
1589 4275 1729 4348 quod
1752 4290 1843 4328 au-

255 4413 361 4468 tem
391 4373 510 4474 non.
528 4365 875 4468 volens'aliud
902 4391 1112 4457 putatur
1130 4393 1288 4450 quam
1315 4382 1414 4442 est,
1438 4386 1543 4427 non
1569 4365 1842 4430 mentitur,

258 4465 356 4572 sed
381 4469 523 4547 fallit
556 4457 798 4548 tantum:
818 4477 951 4535 Nam
981 4475 1049 4528 ita
1071 4468 1388 4527 discernitur
1412 4463 1676 4520 mentiens
1700 4476 1728 4511 a
1756 4457 1850 4511 fal-

954 4569 965 4572 ’
1163 4562 1175 4572 ⁸
1258 4561 1288 4572 ν’
1401 4559 1413 4572 ¹
1495 4564 1508 4572 ι
1554 4571 1560 4572 κ
1611 4549 1822 4572 εμπ---ΔΞ

256 4567 441 4665 Iente,
473 4576 616 4650 quod
647 4576 784 4644 inest
825 4569 969 4624 omni
1015 4561 1290 4620 mentienti
1330 4559 1572 4638 voluntas
1611 4549 1846 4615 fallendi,

263 4629 402 4660 W29:-
423 4629 441 4652 ν
476 4629 615 4650 1"“
650 4629 658 4630 ί
769 4634 778 4644 λ

263 4657 474 4758 οιὶὲιιιιεί
494 4686 598 4742 ηρξι
621 4668 670 4746 ei
692 4663 938 4750 ἓτθάθων
957 4677 970 4713 ε
991 4657 1179 4712 fauens
1194 4662 1368 4708 3"“3‘“
1390 4663 1508 4704 esse
1527 4629 1632 4701 "6"
1655 4651 1850 4714 "mes"

1268 4744 1282 4757 ο
1466 4741 1502 4758 9-
1536 4737 1729 4758 _,__1IA...
1763 4749 1826 4758 -.Α

375 4782 490 4834 non
512 4737 670 4840 ian“:
692 4737 838 4828 Ergo
861 4765 1116 4824 corporea
1142 4744 1364 4818 species,
1393 4741 1513 4812 quia
1535 4737 1732 4792 nullam
1763 4749 1856 4789 vo-

261 4828 528 4938 ilintatetu
555 4831 738 4930 habet,
762 4863 866 4902 non
893 4842 1183 4900 mentitur:
1212 4835 1257 4892 si
1286 4847 1412 4890 vero
1439 4828 1598 4886 etiam
1625 4841 1729 4881 non
1753 4840 1853 4896 pu-

591 4928 731 5018 quod
758 4956 865 5008 non
888 4945 990 5005 est,
1019 4948 1119 5016 nec
1143 4928 1293 4985 fallit.

340 5011 437 5110 δέ.
476 5040 584 5106 Sed
606 5011 680 5108 ne
703 5011 803 5106 ipsi
823 5013 1033 5103 quidem
1060 5024 1196 5082 oculi
1226 5021 1450 5083 fallunt;
1477 5030 1582 5071 non
1605 5011 1747 5069 enim
1769 5025 1859 5066 re-

271 5139 525 5216 nuntiare
550 5137 774 5202 possunt
801 5100 980 5180 animo
1008 5118 1106 5173 nisi
1135 5114 1463 5177 aiI'ectionem
1499 5122 1669 5163 suam.
1709 5100 1861 5169 Quod

273 5203 464 5310 pilpon
503 5223 675 5300 solum
711 5216 810 5290 ipsi
831 5258 845 5282 ,
872 5213 967 5278 sed
1009 5211 1166 5266 etiam
1196 5219 1382 5261 omnes
1410 5199 1650 5274 corporis
1676 5210 1864 5253 sensus

842 5305 882 5310 η
923 5305 934 5310 -
1234 5296 1281 5310 ..
1345 5295 1357 5310 .
1415 5294 1447 5310 ν.
1511 5289 1726 5310 ωηηη,
1757 5286 1835 5310 η,

279 5286 362 5398 ita}
375 5286 690 5398 renuntiant
800 5305 1133 5386 afﬁciuntur;
1161 5296 1284 5370 quid
1312 5295 1378 5349 ab
1403 5294 1480 5349 eis
1505 5289 1730 5358 amplius
1753 5286 1866 5343 exi-

282 5382 746 5490 gere-debeamus
792 5382 999 5473 ignoro.
1049 5392 1200 5448 Tolle
1241 5389 1416 5459 itaque
1452 5382 1782 5444 vanilantes,
1815 5386 1870 5434 et

285 5506 436 5593 nulla
465 5479 568 5557 erit
592 5475 818 5552 vanitas.
849 5489 907 5547 Si
933 5487 1050 5560 quis
1073 5496 1276 5538 remum
1307 5475 1471 5548 frangi
1500 5475 1551 5528 in
1592 5486 1727 5542 aqua
1750 5469 1868 5540 Opi-

774 5585 786 5593 “
847 5584 862 5593 “
1007 5578 1028 5593 ⁸
1086 5586 1098 5593 ·
1153 5591 1165 5593 Α
1210 5569 1496 5593 Ἀι---Α-ι-
1529 5581 1631 5593 οιΑ-ι
1676 5563 1868 5593 malum

287 5579 448 5656 natur
473 5635 488 5662 ,
513 5601 567 5649 ct
614 5604 733 5645 cum
774 5584 897 5640 inde
934 5578 1168 5635 aufertur
1210 5569 1497 5642 integrari;
1529 5581 1633 5621 non
1676 5563 1870 5617 malum

291 5674 463 5746 habet
480 5680 877 5744 internuntium,
899 5672 994 5730 sed
1014 5671 1183 5727 malus
1197 5677 1280 5724 est
1297 5665 1479 5738 judcx.
1508 5658 1642 5719 Nam
1661 5657 1752 5715 ille
1775 5670 1872 5726 pro

1581 209 1791 274 LIBER
1819 205 2039 270 UNUS.‘

3349 190 3455 252 150

1853 336 1976 390 sua
1999 327 2187 388 natura
2209 329 2316 376 non
2341 313 2510 384 potuit
2526 309 2683 372 aliter
2699 308 2754 364 in
2779 321 2916 378 aqua
2934 304 3153 378 sentire,
3173 318 3275 360 nec
3294 303 3451 361 aliter

1875 414 2094 476 debuit:
2123 411 2167 474 si
2189 409 2329 474 enim
2358 405 2500 464 aliud
2529 412 2610 460 est
2632 417 2745 468 aer,
2775 399 2916 453 aliud
2943 412 3080 468 aqua
3103 438 3120 463 ,
3143 395 3343 466 justum
3367 406 3452 452 est

1876 514 1936 582 ut
1960 504 2114 560 aliter
2138 502 2192 566 in
2217 514 2360 568 aere,
2394 498 2545 558 aliter
2568 495 2619 558 in
2650 507 2783 564 aqua
2814 489 3092 568 sentiatur.
3123 485 3295 562 Quare
3319 503 3452 544 oeu-

1876 579 1960 666 Ius
1985 605 2168 670 recte;
2204 593 2270 662 ad
2299 593 2400 652 hoc
2438 590 2580 646 enim
2621 585 2789 643 factus
2815 591 2977 659 estut
3005 590 3211 652 tantum
3238 579 3451 633 videat:

1878 689 1972 748 sed
1989 689 2196 744 animus
2216 698 2483 756 perverse,
2506 680 2589 737 cui
2611 678 2678 732 ad
2704 672 3165 744 contemplandum
3191 687 3455 726 summam

1880 779 2325 856 pulchritudinem
2359 789 2530 841 mens,
2558 787 2665 830 non
2696 769 2880 826 oculus
2911 767 3079 830 factus
3101 775 3202 821 est.
3243 763 3335 830 Ille
3362 779 3459 840 au-

1882 824 2325 853 ,ω-..μ-η-.-.ε--η-
2359 824 2530 841 ._----,
2744 824 2752 826 -
2911 825 2916 830 λ

1882 881 1988 935 tem
2013 871 2124 932 vult
2165 851 2395 926 mentem
2437 871 2748 928 convertere
2790 857 2856 914 ad
2889 872 3112 929 corpora
3136 898 3151 920 ,
3182 824 3458 908 oculos‘a‘d

1882 964 2071 1020 Deum.
2101 960 2302 1030 Qumrit
2329 957 2471 1018 enim
2498 955 2789 1029 intelligere
2807 951 3058 1016 carnalia,
3081 958 3134 1004 et
3154 947 3332 1001 videre
3353 946 3462 1016 spi-

1882 1055 2122 1121 ritualia;
2159 1051 2295 1123 quod
2326 1049 2437 1106 lieri
2470 1064 2573 1106 non
2599 1053 2796 1116 potest.
3011 1031 3016 1038 ’

1918 1145 2145 1208 CAPUT
2173 1140 2412 1216 XXXIV.
2439 1135 2777 1216 —_Co_nﬁcta
2803 1134 3156 1206 phantasmata
3180 1127 3428 1200 quomodo

2511 1207 2826 1279 judicentur.

1957 1307 2046 1364 6'5.
2081 1305 2256 1373 Quare
2281 1303 2378 1358 ista
2409 1298 2724 1372 perversitas
2747 1292 3056 1364 corrigenda
3082 1299 3184 1354 est,
3213 1291 3336 1360 quia
3361 1289 3464 1344 nisi

1886 1398 2071 1462 fecerit
2093 1395 2235 1467 quod
2260 1407 2468 1468 sursum
2491 1399 2569 1444 est
2591 1388 2858 1448 deorsum,
2883 1373 2935 1439 et
2954 1381 3092 1453 quod
3118 1382 3361 1434 deorsum
3383 1388 3466 1435 est

1887 1505 2120 1551 sursum,
2136 1501 2298 1557 regno
2318 1484 2570 1540 C(BIorum
2596 1488 2750 1551 aptus
2773 1492 2876 1530 non
2895 1476 3018 1530 erit.
3039 1473 3156 1529 Non
3177 1487 3302 1541 ergo
3323 1486 3470 1524 sum-

1889 1598 1975 1637 ma
2004 1593 2304 1652 quaeramus
2329 1571 2390 1628 in
2421 1572 2645 1636 inlimis,
2674 1584 2772 1623 nec
2797 1566 2927 1637 ipsis
2965 1565 3159 1618 inlimis
3204 1563 3469 1616 iulia-rea-

1889 1688 2010 1729 mus
2039 1672 2080 1724 ⁸.
2118 1669 2420 1740 iudici-mus
2440 1680 2522 1727 ea,
2551 1678 2618 1717 ne
2638 1676 2755 1716 cum
2785 1642 2911 1727 ipsis
2933 1656 3257 1726 jtnliccmur;
3289 1654 3336 1706 id
3366 1661 3470 1721 est,

1893 1774 2096 1830 tantum
2122 1759 2199 1836 eis
2231 1759 2519 1832 tribuamus
2542 1796 2557 1823 ,
2584 1762 2838 1825 quantum
2877 1749 3082 1819 species
3113 1755 3347 1800 meretur
3375 1727 3464 1799 αἱ·

1892 1865 2078 1920 trema,
2115 1868 2182 1924 ne
2207 1866 2327 1922 cum
2360 1850 2409 1903 in
2444 1845 2742 1928 novissimis
2767 1842 2933 1911 prima
2959 1836 3278 1907 quzerimus,
3305 1852 3330 1886 ιι
3360 1834 3456 1902 ιιι-ἱι⁵

1867 2003 1870 2006 ,
1893 1949 1997 2006 mis
2023 1947 2159 2018 inter
2186 1941 2470 2014 novissima
2499 1949 2854 1992 numeremur.
2889 1929 3039 1998 Quod
3072 1928 3199 1982 nihil
3227 1927 3355 1997 ipsis
3383 1940 3462 1980 no

1897 2040 2128 2097 vissimis
2152 2035 2324 2105 obest,
2349 2033 2439 2088 sed
2469 2031 2621 2086 nobis
2652 2013 2956 2098 plurimum.
3002 2020 3110 2077 Nec
3139 2020 3260 2074 ideo
3287 2019 3469 2072 divin:

1901 2131 2246 2206 providentize
2284 2123 2668 2200 administratio
2715 2106 2890 2174 minus
2915 2117 3108 2170 decora
3139 2113 3236 2178 ﬁt;
3281 2111 3399 2182 quia
3427 2123 3486 2166 et.

1900 2205 2081 2298 injusti
2115 2223 2291 2296 iuste,
2319 2229 2372 2274 et
2407 2216 2534 2273 ﬁndi
2576 2213 2792 2288 pulchre
2818 2210 3146 2264 ordinantur.
3189 2205 3324 2260 Etsi
3356 2217 3484 2274 pro-

1903 2294 2083 2389 pterea
2113 2294 2212 2388 nos
2254 2311 2386 2379 fallit
2426 2323 2602 2380 rerum
2631 2303 2918 2360 visibilium
2961 2296 3295 2370 pulchritudo
3317 2339 3331 2359 ,
3361 2294 3486 2365 quia

1903 2410 2106 2466 unitate
2131 2406 2450 2468 continetur,
2480 2410 2535 2457 et
2562 2415 2666 2455 non
2695 2397 2881 2470 implet
2906 2394 3194 2467 unitatem;
3221 2390 3487 2458 intelliga-

1906 2516 2060 2566 mus,
2086 2498 2132 2556 si
2163 2509 2478 2568 possumus,
2512 2507 2618 2546 non
2643 2505 2711 2546 ex
2739 2505 2801 2543 eo
2827 2484 2968 2558 quod
2997 2493 3079 2539 est
3110 2498 3207 2537 nos
3237 2480 3363 2542 falli,
3394 2478 3488 2534 sed

1907 2608 1977 2650 ex
2001 2607 2067 2648 eo
2093 2589 2232 2661 quod
2261 2603 2365 2644 non
2396 2593 2500 2642 est.
2539 2583 2710 2648 Omne
2734 2581 2927 2652 quippe
2947 2591 3142 2649 corpus
3162 2590 3344 2631 verum
3366 2588 3491 2626 cor-

1909 2701 2011 2759 pus
2030 2693 2132 2745 eSt,
2162 2679 2257 2738 sed
2286 2678 2418 2738 falsa
2447 2674 2643 2730 unitas.
2668 2671 2782 2727 Non
2804 2669 2946 2725 enim
2973 2679 3180 2722 summe
3206 2678 3368 2718 unum
3388 2667 3491 2728 est,

1912 2783 2006 2831 aut
2032 2776 2086 2834 in
2117 2779 2322 2830 tantum
2361 2768 2412 2836 id
2454 2765 2689 2824 imitatur
2737 2770 2794 2832 ut
2826 2759 3081 2830 impleat:
3111 2763 3166 2811 et
3185 2763 3360 2808 tamen
3395 2767 3497 2807 nec

1915 2879 2110 2938 corpus
2133 2864 2303 2933 ipsum
2325 2866 2486 2926 esset,
2511 2855 2610 2911 nisi
2633 2863 2919 2923 utcumque
2948 2862 3110 2908 unum
3136 2853 3298 2902 esset.
3328 2844 3495 2899 Porro

1919 2967 2200 3028 utcumque
2222 2969 2383 3010 uinum
2404 2965 2522 3007 esse
2543 2962 2648 3004 non
2669 2952 2866 3016 posset,
2891 2940 2993 3002 nisi
3017 2938 3085 2995 ab
3102 2952 3168 2994 eo
3192 2935 3333 3009 quod
3353 2949 3499 2990 sum-

1919 3066 2006 3116 me
2036 3063 2196 3104 unum
2225 3052 2324 3108 est,
2357 3043 2408 3097 id
2440 3039 2678 3108 haberet.

1981 3114 2069 3198 64.
2085 3139 2130 3195 Ο
2143 3138 2334 3193 animae
2358 3131 2658 3204 pervicaces
2673 3125 2748 3201 (a)
2767 3168 2781 3194 ,
2795 3125 2918 3180 date
2933 3121 3062 3194 mihi
3079 3119 3167 3194 qui
3191 3116 3366 3172 videat
3385 3114 3502 3170 sine

1924 3231 2032 3287 ulla
2049 3228 2425 3298 imaginatione
2441 3225 2672 3278 visorum
2689 3215 2997 3274 carnalium.
3022 3213 3152 3267 Date
3172 3208 3302 3264 mihi
3322 3207 3412 3278 qui
3432 3205 3504 3260 vi-

1925 3322 2049 3380 deat
2066 3321 2235 3378 omnis
2248 3317 2401 3373 unius
2413 3312 2725 3390 principium
2742 3323 2846 3364 non
2858 3303 3102 3372 esse,nisi
3116 3316 3274 3357 unum
3291 3298 3461 3354 solum
3474 3311 3508 3352 a

1927 3432 2034 3489 quo
2060 3416 2130 3472 sit
2153 3427 2312 3469 omne
2335 3423 2498 3468 unum
2519 3447 2534 3471 ,
2563 3405 2682 3468 sive
2711 3399 2839 3456 illud
2870 3397 3103 3468 impleat,
3123 3393 3238 3449 sive
3267 3406 3371 3446 non
3403 3389 3510 3442 im-

1929 3477 2088 3577 plent.
2124 3503 2224 3574 Qui
2250 3501 2428 3560 videat
2455 3496 2600 3566 date,
2627 3507 2734 3563 non
2754 3489 2844 3560 qui
2872 3488 3061 3557 litiget,
3092 3498 3198 3538 non
3221 3480 3309 3551 qui
3343 3477 3512 3532 videri

1930 3599 2057 3660 velit
2069 3613 2127 3653 se
2138 3595 2317 3652 videre
2332 3588 2473 3662 quod
2492 3603 2596 3642 non
2613 3584 2776 3638 videt.
2794 3582 2922 3635 Date
2939 3577 3027 3647 qui
3045 3573 3254 3628 resistat
3270 3568 3514 3623 sensibus

1933 3689 2132 3753 carnis,
2163 3695 2218 3740 et
2244 3657 2413 3755 plagis
2437 3678 2626 3750 quibus
2657 3689 2750 3745 per
2780 3670 2898 3725 illos
2928 3669 2980 3722 in
3010 3665 3182 3719 anima
3209 3657 3512 3729 vapulavit:

1935 3780 2025 3852 qui
2064 3747 2276 3832 resistat
2313 3747 2680 3828 consuetudini
2709 3760 2978 3816 hominum
2998 3796 3012 3820 ,
3036 3752 3248 3808 resistat
3271 3747 3517 3803 laudibus

1938 3868 2212 3926 hominum
2231 3903 2249 3928 ,
2270 3860 2361 3934 qui
2385 3864 2765 3930 compungatur
2795 3851 2846 3905 in
2876 3847 3032 3904 cubili
3052 3859 3170 3910 suo,
3198 3841 3288 3912 qui
3309 3837 3516 3894 rescul-

1940 3968 2030 4032 pat
2051 3972 2202 4012 suum
2229 3953 2469 4024 spiritum
2488 3992 2500 4014 ,
2525 3947 2614 4019 qui
2641 3960 2748 3999 non
2777 3941 2904 3995 foris
2939 3937 3119 4007 diligat
3156 3934 3435 3996 vanitates,
3465 3935 3522 3984 et

1941 4023 2144 4124 quaarat
2172 4023 2446 4104 mendacia
2473 4037 2644 4106 (Psal.
2669 4052 2741 4102 tv,
2764 4035 2799 4090 5
2817 4074 2833 4100 ,
2858 4029 2950 4106 4);
2981 4029 3068 4100 qui
3092 4027 3202 4097 jam
3229 4023 3329 4079 sibi
3355 4036 3524 4078 nove-

1943 4148 2014 4204 rit
2037 4147 2252 4202 dicere:
2286 4139 2345 4196 Si
2383 4152 2486 4192 una
2537 4134 2703 4189 Roma
2745 4137 2861 4201 est,
2906 4138 3066 4196 quam
3105 4121 3244 4174 circa
3285 4113 3524 4170 Tiberim

1947 4238 2127 4300 nescio
2154 4235 2272 4306 quis
2299 4228 2554 4286 Romulus
2579 4223 2770 4288 dicitur
2797 4215 3097 4275 condidisse
3115 4253 3129 4276 ,
3158 4210 3288 4265 falsa
3317 4216 3398 4262 est
3423 4207 3527 4259 ista

1947 4346 2107 4402 quam
2135 4326 2372 4396 cogitans
2400 4321 2539 4392 ﬁngo
2564 4334 2578 4370 :
2603 4330 2709 4370 non
2735 4311 2876 4366 enim
2907 4315 2989 4362 est
3014 4306 3148 4376 ipsa,
3172 4313 3269 4354 nec
3299 4297 3370 4351 ibi
3406 4310 3526 4350 sum

1949 4426 2128 4480 animo
2151 4423 2207 4486 ²;
2236 4433 2357 4473 nam
2386 4413 2510 4484 quid
2547 4411 2618 4466 ibi
2656 4414 2840 4477 agatur
2877 4398 3056 4462 modo,
3092 4394 3273 4463 utique
3311 4389 3526 4445 scirem.

1952 4515 2010 4572 Si
2038 4527 2173 4568 unus
2196 4518 2274 4564 est
2303 4480 2417 4568 sol,
2444 4501 2608 4556 falsus
2643 4505 2724 4552 est
2751 4495 2850 4549 iste
2875 4504 3031 4560 quem
3057 4485 3294 4556 cogitans
3340 4480 3479 4549 ﬁngo
3509 4493 3528 4531 :

1954 4623 2076 4664 nam
2105 4605 2193 4660 ille
2211 4598 2471 4666 curricula
2498 4608 2590 4650 sua
2619 4589 2777 4646 certis
2803 4583 2937 4641 locis
2962 4589 3016 4662 et
3048 4574 3375 4646 temporibus
3409 4586 3532 4641 per-

1956 4700 2091 4771 agit;
2124 4697 2280 4751 istum
2308 4705 2406 4762 ego
2439 4685 2527 4742 ubi
2552 4683 2690 4744 volo,
2731 4688 2785 4733 et
2828 4672 3038 4748 quando
3078 4669 3198 4724 volo
3244 4665 3533 4722 constituo.

1959 4792 2013 4848 Si
2046 4803 2180 4846 unus
2208 4793 2290 4841 est
2315 4782 2404 4840 ille
2432 4777 2633 4834 amicus
2677 4785 2860 4835 meus,
2908 4765 3069 4820 falsus
3109 4771 3189 4816 est
3237 4759 3335 4814 iste
3378 4767 3537 4825 quem

1959 4843 2196 4955 cogitans
2227 4876 2549 4950 (ingemas)
2593 4865 2680 4922 ille
2719 4861 2804 4918 ubi
2830 4859 2901 4917 sit
2926 4855 3139 4917 nescio;
3164 4852 3262 4904 iste
3292 4847 3359 4901 ibi
3387 4843 3539 4913 lingi-

1964 4935 2068 5049 tui",
2089 4970 2179 5028 ubi
2217 4935 2360 5024 νοῶ.
2404 4961 2519 5032 Ego
2560 4958 2676 5028 ipse
2703 4960 2847 5009 certe
2875 4962 3015 5004 unus
3040 4961 3156 5000 sum
3175 4984 3189 5010 ,
3216 4949 3268 4994 et
3296 4938 3397 4990 hoc
3420 4935 3539 4991 loco

1964 5047 2084 5122 esse
2110 5059 2284 5118 sentio
2318 5068 2512 5123 corpus
2542 5061 2718 5104 meum
2739 5060 2754 5110 ;
2779 5050 2833 5098 et
2856 5048 3030 5096 tamen
3060 5034 3306 5103 ﬁgmento
3339 5026 3541 5096 cogita-

2169 5166 2332 5224 pergo
2374 5115 2479 5218 quo
2518 5142 2681 5204 libet,
2710 5137 2898 5207 loquor
2918 5144 3036 5186 eum
3067 5139 3172 5195 quo
3199 5121 3346 5174 libet.
3389 5115 3545 5170 Falsa

1969 5258 2091 5308 sunt
2119 5208 2692 5310 hcecaitec-quisquam
2721 5225 2964 5296 intelligit
2990 5219 3141 5274 falsa.
3170 5213 3283 5268 Non
3316 5226 3442 5280 ergo
3464 5208 3548 5263 in-
3590 5262 3596 5269 ,

1973 5342 2151 5412 telligo
2169 5379 2186 5404 ,
2208 5305 2327 5394 cum
2355 5305 2453 5388 ista
2475 5305 2821 5394 contemplor,
2853 5327 2906 5373 et
2933 5314 3043 5370 istis
3071 5306 3266 5372 credo;
3299 5305 3421 5376 quia
3445 5317 3546 5358 ve-

2035 5437 2053 5469 ί
2079 5443 2185 5486 Mss.
2208 5431 2481 5486 duodecim,
2501 5421 2812 5486 invidemus.

2036 5457 2053 5469 "
2079 5457 2185 5486 IlI-35.
2208 5457 2481 5486 tinuum,
2504 5457 2812 5478 νυνι-,νηοηνω

2036 5499 2056 5530 ³
2076 5497 2185 5546 Bad.
2209 5503 2316 5545 ων.
2357 5499 2410 5540 et
2432 5497 2537 5537 Arn.
2559 5493 2690 5546 ,«ec
2717 5476 2787 5527 ibi
2813 5486 2922 5526 sum
2949 5457 3554 5546 multomagis-ferenda

1976 5527 2185 5608 visauels‘t.
2198 5527 2343 5606 ιῖζίὲο
2357 5527 2646 5599 Eii}?
2662 5527 2856 5608 decem,
2980 5527 3177 5608 ilignum:

2014 5579 3179 5732 me
3192 5579 3426 5648 Coaless.,
3440 5579 3553 5639 αδ.

1982 5691 2034 5732 ει
2054 5691 2139 5731 ιω.
2158 5691 2210 5734 υ.
2225 5691 2271 5729 οο
2295 5691 2342 5724 4.
