3874 6326
476 217 571 273 151

472 349 592 389 rum
622 348 740 390 esse
765 340 975 405 oportet
1000 332 1140 403 quod
1181 331 1450 387 intellectu
1492 331 1826 403 contemplor
1853 349 1866 386 :
1890 346 2048 387 num-

471 426 595 496 quid
639 425 777 481 forte
819 434 943 480 sunt
986 425 1084 479 ista
1122 440 1240 495 quae
1280 425 1646 495 phantasmata
1691 425 1794 480 dici
1839 425 2049 481 solent?

470 516 623 572 Unde
656 531 784 586 ergo
826 516 1043 587 impleta
1079 524 1161 571 est
1199 516 1375 570 anima
1406 531 1523 570 mea
1550 514 1919 571 illusionibus?
1945 514 2047 571 Ubi

469 616 550 661 est
574 622 777 670 verum,
807 606 947 676 quod
972 614 1151 661 mente
1178 605 1538 676 conspicitur?
1560 605 1637 661 lta
1664 606 1913 677 cogitanti
1932 605 2043 675 jam

468 697 572 753 dici
615 707 826 768 potest:
850 697 939 753 Illa
966 698 1055 753 lux
1080 714 1205 753 vera
1240 707 1321 753 est
1352 714 1457 769 qua
1481 698 1593 754 lucc
1633 714 1738 753 non
1764 713 1882 754 esse
1919 712 2044 754 vera

469 790 765 859 cognoscis.
802 789 906 844 Per
935 790 1071 845 hanc
1101 790 1226 844 illud
1282 805 1445 844 unum
1473 790 1652 856 vides,
1695 805 1801 861 quo
1837 789 2043 860 judicas

466 894 628 933 unum
659 894 778 933 esse
798 878 1052 949 quidquid
1082 878 1223 933 aliud
1249 878 1419 944 vides,
1453 894 1552 934 nec
1579 888 1755 935 tamen
1785 878 1888 935 hoc
1923 892 2043 934 esse

466 969 605 1039 quod
633 969 756 1023 illud
784 978 885 1033 cst,
917 968 1172 1039 quidquid
1200 969 1455 1025 mutabile
1481 970 1649 1026 vides.

500 1061 722 1117 CAPUT
754 1059 1061 1117 XXXV.—
1089 1061 1386 1116 Vacandum
1421 1071 1475 1116 ut
1502 1061 1634 1116 Deus
1655 1070 2000 1133 cognoscatur.

534 1154 622 1208 65.
662 1153 811 1221 Quod
852 1154 895 1207 si
941 1153 1055 1207 lucc
1092 1153 1280 1207 intueri
1310 1153 1527 1223 palpitat
1551 1153 1746 1207 mentis
1770 1161 2035 1223 aspectus,

462 1246 749 1314 quiescite;
782 1245 942 1298 nolite
970 1252 1200 1310 certare,
1232 1243 1331 1296 nisi
1352 1258 1472 1299 cum
1500 1242 1886 1298 consuetudine
1912 1257 2035 1296 cor-

462 1353 647 1405 purum
685 1352 698 1388 :
742 1336 907 1405 ipsam
938 1335 1160 1398 vincite,
1189 1344 1242 1387 et
1269 1333 1405 1388 victa
1433 1341 1588 1387 erunt
1615 1333 1811 1387 omnia.
1860 1330 2035 1387 Unum

459 1438 601 1484 certe
622 1428 926 1498 quaerimus,
950 1441 1055 1497 quo
1079 1426 1370 1495 simplicius
1394 1425 1522 1479 nihil
1543 1433 1641 1479 est.
1670 1425 1811 1495 Ergo
1831 1424 1883 1478 in
1908 1424 2037 1478 sim-

460 1504 690 1590 plicitate
715 1519 893 1575 cordis
921 1533 1217 1588 quaeramus
1243 1516 1408 1570 illum.
1434 1515 1581 1587 Agite
1606 1515 1793 1578 otium,
1834 1514 2029 1584 inquit,

465 1622 512 1664 et
538 1612 813 1682 agnoscetis
850 1611 967 1679 quia
1010 1625 1099 1680 ego
1127 1625 1238 1662 sum
1261 1606 1510 1661 Dominus
1539 1605 1707 1677 (Psal.
1742 1622 1869 1670 XLV,
1901 1606 1989 1679 ll)
2016 1624 2029 1660 :

456 1720 562 1759 non
583 1704 747 1757 otium
778 1701 1016 1769 desidiae,
1043 1700 1137 1755 sed
1163 1700 1331 1754 otium
1368 1699 1728 1769 cogitationis,
1760 1708 1815 1752 ut
1842 1715 1870 1751 a
1901 1698 2034 1753 locis

456 1804 507 1849 et
535 1795 858 1864 temporibus
889 1804 1057 1847 vacet.
1083 1793 1208 1847 Haec
1236 1792 1377 1848 enim
1401 1792 1764 1861 phantasmata
1810 1791 2032 1847 tumoris

458 1894 511 1939 et
537 1884 901 1951 volubilitatis,
928 1892 1255 1939 constantem
1286 1883 1537 1938 unitatem
1582 1882 1763 1936 videre
1805 1899 1910 1937 non
1955 1882 2030 1937 si-

453 1982 604 2029 nunt.
636 1974 775 2029 Loca
795 1974 1023 2030 offerunt
1042 1973 1182 2044 quod
1204 1989 1459 2038 amemus,
1485 1983 1721 2043 tempora
1741 1974 2032 2043 surripiunt

450 2068 594 2137 quod
612 2076 940 2133 amamus,ct
954 2067 1260 2138 relinquunt
1292 2066 1345 2119 in
1383 2064 1557 2119 anima
1593 2064 1771 2121 turbas
1802 2065 2028 2134 phanta-

450 2168 703 2224 smatum,
721 2159 913 2230 quibus
926 2160 979 2213 in
995 2158 1135 2212 aliud
1153 2166 1311 2228 atque
1323 2156 1463 2211 aliud
1480 2156 1737 2226 cupiditas
1758 2156 2025 2211 incitetur.

452 2251 524 2305 lta
561 2250 617 2303 ﬁt
636 2250 899 2319 inquietus
924 2258 978 2304 et
1003 2263 1333 2303 aerumnosus
1362 2248 1590 2312 animus,
1620 2246 1813 2301 frustra
1848 2252 2030 2302 tenere

451 2357 479 2393 a
512 2340 704 2410 quibus
733 2347 962 2405 tenetur,
985 2347 1264 2409 exoptans.
1293 2336 1526 2392 Vocatur
1568 2352 1696 2408 ergo
1733 2337 1800 2391 ad
1824 2336 1989 2391 otium
2010 2377 2024 2399 ,

450 2431 503 2484 id
530 2438 611 2483 est
630 2471 643 2491 ,
675 2438 733 2484 ut
762 2430 859 2483 ista
888 2443 993 2483 non
1025 2428 1228 2498 diligat,
1256 2443 1372 2497 qua:
1396 2426 1542 2497 diligi
1570 2427 1688 2482 sine
1712 2426 1895 2482 labore
1919 2442 2027 2482 non

452 2528 690 2589 possunt.
723 2518 812 2573 Sic
840 2519 980 2574 enim
1003 2518 1081 2572 eis
1099 2517 1476 2582 dominabitur,
1504 2517 1579 2572 sic
1604 2532 1709 2571 non
1736 2516 2023 2581 tenebitur,

448 2610 543 2663 sed
571 2609 787 2663 tenebit.
812 2608 1004 2679 Iugum
1027 2624 1210 2676 meum,
1236 2607 1421 2678 inquit,
1454 2608 1557 2661 leve
1584 2617 1657 2663 est
1687 2607 1898 2679 (Matth.
1930 2624 1985 2663 χι
2006 2650 2021 2675 ,

449 2700 563 2767 50).
600 2699 730 2754 lluic
752 2698 880 2768 jugo
908 2700 996 2767 qui
1027 2698 1296 2768 subjectus
1322 2707 1435 2764 est,
1465 2698 1701 2767 subjecta
1736 2699 1893 2754 habet
1916 2714 2023 2754 cze-

447 2799 582 2845 tera.
612 2790 724 2845 Non
745 2806 873 2861 ergo
896 2790 1185 2856 laborabit;
1216 2806 1320 2845 non
1341 2789 1481 2844 enim
1508 2790 1705 2845 resistit
1733 2790 1874 2861 quod
1901 2791 2025 2845 sub-

445 2882 643 2950 jectum
673 2890 771 2935 est.
796 2880 900 2935 Sed
927 2880 1108 2934 miseri
1138 2880 1294 2935 amici
1321 2880 1476 2950 hujus
1502 2880 1716 2946 mundi,
1746 2880 1897 2949 cujus
1930 2880 2025 2934 do-

446 2971 573 3025 mini
596 2979 779 3034 erunt,
806 2971 850 3025 si
874 2969 964 3023 ﬁlii
987 2969 1079 3023 Dei
1103 2984 1223 3024 esse
1259 2970 1556 3036 voluerint,
1588 2971 1836 3041 quoniam
1879 2970 2025 3025 dedit

332 3065 339 3069 '
391 3089 395 3093 «
446 3062 524 3115 eis
553 3069 869 3130 potestatem
893 3058 1124 3114 ﬁliosDei
1154 3059 1268 3113 lieri
1298 3058 1473 3132 (Joan.
1498 3076 1536 3127 ι,
1566 3061 1687 3132 12);
1716 3060 1873 3116 amici
1898 3077 2024 3132 ergo

445 3152 603 3220 hujus
627 3150 808 3206 mundi
847 3158 955 3205 tam
979 3150 1161 3205 timent
1180 3151 1248 3205 ab
1271 3150 1388 3220 ejus
1415 3152 1659 3221 amplexu
1684 3153 1937 3222 separari,
1966 3160 2025 3207 ut

446 3244 578 3297 nihil
607 3245 685 3298 eis
713 3244 780 3298 sit
805 3243 1137 3308 laboriosius,
1165 3257 1322 3311 quam
1351 3258 1454 3296 non
1484 3242 1742 3298 laborare.

444 3334 668 3390 CAPUT
708 3334 947 3390 XXXVI.
970 3366 1041 3375 —
1068 3334 1280 3389 Verbum
1308 3334 1405 3389 Dei
1431 3335 1545 3405 ipsa
1572 3332 1845 3391 -u'veritas
1862 3378 1878 3405 ,
1903 3339 2023 3408 quia

516 3428 717 3482 omnino
762 3426 933 3496 implet
962 3428 1014 3480 id
1040 3444 1070 3480 a
1096 3444 1192 3498 quo
1227 3426 1477 3497 principio
1498 3443 1652 3480 unum
1680 3437 1751 3482 est
1779 3428 2023 3498 quidquid

518 3530 591 3575 est
619 3537 794 3575 unum.
823 3520 1041 3575 Falsitas
1066 3538 1163 3574 non
1191 3537 1254 3575 ea:
1277 3520 1442 3587 rebus,
1467 3522 1555 3575 sed
1592 3537 1654 3575 ea:
1678 3531 1910 3592 peccalts.

513 3610 601 3667 66.
645 3610 749 3667 Sed
779 3610 861 3664 cui
891 3610 1077 3664 saltem
1102 3609 1227 3664 illud
1251 3609 1586 3666 manifestum
1608 3620 1709 3675 est,
1740 3611 2017 3669 falsitatem

442 3718 580 3767 esse,
608 3718 708 3772 qua
736 3702 789 3758 id
820 3710 1030 3771 putatur
1049 3716 1169 3757 esse
1197 3701 1337 3771 quod
1363 3718 1466 3757 non
1495 3710 1599 3768 est,
1630 3702 1875 3773 intelligit
1903 3717 2018 3758 eam

441 3810 561 3850 esse
578 3795 885 3860 veritatem,
914 3808 1033 3863 qua:
1068 3792 1299 3848 ostendit
1321 3793 1372 3847 id
1402 3794 1541 3864 quod
1572 3802 1671 3848 est.
1709 3795 1777 3848 At
1814 3795 1859 3848 si
1898 3810 2019 3850 cor-

441 3901 569 3955 pora
599 3886 650 3939 in
680 3894 880 3939 tantum
908 3884 1113 3948 fallunt,
1141 3884 1191 3937 in
1214 3893 1464 3953 quantum
1504 3900 1609 3938 non
1634 3885 1856 3954 implent
1892 3886 2018 3941 illud

442 3992 603 4031 unum
652 3976 791 4045 quod
837 3976 1218 4030 convincuntur
1261 3976 1488 4042 imitari,
1534 3992 1563 4029 a
1601 3994 1706 4046 quo
1753 3979 2018 4048 Principio

442 4082 604 4122 unum
637 4074 717 4120 est
740 4065 991 4135 quidquid
1016 4075 1124 4131 est,
1152 4066 1216 4120 ad
1245 4067 1395 4136 cujus
1427 4067 1824 4124 similitudinem
1865 4070 2019 4140 quid-

440 4157 564 4226 quid
597 4157 798 4223 nititur,
824 4158 1129 4211 naturaliter
1156 4159 1537 4228 apprubamus;
1565 4161 1684 4229 quia
1708 4163 2018 4218 naturaliter

445 4249 807 4316 improbamus
828 4248 1076 4318 quidquid
1098 4250 1165 4303 ab
1182 4250 1378 4305 unitate
1394 4250 1637 4318 discedit,
1653 4260 1811 4322 atque
1833 4254 1883 4306 in
1904 4254 2017 4323 ejus

443 4338 925 4394 dissimilitudinem
957 4339 1121 4394 tendit
1145 4358 1158 4395 :
1182 4340 1335 4395 datur
1365 4341 1582 4412 intelligi
1623 4358 1743 4398 esse
1784 4344 1976 4415 aliquid
1998 4388 2012 4414 ,

441 4428 581 4497 quod
626 4431 763 4484 illius
806 4432 961 4485 unius
1007 4432 1189 4498 solius,
1220 4448 1249 4486 a
1276 4448 1379 4503 quo
1420 4433 1684 4503 Principio
1728 4451 1892 4490 unum
1936 4446 2018 4491 est

441 4518 692 4587 quidquid
724 4520 900 4588 aliquo
925 4520 1081 4577 modo
1111 4538 1269 4575 unum
1296 4532 1378 4577 est
1397 4564 1412 4588 ,
1442 4523 1512 4577 ita
1535 4525 1709 4580 simile
1739 4526 1808 4581 sit
1833 4535 1891 4580 ut
1916 4525 2016 4582 hoc

442 4609 659 4662 omnino
699 4610 913 4679 impleat
940 4626 1000 4664 ac
1026 4611 1094 4665 sit
1122 4611 1381 4681 idipsum;
1413 4622 1467 4667 et
1494 4614 1607 4669 hac
1632 4624 1713 4669 est
1731 4615 1937 4672 Veritas
1962 4627 2039 4672 ct.

440 4697 674 4752 Verbum
722 4700 772 4752 in
816 4700 1098 4769 Principio,
1125 4710 1179 4755 et
1208 4701 1435 4757 Verbum
1474 4702 1615 4759 Deus
1652 4705 1791 4775 apud
1826 4707 2010 4763 Deum.

441 4788 497 4844 Si
533 4788 673 4843 enim
712 4789 911 4844 falsitas
950 4807 1014 4846 ex
1051 4791 1116 4845 iis
1140 4802 1221 4846 est
1244 4806 1362 4862 qum
1390 4793 1660 4849 imitantur
1682 4812 1844 4851 unum
1865 4840 1879 4863 ,
1908 4816 2012 4856 non

446 4882 499 4935 in
520 4889 771 4950 quantum
800 4880 850 4934 id
880 4882 1171 4948 imitantur,
1200 4883 1292 4938 sed
1318 4884 1370 4938 in
1387 4894 1638 4955 quantum
1661 4886 1879 4957 implere
1906 4906 2012 4947 non

445 4979 702 5041 possunt;
737 4970 822 5026 illa
848 4980 929 5026 est
947 4971 1154 5027 Veritas
1179 4988 1297 5043 qum
1332 4973 1384 5028 id
1411 4975 1630 5045 implere
1658 4979 1825 5048 potuit
1844 5021 1858 5046 ,
1887 4990 1940 5035 et
1960 4980 2012 5035 id

447 5077 569 5117 esse
615 5061 755 5132 quod
785 5072 865 5117 est
895 5061 1058 5127 illud;
1086 5063 1198 5132 ipsa
1226 5073 1450 5134 estquae
1476 5065 1602 5121 illud
1628 5068 1856 5124 ostendit
1878 5070 2015 5125 sicut

443 5163 525 5209 est
544 5170 557 5207 :
586 5154 722 5209 unde
739 5162 792 5208 et
810 5152 1040 5209 Verbum
1059 5153 1173 5223 ejus
1190 5163 1243 5209 et
1256 5154 1369 5209 Lux
1384 5155 1499 5225 ejus
1515 5158 1807 5214 rectissime
1824 5159 2015 5215 dicitur

448 5246 625 5316 (Joan.
654 5262 691 5311 ι,
722 5246 799 5317 9).
830 5245 1031 5301 Cmtera
1072 5246 1209 5301 illius
1237 5248 1391 5302 unius
1426 5249 1615 5305 similia
1650 5250 1755 5305 dici
1796 5260 2016 5323 possunt

449 5337 503 5389 in
534 5345 785 5405 quantum
806 5346 955 5404 sunt,
987 5337 1038 5391 in
1078 5346 1279 5392 tantum
1307 5338 1447 5393 enim
1479 5349 1533 5394 et
1567 5356 1692 5397 vera
1714 5350 1873 5398 sunt:
1900 5343 2015 5400 hzec

445 5435 526 5479 est
567 5434 742 5480 autem
792 5427 904 5496 ipsa
946 5428 1062 5497 ejus
1105 5427 1412 5507 similitudo,
1444 5439 1498 5484 et
1526 5431 1644 5486 ideo
1672 5431 1900 5489 Veritas.
1947 5435 2018 5490 Ut

446 5514 588 5569 enim
616 5514 838 5570 veritate
863 5526 985 5570 sunt
1024 5532 1170 5584 vera,
1196 5533 1314 5587 quae
1339 5534 1462 5573 vera
1485 5530 1635 5587 sunt;
1665 5523 1733 5577 ita
1774 5524 2018 5580 similitu-

446 5605 571 5659 dine
618 5604 807 5658 similia
853 5614 1007 5671 sunt,
1039 5622 1381 5681 quaecumque
1408 5610 1595 5667 similia
1635 5622 1774 5671 sunt.
1801 5614 1868 5670 Ut
1889 5631 2013 5688 ergo

1497 216 1587 273 DE
1627 216 1809 274 VERA
1848 214 2233 287 BELIGIONE,
2271 218 2326 277 S.
2361 220 2726 280 AUGUSTINI

3630 234 3735 292 l5!

2156 332 2351 388 veritas
2374 333 2541 389 forma
2569 350 2815 390 verorum
2838 342 2939 401 est,
2963 336 3036 392 ita
3060 336 3345 395 similitudo
3369 338 3540 397 forma
3571 341 3728 398 simi-

2156 422 2282 477 lium
2327 433 2428 478 est.
2471 426 2801 496 Quapropter
2839 442 2963 483 vera
3005 428 3251 498 quoniam
3273 429 3325 485 in
3355 441 3556 490 tantum
3596 450 3723 492 vera

2154 523 2295 583 sunt,
2309 515 2360 569 in
2379 528 2631 586 quantum
2650 524 2803 581 sunt;
2822 518 2877 573 in
2892 527 3095 574 tantum
3119 529 3294 576 autem
3306 532 3451 586 sunt.
3479 523 3532 579 in
3547 540 3721 596 quan-

2154 617 2263 662 tum
2316 609 2622 678 principalis
2664 610 2821 665 unius
2861 610 3054 666 similia
3095 619 3221 666 sunt
3260 630 3274 666 :
3315 628 3377 668 ea
3420 613 3591 670 forma
3636 626 3723 674 est

2150 699 2385 754 omnium
2415 715 2532 771 quae
2559 709 2710 769 sunt,
2736 717 2855 772 qua:
2884 710 2969 758 est
3012 718 3217 759 summa
3250 704 3537 763 similitudo
3565 708 3726 765 Prin-

2148 791 2306 860 cipii;
2333 801 2387 846 et
2404 792 2612 848 Veritas
2631 800 2735 857 est,
2753 793 2875 864 quia
2900 793 3014 850 sine
3036 794 3142 850 ulla
3166 795 3596 853 dissimilitudine
3616 808 3719 856 est.

2217 881 2305 937 67.
2345 880 2496 937 Unde
2524 881 2724 939 falsitas
2749 884 2937 951 oritur,
2972 901 3079 941 non
3118 886 3276 941 rebus
3316 886 3443 958 ipsis
3485 888 3724 946 fallenti-

2146 970 2264 1039 bus,
2287 988 2405 1042 qua:
2424 972 2553 1027 nihil
2574 972 2714 1028 aliud
2737 974 3023 1039 ostendunt
3042 976 3285 1032 sentienti
3310 993 3467 1048 quam
3485 980 3722 1050 speciem

2145 1076 2484 1134 suam,quam
2516 1078 2613 1134 pro
2636 1064 3161 1137 sumpulcbritudinis
3182 1062 3717 1143 acceperuutgradui

2144 1168 2315 1225 neque
2352 1154 2479 1225 ipsis
2517 1156 2762 1213 sensibus
2802 1156 3139 1225 fallentibus,
3164 1162 3254 1231 qui
3284 1177 3379 1231 pro
3410 1172 3599 1218 natura
3631 1165 3717 1219 sui

2142 1245 2379 1313 corporis
2406 1246 2581 1302 affecti
2602 1286 2615 1310 ,
2639 1263 2743 1301 non
2764 1246 2905 1302 aliud
2925 1263 3082 1319 quam
3107 1264 3232 1305 suas
3250 1250 3554 1307 affectiones
3580 1268 3721 1323 pra:-

2142 1333 2333 1389 sidenti
2358 1338 2536 1390 animo
2561 1337 2804 1392 nuntiant
2834 1353 2848 1390 :
2878 1338 2972 1393 sed
3010 1348 3222 1408 peccata
3262 1341 3464 1396 animas
3498 1342 3717 1413 fallunt,

2139 1440 2259 1480 cum
2280 1442 2462 1482 verum
2478 1437 2738 1499 quaerunt,
2754 1430 2939 1485 relicta
2964 1438 3019 1485 et
3042 1431 3279 1502 neglecta
3308 1433 3551 1489 veritate.
3577 1434 3713 1491 Nam

2138 1516 2385 1586 quoniam
2432 1533 2594 1588 opera
2640 1519 2809 1590 magis
2845 1535 3002 1590 quam
3043 1520 3302 1577 artiﬁcem
3342 1532 3499 1594 atque
3544 1524 3716 1594 ipsam

2138 1614 2307 1662 artem
2338 1607 2672 1677 dilexerunt,
2705 1609 2805 1666 hoc
2825 1625 3007 1666 errore
3034 1610 3343 1681 puniuntur,
3374 1622 3430 1666 ut
3452 1613 3504 1667 in
3529 1614 3715 1683 operi-

2138 1694 2237 1750 bus
2274 1696 2531 1753 artiﬁcem
2564 1708 2837 1771 artemque
2863 1698 3209 1770 conquirant;
3240 1708 3438 1757 etcum
3467 1702 3714 1760 invenire

2136 1787 2468 1856 nequiverint
2514 1786 2690 1862 (Deus
2731 1790 2872 1845 enim
2916 1806 3021 1845 non
3066 1792 3428 1863 corporalibus
3463 1794 3713 1850 sensibus

2134 1876 2405 1948 subjacet,
2441 1879 2533 1934 sed
2576 1880 2675 1950 ipsi
2714 1880 2877 1936 menti
2918 1881 3349 1955 supereminet),
3394 1884 3505 1955 ipsa
3544 1901 3713 1958 opera

2134 1968 2438 2024 existiment
2460 1986 2580 2026 esse
2604 1980 2658 2026 et
2680 1980 2848 2027 artem
2874 1981 2929 2029 et
2954 1974 3232 2029 artiﬁcem.

2134 2057 2357 2116 CAPUT
2407 2059 2753 2116 XXXVll.—
2780 2062 3025 2134 Impietas
3063 2064 3365 2121 idololatria
3402 2067 3703 2140 multiplicis

2415 2218 2418 2221 λ
2582 2159 2692 2206 orta
2719 2168 2782 2207 ea:
2805 2170 2977 2209 amore
2994 2163 3256 2210 creatura.

2202 2236 2291 2294 68.
2332 2238 2466 2295 Hine
2490 2240 2659 2295 oritur
2682 2242 2855 2296 omnis
2881 2242 3145 2312 impietas,
3173 2259 3276 2298 non
3303 2244 3462 2301 modo
3482 2261 3711 2317 peccan-

2132 2329 2260 2384 tium
2279 2371 2294 2395 ,
2325 2330 2419 2385 sed
2449 2333 2607 2386 etiam
2633 2332 3001 2389 damnatorum
3041 2350 3137 2404 pro
3173 2336 3405 2407 peccatis
3431 2337 3559 2391 suis.
3588 2336 3708 2394 Non

2130 2422 2271 2477 enim
2309 2432 2511 2479 tantum
2554 2426 2777 2480 scrutari
2820 2435 3116 2481 creaturam
3159 2435 3341 2483 contra
3383 2437 3708 2499 praeceptum

2132 2516 2250 2583 Dei,
2280 2525 2336 2572 et
2360 2532 2423 2573 ea
2452 2517 2549 2571 frui
2578 2517 2749 2587 potius
2772 2534 2929 2586 quam
2962 2519 3073 2588 ipsa
3109 2518 3225 2589 lege
3265 2528 3319 2575 et
3357 2520 3580 2576 veritate
3607 2535 3708 2577 vo-

2131 2606 2277 2668 lunt.
2306 2604 2447 2675 quod
2484 2607 2638 2676 primi
2675 2606 2904 2662 hominis
2950 2615 3223 2677 peccatum
3263 2608 3703 2678 deprehenditur,

2130 2696 2267 2750 male
2292 2697 2489 2751 utentis
2531 2697 2698 2751 libero
2725 2696 2976 2761 arbitrio;
3013 2696 3107 2752 sed
3144 2697 3245 2753 hoc
3272 2712 3482 2768 quoque
3508 2698 3561 2753 in
3589 2699 3704 2768 ipsa

2128 2786 2468 2842 damnatione
2489 2786 2721 2852 addunt,
2748 2796 2806 2842 ut
2824 2804 2928 2844 non
2951 2788 3109 2844 modo
3137 2788 3390 2860 diligant,
3416 2791 3511 2845 sed
3541 2791 3704 2847 etiam

2129 2876 2368 2932 serviant
2391 2886 2646 2932 creatura:
2674 2876 2847 2947 potius
2872 2893 3029 2949 quam
3056 2879 3292 2935 Creatori
3322 2881 3494 2950 (Rom.
3523 2898 3559 2946 ι,
3584 2882 3702 2955 25).

2128 2975 2181 3022 et
2206 2982 2322 3022 eam
2343 2968 2519 3022 colant
2545 2983 2638 3038 per
2656 2978 2837 3038 partes
2864 2968 2998 3039 ejus,
3022 2984 3051 3023 a
3076 2970 3296 3026 summis
3320 2986 3487 3042 usque
3505 2971 3572 3026 ad
3596 2972 3704 3028 ima

2127 3056 2417 3111 venientes.
2450 3056 2550 3112 Sed
2577 3058 2735 3127 aliqui
2756 3073 2813 3113 se
2835 3058 2887 3112 in
2915 3058 3015 3112 hoc
3045 3067 3246 3125 tenent,
3278 3068 3337 3113 ut
3364 3075 3460 3129 pro
3489 3076 3705 3118 summo

2127 3145 2236 3201 Deo
2261 3146 2490 3201 animam
2522 3148 2728 3213 colant,
2760 3157 2815 3203 et
2845 3147 3066 3218 primam
3104 3149 3512 3206 intellectualem
3544 3165 3705 3207 crea-

2126 3245 2320 3303 turam,
2348 3253 2503 3307 quam
2528 3253 2620 3306 per
2644 3238 2931 3294 Veritatem
2954 3239 3109 3294 Pater
3130 3239 3422 3306 fabricavit,
3446 3241 3513 3296 ad
3530 3243 3703 3313 ipsam

2127 3327 2411 3383 Veritatem
2442 3344 2650 3398 semper
2662 3329 2968 3385 intuendam
2989 3373 3003 3394 ,
3027 3338 3082 3385 et
3108 3345 3167 3385 se
3194 3344 3290 3400 per
3308 3330 3477 3401 ipsam
3506 3332 3548 3398 ¹,
3575 3334 3703 3403 quia

2124 3422 2267 3477 omni
2294 3421 2451 3477 modo
2477 3422 2525 3476 ei
2554 3423 2819 3477 simillima
2841 3431 2940 3476 est.
2976 3422 3173 3478 Deinde
3202 3424 3418 3477 veniunt
3444 3424 3509 3479 ad
3534 3427 3699 3481 vitam

2123 3514 2426 3583 genitalem,
2451 3529 2544 3582 per
2572 3529 2727 3583 quam
2766 3524 3060 3568 creaturam
3102 3514 3329 3570 visibilia
3356 3524 3409 3570 et
3436 3524 3702 3585 tempora-

2125 3605 2193 3659 lia
2222 3605 2487 3676 gignentia
2513 3605 2648 3660 Deus
2674 3614 2903 3660 :ctcrnus
2943 3614 2997 3660 et
3039 3605 3481 3661 incommutabilis
3507 3621 3701 3676 opera-

2123 3704 2228 3749 tur.
2260 3694 2391 3748 Hinc
2408 3693 2473 3748 ad
2493 3694 2758 3759 animalia,
2779 3703 2832 3749 et
2853 3693 2975 3749 inde
3000 3694 3066 3748 ad
3090 3693 3199 3762 ipsa
3224 3709 3449 3764 corpora
3470 3695 3698 3751 colenda

2120 3784 2456 3848 dilabuntur;
2480 3791 2534 3839 et
2563 3783 2614 3839 in
2642 3783 2724 3838 his
2750 3784 2921 3853 primo
2948 3785 3147 3854 eligunt
3176 3784 3492 3853 pulchriora.
3508 3786 3561 3840 in
3578 3785 3700 3855 qui-

2123 3877 2223 3932 bus
2246 3877 2481 3933 calestia
2511 3876 2742 3932 maxime
2761 3877 3043 3932 excellunt.
3072 3876 3211 3947 Ergo
3246 3876 3298 3931 in
3339 3877 3524 3945 primis
3560 3878 3695 3934 solis

2121 3984 2314 4040 corpus
2339 3969 2598 4033 occurrit,
2636 3978 2692 4024 et
2727 3969 2779 4023 in
2810 3983 2875 4024 eo
2904 3968 3142 4024 nonnulli
3175 3977 3471 4026 remanent.
3523 3970 3699 4041 Aliqui

2121 4069 2175 4114 et
2199 4059 2339 4115 luna:
2358 4058 2693 4129 splendorem
2714 4059 2967 4129 religione
2982 4058 3198 4130 dignum
3221 4067 3400 4129 putant
3421 4067 3531 4115 :est
3549 4062 3697 4116 enim

2123 4150 2307 4213 nobis,
2345 4158 2404 4204 ut
2449 4148 2782 4219 perhibetur,
2818 4149 3190 4220 propinquior;
3219 4149 3359 4204 unde
3385 4150 3697 4207 vieiniorem

2120 4241 2352 4311 speciem
2384 4241 2578 4296 habere
2605 4241 2850 4297 sentitur.
2887 4242 2991 4296 Alii
3024 4244 3182 4298 etiam
3212 4252 3525 4299 caeterorum
3548 4243 3695 4300 side-

2120 4347 2238 4386 rum
2266 4346 2486 4402 corpora
2508 4332 2803 4403 adjungunt
2821 4373 2836 4397 ,
2867 4342 2921 4386 et
2944 4340 3110 4388 totum
3134 4334 3325 4388 coelum
3364 4349 3485 4389 cum
3524 4334 3697 4390 stellis

2123 4422 2255 4476 suis.
2271 4422 2373 4476 Alii
2389 4422 2525 4478 caelo
2546 4421 2779 4477 :etbereo
2798 4423 3047 4492 copulant
3062 4438 3261 4487 aerem,
3274 4432 3330 4478 et
3353 4424 3466 4480 istis
3487 4424 3698 4481 duobus

2119 4516 2479 4585 superioribus
2527 4515 2808 4570 elementis
2847 4515 3118 4586 corporeis
3162 4515 3449 4585 subjiciunt
3488 4517 3696 4573 animas

2118 4622 2261 4662 suas.
2305 4606 2411 4664 Sed
2449 4606 2588 4662 inter
2615 4606 2714 4664 hos
2740 4606 2814 4661 illi
2842 4606 2940 4661 sibi
2980 4605 3223 4661 videntur
3272 4606 3691 4677 religiosissimi,

2118 4703 2209 4773 qui
2235 4702 2532 4758 universam
2558 4701 2715 4758 simul
2744 4708 3072 4766 creaturam,
3096 4699 3149 4754 id
3176 4707 3263 4755 est
3303 4700 3557 4756 mundum
3606 4710 3692 4756 to-

2118 4800 2229 4848 tum
2262 4808 2383 4847 cum
2419 4792 2664 4849 omnibus
2689 4806 2807 4862 quae
2832 4792 2884 4845 in
2910 4805 2975 4845 eo
2996 4798 3152 4853 sunt,
3183 4799 3238 4845 et
3262 4790 3424 4845 vitam
3452 4806 3558 4862 qua
3584 4792 3696 4861 spi-

2117 4893 2265 4939 ratur
2290 4891 2346 4938 et
2369 4882 2651 4948 animatur,
2682 4896 2840 4953 quam
2868 4881 3081 4951 quidam
3106 4895 3415 4951 corpoream
3433 4921 3448 4946 ,
3478 4880 3692 4951 quidam

2118 4976 2483 5044 incorporeum
2520 4989 2639 5030 esse
2666 4974 3005 5029 crediderunt
3028 4991 3042 5028 :
3064 4973 3166 5029 hoc
3186 4988 3313 5044 ergo
3342 4981 3507 5028 totum
3532 4972 3691 5029 simul

2119 5082 2279 5123 unum
2310 5066 2479 5121 Deum
2502 5080 2750 5135 magnum
2794 5080 2915 5121 esse
2952 5065 3294 5133 arbitrantur,
3319 5064 3473 5135 cujus
3511 5072 3694 5135 partes

2117 5158 2225 5214 sint
2247 5166 2476 5213 aeterm.
2510 5157 2624 5213 Non
2651 5158 2795 5213 enim
2819 5158 3079 5212 universa:
3113 5166 3371 5213 creatura:
3417 5165 3691 5212 auctorem

2118 5248 2555 5319 conditoremque
2592 5256 2874 5303 noverunt.
2913 5246 3039 5303 lude
3085 5248 3140 5303 in
3179 5248 3460 5304 simulacra
3503 5251 3693 5318 preci-

2119 5341 2372 5411 pitantur,
2399 5350 2453 5397 et
2479 5341 2547 5397 ab
2571 5341 2819 5412 operibus
2854 5340 2950 5396 Dei
2984 5354 3152 5411 usque
3194 5343 3248 5396 in
3290 5358 3451 5413 opera
3476 5356 3571 5398 sua
3596 5343 3694 5400 de-

2120 5440 2447 5502 merguntur,
2479 5446 2598 5501 quzc
2626 5440 2801 5487 tamen
2830 5429 3001 5487 adhuc
3022 5430 3249 5487 visibilia
3277 5440 3439 5488 sunt.‘

2120 5564 2141 5605 Γ
2185 5566 2776 5630 *l.ov.,etperseipsm1.
2808 5565 3345 5630 sedlegendumutln
3376 5564 3485 5618 aliis
3520 5566 3695 5620 editio-

2121 5625 2265 5678 nibus
2293 5628 2412 5678 etin
2442 5628 2664 5677 omnibus
2694 5634 2799 5678 Mss.
2823 5628 3047 5678 habetur.
3070 5634 3291 5678 etseoer
3319 5626 3490 5678 imam

2293 5628 2412 5678 etin
2442 5628 2664 5677 Omnibus
2694 5634 2799 5679 Mss.
2823 5628 3047 5690 habetur,
3070 5634 3115 5678 et
3134 5640 3186 5681 se
3205 5640 3291 5693 per
3319 5628 3490 5692 ipson.
