3874 6398
145 251 228 310 .53
747 210 750 212 ⁷
921 206 924 209 ’
1533 228 1732 286 LIBER
1776 229 1971 287 usus.

143 361 343 425 CAPUT
372 358 664 418 XXXVIII.
683 355 917 411 ~—Aliud
940 349 1242 409 idololatria:
1267 363 1443 421 genus,
1471 362 1567 416 quo
1589 360 1705 416 pec-

489 460 635 506 cator
661 449 844 519 triplici
873 445 1130 517 cupiditati
1159 443 1329 496 servit.

200 547 280 603 69.
299 545 395 600 Est
424 543 564 598 enim
596 541 734 594 alius
760 537 994 593 deterior
1018 544 1072 592 et
1096 533 1315 589 inferior
1334 531 1506 586 cultus
1534 530 1702 584 simu-

143 643 416 702 lacrorum,
443 650 550 705 quo
593 633 960 702 phantasmata
992 642 1084 682 sua
1115 626 1329 689 colunt,
1358 633 1412 680 et
1451 620 1704 693 quidquid

143 734 297 790 animo
339 736 551 784 errante
594 740 714 781 cum
757 722 1002 794 superbia
1045 719 1131 774 vel
1178 728 1384 773 tumore
1423 714 1705 786 cogitando

143 817 396 892 imaginati
427 817 642 879 fuerint,
673 813 942 884 religionis
971 811 1184 866 nomine
1209 809 1513 872 observant,
1537 805 1706 861 donec

146 915 222 966 ﬁat
245 912 296 966 in
334 910 512 964 anima
542 905 675 962 nihil
705 904 922 958 omnino
950 900 1229 956 colendum
1260 913 1379 953 esse
1398 938 1413 961 ,
1442 907 1498 952 et
1523 911 1704 950 errare

143 1003 369 1059 homines
398 998 490 1070 qui
521 994 881 1068 superstitioni
917 1008 976 1048 se
1020 990 1323 1052 involvunt,
1346 997 1402 1042 et
1428 986 1618 1041 misera
1646 999 1705 1039 se

146 1095 398 1164 implicant
439 1089 713 1144 servitute.
759 1084 863 1140 Sed
907 1082 1102 1136 frustra
1147 1079 1249 1133 hoc
1289 1077 1564 1132 sentiunt:
1598 1090 1703 1128 non

143 1186 268 1242 enim
295 1182 538 1239 efficiunt
567 1186 627 1232 ut
646 1193 748 1231 non
776 1174 1037 1238 serviant;
1068 1176 1349 1225 remanent
1373 1167 1566 1237 quippe
1591 1166 1703 1233 ipsa

144 1279 281 1340 vitia,
335 1273 530 1345 quibus
577 1279 635 1324 ut
673 1269 782 1338 ipsa
829 1263 1048 1320 colenda
1093 1263 1439 1330 opinarentur
1494 1254 1705 1310 attracti

145 1377 267 1423 sunt.
292 1364 545 1420 Serviunt
564 1361 705 1416 enim
728 1354 999 1427 cupiditati
1028 1351 1255 1422 triplici,
1284 1349 1367 1404 vel
1396 1347 1701 1416 voluptatis,

144 1459 209 1516 vel
231 1456 594 1518 excellentiae,
619 1451 703 1505 vel
737 1447 1039 1519 spectaculi.
1065 1444 1212 1514 Nego
1241 1457 1359 1498 esse
1387 1455 1704 1512 quemquam

145 1553 347 1608 istorum
398 1546 485 1616 qui
523 1543 655 1599 nihil
696 1541 974 1597 colendum
1003 1537 1334 1601 existimant,
1359 1535 1449 1605 qui
1478 1549 1584 1588 non
1614 1540 1706 1585 aut

145 1640 428 1697 carnalibus
449 1635 653 1707 gaudiis
678 1633 920 1689 subditus
946 1631 1042 1694 sit,
1070 1635 1162 1683 aut
1199 1626 1485 1697 potentiam
1514 1637 1705 1677 vanam

146 1733 330 1798 foveat,
364 1737 456 1783 aut
488 1725 668 1795 aliquo
696 1720 996 1794 spectaculo
1035 1719 1325 1774 delectatus
1354 1713 1599 1768 insaniat.
1633 1712 1705 1766 Ita

147 1823 430 1879 nescientes
459 1818 684 1887 diligunt
711 1811 1020 1883 temporalia
1043 1852 1059 1878 ,
1091 1817 1148 1863 ut
1175 1807 1298 1862 inde
1327 1803 1706 1859 beatitudinem

145 1918 456 1982 exspectent.
483 1906 577 1961 His
599 1912 777 1958 autem
823 1901 982 1956 rebus
1022 1898 1214 1969 quibus
1259 1895 1480 1964 quisque
1524 1893 1706 1946 beatus

145 2003 239 2055 vult
260 1999 400 2055 emci
421 2037 436 2062 ,
473 1994 672 2051 serviat
693 2005 912 2048 necesse
934 1998 1041 2053 est,
1070 1987 1199 2043 velit
1235 1985 1384 2041 nolit.
1416 1983 1546 2038 Nam
1572 1996 1708 2052 quo-

145 2105 354 2161 cumque
381 2085 646 2148 duxerint,
670 2063 939 2152 sequitur;
972 2088 1026 2134 et
1047 2073 1284 2148 quiSquis
1303 2090 1365 2130 ea
1384 2074 1529 2129 visus
1549 2071 1707 2126 fuerit

145 2181 336 2237 auferre
363 2191 543 2248 posse,
571 2175 842 2230 metuitur.
873 2171 1103 2225 Possunt
1135 2174 1311 2221 autem
1341 2164 1550 2218 auferre
1576 2163 1705 2227 ista,

147 2283 191 2327 et
212 2271 437 2328 scintilla
477 2267 614 2337 ignis
653 2272 709 2319 et
752 2261 923 2331 aliqua
949 2274 1108 2330 parva
1137 2255 1378 2311 bestiola.
1409 2254 1705 2316 Postremo,

145 2373 194 2419 ut
214 2363 450 2419 omittam
477 2352 889 2412 innumerabiles
918 2349 1290 2410 adversitates,
1309 2354 1521 2413 tempus
1537 2343 1709 2412 ipsum

145 2454 334 2510 auferat
379 2462 602 2505 necesse
644 2451 728 2501 est
772 2442 947 2497 omnia
987 2437 1332 2494 transenntia.
1366 2434 1544 2503 Itaque
1590 2447 1709 2486 cum

144 2546 301 2602 omnia
348 2538 663 2611 temporalia
701 2534 933 2590 mundus
977 2534 1079 2587 iste
1121 2528 1436 2592 concludat,
1467 2524 1712 2579 omnibus

145 2635 305 2691 mundi
337 2632 576 2704 partibus
614 2627 879 2688 serviunt,
912 2623 1001 2694 qui
1043 2630 1323 2692 propterea
1361 2624 1545 2688 putant
1583 2614 1712 2669 nihil

145 2727 412 2783 colendum
437 2736 557 2777 esse
582 2735 648 2774 ne
667 2716 919 2772 serviant.

206 2817 286 2871 70.
327 2815 713 2868 Verumtamen
737 2819 1035 2878 quanquam
1062 2804 1113 2857 in
1135 2802 1234 2858 hac
1257 2815 1435 2856 rerum
1467 2797 1713 2854 extremi—

150 2919 244 2963 tate
266 2904 452 2962 miseri
473 2902 715 2971 iaceant,
740 2907 797 2951 ut
825 2896 949 2950 vitia
972 2908 1065 2948 sua
1096 2893 1192 2947 sibi
1221 2889 1479 2946 dominari
1511 2889 1716 2958 patian-

146 3009 241 3067 tur,
259 2997 344 3052 vel
366 2993 605 3055 libidine,
628 2989 714 3045 vel
735 2987 1003 3058 superbia,
1025 2983 1108 3039 vel
1137 2981 1441 3037 curiositate
1460 2978 1712 3043 damnati,

143 3090 216 3144 vel
245 3085 459 3142 duobus
478 3082 692 3146 horum,
710 3078 794 3133 vel
816 3075 1097 3133 omnibus:
1122 3073 1371 3143 quamdiu
1394 3080 1514 3126 sunt
1535 3071 1586 3124 in
1615 3069 1717 3123 hoc

145 3179 302 3234 stadio
329 3179 461 3232 vita:
488 3175 731 3228 humanm
751 3213 767 3236 ,
800 3170 922 3224 licet
946 3169 1022 3223 eis
1047 3166 1299 3236 congredi
1323 3174 1375 3221 et
1411 3165 1642 3228 vincere,
1673 3162 1717 3216 si

144 3272 277 3342 prius
297 3268 525 3326 credant
547 3263 687 3336 quod
713 3262 1005 3331 intelligere
1044 3259 1275 3349 nondum
1304 3258 1513 3323 valent,
1535 3265 1590 3310 et
1614 3270 1718 3309 non

148 3363 355 3433 diligant
389 3358 681 3420 mundum;
722 3355 958 3423 quoniam
987 3368 1132 3406 omne
1158 3350 1292 3421 quod
1320 3351 1371 3402 in
1396 3349 1582 3403 mundo
1609 3356 1719 3414 est,

147 3453 269 3508 sicut
287 3451 548 3508 divinitus
568 3448 766 3502 dictum
794 3453 896 3508 est,
918 3443 1321 3513 concupiscentia
1349 3443 1514 3495 carnis
1539 3451 1611 3495 est
1631 3483 1646 3506 ,
1677 3449 1724 3494 et

148 3543 544 3614 concupiscentia
565 3536 1108 3602 oculorum,etambitio
1124 3535 1293 3588 seculi
1311 3532 1350 3606 (I
1368 3533 1521 3587 Joan.
1542 3533 1720 3600 11.16).

149 3634 246 3689 Hoc
263 3635 431 3690 modo
469 3632 568 3686 tria
606 3631 692 3684 illa
735 3637 860 3683 sunt
892 3635 1108 3683 notata:
1134 3642 1253 3681 nam
1297 3626 1724 3696 concupiscentia

147 3725 330 3791 carnis,
356 3721 646 3793 voluptatis
684 3720 877 3773 intima:
915 3726 1180 3771 amatores
1220 3716 1506 3784 signiticat;
1539 3731 1726 3770 concu-

147 3813 395 3883 piscentia
417 3811 688 3866 oculorum
698 3808 981 3874 ,curiosos;
1000 3822 1083 3860 am
1091 3804 1218 3859 bitio
1231 3805 1407 3858 szeculi
1417 3847 1431 3869 ,
1445 3803 1722 3873 superbos.

210 3906 294 3960 7i.
322 3904 552 3974 Triplex
577 3903 736 3956 etiam
766 3899 987 3956 tentatio
1009 3899 1059 3952 in
1085 3897 1319 3961 homine,
1346 3911 1501 3966 quem
1525 3895 1727 3950 Veritas

148 3997 248 4067 ipsa
277 3997 542 4065 suscepit.
574 3992 806 4049 cavenda
836 3999 1122 4046 monstrata
1150 3996 1251 4044 est.
1279 3988 1390 4054 Dic,
1415 3989 1582 4058 inquit
1610 3996 1724 4041 ten-

149 4100 298 4156 tatur,
327 4089 587 4161 lapidibus
615 4088 739 4151 istis,
765 4095 818 4139 ut
833 4101 988 4156 panes
1017 4085 1160 4152 ﬁant.
1195 4083 1263 4136 At
1288 4081 1374 4135 ille
1402 4095 1539 4134 unus
1563 4089 1616 4134 et
1641 4094 1726 4132 so-

151 4181 225 4236 lus
264 4183 529 4253 magister
563 4197 577 4232 :
621 4178 742 4232 Non
764 4218 778 4240 ,
814 4177 1008 4246 inquit,
1039 4177 1089 4228 in
1117 4175 1224 4230 solo
1253 4191 1382 4244 pane
1407 4173 1522 4228 vivit
1552 4173 1722 4238 homo,

148 4275 226 4326 sed
260 4275 314 4326 in
355 4272 500 4326 omni
527 4269 674 4324 verbo
694 4268 809 4322 Dei.
836 4269 910 4323 Ita
942 4267 1080 4322 enim
1111 4265 1362 4320 domitam
1390 4264 1572 4318 docuit
1609 4278 1727 4318 esse

151 4373 391 4432 oportere
427 4360 772 4429 cupiditatem
800 4355 1104 4425 voluptatis.
1137 4363 1194 4409 ut
1228 4370 1326 4409 nec
1361 4353 1484 4407 fami
1528 4351 1727 4407 ceden-

151 4451 266 4507 dum
296 4454 388 4506 sit.
424 4449 536 4505 Sed
565 4449 701 4503 forte
730 4445 1103 4500 dominationis
1134 4444 1438 4514 temporalis
1469 4443 1602 4497 fastu
1630 4442 1726 4496 de-

153 4544 247 4614 cipi
278 4551 528 4616 poterat,
554 4540 642 4612 qui
669 4539 842 4594 carnis
884 4538 1150 4606 voluptate
1175 4552 1278 4590 non
1309 4536 1505 4606 potuit;
1549 4533 1727 4589 omnia

150 4651 268 4705 ergo
316 4636 509 4691 mundi
563 4648 723 4703 regna
767 4638 1054 4686 monstrata
1105 4639 1249 4695 sunt,
1287 4639 1341 4685 et
1380 4629 1573 4684 dictum
1603 4637 1726 4683 est:

155 4729 330 4783 Omnia
358 4729 453 4783 tibi
482 4728 642 4790 dabo,
676 4726 719 4779 si
757 4735 1034 4796 prostratus
1064 4723 1350 4776 adoraveris
1390 4738 1488 4775 me.
1518 4720 1611 4775 Cui
1642 4737 1729 4774 re-

152 4838 397 4891 sponsum
442 4828 527 4876 est
550 4837 565 4872 :
592 4817 863 4871 Dominum
898 4815 1058 4869 Deum
1091 4824 1230 4867 tuum
1275 4812 1532 4875 adorabis,
1577 4820 1621 4864 et
1653 4810 1731 4864 illi

152 4915 237 4965 soli
261 4915 473 4967 seruies.
504 4911 578 4964 Ita
607 4909 804 4964 calcata
834 4917 916 4963 est
945 4906 1210 4978 superbia.
1244 4904 1488 4973 Subjecta
1522 4913 1603 4958 est
1631 4918 1728 4956 au-

156 5013 251 5059 tem
295 5014 542 5059 extrema
584 5001 741 5054 etiam
771 4998 1088 5053 curiositatis
1118 4996 1360 5051 illecebra
1395 5010 1408 5048 :
1443 5009 1546 5048 non
1588 4994 1728 5054 enim

154 5106 205 5148 ut
247 5112 306 5152 se
351 5096 426 5150 de
477 5093 680 5165 fastigio
721 5090 902 5159 templi
945 5089 1295 5158 prmcipitaret
1331 5088 1582 5157 urgebat,
1629 5086 1729 5140 nisi

153 5203 297 5243 causa
323 5196 538 5242 tantum
563 5184 758 5255 aliquid
780 5180 1099 5252 experiendi.
1130 5180 1232 5235 Sed
1257 5195 1425 5249 neque
1451 5179 1536 5234 hic
1564 5179 1731 5233 victus

155 5285 247 5340 est,
272 5289 327 5332 et
358 5276 491 5331 ideo
517 5275 594 5329 sic
623 5273 914 5342 respondit,
949 5280 1004 5324 ut
1035 5271 1445 5337 intelligeretnus
1475 5284 1578 5324 non
1599 5284 1731 5338 opus

157 5382 266 5423 esse
288 5369 356 5423 ad
383 5365 818 5438 cognoscendum
846 5365 1031 5429 Deum,
1061 5362 1434 5417 tentationibus
1459 5361 1732 5416 visibiliter

157 5459 320 5514 divina
362 5459 656 5529 explorare
693 5456 1067 5512 molientibus:
1094 5454 1216 5509 Non
1254 5454 1492 5523 tentabis,
1525 5455 1728 5527 inquit,

159 5547 430 5605 Dominum
474 5546 641 5604 Deum
684 5558 821 5601 tuum
859 5546 1084 5617 (Matth.
1115 5562 1187 5613 tv,
1227 5546 1387 5611 l-lO,
1419 5555 1464 5599 et
1490 5544 1617 5599 Luc.
1656 5563 1727 5614 tv,

157 5637 323 5711 ιη).
355 5639 723 5708 Quamobrem
747 5637 983 5709 quisquis
1001 5638 1143 5692 intus
1167 5636 1329 5694 verbo
1356 5636 1448 5691 Dei
1476 5637 1724 5707 pascitur,

3283 237 3386 295 ιω

1810 361 1916 402 non
1955 348 2143 420 quaerit
2172 348 2226 404 in
2266 349 2364 406 ista
2401 363 2580 407 eremo
2621 350 2966 422 voluptatem.
2993 352 3092 421 Qui
3134 351 3225 408 uni
3273 354 3382 410 Deo

1811 447 2009 494 tantum
2035 442 2300 512 subjectus
2322 452 2426 508 est,
2455 458 2560 498 non
2584 444 2774 514 quaerit
2809 444 2861 498 in
2890 452 3100 508 monte,
3135 444 3186 498 id
3215 453 3297 500 est
3325 446 3381 502 in

1810 537 2017 586 terrena
2050 533 2279 588 elatione
2311 534 2638 603 jactantiam.
2659 533 2906 604 Quisquis
2933 543 3134 589 aeterno
3166 545 3380 606 specta-

1810 622 1930 677 cqu
1952 623 2396 681 incommutabilis
2423 628 2659 682 veritatis
2683 626 3015 693 adhmrescit,
3044 643 3148 682 non
3180 644 3276 696 per
3300 627 3384 683 fa-

1810 715 2019 785 stigium
2051 716 2205 786 hujus
2232 718 2488 786 corporis,
2518 717 2568 772 id
2589 726 2670 772 est
2695 733 2791 787 per
2813 716 2912 773 hos
2938 719 3122 772 oculos
3142 717 3382 788 principi-

1809 812 1972 871 tatur,
2005 816 2061 860 nt
2086 809 2394 875 temporalia
2422 819 2475 863 et
2503 809 2747 864 inferiora
2769 817 3071 880 cognoscat.

1807 894 2030 954 CAPUT
2055 899 2297 954 XXXIX.
2315 930 2386 940 —-
2407 900 2491 954 Ex
2513 901 2634 970 ipsis
2663 900 2792 954 vitiis
2816 901 2920 954 suis
2945 900 3168 954 animam
3199 900 3380 954 admo-

1879 992 1986 1045 neri
2019 999 2072 1044 ut
2105 991 2317 1060 primani
2340 990 2755 1060 pulchritudinem
2771 990 2988 1059 requirat
3011 1006 3031 1045 :
3052 990 3185 1059 quod
3223 992 3384 1060 primo

1880 1085 1944 1139 de
1966 1084 2083 1138 vitio
2100 1082 2366 1151 voluptatis
2396 1081 2674 1134 ostenditur
2700 1097 2855 1151 usque
2878 1081 2946 1134 ad
2970 1089 3124 1150 caput
3152 1081 3242 1136 45.

1881 1178 1968 1232 72.
1996 1176 2131 1244 Quid
2160 1176 2317 1246 igitur
2343 1182 2527 1239 restat,
2568 1174 2708 1230 unde
2752 1188 2856 1228 non
2895 1175 3063 1244 possit
3097 1174 3271 1228 anima
3301 1189 3385 1230 re—

1810 1268 2017 1324 cordari
2038 1267 2258 1336 primam
2275 1264 2716 1337 pulchritudinem
2738 1281 2894 1334 quam
2917 1263 3149 1334 reliquit,
3172 1263 3385 1334 quando

1808 1358 1876 1414 de
1900 1358 2026 1428 ipsis
2051 1358 2159 1411 suis
2181 1357 2318 1411 vitiis
2347 1357 2554 1426 potest?
2581 1355 2653 1408 Ita
2687 1355 2826 1409 enim
2851 1355 3117 1424 Sapientia
3145 1355 3237 1408 Dei
3266 1369 3388 1424 per-

1812 1449 1978 1504 tendit
2013 1464 2042 1501 a
2075 1449 2179 1502 line
2221 1463 2388 1517 usque
2429 1447 2494 1501 ad
2532 1447 2687 1500 linem
2733 1446 2941 1500 fortiter
2967 1444 3132 1517 (Sap.
3159 1461 3269 1508 vttt,
3306 1445 3380 1517 l).

1809 1538 1883 1594 Ita
1919 1555 2014 1610 per
2041 1539 2176 1594 hanc
2201 1553 2438 1594 summus
2460 1538 2549 1592 ille
2579 1536 2768 1591 artifex
2802 1551 2960 1606 opera
2995 1552 3088 1590 sua
3129 1538 3180 1591 in
3221 1552 3382 1591 unum

1771 1624 1777 1636 “
1810 1631 1967 1684 tinem
2014 1629 2223 1684 decoris
2268 1628 2510 1683 ordinata
2548 1627 2834 1682 contexuit.
2863 1627 2938 1681 lla
2981 1626 3068 1681 illa
3099 1627 3305 1682 bonitas
3344 1642 3374 1680 a

1809 1736 2017 1791 summo
2059 1734 2225 1790 usque
2261 1719 2327 1774 ad
2361 1728 2652 1773 extremum
2682 1717 2808 1771 nulli
2844 1715 3240 1786 pulchritudini,
3265 1731 3385 1786 qua:

1810 1812 1877 1867 ab
1901 1812 2014 1881 ipso
2036 1811 2149 1865 solo
2176 1824 2296 1865 esse
2322 1817 2524 1880 posset,
2553 1808 2767 1872 invidit;
2797 1817 2856 1861 ut
2876 1823 3031 1862 nemo
3058 1807 3124 1861 ab
3153 1807 3263 1876 ipsa
3292 1821 3385 1860 ve-

1811 1904 1966 1958 ritate
1996 1902 2290 1972 dejiciatur,
2319 1900 2411 1971 qui
2445 1916 2548 1953 non
2580 1899 2870 1968 excipiatur
2894 1898 2962 1952 ab
2997 1898 3169 1966 aliqua
3209 1896 3387 1966 effigie

1811 1993 2070 2049 veritatis.
2109 1992 2300 2060 Quaere
2339 1992 2388 2045 in
2431 1990 2670 2060 corporis
2711 1989 2980 2059 voluptate
3017 1987 3144 2058 quid
3188 1995 3381 2052 teneat,

1812 2086 1943 2141 nihil
1970 2085 2111 2139 aliud
2144 2084 2381 2140 invenies
2406 2100 2560 2154 quam
2590 2082 3008 2138 convenientiam
3033 2099 3046 2134 :
3080 2096 3200 2136 nam
3227 2081 3270 2135 si
3297 2096 3386 2136 re-

1812 2178 2052 2236 sistentia
2081 2178 2284 2247 pariant
2309 2177 2548 2232 dolorem
2566 2218 2579 2240 ,
2606 2175 2967 2231 convenientia
2997 2174 3206 2244 pariunt
3229 2175 3382 2229 volu-

1814 2279 2031 2342 ptatem.
2046 2269 2385 2340 Recognosce
2402 2268 2685 2338 igiturquae
2704 2268 2985 2322 sitsumma
3001 2265 3386 2321 convenientia.

1815 2361 1933 2416 Noli
1958 2360 2102 2415 foras
2133 2362 2237 2426 ire,
2270 2360 2323 2414 in
2349 2361 2575 2429 teipsum
2610 2358 2761 2424 redi;
2794 2359 2845 2413 in
2888 2358 3138 2413 interiore
3175 2357 3391 2413 homine

1816 2453 2019 2507 habitat
2044 2453 2276 2515 veritas;
2316 2460 2368 2505 et
2394 2451 2438 2504 si
2468 2459 2609 2505 tuam
2636 2458 2876 2505 naturam
2907 2449 3210 2503 mutabilem
3242 2449 3391 2503 inve-

1817 2543 1960 2598 neris
1983 2584 1997 2607 ,
2039 2541 2350 2596 transcende
2385 2549 2440 2595 et
2471 2541 2717 2610 teipsum.
2746 2539 2852 2595 Sed
2892 2546 3156 2595 memento
3190 2554 3310 2593 cum
3341 2547 3392 2594 te

1818 2611 2182 2698 transcendis,
2213 2631 2614 2684 ratiocinantem
2643 2628 2871 2682 animam
2905 2637 2958 2682 te
2997 2627 3387 2689 transcendere.

1820 2724 1949 2779 Illuc
1973 2738 2099 2792 ergo
2125 2720 2301 2787 tende,
2334 2720 2474 2775 unde
2504 2720 2672 2790 ipsum
2698 2720 2878 2774 lumen
2906 2719 3124 2772 rationis
3149 2717 3395 2772 accendi-

1820 2824 1923 2869 tur.
1971 2813 2086 2880 Quo
2129 2812 2271 2867 enim
2318 2811 2557 2882 pervenit
2600 2809 2772 2865 omnis
2815 2809 2985 2863 bonus
3030 2807 3392 2875 ratiocinator,

1820 2906 1920 2961 nisi
1946 2905 2012 2959 ad
2036 2903 2352 2958 veritatem?
2375 2917 2496 2957 cum
2521 2901 2585 2956 ad
2611 2901 2842 2971 seipsam
2869 2900 3064 2955 veritas
3088 2913 3192 2954 non
3215 2899 3396 2968 utiun

1821 2996 2186 3052 ratiocinando
2213 2994 2513 3064 perveniat,
2543 2993 2636 3048 sed
2661 2992 2802 3063 quod
2834 2991 3207 3047 ratiocinantes
3231 3005 3396 3061 appe-

1823 3097 1960 3153 tunt,
1997 3088 2109 3156 ipsa
2147 3087 2235 3141 sit.
2266 3085 2397 3141 Vide
2439 3086 2510 3139 ibi
2551 3083 2974 3139 convenientiam
3014 3099 3118 3154 qua
3159 3081 3400 3152 superior

1824 3195 1943 3236 esse
1968 3196 2072 3234 non
2111 3180 2292 3250 possit,
2326 3185 2380 3232 et
2404 3177 2515 3246 ipse
2540 3177 2761 3231 conveni
2787 3190 2906 3230 eum
2936 3189 3018 3230 ea.
3057 3174 3324 3230 Conﬁtere
3350 3183 3400 3230 te

1827 3286 1931 3326 non
1956 3286 2074 3326 esse
2092 3270 2229 3340 quod
2258 3271 2367 3340 ipsa
2389 3278 2470 3323 est
2495 3287 2508 3322 :
2538 3268 2794 3338 siquidem
2821 3283 2879 3322 se
2899 3268 3010 3338 ipsa
3038 3282 3142 3322 non
3170 3267 3398 3336 quierit;

1829 3372 1883 3417 tu
1919 3372 2094 3416 autem
2133 3361 2197 3414 ad
2239 3360 2406 3430 ipsum
2446 3359 2732 3429 qumrendo
2769 3358 2978 3422 venisti,
3019 3373 3124 3412 non
3164 3357 3400 3412 locorum

1827 3453 2015 3520 spatio.
2046 3451 2138 3504 sed
2164 3450 2358 3505 mentis
2385 3449 2594 3508 allectu.
2622 3457 2677 3503 ut
2707 3449 2820 3518 ipse
2845 3447 3067 3503 interior
3093 3447 3251 3501 homo
3279 3462 3399 3501 cum

1828 3558 1925 3597 suo
1952 3542 2319 3606 inhabitatore,
2343 3556 2446 3596 non
2472 3541 2651 3595 intima
2677 3549 2730 3596 et
2751 3540 2970 3607 carnali,
2994 3539 3088 3601 sed
3114 3554 3318 3593 summa
3345 3549 3404 3595 et

1829 3638 2084 3708 spirituali
2113 3637 2377 3704 voluptate
2407 3636 2422 3666 ¹
2453 3635 2754 3689 conveniat.

1902 3731 1986 3784 73.
2031 3731 2134 3784 Aut
2172 3730 2216 3783 si
2258 3743 2360 3781 non
2400 3728 2575 3782 cernis
2614 3742 2733 3795 quae
2768 3725 2908 3791 dico,
2937 3733 2991 3780 et
3029 3739 3095 3779 an
3135 3739 3256 3779 vera
3298 3724 3405 3778 sint

1831 3820 2071 3886 dubitas,
2101 3835 2259 3874 cerne
2301 3819 2487 3872 saltem
2528 3826 2703 3872 utrum
2740 3825 2793 3872 te
2833 3817 2902 3872 de
2939 3817 3004 3871 iis
3030 3816 3272 3872 dubitare
3298 3832 3402 3872 non

1831 3911 2076 3976 dubites;
2109 3918 2162 3965 et
2185 3910 2230 3964 si
2261 3917 2462 3964 certum
2504 3917 2587 3964 est
2626 3919 2678 3962 te
2705 3923 2824 3963 esse
2851 3907 3198 3972 dubitantem,
3227 3924 3405 3979 quiere

1831 4005 1970 4060 unde
2012 4005 2081 4058 sit
2117 4011 2318 4059 certum
2362 4019 2376 4055 :
2418 4017 2524 4057 non
2569 4001 2676 4057 illic
2721 4002 2834 4069 tibi,
2865 4018 2969 4057 non
3016 4002 3232 4057 omnino
3277 4003 3405 4058 solis

1833 4098 1989 4168 hujus
2018 4097 2192 4151 lumen
2226 4105 2470 4150 occurret
2493 4097 2535 4158 ',
2563 4094 2656 4149 sed
2688 4095 2862 4149 lumen
2891 4111 3074 4149 verum
3111 4093 3250 4165 quod
3280 4095 3402 4149 illu—

1833 4189 1998 4243 minat
2021 4202 2231 4242 omnem
2263 4186 2530 4240 hominem
2563 4185 2860 4239 venientem
2891 4185 2942 4238 in
2973 4181 3112 4238 hunc
3149 4183 3402 4239 mundttm

1835 4279 2023 4352 (Joan.
2054 4295 2091 4340 ι,
2120 4277 2210 4349 9).
2242 4276 2393 4344 Quod
2424 4276 2506 4330 his
2533 4275 2701 4330 oculis
2727 4272 2894 4328 videri
2924 4289 3026 4327 non
3066 4282 3274 4343 potest;
3304 4290 3403 4329 nec

1834 4372 1934 4426 illis
1962 4371 2151 4440 quibus
2180 4369 2542 4438 phantasmata
2571 4367 2886 4436 cogitantur,
2916 4380 3010 4434 per
3035 4363 3249 4419 eosdem
3280 4379 3405 4419 ocu-

1834 4465 1916 4518 los
1940 4463 2129 4516 anima:
2158 4462 2380 4529 impacta
2406 4477 2420 4524 ;
2448 4459 2540 4514 sed
2571 4459 2672 4513 illis
2698 4457 2885 4527 quibus
2910 4458 3038 4526 ipsis
3063 4457 3404 4526 phantasma-

1836 4553 1975 4608 tibns
2011 4553 2240 4606 dicitur:
2271 4551 2386 4605 Non
2415 4551 2542 4605 estis
2565 4564 2660 4604 vos
2697 4548 2838 4618 quod
2862 4563 2961 4618 ego
2994 4564 3174 4619 quaero
3193 4590 3207 4614 ,
3234 4565 3407 4621 neque

1834 4643 1964 4699 illud
2004 4643 2132 4697 estis
2171 4642 2312 4696 unde
2351 4657 2450 4711 ego
2480 4655 2573 4695 vos
2603 4639 2828 4704 ordino;
2859 4649 2909 4694 et
2936 4640 3074 4710 quod
3102 4640 3230 4695 mihi
3270 4643 3408 4697 inter

1833 4747 1928 4787 vos
1957 4731 2151 4786 foedum
2181 4731 2488 4793 occurrerit,
2518 4730 2784 4798 improbo;
2809 4729 2949 4800 quod
2978 4730 3275 4798 pulchrum,
3308 4747 3407 4801 ap-

1833 4824 2039 4895 probo;
2071 4837 2189 4877 cum
2232 4821 2500 4891 pulchrius
2524 4822 2592 4876 sit
2616 4820 2741 4875 illud
2779 4819 2920 4875 unde
2957 4822 3197 4890 improbo
3227 4831 3280 4876 et
3316 4839 3411 4892 ap-

1834 4917 2003 4988 probo
2027 4931 2040 4968 :
2068 4929 2231 4983 quare
2254 4914 2353 4968 hoc
2372 4914 2540 4983 ipsum
2567 4913 2733 4983 magis
2756 4912 3011 4982 approbo,
3035 4922 3088 4968 et
3109 4929 3212 4967 non
3234 4913 3406 4967 solum

1833 5009 2007 5072 vobis,
2040 5005 2136 5062 sed
2177 5006 2280 5060 illis
2307 5005 2551 5059 omnibus
2579 5004 2891 5075 corporibus
2932 5004 3072 5059 unde
3101 5020 3192 5059 vos
3233 5003 3402 5069 hausi,

1834 5107 2115 5167 antepono.
2161 5095 2362 5151 Deinde
2402 5094 2638 5164 regulam
2674 5094 2839 5164 ipsam
2877 5110 3033 5166 quam
3063 5095 3244 5154 vides.
3273 5107 3404 5146 con-

1835 5189 1951 5258 cipe
1989 5189 2088 5243 hoc
2128 5187 2286 5242 modo
2312 5206 2324 5242 :
2366 5186 2552 5241 Omnis
2579 5187 2669 5256 qui
2698 5202 2756 5242 se
2785 5186 3104 5242 dubitantem
3140 5185 3402 5253 intelligit,

1836 5295 2018 5336 verum
2063 5279 2325 5349 intelligit,
2358 5286 2413 5333 et
2447 5277 2514 5332 de
2555 5277 2654 5332 hac
2682 5293 2738 5332 re
2760 5293 2917 5346 quam
2945 5275 3188 5345 intelligit
3223 5285 3400 5332 certus

1900 5459 1918 5492 ι
1940 5456 2121 5508 Lov.'et
2134 5463 2261 5518 Arn.,
2279 5453 2513 5506 voluntate
2525 5467 2542 5517 ,°
2559 5467 2645 5518 pro
2666 5465 2762 5516 quo
2783 5451 2890 5500 Bad.
2911 5458 2985 5501 Er.
3008 5457 3059 5501 et
3074 5457 3182 5502 Mss.
3197 5459 3408 5515 septem,

2101 5586 2209 5650 l._ov.
2231 5581 2301 5628 sic
2323 5577 2639 5650 teguuthuue
2661 5575 2816 5624 locum
2843 5588 2856 5623 :
2886 5583 2983 5625 Non
3003 5573 3102 5626 illic
3120 5574 3204 5626 tibi
3223 5575 3411 5627 omnino

1834 5641 1947 5695 solis
1968 5641 2109 5702 hujus
2121 5639 2276 5690 lumen
2298 5643 2528 5689 occurret.
2599 5644 2650 5684 at.
