3874 6344
491 260 598 320 185

491 391 576 444 est
598 399 614 439 :
637 381 706 440 de
727 396 856 440 vero
883 379 1042 452 igitur
1059 386 1238 438 certus
1265 383 1365 432 est.
1388 374 1573 430 Omnis
1601 372 1756 444 igitur
1776 371 1866 444 qui
1893 378 2069 426 utrum

492 479 562 534 sit
589 477 784 531 veritas
810 474 1042 538 dubitat,
1083 471 1138 528 in
1164 472 1340 540 seipse
1377 467 1535 524 habet
1572 481 1755 524 verum
1797 463 1938 522 unde
1967 475 2070 520 non

491 569 729 634 dubitet;
763 582 862 637 nec
897 567 1060 622 ullum
1105 579 1287 624 verum
1327 561 1427 618 nisi
1471 560 1694 616 veritate
1736 571 1920 616 verum
1965 560 2067 616 est.

491 661 607 720 Dion
639 663 814 731 itaque
836 668 1047 730 oportet
1078 672 1198 713 eum
1225 655 1291 712 de
1316 654 1538 710 veritate
1563 651 1824 715 dubitare,
1855 647 1945 718 qui
1973 661 2070 716 po-

497 753 592 808 tuit
627 752 994 820 undi-cumque
1031 748 1298 806 dubitare.
1333 745 1430 802 Ubi
1457 745 1698 801 videntur
1727 742 1858 805 haec,
1892 740 1961 796 ibi
1991 746 2072 794 est

495 844 672 907 lumen
700 843 815 900 sine
845 841 1017 912 spatio
1046 840 1283 900 locorum
1313 846 1366 896 et
1394 846 1716 905 temporum,
1746 841 1800 892 et
1826 832 1940 890 sine
1963 830 2072 892 ullo

491 936 782 1006 spatiorum
802 914 994 998 hlium
1035 932 1418 1006 phantasmate.
1451 925 1716 996 Numquid
1752 925 1851 984 ista
1879 938 1946 988 ex
1972 922 2070 976 ali-

493 1043 594 1097 qua
636 1035 785 1096 parte
811 1023 1080 1093 corrumpi
1119 1031 1373 1094 possunt,
1409 1019 1612 1076 etiamsi
1643 1016 1816 1072 omnis
1854 1013 2070 1070 ratiocio

493 1126 647 1174 natur
675 1115 918 1180 intereat,
949 1122 1039 1170 aut
1066 1111 1205 1182 apud
1234 1109 1480 1166 carnales
1505 1106 1706 1164 inferos
1734 1101 2072 1162 veterascat?

491 1208 612 1266 Non
647 1208 789 1270 enim
832 1206 1161 1270 ratiocinatio
1201 1203 1323 1260 talia
1369 1202 1513 1270 iacit,
1542 1200 1636 1257 sed
1681 1199 1897 1256 invenit.
1933 1197 2074 1267 Ergo

493 1307 776 1367 antequam
815 1296 1178 1359 inveniantur,
1209 1295 1263 1352 in
1297 1308 1358 1350 se
1384 1301 1626 1356 manent,
1672 1299 1724 1346 et
1762 1303 1883 1354 cum
1921 1287 2070 1346 inve-

492 1390 728 1450 niuntur,
758 1397 855 1444 nas
881 1389 1152 1442 innovant.

493 1481 720 1538 CAPUT
749 1479 856 1535 XL.
895 1509 970 1522 -—
997 1479 1073 1534 De
1101 1477 1473 1549 pulchritudine
1506 1490 1776 1544 corporum
1815 1471 2073 1541 carnisque

809 1569 1080 1639 voluptate,
1107 1569 1236 1622 etde
1259 1567 1568 1637 peccantium
1595 1582 1758 1636 paena.

570 1660 656 1722 74.
697 1657 770 1713 lta
810 1659 1104 1716 renascitur
1132 1658 1350 1714 interior
1389 1656 1581 1720 homo,
1610 1665 1663 1710 et
1699 1655 1933 1710 exterior
1956 1667 2075 1712 cor-

497 1750 758 1819 rumpitur
784 1751 850 1805 de
874 1751 960 1806 die
987 1750 1037 1806 in
1070 1749 1210 1804 diem
1244 1748 1308 1820 (ll
1337 1746 1453 1804 Cor.
1484 1764 1556 1811 tv,
1587 1746 1696 1816 16).
1724 1747 1824 1803 Sed
1855 1745 2074 1802 interior

497 1842 816 1900 anteriorem
858 1841 1090 1910 respicit,
1122 1849 1176 1898 ct
1214 1840 1266 1898 in
1309 1856 1403 1894 sua
1445 1840 1838 1908 comparatione
1878 1838 2074 1900 [tediim

497 1931 678 1996 videt;
710 1933 761 1988 iu
791 1933 1004 2002 proprio
1033 1941 1208 1988 tamen
1248 1946 1443 2001 genere
1477 1930 1756 2000 pulchrum
1788 1939 1840 1984 et
1882 1944 2072 1999 corpo-

500 2039 618 2084 rum
648 2024 1018 2082 convenientia
1060 2024 1322 2080 ltelantein
1345 2063 1360 2088 ,
1388 2032 1440 2076 et
1483 2031 1906 2090 corrumpentem
1935 2021 2074 2092 quod

503 2113 556 2172 in
598 2113 794 2172 bonum
835 2130 988 2172 suum
1029 2115 1309 2179 convertit,
1342 2114 1590 2170 alimenta
1632 2113 1835 2170 scilicet
1862 2113 2073 2172 carnis:

500 2220 618 2276 qua:
647 2215 818 2263 tamen
845 2213 1112 2275 corrupta,
1139 2205 1190 2259 id
1217 2213 1299 2261 est
1327 2205 1620 2272 amittentia
1652 2204 1874 2260 formam
1902 2220 2072 2270 suam,

505 2295 557 2352 in
583 2294 939 2352 membrorum
963 2295 1180 2350 istorum
1205 2295 1458 2354 fabricam
1484 2295 1730 2365 migrant,
1754 2304 1806 2351 et
1832 2304 2076 2364 corrupta

503 2386 762 2452 reﬁciunt,
795 2387 849 2440 in
879 2387 1034 2444 aliam
1064 2383 1287 2441 formam
1329 2402 1422 2456 per
1460 2385 1881 2452 convenientiam
1909 2395 2081 2444 trans-

503 2477 679 2534 euntia
704 2492 719 2542 ;
747 2487 802 2532 et
840 2491 932 2547 per
961 2476 1174 2544 vitalem
1211 2485 1412 2532 motum
1442 2476 1796 2545 dijudicantur
1819 2475 2078 2546 quodam-

504 2570 693 2635 modo,
722 2580 778 2632 ut
803 2586 869 2636 ex
896 2569 974 2626 eis
999 2571 1051 2624 in
1077 2578 1396 2626 structuram
1439 2569 1596 2638 hujus
1627 2565 1850 2624 visibilis
1876 2568 2079 2638 pulchri

504 2677 622 2731 quae
665 2670 786 2729 apta
825 2669 947 2716 sunt
974 2671 1330 2726 assumantur,
1360 2677 1462 2716 non
1495 2670 1618 2729 apta
1657 2676 1783 2718 vero
1825 2677 1917 2729 per
1949 2677 2079 2718 con-

501 2767 663 2823 gruos
695 2755 708 2786 ι
739 2761 945 2814 meatus
969 2753 1264 2822 ejiciantur.
1294 2753 1526 2820 Quorum
1551 2753 1693 2814 aliud
1719 2753 2084 2822 faeculentissi-

508 2862 652 2903 mum
699 2845 934 2902 redditur
977 2854 1134 2902 terrm
1177 2845 1242 2902 ad
1287 2846 1419 2904 alias
1460 2845 1659 2902 formas
1700 2846 2079 2914 assumendas,

505 2936 646 2994 aliud
679 2953 771 3005 per
805 2946 971 2992 totum
1008 2952 1202 3007 corpus
1229 2937 1462 3002 exhalat,
1490 2937 1630 2993 aliud
1663 2938 1822 2995 totius
1843 2940 2084 2994 animalis

505 3027 730 3084 latentes
760 3043 1010 3084 numeros
1047 3029 1266 3096 accipit,
1301 3036 1356 3084 et
1393 3029 1668 3091 inchoatur
1694 3029 1745 3084 in
1776 3029 1999 3098 prolem,
2031 3037 2086 3085 et

509 3117 620 3172 sive
648 3119 1011 3174 convenientia
1043 3117 1267 3173 duorum
1306 3134 1609 3188 corporum,
1639 3120 1751 3176 sive
1784 3120 1874 3178 tali
1909 3122 2084 3191 aliquo

509 3207 874 3278 phantasmate
912 3219 1255 3276 commotum,
1287 3225 1378 3278 per
1416 3211 1673 3280 genitales
1712 3215 1824 3268 vias
1861 3213 1929 3268 ab
1967 3213 2084 3283 ipso

509 3300 706 3358 vertice
730 3298 910 3356 deﬂuit
935 3299 986 3354 in
1016 3300 1194 3354 intima
1219 3300 1488 3370 voluptate
1508 3302 1549 3353 ³.
1566 3301 1812 3357 Jamvero
1839 3305 1891 3360 in
1915 3314 2085 3360 matre

509 3405 606 3460 per
633 3398 810 3445 certos
843 3405 1093 3450 numeros
1122 3399 1416 3460 temporum
1453 3392 1505 3446 in
1544 3392 1779 3450 locorum
1807 3412 2083 3454 numerum

507 3493 802 3552 ,coaptalur,
841 3490 896 3536 ut
936 3497 1058 3536 suas
1097 3482 1340 3552 regiones
1386 3499 1608 3552 qumque
1646 3487 1883 3544 membra
1926 3503 2086 3544 occu-

512 3583 671 3642 pent;
699 3581 752 3628 et
776 3573 818 3626 si
848 3573 1058 3626 modum
1088 3573 1364 3642 parilitatis
1384 3574 1732 3642 servaverint,
1757 3577 1872 3635 luce
1891 3577 2085 3634 coloris

508 3663 774 3733 adjuncta,
803 3664 1037 3718 nascitur
1061 3680 1254 3734 corpus
1279 3665 1418 3734 quod
1449 3666 1738 3721 formosum
1767 3677 2000 3735 vocatur,
2031 3679 2087 3724 et

507 3769 540 3808 a
576 3756 685 3808 suis
727 3755 1066 3810 dilectoribus
1104 3764 1308 3810 amatur
1343 3758 1640 3814 acerrime:
1675 3774 1777 3813 non
1820 3768 1992 3818 tamen
2031 3762 2084 3815 in

511 3860 575 3902 eo
618 3846 732 3915 plus
771 3847 945 3914 placet
985 3846 1152 3901 forma
1183 3863 1301 3916 qum
1331 3859 1606 3914 movetur,
1634 3866 1792 3919 quam
1825 3853 1927 3910 vita
1966 3870 2085 3922 qua:

510 3946 702 3998 movet.
735 3935 864 3990 =Nam
902 3936 1028 3990 illud
1069 3937 1260 3992 animal
1286 3938 1329 3989 si
1361 3953 1457 3994 nos
1486 3948 1660 4004 amet,
1688 3940 1851 4000 allicit
1876 3941 2084 3998 violen-

511 4027 613 4084 tius
637 4042 649 4086 ;
679 4025 724 4080 si
749 4026 918 4080 oderit
942 4035 1137 4090 autem,
1165 4041 1557 4095 succensemus,
1586 4038 1641 4085 et
1664 4029 1803 4086 ferre
1830 4048 1934 4088 non
1965 4047 2087 4102 pos-

509 4132 712 4182 sumus,
741 4117 946 4170 etiamsi
990 4116 1212 4172 l'ormam
1254 4118 1420 4186 ipsam
1465 4120 1696 4187 praebeat
1737 4122 1946 4180 iroenti.
1976 4124 2087 4182 lloc

511 4216 678 4268 totum
726 4216 806 4262 est
849 4207 1132 4281 voluptatis
1177 4223 1418 4278 regnum,
1466 4217 1519 4264 et
1561 4209 1665 4264 ima
1710 4212 2081 4281 pulchritudo;

511 4299 908 4367 subjacetenim
935 4298 1259 4368 corruptioni
1284 4315 1296 4354 :
1325 4299 1463 4369 quod
1495 4299 1540 4354 si
1564 4316 1672 4360 non
1696 4311 1856 4369 esset,
1880 4320 2082 4366 summa

508 4399 797 4460 putaretur.

585 4479 671 4534 75.
713 4479 818 4536 Sed
845 4472 993 4539 adest
1021 4479 1196 4536 divina
1224 4480 1572 4552 providentia,
1600 4499 1717 4554 qua;
1741 4483 1878 4540 hanc
1902 4497 2083 4544 osten-

511 4569 602 4628 dat
647 4581 701 4632 et
737 4586 844 4630 non
881 4572 1097 4636 malam,
1139 4581 1356 4644 propter
1403 4584 1505 4629 tam
1550 4575 1828 4638 manifesta
1870 4579 2084 4649 vestigia

510 4660 798 4738 primorum
839 4676 1211 4726 numerorum,
1243 4663 1296 4722 in
1323 4664 1512 4737 quibus
1539 4666 1810 4735 sapientia:
1850 4669 1940 4722 Dei
1978 4683 2082 4724 non

509 4761 594 4812 est
631 4766 920 4817 numerus;
955 4763 1008 4808 et
1048 4763 1337 4812 extremam
1385 4764 1558 4810 tamen
1597 4771 1733 4822 esse,
1766 4759 1995 4817 miscens
2034 4760 2085 4815 ci

511 4843 723 4904 dolores
750 4851 804 4898 et
833 4843 1044 4904 morbos
1069 4855 1123 4902 et
1151 4845 1491 4904 distet-tiones
1520 4849 1900 4916 membrorum,
1924 4859 1979 4908 et
2007 4858 2085 4906 te-

512 4936 706 4998 nebras
731 4936 943 5002 coloris,
972 4945 1023 4998 et
1049 4937 1345 4998 animorum
1370 4938 1666 4998 simultates
1700 4956 1764 4996 ac
1801 4941 2088 5004 dissensio-

515 5041 628 5090 ιιυε,
671 5034 730 5080 ιιι
771 5042 836 5082 ex
879 5026 964 5082 his
1001 5025 1384 5084 admoneamur
1420 5029 1853 5088 incommutabile
1889 5035 2085 5104 aliquid

509 5133 631 5174 esse
657 5116 1019 5189 qumrendum.
1040 5116 1110 5174 Et
1132 5116 1233 5178 hoc
1253 5118 1376 5174 facit
1403 5135 1495 5190 per
1520 5120 1699 5175 intima
1725 5123 2015 5180 ministeria
2039 5125 2081 5193 ⁸,

570 5252 588 5286 ί
615 5257 722 5300 Lov.
750 5257 801 5299 et
831 5245 1515 5314 nonnulli_|ts_s.,incongruoa.
1541 5251 1631 5314 sed
1663 5253 1828 5303 verius
1863 5254 1968 5303 Bad.
2009 5261 2081 5305 Er.

508 5321 618 5362 Arn.
645 5320 697 5362 et
839 5310 918 5359 alii
940 5310 1482 5375 duodecim,cor_tgi'uos.
1503 5313 1685 5375 Quippe
1707 5316 1784 5363 hic
1799 5316 2086 5367 describitur

510 5374 769 5444 exterioris
804 5373 1010 5444 hominis
1047 5369 1380 5440 pulchritudo,
1418 5375 1468 5424 iu
1510 5369 1646 5438 Cujus
1691 5385 1930 5438 structura
1964 5379 2087 5428 nihil

505 5436 834 5498 incongruum.
919 5436 922 5444 '
1161 5436 1166 5440 ’

571 5501 590 5564 ξ
613 5505 719 5564 Mss.
753 5506 880 5564 uno,
905 5491 1070 5564 deﬂuit
1085 5493 1268 5564 inﬁma.
1281 5496 1531 5564 voluptate.

570 5559 589 5591 ³
611 5560 897 5630 ln_excusis,
916 5556 1002 5630 per
1022 5556 1642 5630 deorum
1659 5561 1848 5630 quibus,
1872 5571 1968 5630 etc.
1987 5570 2042 5630 At
2056 5577 2086 5616 a

504 5627 609 5688 uss.
635 5621 773 5688 abest.
796 5632 909 5688 vox,
925 5629 1131 5688 eorum.
1167 5621 1297 5688 unde
1323 5621 1637 5688 intelligimus
1660 5621 1754 5688 non
1776 5621 1928 5675 otiicia
1952 5621 2086 5688 quie-

502 5683 611 5734 dam
639 5683 776 5733 hisce
800 5679 964 5731 verbis
992 5678 1233 5741 denotata.
1262 5684 1352 5734 sed
1388 5678 1519 5748 ipsos
1552 5686 1754 5750 angelos
1793 5678 1982 5748 malos,'
2000 5689 2085 5752 qui

1495 254 1583 338 pr:
1620 250 1806 332 vena
1846 243 2233 335 uouemus,
2275 246 2333 337 ξ.
2373 245 2753 330 incusum.

2731 250 2753 330 ι,
3661 250 3783 309 rso

2177 365 2369 436 quibus
2398 365 2449 421 id
2477 382 2638 439 agere
2678 365 2962 442 voluptatis
2995 372 3116 433 est;
3142 380 3279 439 quos
3315 368 3780 428 exterminatores

2175 467 2232 518 et
2272 459 2491 532 angelos
2532 460 2849 527 incondite,
2889 460 3081 526 divina:
3121 459 3411 530 Seripturte
3451 462 3767 532 nominant,

2175 553 2414 624 quamvis
2442 552 2542 624 ipsi
2579 553 2814 612 nesciant
2841 554 2966 624 quid
2995 552 3062 612 de
3087 568 3146 610 se
3168 562 3357 625 agatur
3386 553 3529 624 boni.
3559 555 3662 628 llis
3685 557 3774 614 si-

2177 644 2332 702 miles
2369 652 2492 702 sunt
2528 643 2770 704 homines
2809 645 2896 716 qui
2932 645 3163 716 gaudent
3193 645 3426 704 miseriis
3459 647 3674 720 alienis,
3713 656 3779 725 et

2175 735 2315 794 risus
2339 735 2438 794 sibi
2466 751 2529 791 ac
2556 736 2758 793 ludicra
2783 737 3082 810 spectacula
3109 736 3382 812 exhibent,
3409 738 3493 797 vel
3520 739 3776 798 exhiberi

2176 827 2361 885 volunt
2399 827 2766 885 eversionibus
2801 835 2856 886 et
2889 827 3158 888 erroribus
3196 828 3422 888 aliorum
3461 826 3558 901 (ρ).
3587 832 3777 902 Atque

2177 918 2247 976 ita
2287 918 2339 980 in
2378 918 2462 974 his
2498 919 2744 986 omnibus
2770 918 2896 974 boni
2927 919 3300 988 admonentur,
3331 928 3382 975 et
3421 932 3772 990 exercentur,

2176 1016 2232 1072 et
2256 1009 2488 1073 vincunt,
2517 1020 2571 1068 et
2596 1009 2937 1079 triumphant,
2965 1019 3019 1067 et
3043 1021 3290 1082 regnant.
3313 1012 3437 1068 Ilali
3457 1028 3587 1083 vero
3612 1014 3773 1072 deci-

2179 1098 2412 1168 piuntur,
2451 1100 2774 1167 cruciantur,
2820 1101 3119 1168 vincuntur,
3164 1101 3501 1174 damnantur,
3549 1113 3606 1160 et
3651 1121 3775 1166 ser-

2179 1192 2361 1256 viunt;
2395 1209 2499 1248 non
2531 1193 2620 1252 uni
2642 1192 2882 1250 omnium
2921 1209 3131 1251 summo
3160 1195 3408 1264 Domino,
3439 1196 3533 1252 sed
3564 1198 3776 1254 ultimis

2176 1284 2365 1343 servis.
2391 1283 2494 1341 illis
2537 1285 2778 1340 videlicet
2801 1284 3024 1355 angelis,
3049 1285 3139 1356 qui
3167 1285 3437 1343 doloribus
3463 1296 3519 1344 et
3545 1289 3771 1346 miseria

2178 1373 2548 1430 damnatorum
2589 1385 2902 1444 pascuntur,
2931 1384 2987 1432 et
3011 1391 3109 1447 pro
3139 1376 3239 1432 ista
3265 1377 3634 1449 malevolentia
3661 1381 3770 1442 bo-

2179 1479 2370 1520 norum
2399 1465 2712 1524 liberatione
2737 1474 3065 1537 torquentur.

2252 1556 2336 1612 76.
2378 1556 2453 1612 ita
2482 1555 2792 1612 ordinantur
2818 1572 3004 1615 omnes
3042 1557 3228 1616 ofﬁciis
3256 1566 3310 1616 et
3339 1559 3528 1618 ﬁnibus
3563 1561 3677 1618 suis
3706 1564 3768 1620 in

2179 1646 2625 1717 pulchritudinem
2673 1649 3056 1714 universitatis,
3102 1658 3159 1706 ut
3199 1651 3340 1722 quod
3385 1651 3664 1710 horremus
3707 1654 3767 1722 in

2180 1748 2344 1807 parte,
2372 1738 2420 1792 si
2456 1753 2576 1793 cum
2605 1747 2717 1796 toto
2751 1739 3172 1806 consideremus,
3204 1741 3484 1811 plurimum
3512 1744 3720 1814 placeat
3745 1764 3763 1800 :

2179 1833 2300 1901 quia
2325 1847 2424 1886 nec
2448 1832 2501 1890 in
2527 1831 2751 1886 tediﬁcio
2768 1831 3056 1901 judicando
3081 1848 3242 1888 unum
3276 1841 3476 1890 tantum
3505 1836 3766 1906 angulum

2179 1922 2518 1980 considerare
2561 1923 2836 1987 debemus,
2865 1939 2965 1980 nec
3002 1924 3055 1979 in
3096 1924 3310 1986 homine
3349 1927 3572 1996 pulchro
3613 1931 3766 1986 solos

2181 2014 2420 2082 capillos,
2451 2027 2550 2070 nec
2588 2014 2640 2067 in
2679 2014 2815 2068 bene
2855 2014 3228 2082 pronuntiante
3265 2015 3434 2076 solum
3473 2018 3764 2089 digitormn

2182 2115 2402 2170 motum,
2430 2120 2529 2161 nec
2554 2105 2605 2159 in
2633 2105 2771 2162 luna:
2793 2120 2951 2162 cuisu
2980 2107 3182 2176 aliquas
3205 2109 3360 2166 tridui
3389 2120 3593 2168 tantum
3621 2112 3763 2183 ligu-

2182 2213 2288 2252 ras.
2321 2197 2423 2252 Ista
2446 2199 2587 2254 enim
2607 2238 2622 2262 ,
2653 2214 2770 2268 qua:
2799 2209 3074 2268 propterea
3099 2210 3225 2256 sunt
3254 2200 3454 2271 intima,
3485 2204 3606 2275 quia
3634 2221 3764 2275 par-

2184 2289 2323 2344 tibus
2346 2287 2669 2360 imperfectis
2695 2298 2800 2345 tota
2829 2291 3057 2361 perlecta
3083 2300 3226 2358 sunt,
3249 2294 3361 2350 sive
3384 2293 3437 2349 in
3461 2303 3622 2364 statu,
3646 2298 3767 2354 sive

2183 2383 2235 2436 in
2263 2392 2406 2437 motu
2445 2382 2663 2453 pulchra
2700 2384 3023 2450 sentiantur,
3065 2393 3174 2441 tota
3199 2385 3582 2445 consideranda
3613 2400 3762 2458 sunt,

2183 2473 2227 2527 si
2257 2481 2401 2528 recte
2421 2474 2664 2529 volumus
2689 2475 2944 2544 judicare.
2969 2474 3164 2532 Verum
3190 2478 3332 2533 enim
3358 2489 3596 2538 nostrum
3619 2481 3770 2550 judi-

2185 2564 2322 2617 cium
2343 2605 2358 2630 ,
2385 2564 2496 2622 sive
2522 2564 2590 2620 de
2616 2574 2728 2620 toto
2749 2607 2765 2632 ,
2796 2567 2909 2632 sive
2936 2566 3007 2622 de
3036 2576 3183 2636 parte
3216 2568 3418 2638 judicet
3436 2611 3453 2637 ,
3481 2571 3766 2642 pulchrum

2185 2663 2301 2710 est:
2333 2656 2578 2711 universo
2605 2658 2798 2727 quippe
2841 2657 3040 2713 mundo
3077 2663 3439 2730 superlertur,
3467 2677 3566 2719 nec
3604 2664 3767 2720 alicui

2187 2735 2319 2817 parti
2347 2748 2482 2816 ejus,
2509 2748 2562 2803 in
2582 2759 2836 2818 quantum
2855 2765 3037 2805 verum
3063 2749 3381 2819 iudicamus,
3405 2752 3765 2814 adhteremus.

2189 2842 2349 2895 Error
2373 2851 2550 2895 autem
2578 2849 2761 2895 noster
2787 2842 2920 2910 parti
2955 2841 3234 2898 adhmrens
3261 2845 3394 2912 ejus,
3425 2846 3537 2914 ipse
3577 2861 3676 2917 per
3705 2864 3769 2905 se

2187 2931 2358 2987 fmdus
2395 2941 2498 2987 est.
2535 2929 2642 2986 Sed
2667 2931 2803 2988 sicut
2830 2931 2981 3002 niger
3002 2932 3152 2990 color
3181 2933 3230 2987 iu
3262 2933 3467 3004 pictura
3501 2949 3624 2998 cum
3655 2946 3768 2994 toto

2187 3023 2246 3078 ﬁt
2276 3023 2531 3092 pulcher;
2577 3022 2655 3078 sic
2691 3031 2859 3078 totum
2897 3023 3053 3077 istum
3100 3038 3320 3093 agonem
3365 3024 3619 3082 decenter
3655 3028 3769 3084 edit

2187 3113 2634 3170 incommutabilis
2660 3114 2836 3172 divina
2864 3114 3213 3185 providentia,
3246 3115 3389 3170 aliud
3419 3117 3594 3182 victis,
3623 3119 3767 3175 aliud

2186 3205 2547 3271 certantibus,
2598 3205 2742 3260 aliud
2783 3205 3112 3271 victoribus,
3161 3206 3304 3262 aliud
3350 3210 3763 3278 spectatoribus,

2187 3297 2327 3353 aliud
2373 3299 2566 3370 quietis
2607 3309 2660 3354 et
2704 3299 2876 3355 solum
2932 3300 3097 3355 Deum
3143 3301 3622 3373 contemplantibus
3666 3307 3768 3360 tri-

2187 3390 2357 3446 buens
2381 3407 2395 3444 :
2427 3405 2545 3445 cum
2576 3391 2630 3444 in
2659 3390 2742 3444 bis
2769 3390 3014 3448 omnibus
3039 3406 3145 3446 non
3184 3392 3254 3445 sit
3280 3393 3476 3448 malum
3517 3395 3616 3450 nisi
3644 3412 3769 3466 peo-

2188 3492 2386 3548 catum,
2413 3490 2467 3536 et
2495 3495 2647 3551 poena
2675 3482 2911 3551 peccati,
2940 3482 3040 3538 hoc
3063 3491 3146 3538 est
3174 3481 3413 3540 defectus
3437 3485 3765 3545 voluntarius

2188 3588 2219 3627 a
2243 3587 2448 3628 summa
2467 3574 2718 3636 essentia,
2744 3581 2798 3628 et
2822 3573 2971 3628 labor
2991 3573 3041 3628 in
3065 3573 3246 3628 ultima
3272 3591 3378 3630 non
3401 3575 3761 3644 voluntarius;

2189 3665 2329 3737 quod
2357 3666 2462 3719 alio
2491 3665 2650 3719 modo
2674 3665 2751 3720 sic
2775 3665 2876 3722 dici
2915 3675 3118 3736 potest,
3146 3667 3365 3724 libertas
3389 3683 3421 3724 a
3453 3667 3680 3738 justitia,
3708 3680 3768 3728 et

2189 3757 2418 3812 servitus
2444 3756 2544 3810 sub
2577 3765 2815 3825 peccato.

2189 3849 2414 3906 CAPUT
2433 3849 2569 3906 XLI.
2592 3879 2668 3890 —
2683 3847 2751 3904 In
2774 3850 3025 3919 peccantis
3047 3850 3232 3907 anima
3251 3869 3399 3924 pana
3419 3853 3764 3925 pulchritudo.

2260 3941 2348 3996 77.
2389 3940 2760 4010 Corrumpitur
2776 3948 2954 3996 autem
2976 3941 3136 3997 homo
3161 3944 3393 3999 exterior
3415 3953 3506 3999 aut
3528 3945 3768 4016 profectu

2193 4031 2484 4098 interioris,
2515 4039 2606 4085 aut
2633 4030 2843 4087 delectu
2868 4045 2985 4086 suo.
3011 4031 3117 4090 Sed
3141 4032 3376 4103 profectu
3402 4034 3668 4091 interioris
3695 4037 3767 4091 ita

2188 4122 2575 4194 corrumpitur,
2610 4129 2668 4176 ut
2692 4129 2834 4177 totus
2861 4121 2916 4177 in
2941 4124 3131 4178 melius
3159 4123 3494 4193 relormetur,
3529 4135 3584 4182 et
3612 4128 3769 4183 resti-

2191 4222 2370 4268 tuatur
2408 4214 2460 4268 in
2505 4214 2771 4284 integrum
2810 4213 2862 4268 in
2902 4214 3188 4269 novissima
3227 4217 3371 4281 tuba,
3411 4226 3471 4271 ut
3505 4218 3613 4286 jam
3660 4236 3766 4275 non

2189 4317 2561 4377 corrumpatur
2585 4323 2757 4377 neque
2792 4316 3115 4378 corrumpat.
3148 4307 3363 4364 Deiecto
3386 4320 3560 4365 autem
3591 4326 3689 4368 suo
3713 4313 3768 4368 in

2191 4403 2610 4474 pulchritudines
2647 4404 3103 4473 corruptibiliores
3126 4445 3140 4470 ,
3171 4403 3224 4458 id
3249 4414 3332 4460 est
3369 4419 3643 4475 pinnarum
3673 4423 3765 4460 or-

2189 4496 2366 4551 dinem
2409 4494 2783 4566 praecipitatur.
2824 4494 2933 4550 Nec
2961 4497 3215 4551 miremur
3253 4496 3394 4567 quod
3439 4496 3610 4553 adhuc
3652 4497 3769 4565 pul-

2189 4589 2519 4644 chritudines
2558 4588 2775 4643 nomino
2799 4605 2812 4642 :
2841 4588 2970 4643 nihil
2995 4589 3137 4644 enim
3165 4599 3246 4644 est
3272 4588 3591 4653 ordinatum,
3622 4591 3766 4659 quod

2191 4699 2296 4739 non
2325 4685 2400 4738 sit-
2426 4682 2702 4754 pulchrum
2727 4697 2742 4748 ;
2773 4691 2848 4748 et,
2877 4682 3013 4736 sicut
3041 4682 3114 4738 ait
3148 4682 3435 4752 Apostolus
3465 4683 3573 4756 (ὁ),
3603 4685 3768 4740 omnis

2191 4774 2314 4828 ordo
2355 4775 2388 4827 ὰ
2434 4773 2542 4826 Deo
2587 4783 2660 4826 est
2695 4771 2886 4844 (Rom.
2930 4787 3044 4838 xm,
3073 4771 3166 4845 1).
3202 4771 3430 4830 Necesse
3464 4781 3549 4829 est
3587 4783 3764 4830 autem

2191 4865 2449 4920 fateamur
2471 4863 2748 4918 meliorem
2779 4878 2898 4918 esse
2925 4862 3195 4919 hominem
3232 4863 3527 4934 plorantem
3546 4906 3562 4932 ,
3603 4882 3768 4936 quam

2192 4959 2458 5012 laetantem
2501 4953 2849 5010 vermiculum
2889 4963 2986 5009 :et
3025 4964 3200 5010 tamen
3239 4955 3511 5011 vermiculi
3553 4955 3765 5014 laudem

2190 5050 2307 5105 sine
2333 5048 2442 5102 ullo
2481 5045 2757 5101 mendacio
2781 5046 2996 5115 copiose
3033 5061 3249 5117 possum
3276 5048 3456 5105 dicere
3473 5091 3489 5115 ,
3517 5051 3766 5108 conside-

2190 5154 2314 5194 rans
2333 5139 2558 5194 nitorem
2580 5137 2795 5205 coloris,
2819 5137 3039 5209 ﬁguram
3062 5148 3280 5195 teretem
3302 5141 3561 5210 corporis,
3589 5144 3767 5212 priora

2189 5247 2310 5288 cum
2337 5230 2546 5295 mediis,
2572 5228 2748 5285 media
2775 5245 2894 5285 cum
2924 5231 3302 5300 posterioribus
3326 5235 3690 5303 congruentia,
3714 5247 3767 5291 et

2193 5325 2409 5381 unitatis
2432 5324 2788 5394 appetentiam
2815 5339 2914 5394 pro
2949 5340 3060 5380 suae
3087 5333 3290 5380 natura:
3329 5326 3624 5383 humilitate
3650 5343 3765 5386 ser-

2187 5493 2301 5555 ιιιρι
2320 5478 2665 5555 appellasse,
3045 5490 3064 5529 ε
3096 5485 3261 5555 09m
3292 5491 3414 5555 ξαρ
3443 5479 3565 5554 imi
3592 5481 3768 5555 μεριξ

2191 5538 2410 5600 inferius,
2433 5553 2539 5604 cap.
2561 5538 3081 5612 ὕῦίεποειιεηιὶεςδὶιηᾳ,
3106 5538 3343 5612 et

2253 5600 2590 5747 EailOonl'ess.
2614 5600 2948 5687 cap.3,vu.
2979 5603 2982 5606 i
3043 5600 3074 5616 Τ
3115 5605 3118 5608 ’
3174 5600 3330 5624 NW."
3365 5600 3452 5632 1M
3489 5600 3500 5620 ἴ
3558 5603 3564 5616 ’
3603 5600 3668 5634 ’ἡ

2278 5686 2305 5734 b
2347 5692 2584 5738 tltetract.
2613 5699 2719 5747 cap.
2745 5688 2819 5746 15,
2842 5699 2894 5736 n.
2914 5685 2963 5736 7.

2278 5685 2326 5747 ὸ)
2347 5692 2584 5738 tltetract.
2613 5685 2719 5749 cap.
2745 5688 2819 5746 15,
2842 5699 2894 5736 n.
2914 5685 2963 5736 7.
