3874 6358
153 295 236 361 157
1570 291 1739 361 UBE]

1848 292 2011 354 INUS.

152 407 351 483 mitia;
384 404 529 481 nihil
566 422 637 481 ex
666 419 770 461 una
810 413 960 480 parte
998 402 1324 473 formatum,
1351 402 1494 475 quod
1537 418 1641 458 non
1679 418 1746 460 ex

151 486 305 557 altera
354 500 515 573 parili
560 500 900 556 dimensione
954 498 1296 570 respondeat.
1346 496 1482 567 Quid
1524 496 1635 567 jam
1678 496 1748 553 de

150 596 320 653 anima
360 594 478 667 ipsa
523 593 703 661 dicam
746 600 1021 667 vegetante
1058 591 1330 649 modulum
1360 589 1602 661 corporis
1639 590 1743 659 sui,

149 687 417 760 quomodo
456 701 585 749 eum
632 701 916 746 numerose
955 695 1186 754 moveat,
1226 684 1493 759 quomodo
1533 689 1748 754 appetat

149 778 546 844 convenientia,
574 776 844 849 quomodo
873 776 1051 839 vincat
1087 785 1182 837 aut
1221 784 1407 833 caveat
1434 773 1745 831 obsistentia

148 885 409 945 quantum
455 881 655 944 potest,
689 880 743 935 et
788 869 855 939 ad
899 886 1064 929 unum
1111 883 1329 926 sensum
1369 866 1746 947 incolumitatis

148 965 390 1027 referens
434 962 648 1029 omnia,
679 962 939 1029 unitatem
980 961 1125 1021 illam
1154 960 1500 1017 conditricem
1531 968 1747 1013 natura-

148 1072 266 1113 rum
288 1058 558 1124 omnium,
578 1054 747 1115 multo
762 1054 1058 1120 evidentius
1081 1068 1240 1123 quam
1262 1067 1454 1121 corpus
1475 1049 1744 1109 insinuet?

149 1148 343 1220 loquor
377 1146 450 1207 de
487 1145 775 1209 vermiculo
813 1144 1082 1205 animante
1116 1142 1509 1214 qualicumque.
1536 1138 1744 1196 Cineris

146 1250 203 1295 et
220 1238 482 1299 stercoris
503 1238 708 1297 Iaudem
736 1236 1011 1295 verissime
1034 1243 1195 1305 atque
1216 1233 1482 1289 uberrime
1508 1233 1745 1303 plerique

147 1332 409 1387 dixerunt
448 1328 614 1404 (Cato
653 1329 792 1399 apud
828 1326 1139 1394 Ciceronem,
1179 1327 1232 1381 in
1277 1325 1466 1382 Catone
1502 1322 1739 1397 majore).

146 1420 287 1490 Quid
318 1434 451 1488 ergo
479 1418 670 1477 mirum
700 1427 810 1487 est,
841 1416 889 1479 si
916 1417 1148 1473 hominis
1174 1416 1405 1477 animam
1426 1457 1441 1483 ,
1476 1431 1595 1486 qua:
1624 1413 1743 1469 ubi-

148 1529 388 1583 cumque
412 1513 482 1577 sit
506 1522 561 1579 et
581 1511 978 1583 qualiscumque
996 1509 1085 1575 sit,
1103 1508 1247 1563 omni
1271 1522 1498 1579 corpore
1522 1514 1606 1562 est
1626 1519 1742 1560 me-

146 1605 291 1671 lior,
332 1603 504 1661 dicam
546 1600 766 1672 pulchre
804 1600 1069 1667 ordinari,
1097 1598 1244 1659 etde
1272 1598 1442 1668 pretiis
1470 1596 1585 1667 ejus
1612 1596 1743 1653 alias

146 1697 580 1771 pulchritudines
610 1694 745 1767 Iieri,
778 1709 898 1751 cum
935 1694 1006 1749 ibi
1043 1708 1151 1751 non
1193 1694 1264 1749 sit
1294 1692 1507 1763 quando
1547 1693 1742 1747 misera

146 1802 256 1856 est,
280 1790 372 1848 ubi
401 1790 586 1849 beatos
605 1802 726 1847 esse
749 1786 925 1854 decet,
946 1785 1043 1849 sed
1066 1785 1137 1842 ibi
1163 1786 1237 1841 sit
1261 1784 1349 1840 ubi
1368 1799 1487 1842 esse
1516 1784 1743 1840 miseros

145 1883 350 1941 decet?

223 1975 316 2035 78.
345 1975 568 2033 Prorsus
600 1988 761 2031 nemo
786 1986 885 2029 nos
911 1970 1079 2028 fallat.
1111 1970 1377 2041 Quidquid
1415 1978 1560 2026 recte
1596 1970 1742 2025 vitu-

145 2076 404 2137 peratur,
458 2065 515 2131 in
565 2062 803 2121 melioris
861 2062 1260 2133 comparatione
1316 2061 1583 2130 respuitur
1639 2059 1739 2134 (α).

144 2158 343 2217 Omnis
368 2166 543 2217 autem
573 2164 762 2213 natura
803 2156 1044 2227 quamvis
1086 2164 1323 2211 extrema
1342 2195 1358 2217 ,
1390 2154 1631 2223 quamvis
1660 2154 1741 2210 in-

145 2253 315 2319 ﬁma,
342 2251 394 2305 in
433 2248 830 2320 comparatione
858 2246 1009 2303 nihili
1034 2248 1154 2316 jure
1196 2245 1459 2301 laudatur.
1506 2245 1574 2301 Et
1617 2253 1740 2299 tunc

143 2346 348 2415 cuique
373 2358 477 2397 non
504 2351 586 2397 est
612 2342 778 2404 bene,
808 2340 855 2401 si
884 2339 1074 2401 melius
1111 2354 1229 2394 esse
1260 2344 1450 2408 potest.
1496 2336 1672 2403 Quare
1693 2337 1740 2391 si

145 2437 314 2493 nobis
342 2442 510 2506 potest
535 2434 673 2489 bene
700 2446 820 2486 esse
840 2446 961 2487 cum
988 2432 1101 2500 ipsa
1122 2430 1369 2495 veritate,
1395 2432 1530 2484 male
1556 2444 1740 2484 sumus

143 2545 276 2586 cum
305 2527 538 2598 quolibet
565 2524 788 2597 vestigio
827 2523 1105 2581 veritatis:
1140 2522 1309 2579 multo
1339 2536 1468 2592 ergo
1505 2520 1741 2583 deterius

142 2636 275 2676 cum
315 2616 657 2677 extremitate
681 2614 909 2685 vestigii,
937 2612 1151 2684 quando
1177 2612 1356 2669 carnis
1385 2611 1739 2682 voluptatibus

144 2711 511 2769 adita-remus.
531 2706 821 2777 Vincamus
836 2719 964 2775 ergo
983 2704 1139 2775 huius
1158 2704 1460 2773 cupiditatis
1479 2703 1563 2759 vel
1588 2703 1741 2758 blan-

140 2803 314 2860 ditias
359 2801 443 2856 vel
486 2798 791 2867 molestias;
833 2798 1177 2868 subjngemus
1216 2796 1370 2853 nobis
1413 2796 1553 2852 hanc
1588 2796 1740 2851 femi-

142 2909 297 2958 nam,
330 2892 375 2951 si
402 2890 497 2951 viri
523 2904 724 2946 sumus.
747 2888 911 2951 Nobis
933 2888 1157 2943 ducibus
1182 2894 1238 2945 et
1259 2888 1369 2957 ipsa
1404 2888 1507 2943 erit
1525 2888 1735 2955 melior,

140 3000 251 3043 nec
267 2985 377 3054 jam
404 2982 685 3052 cupiditas,
708 2979 801 3047 sed
822 2978 1171 3049 temperantia
1198 2979 1573 3037 nominabitur.
1604 2978 1737 3034 Nam

143 3090 278 3132 cum
308 3074 418 3145 ipsa
446 3072 614 3141 ducit,
638 3084 736 3125 nos
760 3078 938 3124 autem
960 3068 1252 3138 sequimur,
1280 3069 1541 3140 cupiditas
1565 3070 1655 3125 illa
1685 3079 1739 3126 et

142 3167 339 3230 libido.
382 3179 481 3221 nos
526 3178 650 3219 vero
692 3164 967 3223 temeritas
992 3170 1046 3225 et
1083 3161 1304 3219 stultitia
1348 3178 1735 3232 nuneupantur.

143 3260 447 3332 Sequuntur
471 3260 738 3315 Christum
764 3268 923 3329 caput
951 3267 1193 3317 nostrum
1211 3300 1226 3325 ,
1254 3269 1312 3317 ut
1337 3268 1390 3317 et
1416 3274 1511 3315 nos
1541 3275 1737 3329 sequa-

145 3363 237 3410 tur
273 3354 359 3410 cui
396 3362 553 3424 caput
577 3368 780 3412 sumus.
812 3352 925 3414 Hoc
951 3360 1007 3407 et
1041 3350 1252 3407 feminis
1290 3352 1503 3420 praecipi
1534 3360 1735 3420 potest,

144 3461 260 3503 non
292 3446 537 3511 maritali,
571 3444 665 3502 sed
701 3444 938 3501 fraterno
962 3443 1116 3513 jure;
1147 3458 1254 3513 quo
1285 3441 1406 3521 jure
1440 3442 1491 3496 in
1526 3440 1738 3497 Christo

147 3554 251 3597 nec
280 3537 541 3593 masculus
571 3552 670 3591 nec
695 3535 890 3591 femina
916 3549 1119 3589 sumus.
1150 3534 1355 3589 llabcnt
1382 3533 1523 3587 enim
1557 3542 1609 3587 et
1635 3533 1737 3587 illa:

147 3632 305 3689 virile
332 3630 581 3700 quiddam
623 3628 760 3684 unde
786 3627 1048 3683 femineas
1076 3628 1362 3697 subjugent
1398 3626 1698 3694 voluptates
1718 3668 1733 3694 ,

149 3724 294 3780 unde
335 3724 547 3778 Christo
573 3722 840 3785 serviant,
881 3732 936 3777 et
974 3722 1237 3790 imperent
1261 3719 1554 3790 cupiditati.
1584 3720 1736 3787 Quod

148 3816 205 3873 in
229 3815 411 3871 multis
438 3813 610 3871 viduis
630 3822 682 3868 et
705 3812 997 3883 virginibus
1021 3812 1136 3876 Dei,
1161 3812 1213 3866 in
1241 3810 1419 3866 multis
1444 3812 1602 3866 etiam
1626 3827 1737 3865 ma-

146 3906 325 3963 ritatis
343 3948 357 3967 .
388 3906 481 3960 sed
508 3905 615 3974 jam
644 3905 878 3959 fraterne
906 3903 1199 3973 coniugalia
1220 3903 1337 3972 jura
1366 3902 1699 3958 servantibus
1717 3944 1734 3971 ,

147 3997 426 4055 christiani
454 3997 632 4066 populi
661 3995 1062 4065 dispensatione
1094 3994 1429 4049 manifestum
1456 4004 1555 4050 est.
1584 3994 1737 4061 Quod

148 4093 193 4148 si
221 4092 290 4146 ab
320 4108 380 4145 ea
405 4098 555 4162 parte
586 4090 670 4143 cui
696 4088 958 4144 dominari
997 4088 1135 4143 Deus
1161 4103 1260 4142 nos
1281 4088 1465 4158 jubet,
1494 4097 1651 4158 atque
1681 4097 1738 4142 ut

149 4188 201 4242 in
233 4195 472 4241 nostram
514 4182 905 4253 possessionem
937 4182 1296 4245 restituamur,
1325 4190 1378 4235 et
1416 4181 1657 4237 hortatur
1685 4192 1738 4237 ct

150 4279 479 4349 opitulatur:
507 4278 552 4333 si
591 4292 718 4347 ergo
755 4275 823 4330 ab
850 4275 950 4329 hac
989 4284 1136 4344 parte
1166 4291 1261 4345 per
1283 4276 1655 4346 negligentiam
1684 4287 1738 4331 et

149 4371 477 4441 impietatem
506 4370 587 4423 vir
617 4368 858 4423 subditus
883 4366 1076 4435 fuerit,
1114 4367 1164 4421 id
1190 4376 1271 4423 est
1295 4384 1444 4423 mens
1484 4379 1537 4424 ct
1564 4370 1700 4425 ratio
1719 4412 1733 4436 ,

147 4466 251 4519 erit
275 4463 491 4531 quidem
533 4460 694 4516 homo
728 4462 896 4529 turpis
925 4469 977 4513 et
1018 4460 1207 4523 miser;
1240 4460 1332 4515 sed
1362 4461 1659 4516 destinatur
1683 4463 1735 4516 in

148 4557 251 4609 hac
280 4556 407 4618 vita,
433 4560 489 4609 et
525 4562 644 4623 post
678 4552 813 4606 hanc
837 4551 1001 4605 vitam
1031 4549 1323 4616 ordinatur,
1357 4568 1463 4622 quo
1499 4569 1617 4608 eum
1645 4554 1737 4608 de-

147 4647 337 4704 stinari
361 4656 417 4700 et
442 4646 531 4699 ubi
558 4645 792 4700 ordinari
818 4659 1058 4698 summus
1080 4644 1168 4698 ille
1194 4654 1371 4699 rector
1397 4656 1450 4699 et
1485 4647 1738 4703 Dominus

148 4740 371 4801 iudicat.
398 4738 553 4793 Nulla
582 4738 755 4807 itaque
794 4736 1031 4792 fmditate
1062 4736 1307 4790 universa
1344 4746 1584 4792 creatura
1626 4754 1738 4793 ma-

149 4831 321 4887 culari
354 4829 692 4899 permittitur.

150 4921 381 4987 CAPUT
420 4918 576 4981 XLll.
608 4948 681 4962 -—
718 4917 962 4990 Voluptas
999 4921 1165 4977 carnis
1199 4919 1434 4981 admonet
1471 4930 1528 4976 ut
1566 4938 1741 4979 nume-

222 5030 309 5071 ros
338 5010 661 5069 individui!“
694 5027 998 5079 tremamus.
1029 5011 1106 5065 An
1133 5010 1256 5067 tales
1282 5012 1333 5066 in
1371 5014 1469 5066 sint
1494 5013 1547 5067 in
1570 5012 1739 5083 aliqua

221 5103 364 5157 vitali
386 5112 543 5157 motu.

228 5196 315 5252 79.
360 5195 706 5251 Ambulemus
735 5207 863 5264 ergo
891 5192 1017 5249 dum
1048 5192 1185 5248 diem
1219 5193 1508 5259 habemus,
1543 5195 1594 5251 id
1622 5206 1702 5251 est
1722 5237 1737 5261 ,

152 5288 280 5343 dum
323 5287 533 5349 ratione
569 5286 644 5347 nti
688 5300 1001 5355 possumus,
1034 5294 1091 5339 ut
1131 5285 1195 5339 ad
1244 5285 1409 5342 Deum
1456 5288 1736 5353 conversi,

158 5379 334 5437 Verbo
362 5379 479 5449 ejus
497 5419 514 5445 ,
538 5378 680 5449 quod
706 5394 886 5439 verum
917 5378 1096 5435 lumen
1126 5386 1209 5441 est
1244 5378 1513 5447 illustrari,
1536 5395 1743 5436 merea-

156 5486 298 5535 mur,
327 5485 395 5526 ne
420 5484 519 5527 nos
542 5468 777 5531 tcuebrat
803 5469 1258 5539 comprehendant
1302 5470 1478 5543 (Joan.
1504 5488 1596 5537 xu,
1626 5472 1739 5544 35).

153 5564 282 5622 Dies
320 5574 404 5621 est
427 5565 571 5619 enim
600 5564 880 5634 prmsentia
920 5562 1062 5617 illius
1085 5561 1301 5617 luminis
1328 5562 1467 5633 quod
1493 5563 1744 5618 illuminat

152 5676 359 5713 omnem
384 5658 637 5711 hominem
657 5656 927 5710 venientem
951 5655 1005 5709 in
1028 5653 1164 5709 hunc
1187 5654 1432 5712 mundum
1461 5654 1569 5729 (Id.
1590 5672 1629 5724 ι,
1660 5657 1739 5731 9).

218 5773 697 5834 (quaenam.
724 5768 950 5833 ιδ,ψᾷ

3327 312 3432 372 158

1855 405 2126 467 Hominem
2146 409 2300 483 dixit,
2320 415 2447 486 quia
2469 415 2677 474 ratione
2696 416 2774 474 uti
2787 426 2963 489 potest
2977 419 3019 484 ί,
3033 427 3089 476 et
3102 420 3190 476 ubi
3211 423 3422 494 cecidit,

1850 500 1923 557 ibi
1954 500 2262 563 incumbere
2287 514 2340 560 ut
2364 516 2567 579 surgat.
2598 508 2657 567 Si
2674 524 2802 581 ergo
2829 511 3072 582 voluptas
3100 514 3277 568 carnis
3310 514 3432 571 dili-
3468 533 3479 547 ί

1848 592 2011 663 gitur.
2040 610 2101 651 ea
2129 596 2243 666 ipsa
2267 597 2569 669 diligentius
2595 600 2999 670 consideretur;
3028 612 3082 659 et
3109 618 3230 660 cum
3255 605 3326 659 ibi
3346 621 3436 663 re-

1848 686 2056 757 cognita
2122 688 2318 745 fuerint
2365 692 2720 762 quorumdam
2772 695 2992 766 vestigia
3044 711 3430 767 numerorum,

1848 778 2194 848 quaerendum
2219 789 2303 839 est
2325 782 2416 839 ubi
2446 783 2562 839 sine
2589 793 2800 845 tumore
2821 786 2947 843 sint.
2988 787 3066 845 lbi
3094 790 3233 845 enim
3266 792 3433 863 magis

1850 884 2013 927 unum
2052 880 2137 931 est
2166 872 2310 942 quod
2346 884 2450 933 est.
2477 875 2544 931 Et
2569 876 2616 932 si
2657 877 2789 934 tales
2814 887 2941 935 sunt
2968 880 3022 935 in
3057 879 3170 950 ipsa
3199 884 3433 941 metione

1847 962 2014 1025 vitali,
2042 980 2163 1035 quae
2201 964 2255 1021 in
2283 967 2576 1025 seminibus
2599 980 2870 1040 cperatur,
2899 972 3070 1042 magis
3093 974 3163 1029 ibi
3203 976 3431 1035 mirandi

1848 1062 2150 1126 suntquam
2180 1057 2234 1112 in
2260 1073 2501 1129 corpore.
2529 1060 2583 1117 Si
2603 1063 2747 1119 enim
2770 1065 2978 1121 numeri
3006 1065 3268 1121 seminum
3295 1067 3435 1123 sicut

1847 1146 1960 1215 ipsa
1988 1148 2192 1204 semina
2221 1158 2520 1221 tumercnt,
2564 1152 2631 1209 de
2672 1153 2893 1211 dimidio
2917 1172 3081 1226 grano
3119 1156 3241 1224 ﬁci,
3269 1159 3432 1215 arbor

1847 1235 2064 1291 dimidia
2102 1250 2427 1306 nasceretur,
2467 1257 2640 1314 neque
2680 1243 2751 1301 de
2785 1246 3093 1303 animalium
3136 1249 3431 1306 seminibus

1848 1328 2006 1385 etiam
2029 1345 2136 1384 non
2167 1331 2321 1400 totis,
2351 1334 2599 1389 animalia
2631 1344 2738 1391 tota
2759 1345 2815 1393 et
2837 1337 3038 1405 integra
3065 1338 3426 1409 gignerentur,

1848 1433 2020 1487 neque
2050 1420 2308 1476 tantillum
2336 1431 2391 1479 et
2415 1439 2577 1481 unum
2602 1441 2788 1481 semen
2813 1427 2920 1485 vim
2965 1427 3185 1486 haberet
3225 1431 3305 1486 sui
3334 1446 3427 1486 cu-

1842 1508 2036 1581 jusque
2057 1513 2269 1581 generis
2297 1514 2755 1574 innumerabilem.
2791 1518 2867 1579 De
2892 1534 2999 1575 uno
3025 1521 3220 1590 quippe
3246 1538 3428 1580 secun-

1848 1602 1973 1657 dum
1996 1619 2149 1659 suam
2183 1615 2422 1662 naturam
2448 1618 2690 1678 possunt,
2718 1609 2803 1664 vel
2827 1619 3037 1682 segetes
3055 1624 3315 1680 segetum,
3342 1615 3427 1671 vel

1846 1693 1993 1749 silva:
2020 1696 2272 1751 silvarum
2290 1738 2303 1762 ,
2334 1698 2417 1753 vel
2446 1713 2635 1769 greges
2657 1715 2876 1770 gregum
2897 1741 2912 1765 ,
2942 1702 3025 1756 vel
3052 1703 3232 1772 populi
3260 1720 3428 1774 popu-

1845 1786 2016 1841 lorum
2048 1803 2141 1856 per
2163 1789 2356 1844 szceula
2385 1790 2687 1860 propagari,
2714 1800 2772 1847 ut
2797 1791 2999 1848 nullum
3021 1792 3201 1848 folium
3226 1794 3317 1859 sit,
3343 1796 3427 1851 vel

1846 1878 2024 1933 nullus
2051 1880 2190 1948 pilus
2219 1894 2314 1949 per
2338 1887 2445 1935 tam
2476 1896 2810 1939 numerosam
2835 1883 3249 1951 successionem,
3275 1885 3427 1955 cujus

1844 1986 1951 2026 non
1979 1970 2115 2027 ratio
2140 1972 2194 2026 in
2220 1972 2311 2025 illo
2340 1972 2514 2041 primo
2552 1983 2606 2028 et
2643 1989 2749 2029 uno
2775 1974 2979 2030 semine
3007 1974 3180 2031 fuerit.
3226 1976 3427 2031 Deinde

1844 2061 1972 2117 illud
2000 2063 2336 2133 cogitandum
2365 2074 2467 2127 est,
2491 2079 2651 2134 quam
2682 2080 3021 2131 numerosas,
3047 2082 3205 2135 quam
3229 2080 3420 2123 suaves

1844 2170 2098 2210 sonorum
2139 2156 2558 2225 pulchritudines
2585 2158 2894 2213 verberatus
2930 2173 3025 2213 aer
3048 2158 3273 2227 trajiciat
3301 2173 3426 2214 can-

1847 2256 1991 2303 tante
2017 2247 2243 2303 luscinia
2264 2287 2280 2313 ,
2310 2262 2442 2317 quas
2467 2247 2608 2311 illius
2636 2249 2856 2305 aviculae
2878 2248 3053 2304 anima
3076 2263 3184 2305 non
3222 2258 3328 2305 tam
3357 2249 3425 2305 li-

1844 2337 1972 2394 bere
1993 2339 2036 2403 ³,
2064 2352 2186 2393 cum
2216 2338 2433 2405 liberet,
2466 2338 2832 2405 Iabricaretur,
2862 2340 2961 2395 nisi
2990 2338 3131 2395 vitali
3167 2348 3313 2395 motu
3344 2340 3425 2395 in-

1843 2428 2195 2498 corporaliter
2221 2428 2443 2486 haberet
2468 2429 2773 2499 impressas.
2798 2430 2911 2485 Hoc
2928 2438 2981 2484 et
3004 2429 3060 2485 in
3084 2430 3294 2487 caeteris
3310 2429 3427 2485 ani-

1844 2517 2154 2585 mantibus,
2204 2534 2323 2587 quae
2351 2520 2559 2576 ratione
2596 2520 2865 2587 carentia,
2912 2534 3073 2579 sensu
3104 2529 3281 2576 tamen
3318 2535 3425 2579 non

1842 2619 2048 2675 carent,
2086 2610 2434 2667 animadverti
2462 2620 2657 2682 potest.
2683 2611 2894 2667 Nullum
2918 2612 3060 2667 enim
3088 2612 3278 2668 horum
3306 2621 3387 2671 est
3407 2655 3422 2679 ,

1843 2699 1985 2770 quod
2008 2715 2116 2756 non
2142 2701 2225 2755 vel
2248 2701 2299 2755 in
2322 2715 2457 2756 sono
2480 2702 2646 2768 vocis,
2670 2701 2757 2756 vel
2786 2702 2838 2757 in
2869 2711 3065 2757 caetero
3092 2712 3237 2758 motu
3264 2712 3424 2772 atque

1840 2793 2152 2863 Operatioue
2176 2792 2558 2858 membrorum,
2588 2807 2930 2849 numerosum
2952 2792 3149 2862 aliquid
3174 2793 3299 2850 etin
3326 2807 3424 2851 suo

1842 2900 2039 2956 genere
2063 2884 2394 2941 moderatum
2416 2895 2585 2955 gerat,
2616 2900 2722 2939 non
2749 2884 2923 2956 aliqua
2952 2884 3196 2950 scientia,
3226 2883 3318 2938 sed
3348 2894 3427 2941 ta-

1843 2990 1968 3032 men
1996 2974 2198 3031 intlmis
2233 2985 2436 3031 natura:
2460 2974 2733 3042 terminis,
2768 2974 2839 3033 ab
2873 2975 2966 3033 illa
3004 2974 3423 3031 incomntutabili

1842 3082 2186 3121 numerorum
2213 3066 2329 3137 lege
2358 3067 2662 3123 modulatis.

1840 3155 2065 3214 CAPUT
2103 3156 2286 3212 XLIII.
2311 3186 2385 3198 —
2411 3156 2477 3211 In
2506 3156 2706 3214 [tantine
2743 3158 2817 3215 vis
2844 3158 3115 3231 judicondi
3155 3157 3219 3214 de
3243 3174 3425 3228 corpo-

1911 3265 2025 3302 rum
2053 3257 2102 3303 et
2129 3258 2412 3319 temporum
2444 3249 2787 3321 proportione.
2817 3248 2917 3315 Qui
2943 3250 2998 3305 in
3022 3259 3266 3322 perpetua
3287 3251 3420 3306 veri-

1910 3348 2014 3395 tate
2036 3340 2216 3394 modus
2238 3340 2450 3397 ordinis.

1915 3433 2005 3489 80.
2040 3432 2340 3490 Redeamus
2366 3433 2433 3488 ad
2478 3450 2574 3489 nos
2594 3475 2610 3501 ,
2637 3442 2691 3491 et
2715 3435 3023 3491 omittamus
3062 3451 3126 3491 ea
3155 3452 3273 3506 qua:
3301 3452 3423 3493 cum

1840 3523 2072 3578 arbustis
2097 3532 2150 3579 et
2178 3524 2359 3580 bestiis
2403 3524 2662 3581 habemus
2688 3527 3008 3581 communia.
3047 3527 3166 3581 Uno
3195 3544 3425 3598 namque

1841 3615 2002 3672 modo
2027 3614 2254 3670 hirundo
2278 3616 2531 3681 nidiﬁcat,
2554 3625 2611 3672 et
2632 3617 3042 3688 unumquodque
3060 3618 3234 3672 avium
3258 3635 3426 3689 genus

1843 3720 1952 3762 uno
1975 3706 2155 3777 aliquo
2182 3721 2282 3762 suo
2309 3706 2488 3763 modo.
2516 3706 2652 3775 Quid
2679 3716 2763 3764 est
2790 3723 2917 3777 ergo
2942 3709 2994 3762 in
3027 3708 3208 3773 nobis,
3240 3726 3345 3780 quo
3370 3720 3426 3767 et

1841 3799 1910 3856 de
1937 3800 2044 3856 illis
2070 3800 2317 3855 omnibus
2335 3799 2659 3871 iudicamus,
2686 3816 2818 3870 quas
2846 3802 3039 3871 liguras
3066 3811 3337 3872 appetant,
3369 3814 3424 3859 et
3458 3810 3467 3817 '

1841 3904 2102 3964 quatenus
2137 3892 2407 3963 impleant,
2433 3900 2489 3948 et
2510 3906 2609 3947 nos
2634 3890 2689 3947 in
2718 3892 2957 3949 aediliciis
2980 3894 3202 3964 aliisque
3230 3909 3424 3964 corpo-

1843 3986 1951 4041 reis
1977 3985 2258 4055 0peribus,
2292 3995 2541 4055 tanquam
2569 3983 2772 4039 domini
2812 3984 3048 4039 omnium
3079 3984 3262 4039 talium
3293 3984 3426 4055 figu-

1844 4094 2047 4145 rarum,
2074 4078 2479 4133 innumerabilia
2499 4076 2900 4133 machinamur?
2920 4078 3057 4146 Quid
3077 4088 3160 4135 est
3178 4079 3230 4135 in
3249 4079 3422 4147 nobis,

1846 4172 1989 4241 quod
2022 4170 2181 4225 intus
2227 4169 2474 4240 intelligit
2524 4171 2621 4224 has
2669 4169 2811 4240 ipsas
2860 4171 3099 4227 visibiles
3138 4187 3423 4242 corporum

1843 4263 2014 4326 moles
2038 4261 2380 4333 proportione
2407 4275 2627 4330 magnas
2654 4276 2793 4325 esse,
2816 4261 2897 4315 vel
2928 4276 3153 4332 parvas;
3184 4271 3240 4317 et
3266 4278 3425 4319 omne

1842 4370 2036 4425 corpus
2077 4354 2277 4410 habere
2316 4352 2591 4411 dimidium
2613 4393 2628 4416 ,
2669 4353 3212 4422 quantulumcumque
3238 4355 3341 4420 sit;
3372 4368 3427 4409 ct

1844 4446 1887 4499 si
1917 4444 2219 4510 dimidium,
2248 4443 2663 4497 innumerabiles
2692 4452 2903 4513 partes:
2932 4443 3108 4513 itaque
3131 4458 3291 4500 omne
3315 4461 3425 4515 gra-

1845 4552 1972 4591 num
2003 4534 2138 4589 milii
2166 4550 2278 4588 sum
2323 4533 2459 4604 parti
2501 4540 2696 4599 tantm,
2740 4545 2990 4603 quantam
3022 4537 3074 4589 in
3102 4536 3204 4591 hoc
3228 4537 3427 4595 mundo

1844 4638 2083 4683 nostrum
2113 4642 2309 4697 corpus
2334 4635 2499 4691 tenet,
2533 4636 2638 4680 tam
2666 4641 2913 4697 magnum
2940 4643 3058 4682 esse
3082 4645 3239 4700 quam
3267 4646 3424 4684 mun~

1844 4720 1942 4774 dus
1970 4727 2053 4775 est
2075 4718 2248 4783 nobis,
2275 4726 2549 4789 totumque
2574 4719 2731 4773 istum
2753 4720 3009 4776 mundum
3035 4723 3321 4793 ﬁgurarum
3350 4740 3429 4779 ra-

1847 4814 1990 4867 tione
2018 4812 2296 4882 pulcltrum
2334 4824 2485 4875 esse,
2514 4826 2619 4865 non
2647 4811 2820 4877 mole;
2865 4828 3113 4882 magnum
3138 4824 3315 4871 autem
3346 4816 3427 4877 vi-

1844 4903 1979 4970 deri,
2003 4918 2108 4956 non
2137 4917 2232 4972 pro
2250 4915 2345 4955 sua
2366 4901 2680 4970 quantitate,
2713 4902 2808 4957 sed
2831 4918 2924 4972 pro
2946 4904 3204 4961 brevitate
3223 4917 3424 4972 nostra,

1845 4994 1898 5049 id
1924 5002 2009 5049 cst
2035 4992 2341 5047 animalium
2370 4991 2562 5061 quibus
2583 5001 2667 5048 est
2700 4993 2917 5062 plenus;
2948 5010 3068 5065 quae
3093 5010 3279 5050 rursus
3302 5010 3421 5049 cum

1845 5085 2077 5139 habeant
2102 5082 2414 5138 inﬁnitatem
2442 5081 2753 5151 divisionis,
2792 5099 2898 5141 non
2938 5086 3050 5156 ipsa
3080 5101 3174 5156 per
3197 5100 3288 5152 se,
3330 5086 3423 5139 sed

1847 5177 1900 5231 in
1929 5176 2154 5231 aliorum
2181 5217 2199 5244 ,
2229 5183 2286 5230 et
2321 5173 2559 5231 maxime
2582 5174 2748 5246 ipsius
2771 5179 3002 5234 universi
3029 5177 3426 5246 comparatione

1849 5278 1953 5324 tam
1982 5284 2145 5341 parva
2187 5268 2351 5324 sunt?
2378 5267 2489 5325 Nec
2517 5268 2572 5324 in
2599 5270 2773 5340 Spatia
2820 5279 3116 5339 temporum
3160 5268 3263 5321 alia
3293 5272 3427 5326 ratio

1847 5369 1957 5427 est;
1989 5361 2113 5432 quia
2136 5370 2193 5414 ut
2215 5359 2390 5415 omnis
2415 5359 2549 5429 loci,
2577 5362 2657 5418 sic
2680 5363 2852 5417 omnis
2880 5361 3133 5433 temporis
3156 5362 3429 5435 longitudo

1849 5451 2011 5508 habet
2037 5453 2311 5508 dimidium
2339 5453 2460 5508 sui:
2491 5455 2732 5525 quamvis
2757 5454 2898 5509 enim
2923 5453 2993 5508 sit
3016 5455 3347 5524 brevissima,
3376 5469 3430 5514 et

1915 5589 1932 5620 ι
1958 5587 2095 5657 miti,
2115 5586 2401 5657 qni-ratione
2418 5586 2491 5637 uti
2507 5592 2689 5657 potest;
2712 5593 2773 5657 ct_
2784 5586 2925 5657 paulo
2945 5596 3059 5657 post
3072 5594 3183 5642 ιον.
3198 5597 3269 5657 κει
3300 5600 3429 5657 Arn.,

1847 5647 2277 5717 magiibere'deoet
2298 5647 2619 5717 utsttrgat._A_t
2638 5657 2743 5700 uss.
2760 5647 2961 5717 Habent;
2978 5654 3091 5717 quia
3114 5656 3310 5714 ratione,
3332 5647 3427 5707 etc:

1850 5709 2069 5775 etaltcro
2080 5709 2187 5763 loco
2206 5719 2375 5763 carent
2389 5709 2509 5762 voce
2523 5710 2679 5775 debet,
2691 5725 2801 5775 qut:
2974 5709 3114 5770 abest
3126 5730 3156 5769 a
3171 5720 3280 5769 bad.
3294 5709 3430 5770 etEt.

1914 5774 1935 5805 ³
1957 5779 2010 5821 ω
2031 5781 2135 5824 mss.
2169 5787 2267 5823 non
2290 5782 2384 5831 est,
2410 5779 2509 5823 tam
2529 5772 2693 5825 libere.
