3874 6312
527 314 628 372 I59

526 428 742 499 incipit,
787 435 843 485 et
891 426 1239 499 progreditur,
1274 434 1327 481 et
1356 426 1567 481 desinit.
1597 426 1773 496 Itaque
1799 438 1905 477 non
1930 428 2105 493 potest

527 520 630 575 nisi
671 520 865 576 habere
891 520 1167 574 dimidium
1188 560 1204 584 ,
1233 518 1356 573 dum
1397 518 1467 571 ibi
1505 516 1755 570 dividitur
1786 530 1887 585 qua
1915 513 2105 568 transit

525 608 592 664 ad
629 610 808 664 ﬁnem.
838 610 915 664 Ac
957 624 1055 680 per
1091 609 1191 663 hoc
1217 616 1273 663 et
1319 608 1495 662 brevis
1534 606 1752 678 syllaba:
1798 615 2007 673 tempus
2050 603 2103 656 in

527 701 921 769 comparatione
936 699 1189 771 longioris
1207 700 1388 765 breve,
1409 709 1462 755 et
1480 698 1610 753 hora
1633 697 1883 751 brumalis
1904 695 2105 751 aestiva:

527 788 674 845 hora:
698 799 999 862 comparata
1029 791 1204 845 minor
1229 798 1310 843 est
1351 788 1445 861 (a).
1478 787 1568 843 Sic
1596 802 1741 841 mora
1774 787 1928 840 unius
1957 785 2105 839 hora:

524 882 592 937 ad
618 882 777 945 diem,
806 891 861 936 et
888 881 993 937 diei
1018 881 1083 936 ad
1105 897 1363 942 mensem,
1390 889 1443 935 et
1468 879 1669 934 mensis
1694 878 1759 931 ad
1790 893 1984 931 annum
2004 917 2017 941 ,
2050 883 2106 930 et

525 974 650 1028 anni
679 972 744 1029 ad
768 974 1011 1040 lustrum,
1035 982 1089 1028 et
1116 973 1265 1028 lustri
1288 971 1353 1026 ad
1382 972 1609 1041 majores
1630 968 1901 1035 circuitus,
1926 975 1980 1022 et
2003 966 2101 1035 ipsi

521 1064 589 1119 ad
619 1065 921 1119 universum
968 1073 1177 1133 tempus
1222 1063 1373 1118 relati
1417 1063 1606 1117 breves
1650 1068 1803 1124 sunt;
1847 1074 1967 1114 cum
2014 1057 2102 1111 illa

524 1155 635 1225 ipsa
664 1170 946 1211 numerosa
970 1155 1269 1217 successio,
1318 1162 1372 1209 ct
1416 1153 1656 1223 quaedam
1685 1150 1923 1223 gradatio
1942 1191 1957 1215 ,
1990 1149 2103 1203 sive

522 1246 804 1316 Iocalium,
852 1248 965 1303 sive
990 1248 1360 1317 temporalium
1390 1247 1709 1317 spatiorum,
1759 1260 1864 1299 non
1895 1252 2103 1297 tumore

523 1338 607 1394 vel
631 1354 777 1393 mora
796 1379 813 1405 ,
828 1339 921 1393 sed
939 1339 1177 1393 ordinata
1194 1338 1561 1393 convenientia
1585 1334 2098 1405 pulchrajudicetur.

594 1427 681 1483 8i.
717 1427 834 1498 Ipse
860 1437 1037 1483 autem
1063 1429 1265 1483 ordinis
1290 1428 1480 1483 modus
1503 1427 1631 1480 vivit
1655 1426 1710 1479 in
1734 1426 1955 1479 veritate
1985 1438 2103 1492 per-

523 1528 680 1588 petua
704 1560 719 1583 ,
751 1534 849 1575 nec
877 1520 1017 1573 mole
1040 1528 1220 1573 vastus
1239 1560 1255 1585 ,
1295 1533 1394 1573 nec
1437 1516 1793 1587 protractione
1819 1512 2101 1579 volubilis;

520 1606 612 1661 sed
644 1608 875 1677 putentia
918 1623 1075 1675 supra
1114 1623 1302 1663 omnes
1344 1607 1491 1661 locos
1517 1620 1775 1677 magnus,
1807 1603 2103 1658 aeternitate

522 1710 683 1765 super
709 1698 885 1750 omnia
912 1706 1149 1767 tempora
1176 1696 1463 1751 immobilis
1490 1714 1502 1750 :
1535 1696 1650 1751 sine
1674 1710 1779 1765 quo
1804 1703 1979 1748 tamen
2006 1707 2104 1747 nec

522 1786 681 1840 ullius
709 1788 864 1842 molis
889 1787 1105 1843 vastitas
1134 1788 1187 1841 in
1217 1802 1377 1841 unum
1409 1786 1576 1856 redigi
1602 1826 1615 1849 ,
1642 1800 1741 1839 nec
1770 1783 1928 1838 ullius
1965 1790 2101 1835 tem-

524 1878 670 1947 poris
696 1877 973 1948 productio
1014 1887 1187 1947 potest
1224 1877 1292 1932 ab
1320 1892 1501 1932 errore
1524 1874 1795 1939 cohiberi,
1826 1882 1879 1928 et
1904 1871 2102 1942 aliquid

522 1980 645 2021 esse
672 1966 756 2022 vel
783 1982 975 2035 corpus
1004 1974 1062 2021 ut
1084 1981 1275 2036 corpus
1299 1966 1384 2031 sit,
1413 1966 1492 2020 vel
1524 1973 1699 2019 mutus
1724 1973 1781 2018 ut
1806 1973 1979 2017 motus
2010 1962 2097 2015 sit.

522 2055 702 2127 Ipsum
732 2068 813 2114 cst
834 2075 997 2113 unum
1036 2058 1360 2130 principale,
1403 2072 1501 2113 nec
1532 2073 1628 2127 per
1652 2056 1854 2110 ﬁnitum
1881 2069 1981 2109 nec
2001 2068 2101 2125 per

524 2147 793 2205 inﬁnitum
824 2164 1081 2217 crassum,
1110 2165 1210 2206 nec
1238 2164 1332 2219 per
1361 2148 1563 2203 ﬁnitum
1590 2162 1689 2202 nec
1717 2162 1810 2216 per
1839 2145 2098 2199 inﬁnitum

522 2234 789 2297 mutabile.
830 2242 945 2295 Non
969 2242 1109 2296 enim
1139 2241 1295 2295 habet
1320 2239 1461 2293 aliud
1490 2239 1605 2305 hic,
1636 2237 1777 2291 aliud
1816 2236 1973 2299 alibi;
2007 2243 2101 2289 aut

525 2331 666 2385 aliud
694 2346 852 2396 nunc,
883 2331 1025 2386 aliud
1052 2340 1232 2401 postea
1258 2347 1270 2384 :
1301 2330 1420 2401 quia
1449 2344 1655 2385 summe
1676 2342 1810 2382 unus
1837 2334 1918 2381 est
1944 2328 2100 2380 Pater

524 2424 805 2489 Veritatis,
838 2424 993 2478 Pater
1026 2438 1135 2478 sua:
1163 2422 1479 2493 Sapientiae,
1520 2436 1637 2491 quae
1677 2419 1815 2474 nulla
1844 2434 1908 2471 ex
1953 2425 2099 2486 parte

522 2513 823 2579 dissimilis,
855 2513 1144 2569 similitudo
1170 2513 1288 2584 ejus
1311 2512 1447 2567 dicta
1476 2521 1557 2566 est
1586 2518 1641 2564 et
1664 2510 1854 2579 imago,
1884 2507 2003 2576 quia
2032 2506 2099 2560 de

521 2606 639 2676 ipso
657 2613 757 2661 est.
786 2605 967 2674 Itaque
986 2605 1144 2659 etiam
1174 2604 1337 2659 Filius
1362 2612 1509 2658 recte
1533 2602 1725 2657 dicitur
1747 2616 1810 2654 ex
1833 2600 1967 2669 ipso,
1996 2613 2099 2652 cae-

522 2706 633 2753 tera
658 2712 751 2767 per
771 2697 963 2768 ipsum.
990 2698 1267 2753 Prtecessit
1286 2696 1428 2751 enim
1450 2695 1616 2750 forma
1636 2694 1871 2748 omnium
1892 2706 2099 2747 summe

519 2788 745 2857 implcns
773 2804 933 2843 unum
974 2787 1043 2842 de
1095 2802 1201 2858 quo
1224 2794 1337 2853 est,
1370 2795 1426 2841 ut
1466 2795 1657 2840 caztera
1686 2799 1804 2853 qua:
1841 2789 1995 2847 sunt,
2042 2780 2096 2835 in

518 2889 771 2948 quantum
795 2889 915 2933 sunt
940 2880 1031 2933 uni
1057 2879 1272 2941 similia,
1306 2893 1400 2947 per
1423 2893 1541 2932 eam
1562 2878 1786 2930 formam
1817 2875 2023 2929 ﬁerent.

520 2968 743 3024 CAPUT
780 2968 963 3023 XLIV.
1002 2998 1070 3007 -
1099 2967 1195 3021 Dei
1221 2969 1385 3037 imago
1431 2966 1478 3019 F
1481 2967 1625 3031 ilius,
1668 2965 1735 3018 ad
1773 2981 1922 3035 quant
1962 2965 2097 3033 facta

1182 3059 1431 3128 quietiam.

591 3147 678 3201 82.
712 3147 909 3202 Horum
938 3148 1042 3202 alia
1084 3147 1162 3202 sic
1190 3156 1314 3203 sunt
1353 3163 1447 3217 per
1473 3146 1673 3216 ipsam,
1728 3153 1785 3199 ut
1823 3144 1889 3199 ad
1929 3146 2097 3215 ipsam

523 3237 681 3292 etiam
709 3239 847 3303 sint,
880 3247 939 3293 ut
962 3239 1133 3293 omnis
1172 3238 1444 3292 rationalis
1468 3245 1521 3291 et
1548 3236 1913 3292 intellectualis
1942 3251 2096 3290 crea—

527 3340 663 3394 tura,
692 3331 743 3383 in
773 3346 873 3399 qua
902 3330 1060 3385 homo
1089 3329 1379 3385 rectissime
1406 3328 1597 3383 dicitur
1627 3328 1795 3383 factus
1822 3327 1889 3381 ad
1914 3328 2098 3398 imagi-

523 3435 645 3474 nem
675 3426 729 3474 ct
754 3419 1146 3475 similitudinem
1171 3418 1298 3474 Dei:
1330 3434 1432 3473 non
1464 3418 1601 3473 enim
1629 3418 1781 3472 aliter
1804 3416 2098 3471 incommu-

522 3511 734 3566 tabilem
759 3511 1033 3566 veritatem
1063 3518 1241 3581 posset
1265 3517 1446 3564 mente
1471 3508 1799 3578 conspicere.
1833 3506 1949 3561 Alia
1972 3520 2096 3561 vero

520 3602 591 3657 ita
630 3611 753 3657 sunt
794 3616 892 3673 per
921 3602 1089 3672 ipsam
1133 3600 1300 3666 facta,
1345 3608 1402 3653 ut
1431 3614 1535 3653 non
1566 3598 1673 3653 sint
1709 3598 1773 3651 ad
1814 3598 2001 3667 ipsam.
2031 3597 2098 3650 Et

520 3695 642 3750 ideo
667 3694 941 3750 rationalis
977 3694 1151 3749 anima
1189 3695 1234 3750 si
1262 3693 1498 3750 Creatori
1537 3707 1636 3747 suo
1674 3692 1902 3757 serviat,
1934 3706 1961 3745 a
1991 3706 2096 3762 quo

519 3789 654 3844 facta
682 3799 796 3854 est,
824 3804 919 3857 per
950 3803 1107 3858 quem
1136 3788 1271 3843 facta
1309 3796 1389 3843 cst
1408 3826 1423 3851 ,
1454 3796 1508 3841 et
1533 3785 1599 3841 ad
1628 3802 1785 3857 quem
1813 3784 1946 3839 facta
1984 3792 2093 3849 est,

519 3888 704 3934 cuncta
748 3879 798 3934 ei
827 3886 1017 3933 caetera
1056 3878 1323 3933 servient:
1356 3886 1410 3931 et
1435 3877 1540 3931 vita
1585 3876 1765 3930 ultima
1787 3916 1803 3941 ,
1840 3891 1957 3945 qua:
1987 3883 2095 3929 tam

520 3969 691 4023 vicina
718 3969 789 4024 illi
820 3977 920 4031 est,
943 3976 999 4023 et
1024 3976 1105 4022 est
1132 3966 1446 4035 adjutorium
1471 3965 1606 4036 ejus,
1640 3981 1736 4036 per
1760 3965 1900 4036 quod
1924 3965 2094 4035 impe-

520 4068 603 4113 rat
626 4058 872 4128 corpori;
903 4065 957 4113 et
980 4057 1151 4128 ipsum
1187 4071 1411 4127 corpus,
1441 4066 1677 4110 extrema
1707 4065 1895 4109 natura
1929 4064 1983 4110 et
2005 4068 2094 4109 es-

522 4148 713 4215 sentia,
741 4149 825 4203 cui
849 4148 994 4203 omni
1022 4146 1181 4202 modo
1203 4146 1411 4201 cedenti
1438 4146 1516 4215 .ad
1540 4146 1815 4200 arbitrium
1850 4144 2095 4199 domina-

519 4240 677 4305 bitur,
713 4239 911 4294 nuIlam
940 4238 1008 4294 de
1052 4238 1144 4294 illo
1182 4237 1416 4294 sentiens
1458 4236 1788 4301 molestiam;
1833 4236 1955 4305 quia
1987 4236 2096 4305 jam

523 4351 629 4391 non
659 4350 725 4391 ex
754 4336 864 4401 illo,
907 4349 1005 4390 nec
1043 4348 1139 4404 per
1164 4333 1292 4388 illud
1321 4340 1522 4403 quaeret
1562 4329 1936 4386 beatitudinem
1956 4370 1970 4393 ,
2002 4327 2096 4383 sed

522 4440 586 4480 ex
620 4426 726 4479 Deo
755 4440 849 4495 per
873 4425 1100 4495 seipsam
1127 4422 1401 4493 percipiet.
1434 4420 1797 4476 Reformatum
1828 4432 2096 4497 ergovcoro

521 4532 621 4588 pus
649 4532 713 4571 ac
731 4516 1131 4579 sanctificatum,
1159 4515 1275 4571 sine
1299 4513 1618 4569 detrimento
1646 4510 2017 4581 corruptionis,
2044 4516 2100 4563 et

520 4608 637 4664 sine
662 4622 825 4662 onere
849 4606 1175 4661 difﬁcultatis
1203 4603 1608 4659 administrabit.
1641 4601 1706 4655 In
1742 4600 2098 4656 resurrectione

520 4702 655 4757 enim
681 4716 837 4770 neque
862 4700 1065 4763 nubent,
1088 4714 1242 4763 neque
1270 4697 1536 4761 nubentur,
1568 4694 1656 4747 sed
1679 4702 1821 4746 erunt
1847 4693 1973 4745 sicut
1992 4691 2098 4744 An-

520 4792 620 4865 geli
644 4792 697 4845 in
718 4790 853 4845 caelis
883 4788 1093 4860 (Matth.
1116 4802 1246 4852 xm,
1268 4786 1382 4847 30).
1412 4784 1546 4838 Esca
1566 4797 1692 4838 vero
1712 4783 1890 4847 ventri,
1918 4790 1963 4835 et
1992 4796 2099 4834 ven-

522 4894 596 4937 ter
627 4882 791 4937 escis:
820 4880 955 4935 Deus
983 4888 1148 4932 autem
1181 4876 1226 4931 et
1253 4878 1384 4930 hunc
1418 4884 1466 4930 et
1504 4876 1621 4929 illas
1659 4874 1877 4927 destruet
1908 4872 1949 4943 (Ι
1977 4871 2094 4927 Cor.

520 4975 743 5046 vt,13);
765 4973 1011 5045 quoniam
1034 4988 1135 5026 non
1158 4980 1230 5025 est
1244 4986 1451 5041 regnum
1477 4968 1572 5023 Dei
1595 4984 1708 5024 esca
1736 4977 1781 5022 et
1802 4976 1948 5037 potus
1968 5008 1982 5031 ,
2013 4967 2099 5019 sed

511 5066 716 5140 justitia
741 5075 788 5120 et
816 5080 919 5137 pax
934 5072 982 5119 et
1008 5063 1250 5134 gaudium
1281 5059 1452 5132 (Rom.
1482 5076 1587 5123 xtv,
1620 5059 1731 5132 i7).

522 5156 748 5214 CAPUT
789 5155 947 5211 XLV.
973 5185 1043 5195 —
1080 5152 1363 5225 Voluptatis
1390 5151 1704 5207 imbecillitas
1732 5152 1980 5223 protrudit
2009 5168 2098 5206 nos

592 5250 663 5305 ad
687 5249 998 5306 sublimiora.
1019 5247 1099 5301 De
1116 5246 1360 5317 superbire
1387 5246 1532 5313 uitio,
1564 5262 1720 5313 usque
1743 5244 1810 5298 ad
1849 5261 1962 5315 cap.
1988 5243 2057 5299 49
2082 5262 2094 5296 :

594 5343 842 5415 quomodo
878 5358 965 5413 per
994 5341 1086 5394 hoc
1125 5340 1453 5393 admonemur
1487 5339 1554 5392 ad
1583 5338 1977 5408 amplectendam
2001 5336 2099 5388 vir-

595 5442 766 5487 tutent.

598 5527 687 5582 83.
715 5526 1065 5596 Quapropter,
1095 5523 1254 5581 etiam
1279 5524 1330 5579 in
1353 5524 1451 5580 ista
1471 5523 1710 5594 corporis
1729 5522 1993 5593 voluptate
2017 5520 2101 5574 in-

589 5637 664 5703 (a)
684 5642 752 5703 lt;
775 5648 947 5703 eorum
961 5637 1315 5688 consuetudine
1333 5637 1416 5701 qui
1452 5636 1513 5703 ab
1532 5633 1778 5703 ortu_s‘_olis
1795 5635 1855 5703 ad
1883 5645 2100 5703 occasum

525 5696 782 5759 dubdeclm
803 5697 946 5747 horas
965 5703 1240 5750 constanter
1272 5696 1611 5759 uulnerabant,
1649 5696 1811 5747 hieme
1832 5696 2097 5755 breviores,

526 5767 698 5813 astate
717 5758 984 5822 longiores.

1548 311 1635 367 DE
1674 308 1859 365 VERA
1896 303 2286 374 RELIGIONE,
2325 304 2383 362 S.
2424 304 2784 362 AUGUSTINI

3694 316 3833 374 {60

2212 420 2456 475 venimus
2482 419 2621 475 unde
2656 434 3090 477 commoneamur
3117 436 3233 479 eam
3272 434 3647 495 contemnere;
3679 445 3819 486 non

2208 513 2331 582 quia
2358 512 2553 565 malum
2585 520 2665 566 est
2690 520 2875 565 natura
2900 514 3140 583 corporis
3160 555 3174 579 ,
3204 515 3295 569 sed
3321 519 3442 586 quia
3482 519 3531 572 in
3560 522 3814 575 extremi

2208 601 2334 656 boni
2377 600 2658 656 dilectione
2699 601 2924 671 turpiter
2952 604 3238 669 volutatur,
3279 606 3362 659 cui
3405 607 3589 675 primis
3616 609 3820 667 inhae-

2208 707 2327 746 rere
2352 691 2558 761 fruique
2586 706 2897 747 concessum
2945 701 3047 748 est.
3084 695 3213 748 Cum
3243 694 3470 750 trahitur
3493 699 3675 769 auriga
3695 741 3708 762 .
3750 710 3822 756 ct

2208 798 2320 837 sua:
2350 783 2661 837 temeritatis
2690 783 2779 837 dat
2816 798 3029 853 prunas,
3071 784 3325 854 quidquid
3382 786 3508 841 illud
3560 798 3643 843 est
3687 807 3819 860 quo

2208 872 2474 937 utebatur,
2508 882 2757 927 accusat:
2791 872 2885 927 sed
2909 874 3155 943 imploret
3173 875 3448 943 auxilium,
3474 877 3659 946 jubeat
3688 880 3817 935 Do-

2208 963 2382 1017 minus
2406 979 2605 1029 rerum,
2628 964 2921 1019 absistatur
2943 964 3115 1034 equis,
3145 966 3248 1021 alia
3265 966 3374 1036 jam
3401 970 3702 1037 Spectacula
3727 972 3815 1027 de

2208 1052 2349 1106 illius
2383 1054 2801 1124 praecipitatione
2832 1054 3174 1123 facientibus,
3208 1064 3263 1111 et
3303 1058 3403 1112 nisi
3445 1059 3815 1117 subveniatur

2206 1142 2275 1197 de
2304 1152 2474 1199 morte
2503 1144 2739 1211 facturis,
2788 1147 3097 1201 restituatur
3124 1147 3176 1203 in
3204 1147 3407 1215 locum,
3456 1166 3617 1222 super
3644 1164 3815 1209 rotas

2206 1235 2516 1301 collocetur,
2545 1236 2869 1291 habenarum
2912 1238 3031 1307 jura
3058 1239 3365 1304 reddantur,
3408 1251 3554 1311 regat
3582 1247 3811 1301 cautius
3860 1294 3869 1303 .

2206 1323 2654 1409 obtemperantes,
2680 1335 2733 1380 ct
2749 1326 3007 1381 edomitas
3023 1328 3252 1391 bestias;
3275 1338 3400 1384 tunc
3417 1332 3611 1387 sentiet
3629 1350 3810 1405 quam

2206 1414 2342 1470 bene
2386 1431 2605 1483 currus,
2649 1425 2703 1471 et
2742 1425 2849 1471 tota
2883 1417 2971 1471 illa
3011 1418 3214 1488 junctio
3240 1419 3491 1475 fabricata
3521 1422 3623 1488 sit,
3671 1440 3811 1497 quae

2207 1507 2359 1560 ruina
2388 1506 2525 1577 ejus,
2572 1515 2626 1561 et
2655 1507 2829 1576 ipsum
2854 1508 3155 1578 afﬂigebat,
3189 1519 3244 1564 et
3280 1525 3491 1565 cursum
3517 1512 3807 1571 decentis-

2206 1597 2362 1651 sima:
2409 1596 2786 1653 moderationis
2831 1599 3123 1653 amiserat:
3154 1601 3275 1670 quia
3321 1611 3377 1656 et
3416 1602 3536 1657 huic
3574 1609 3805 1675 corpori

2207 1687 2617 1743 imbecillitatem
2664 1690 2868 1759 peperit
2910 1694 3101 1745 anima:
3124 1692 3265 1747 male
3293 1692 3311 1724 ⁸
3344 1694 3541 1749 utentis
3564 1698 3804 1755 aviditas

2206 1779 2258 1833 in
2285 1779 2548 1848 paradiso,
2592 1796 2855 1851 usurpans
2898 1783 3116 1837 vetitum
3159 1783 3337 1839 cibum
3380 1794 3561 1841 contra
3594 1789 3802 1845 medici

2205 1868 2562 1940 disciplinam,
2590 1888 2693 1942 qna
2720 1874 3041 1942 sempiterna
3064 1876 3366 1931 continetur
3389 1878 3552 1933 salus.

2276 1961 2362 2015 84.
2403 1962 2456 2017 Si
2488 1978 2615 2033 ergo
2643 1963 2694 2017 in
2745 1964 2843 2018 ista
2888 1965 2999 2033 ipsa
3028 1966 3247 2021 visibilis
3276 1969 3449 2024 carnis
3499 1970 3799 2029 imbecilli-

2206 2059 2333 2118 tate,
2366 2054 2453 2107 ubi
2480 2053 2632 2107 beata
2675 2053 2779 2107 vita
2804 2068 2923 2109 esse
2947 2070 3052 2109 non
3082 2065 3278 2126 potest,
3307 2058 3573 2116 invenitur
3599 2063 3798 2120 admo-

2204 2146 2334 2200 nitio
2358 2147 2525 2201 beatae
2550 2148 2669 2201 vitae
2692 2155 2905 2217 propter
2919 2148 3150 2217 speciem
3175 2149 3243 2205 de
3258 2166 3465 2207 summo
3493 2168 3665 2225 usque
3685 2159 3706 2189 ¹
3723 2159 3796 2211 ad

2207 2237 2313 2291 ima
2330 2238 2663 2303 venientem;
2704 2247 2901 2308 quanto
2932 2241 3098 2311 magis
3147 2241 3198 2295 in
3244 2244 3566 2312 appetitione
3592 2247 3797 2303 nobili-

2203 2329 2324 2382 tatis
2378 2337 2431 2383 et
2460 2329 2810 2395 excellentizc,
2862 2337 2917 2385 et
2952 2329 3006 2384 in
3050 2332 3195 2385 omni
3248 2334 3492 2403 superbia
3548 2352 3799 2408 vanaque

2202 2419 2576 2488 pompehujus
2600 2420 2816 2475 mundi?
2842 2419 2977 2487 Quid
3002 2422 3145 2476 enim
3172 2422 3316 2477 aliud
3344 2423 3398 2478 in
3424 2440 3485 2479 ca
3509 2426 3674 2483 homo
3694 2444 3796 2498 ap-

2202 2511 2351 2579 petit,
2373 2511 2473 2565 nisi
2495 2512 2639 2566 solus
2658 2526 2799 2579 esse,
2830 2513 2875 2566 si
2902 2512 3015 2567 ﬁeri
3052 2514 3239 2583 possit,
3269 2516 3354 2569 cui
3376 2525 3565 2572 cuncta
3602 2520 3793 2589 subje-

2200 2610 2283 2655 cta
2344 2602 2468 2666 sint,
2520 2616 2769 2670 perversa
2812 2603 3014 2659 scilicet
3059 2604 3359 2661 imitatione
3406 2608 3793 2678 omnipotentis

2202 2690 2519 2757 Dei?Quem
2549 2691 2591 2746 si
2621 2692 2864 2747 subditus
2904 2694 3220 2763 imitaretur,
3263 2697 3549 2753 secundum
3578 2714 3791 2770 prmcc-

2202 2793 2289 2853 pta
2313 2784 2426 2855 ejus
2444 2784 2688 2847 vivendo,
2716 2800 2811 2855 per
2834 2801 2956 2841 eum
2984 2787 3202 2843 haberet
3229 2788 3435 2843 subdita
3455 2801 3668 2857 caetera,
3690 2810 3794 2849 nec

2200 2873 2266 2927 ad
2298 2884 2491 2929 tantam
2543 2873 2935 2931 deformitatem
2964 2876 3190 2945 veniret,
3217 2886 3275 2931 ut
3311 2878 3592 2935 bestiolam
3631 2883 3793 2939 time-

2200 2973 2300 3029 ret,
2330 2966 2419 3037 qui
2443 2966 2554 3020 vult
2582 2965 2884 3021 hominibus
2908 2969 3187 3037 imperare.
3222 2969 3392 3025 Habet
3429 2987 3557 3043 ergo
3598 2982 3653 3029 et
3683 2992 3788 3032 su-

2200 3055 2381 3125 perbia
2409 3056 2689 3126 quemdam
2710 3057 3000 3127 appetitum
3027 3057 3241 3113 unitatis
3260 3067 3315 3114 et
3341 3062 3743 3131 omnipotentize
3767 3084 3783 3133 ;

2200 3148 2294 3203 sed
2321 3149 2373 3203 in
2427 3165 2606 3205 rerum
2651 3150 3021 3221 temporalium
3071 3150 3390 3220 principatu,
3434 3170 3553 3224 qua:
3602 3160 3786 3214 omnia

2200 3244 2476 3293 transeunt
2502 3247 2748 3310 tanquam
2762 3239 2966 3295 umbra.

2270 3327 2360 3383 85.
2400 3328 2583 3384 lnvicti
2602 3345 2723 3385 esse
2751 3330 3017 3396 volumus,
3047 3338 3102 3385 et
3130 3339 3305 3397 recte;
3329 3332 3490 3389 habet
3517 3335 3661 3391 enim
3681 3336 3787 3395 hoc

2199 3420 2361 3474 animi
2400 3422 2567 3474 nostri
2594 3429 2781 3475 natura
2812 3430 2931 3490 post
2959 3422 3126 3476 Deum
3150 3438 3180 3476 a
3202 3439 3307 3492 quo
3347 3423 3413 3477 ad
3452 3424 3568 3494 ejus
3592 3426 3785 3499 imagi-

2200 3525 2321 3564 nem
2366 3510 2535 3565 factus
2557 3520 2639 3565 est
2682 3529 2695 3566 :
2741 3510 2834 3566 sed
2858 3510 2975 3581 ejus
3008 3521 3270 3582 przecepta
3313 3523 3462 3568 erant
3500 3518 3783 3584 servanda,

2200 3600 2388 3670 quibus
2421 3602 2643 3655 servatis
2686 3616 2842 3656 nemo
2886 3616 2984 3656 nos
3007 3603 3262 3658 vinceret.
3298 3602 3447 3658 Nunc
3474 3620 3624 3672 vero,
3654 3606 3785 3662 dum

2200 3692 2311 3763 ipsa
2335 3692 2485 3762 cujus
2511 3694 2687 3747 verbis
2716 3694 2938 3762 turpiter
2983 3695 3371 3761 consensimus,
3407 3695 3657 3751 domatur
3683 3699 3785 3755 do-

2199 3783 2311 3839 lore
2334 3783 2594 3853 pariendi,
2614 3790 2671 3838 et
2697 3798 2791 3838 nos
2830 3784 2881 3837 in
2910 3792 3050 3838 terra
3080 3783 3399 3849 laboramus,
3434 3794 3489 3840 et
3527 3800 3648 3841 cum
3671 3803 3787 3844 ma-

2197 3890 2302 3945 gno
2326 3874 2588 3929 dedecore
2630 3888 2942 3943 superamur
2961 3874 3027 3929 ab
3056 3874 3302 3929 omnibus
3341 3890 3460 3944 qua:
3504 3891 3603 3932 nos
3629 3892 3784 3934 com-

2199 3980 2413 4021 movere
2440 3980 2505 4019 ac
2551 3964 2859 4034 perturbare
2890 3964 3173 4034 potuerint.
3219 3963 3401 4035 Itaque
3442 3965 3694 4022 nolumus
3718 3970 3784 4025 ab

2199 4058 2502 4114 hominibus
2532 4056 2692 4121 vinci,
2729 4064 2783 4112 et
2810 4057 2940 4111 iram
2969 4072 3073 4111 non
3102 4071 3383 4127 possumus
3405 4060 3635 4116 vincere.
3664 4060 3782 4127 Qua

2202 4150 2522 4220 turpitudine
2564 4148 2691 4220 quid
2734 4146 3111 4204 exsecrabilius
3151 4147 3255 4203 dici
3295 4149 3504 4219 potest?
3531 4149 3784 4205 Fatemur

2198 4242 2464 4297 hominem
2481 4242 2584 4296 hoc
2610 4254 2729 4296 esse
2755 4240 2893 4311 quod
2910 4254 3008 4295 nos
3028 4241 3323 4311 sumus,qui
3355 4250 3528 4295 tamen
3554 4240 3653 4295 etsi
3677 4240 3777 4296 ha-

2199 4334 2321 4389 beat
2342 4334 2488 4397 vitia,
2541 4349 2645 4389 non
2696 4342 2777 4388 est
2809 4344 2983 4389 tamen
3013 4333 3125 4403 ipse
3150 4332 3355 4387 vitium.
3385 4331 3594 4398 Quanto
3617 4331 3780 4402 igitur

2201 4424 2476 4478 honestius
2499 4422 2660 4478 homo
2686 4439 2782 4478 nos
2796 4423 2978 4487 vincit,
3010 4438 3167 4493 quam
3196 4422 3425 4477 vitium?
3450 4422 3579 4489 Quis
3598 4430 3777 4478 autem

2199 4514 2405 4569 dubitet
2432 4515 2662 4570 immane
2690 4516 2872 4570 vitium
2894 4530 3014 4571 esse
3035 4514 3398 4581 invidentiam,
3426 4530 3528 4585 qua
3556 4530 3777 4571 necesse

2200 4614 2283 4661 est
2323 4614 2630 4677 torqueatur
2656 4616 2710 4662 et
2738 4607 3044 4677 subjiciatur
3071 4607 3161 4677 qui
3214 4622 3322 4661 non
3371 4606 3484 4660 vult
3525 4607 3579 4662 in
3616 4607 3776 4661 rebus

2201 4697 2581 4767 temporalibus
2603 4696 2780 4752 vinci?
2806 4696 2991 4751 Melius
3015 4704 3097 4750 est
3115 4710 3239 4766 ergo
3261 4704 3316 4750 ut
3336 4696 3495 4749 homo
3532 4709 3628 4749 nos
3661 4696 3778 4750 vin-

2200 4800 2301 4855 cat,
2332 4805 2487 4861 quam
2518 4788 2803 4845 invidentia
2825 4790 2906 4844 vel
2934 4787 3204 4859 quodlibet
3226 4788 3366 4842 aliud
3391 4788 3596 4843 vitium.

2201 4904 2425 4960 CAPUT
2458 4904 2641 4959 XLVI.
2684 4901 3000 4957 —Invictus
3045 4904 3131 4973 qui
3162 4902 3217 4956 id
3257 4902 3424 4957 solum
3472 4911 3609 4956 amat
3640 4903 3777 4970 quod

2271 4995 2459 5049 amanti
2484 4995 2608 5065 eripi
2635 5011 2734 5048 non
2775 5003 2954 5063 potest,
2979 4993 3034 5047 id
3066 5003 3137 5047 est
3160 4992 3325 5048 Deum
3348 5009 3411 5047 ea:
3431 5001 3532 5047 toto
3556 4993 3709 5047 corde
3732 5002 3775 5047 ct

2273 5088 2557 5159 proximum
2578 5087 2703 5139 sicut
2730 5085 2968 5155 seipsum.
3254 5125 3259 5128 .

2272 5176 2362 5233 86.
2402 5176 2505 5232 Sed
2532 5192 2627 5231 nec
2664 5175 2731 5230 ab
2758 5175 2972 5231 homine
3012 5175 3147 5231 vinci
3175 5182 3367 5245 potest,
3397 5174 3485 5245 qui
3530 5173 3653 5229 vitia
3683 5189 3776 5229 sua

2202 5269 2405 5324 vicerit.
2434 5265 2552 5322 Non
2570 5267 2711 5322 enim
2737 5268 2983 5329 vincitur,
3011 5267 3113 5320 nisi
3138 5267 3221 5321 cui
3250 5264 3472 5334 eripitur
3496 5263 3565 5319 ab
3582 5263 3772 5319 adver-

2204 5362 2344 5417 sario
2368 5360 2507 5429 quod
2532 5358 2808 5427 amat.Qui
2829 5374 2955 5430 ergo
2975 5368 3118 5413 amat
3142 5356 3195 5412 id
3223 5358 3395 5413 solum
3412 5354 3554 5428 quod
3580 5355 3772 5410 amanti

2204 5454 2336 5524 eripi
2365 5467 2468 5507 non
2498 5459 2692 5522 potest,
2740 5450 2831 5506 ille
2860 5449 3217 5505 indubitanter
3247 5448 3499 5513 invictus
3545 5456 3649 5513 est,
3680 5461 3773 5501 nec

2272 5633 2287 5664 ι
2311 5637 2363 5680 ιιι
2384 5636 2455 5688 3.,
2493 5629 2651 5680 male.
2698 5630 3021 5689 nestltuimus,
3044 5628 3186 5689 male,
3236 5641 3301 5679 ex
3344 5634 3421 5678 Er.
3444 5636 3565 5679 ven.
3597 5634 3770 5678 etLov.

2207 5700 2456 5803 m£.£d!i‘ti:
2480 5761 2753 5804 Desummo
2778 5750 3191 5813 borwusque,etc
3218 5752 3435 5803 Atabest
3466 5751 3583 5803 bono
3616 5763 3644 5801 ι
3671 5758 3767 5801 Mss.
