3874 6398
73 274 141 333 ιιι
846 255 855 261 ’
1125 249 1172 289 ⁵”
1232 272 1238 279 '

72 388 149 445 ulla
173 381 458 440 cruciatur
484 373 711 432 invidia.
740 371 798 427 ld
825 367 968 425 enim
999 363 1167 435 diligit
1186 403 1201 428 ,
1261 358 1327 414 ad
1356 355 1498 429 quod
1525 353 1650 410 dili-

70 477 278 553 gendum
306 483 365 530 et
384 467 792 544 percipiendum
817 469 1015 535 quanto
1031 458 1209 529 plures
1233 452 1658 519 venerint,{tanto

71 546 136 629 eis
175 568 404 625 uberius
451 561 770 635 gratulatur.
816 554 995 623 Diligit
1044 549 1187 605 enim
1230 546 1397 600 Deum
1442 548 1660 635 exut‘ot-o

71 662 237 725 corde,
260 665 320 713 et
343 671 418 712 ex
447 628 557 709 tota
587 650 786 710 anima,
815 654 870 702 et
910 658 975 697 ex
1005 649 1115 696 tota
1152 644 1359 701 mente;
1411 642 1465 689 et
1492 628 1662 725 diligit

72 722 365 825 proximum
383 756 639 815 tanquam
652 743 905 812 seipsum.
918 735 1037 791 Non
1048 746 1178 803 ergo
1194 729 1267 784 illi
1284 725 1500 792 invidet,
1519 722 1666 825 utsit

72 812 207 917 quod
233 845 352 913 ipse
384 847 471 895 est
483 812 512 903 ;'
525 835 633 890 imo
646 832 859 902 adjuvat
884 827 1043 884 etiam
1059 831 1311 917 quantum
1330 824 1521 889 potest.
1557 812 1668 917 N-ec

74 907 512 1011 potestamiuere
529 925 859 997 proximum,
891 935 1049 1011 quem
1076 915 1245 1011 diligit
1261 924 1512 1011 tanquam
1526 907 1667 1011 seip-

76 998 192 1085 sum
216 1023 379 1097 ;quia
403 1035 578 1090 neque
597 1017 649 1071 in
679 1014 857 1084 seipse
873 1027 935 1067 ea
958 1008 1129 1079 diligit
1154 1020 1273 1076 quae
1299 1002 1466 1058 oculis
1485 998 1670 1097 subia-

78 1090 225 1182 cent,
247 1090 341 1172 aut
362 1114 487 1169 ullis
506 1111 625 1166 aliis
650 1106 890 1177 corporis
912 1102 1174 1158 sensibus.
1198 1098 1336 1167 Ergo
1362 1092 1503 1165 apud
1530 1090 1674 1162 seip-

80 1228 195 1267 sum
228 1209 394 1263 habet
415 1219 576 1275 quem
604 1200 773 1270 diligit
802 1208 1047 1267 tanquam
1076 1191 1310 1259 seipsum
1350 1226 1364 1239 .

148 1304 239 1358 87.
282 1300 363 1354 Ea
398 1306 578 1351 autem
604 1303 686 1349 est
736 1289 916 1360 regula
953 1284 1273 1349 dilectionis,
1320 1288 1379 1334 ut
1418 1294 1536 1350 qua:
1571 1277 1673 1333 sibi

84 1395 351 1447 vultbona
385 1384 687 1458 provenire,
718 1390 771 1435 et
795 1379 869 1434 illi
900 1377 1058 1440 velit;
1089 1381 1144 1429 et
1170 1388 1289 1443 quae
1312 1368 1556 1425 accidere
1576 1368 1676 1422 sibi

87 1484 223 1539 mala
252 1495 361 1536 non
403 1478 537 1543 vult,
562 1483 618 1529 et
645 1473 722 1527 illi
744 1471 875 1526 nolit
900 1467 1048 1539 (Tob.
1073 1480 1147 1529 tv,
1180 1463 1304 1533 16):
1336 1463 1473 1516 hanc
1492 1460 1681 1514 volun-

87 1585 248 1629 tatem
274 1586 402 1639 erga
425 1580 616 1623 omnes
632 1562 876 1618 homines
901 1568 1097 1614 servat.
1114 1555 1248 1610 Nam
1271 1568 1395 1624 erga
1413 1550 1679 1607 neminem

90 1661 419 1733 cperandum
456 1666 542 1713 est
591 1654 789 1710 malum
820 1668 835 1705 :
862 1659 917 1706 et
965 1647 1165 1702 dilectio
1214 1643 1436 1715 proximi
1490 1641 1683 1695 malunt

92 1775 193 1812 non
246 1762 488 1825 operatur
528 1748 710 1820 (Rom.
774 1761 892 1807 xm,
939 1741 1051 1814 l0).
1109 1739 1399 1809 Diligamus
1448 1749 1595 1805 ergo,
1629 1741 1685 1825 ut

92 1822 422 1920 praeceptum
447 1851 552 1908 est,
571 1840 732 1896 etiam
753 1834 996 1892 inimicos
1021 1838 1235 1887 nostros
1251 1826 1462 1901 (Matth.
1488 1841 1544 1920 v,
1567 1822 1682 1894 44),

96 1917 141 1994 si
174 1954 303 1993 vere
330 1933 512 1990 invicti
541 1946 663 1986 esse
686 1929 948 1984 volumus.
980 1922 1097 1977 Non
1137 1921 1285 1975 enim
1331 1934 1428 1989 per
1453 1917 1687 1986 seipsum

97 2030 376 2099 quisquam
426 2021 702 2079 hominum
754 2016 981 2072 invictus
1009 2021 1124 2077 est;
1156 2010 1252 2066 sed
1299 2025 1393 2080 per
1430 2009 1577 2064 illam
1604 2007 1690 2061 in-

99 2097 534 2174 commutabilem
561 2112 753 2181 legem,
802 2107 887 2162 cui
924 2104 1244 2176 quicumque
1291 2101 1549 2163 serviunt,
1591 2097 1692 2152 soli

101 2221 233 2264 sunt
282 2208 452 2263 liberi.
493 2205 585 2262 Sic
610 2203 752 2259 enim
805 2200 884 2254 eis
925 2196 1066 2268 quod
1108 2195 1332 2265 diligunt
1363 2193 1559 2248 auferri
1588 2206 1695 2246 non

105 2307 287 2369 potest
315 2316 329 2353 :
355 2312 474 2367 qua:
492 2309 585 2351 res
608 2308 712 2347 una
737 2290 961 2345 invictos
1010 2286 1136 2341 facit
1163 2295 1217 2340 et
1247 2282 1505 2355 perfectos
1530 2282 1692 2335 viros.

106 2390 244 2445 Nam
274 2388 320 2442 si
346 2386 429 2441 vel
455 2387 626 2457 ipsum
664 2381 934 2436 hominem
964 2377 1126 2433 homo
1146 2375 1410 2438 dilexerit,
1442 2388 1547 2426 non
1577 2379 1699 2425 tan-

107 2496 275 2553 quam
305 2479 556 2549 seipsum,
582 2475 678 2531 sed
700 2485 948 2544 tanquam
971 2471 1292 2542 iumentum,
1316 2476 1408 2521 aut
1454 2466 1692 2531 balneas,

109 2583 208 2628 aut
225 2572 481 2627 aviculam
512 2569 704 2639 pictam
726 2566 809 2621 vel
824 2565 1111 2636 garrulam,
1140 2561 1192 2616 id
1216 2570 1320 2627 est,
1349 2568 1407 2613 ut
1433 2573 1500 2614 ex
1516 2573 1581 2611 eo
1607 2557 1704 2611 ali-

112 2663 247 2736 quid
286 2660 590 2731 temporalis
633 2656 919 2727 voluptatis
944 2663 1036 2708 aut
1061 2651 1329 2708 commodi
1357 2650 1559 2720 capiat;
1592 2663 1705 2703 ser—

113 2756 231 2809 viat
257 2767 484 2808 necesse
505 2760 609 2815 εει,
664 2763 770 2803 non
800 2745 1021 2811 homini,
1050 2744 1166 2810 sed,
1196 2741 1337 2812 quod
1373 2750 1454 2795 est
1481 2740 1703 2809 turpius,

117 2856 231 2899 tam
276 2841 416 2898 fcedo
452 2849 509 2895 et
559 2836 861 2893 detestabili
890 2836 1039 2898 vitio,
1077 2847 1182 2905 quo
1224 2847 1333 2886 non
1359 2838 1504 2885 amat
1530 2829 1706 2884 homi-

116 2947 245 2987 nem
266 2930 572 3000 sicuthomo
592 2927 850 2982 amandus
874 2935 976 2981 est.
990 2923 1107 2991 Quo
1121 2923 1250 2979 vitio
1267 2922 1592 2987 dominante,
1618 2937 1710 2975 us-

118 3038 229 3093 que
248 3020 314 3075 ad
325 3032 614 3075 extremam
633 3019 815 3084 vitam,
833 3016 917 3071 vel
941 3015 1118 3085 potius
1138 3022 1364 3068 mortem
1382 3012 1707 3083 perducitur.

197 3113 288 3170 88.
327 3112 431 3168 Sed
446 3126 545 3166 nec
571 3111 651 3165 sic
678 3109 891 3180 quidem
933 3108 1000 3161 ab
1032 3107 1247 3161 homine
1296 3105 1457 3160 homo
1484 3104 1710 3175 diligen-

123 3205 347 3273 dusﬁest,
367 3213 422 3257 ut
440 3202 730 3272 diliguntur
757 3199 998 3254 carnales
1012 3197 1227 3264 fratres,
1248 3196 1331 3252 vel
1349 3196 1463 3263 lilii,
1476 3196 1561 3263 vel
1585 3211 1715 3251 eon-

120 3296 302 3366 juges,
327 3292 413 3349 vel
446 3293 642 3363 quique
687 3290 916 3361 cognati,
946 3289 1029 3344 vel
1059 3288 1250 3342 affines
1267 3294 1361 3341 aut
1388 3287 1551 3341 cives.
1580 3285 1713 3341 Nam

129 3394 188 3440 et
211 3383 425 3439 dilectio
470 3380 570 3436 ista
611 3380 918 3451 temporalis
968 3386 1070 3433 est.
1116 3377 1231 3432 Non
1251 3378 1393 3432 enim
1423 3377 1558 3431 ullas
1586 3377 1717 3431 tales

130 3472 553 3531 necessitudines
575 3470 911 3533 haberemus,
930 3485 1048 3540 qua:
1064 3468 1336 3523 nascendo
1361 3476 1416 3523 et
1439 3468 1718 3524 moriendo

134 3566 465 3635 contingunt,
494 3564 540 3619 si
565 3574 754 3618 natura
783 3571 963 3617 nostra
1013 3562 1064 3616 iu
1087 3560 1386 3631 praeceptis,
1413 3570 1468 3615 et
1492 3560 1720 3631 imagine

136 3659 231 3714 Dei
256 3672 498 3724 manens,
522 3656 574 3710 in
616 3656 769 3710 istam
814 3654 1209 3723 corruptionem
1244 3668 1346 3706 non
1386 3652 1721 3723 relegaretur

140 3750 240 3822 (α).
270 3748 450 3819 Itaque
483 3748 551 3803 ad
594 3748 868 3818 pristinam
899 3747 1293 3817 perfectamque
1333 3755 1574 3801 naturam
1626 3761 1723 3802 nos

136 3846 249 3913 ipsa
282 3842 489 3898 Veritas
515 3857 731 3908 vocans,
764 3841 1005 3912 prtecipit
1042 3850 1097 3895 ut
1125 3840 1323 3895 carnali
1354 3840 1721 3895 consuetudini

134 3935 470 4001 resistamus,
493 3933 692 3991 docens
722 3934 990 3988 neminem
1034 3940 1213 4003 aptum
1240 3945 1360 3986 esse
1403 3945 1568 4001 regno
1607 3932 1722 3998 Dei,

135 4028 229 4096 qui
256 4041 363 4081 non
410 4026 537 4081 istas
565 4025 807 4081 carnales
829 4023 1250 4080 necessitudines
1274 4022 1447 4078 oderit
1475 4022 1624 4094 (Luc.
1649 4040 1723 4091 ix,

139 4119 230 4186 60,
257 4117 348 4185 62,
377 4129 423 4173 et
463 4134 578 4183 xlv,
601 4118 713 4189 26).
741 4117 925 4188 Neque
960 4116 1061 4171 hoc
1096 4116 1342 4186 cuiquam
1382 4115 1727 4170 inhumanum

141 4210 313 4265 videri
329 4210 506 4266 debet.
538 4209 703 4279 Magis
722 4209 866 4265 enim
897 4215 979 4262 est
1008 4207 1377 4273 inhumanum,
1419 4221 1524 4261 non
1549 4220 1729 4260 amare

142 4306 193 4357 in
217 4302 436 4358 homine
455 4302 595 4373 quod
624 4300 787 4356 homo
807 4309 910 4367 est,
940 4300 1035 4357 sed
1061 4316 1242 4355 amare
1262 4300 1402 4372 quod
1425 4300 1564 4355 filius
1577 4309 1656 4354 est
1678 4301 1726 4354 ':

147 4395 250 4450 hoc
286 4403 371 4450 est
392 4394 534 4450 enim
560 4408 667 4448 non
707 4394 760 4448 in
805 4407 871 4447 eo
905 4408 1085 4447 amare
1110 4391 1239 4447 illud
1272 4390 1417 4462 quod
1467 4391 1532 4446 ad
1568 4391 1729 4445 Deum

148 4490 401 4559 pertinet,
448 4488 545 4543 sed
586 4501 768 4542 amare
794 4485 924 4540 illud
949 4484 1090 4555 quod
1138 4485 1202 4539 ad
1232 4500 1291 4539 se
1320 4485 1566 4555 pertinet.
1595 4484 1733 4551 Quid

142 4596 273 4651 ergo
293 4580 484 4635 mirum
501 4578 546 4633 si
565 4578 632 4632 ad
660 4591 880 4647 regnum
912 4590 1019 4630 non
1050 4577 1309 4645 pervenit,
1336 4576 1424 4645 qui
1450 4588 1554 4629 non
1583 4589 1731 4628 com-

145 4687 388 4741 munem,
426 4669 522 4727 sed
542 4671 798 4741 privatam
821 4683 933 4723 rem
948 4665 1157 4737 diligit?
1191 4664 1302 4720 lmo
1328 4674 1632 4735 utrumque,
1661 4665 1736 4719 ait

210 4828 229 4857 ί
256 4830 367 4874 Inv.
394 4829 447 4886 et
469 4830 597 4881 Arn.,
620 4818 908 4886 quodqvilius
937 4823 1025 4869 est.
1061 4824 1117 4868 Al.
1137 4816 1246 4886 Bad.
1271 4822 1344 4886 Er.
1371 4824 1423 4866 et
1437 4822 1542 4886 Mss.
1562 4828 1736 4886 magno

148 4898 391 4937 consensu
416 4877 617 4943 habent,
633 4877 768 4945 'quod
791 4880 920 4945 ﬁlius
946 4886 1032 4931 est.
1056 4887 1169 4945 Quae
1205 4877 1351 4930 lectio
1383 4879 1537 4941 magis
1570 4877 1737 4945 proba:

151 4957 246 5007 tur,
268 4948 386 5010 quia
404 4940 923 5010 subjicitlaugust'iuus,
955 4955 1120 5010 amare
1142 4940 1248 5010 hoc,
1286 4954 1389 5010 esse
1428 4940 1594 5010 ornare
1614 4940 1737 5010 illud

150 5000 370 5071 quod-ad
405 5021 459 5059 se
493 5000 742 5070 pertinet:
774 5000 1026 5071 utiturque
1062 5001 1213 5071 sinuli_
1243 5002 1384 5053 modo
1428 5000 1656 5071 loquendi
1688 5004 1737 5071 in

150 5064 237 5120 lib.
262 5072 287 5120 1
316 5071 383 5119 de
403 5064 636 5118 Seriuoue
658 5068 837 5117 Domini
858 5068 906 5114 in
927 5064 1109 5123 monte,
1133 5066 1216 5113 uni
1238 5072 1406 5114 rursus
1428 5064 1507 5113 de'
1526 5067 1738 5114 necessi-

150 5133 373 5183 tudinum
398 5130 631 5192 ejusmodi
671 5126 1005 5192 temporalium
1027 5126 1137 5175 odio
1166 5126 1445 5192 disserens,
1481 5134 1738 5192 postquam

152 5193 392 5256 explicuit
411 5189 651 5253 quodnam
681 5189 858 5256 amoris
878 5190 1249 5256 odiiquegenus
1276 5189 1412 5256 uxori
1446 5190 1518 5236 vir
1548 5189 1739 5256 impen-

150 5249 275 5304 dere
292 5249 497 5311 debeat,
528 5270 549 5297 ιι
574 5260 668 5302 Hoc
699 5259 791 5311 est,
835 5249 1007 5313 inquit,
1038 5249 1251 5313 diligere
1276 5251 1325 5298 in
1359 5260 1417 5298 ea
1436 5249 1563 5313 quod
1597 5249 1739 5301 homo

159 5334 181 5363 ς
204 5322 301 5376 εει,
326 5315 493 5364 odisse
508 5314 634 5376 quod
652 5327 774 5362 uxor
798 5321 873 5376 est
888 5311 939 5373 ξ»
972 5319 1072 5376 tutu
1095 5311 1331 5376 addithoc
1346 5311 1480 5376 etde
1515 5319 1651 5373 patre
1689 5320 1741 5364 et

150 5377 217 5446 de
241 5371 397 5446 matre
423 5383 476 5446 et
502 5371 1093 5446 cleterisvinculiscarnis
1122 5371 1655 5446 intelligendum_'esse,
1687 5382 1743 5426 ut

149 5439 203 5487 in
226 5438 305 5487 eis
323 5438 573 5487 oderimus
587 5436 715 5499 quod
743 5450 899 5499 genus
917 5436 1174 5483 humanum
1196 5434 1438 5499 nascendo
1462 5440 1513 5484 et
1533 5434 1743 5485 morien—

147 5500 214 5549 do
246 5500 468 5550 sortitum
490 5506 569 5549 est
583 5497 879 5559 {diligamus
898 5506 1062 5546 autem
1082 5497 1211 5558 quod
1233 5497 1479 5546 nobiseum
1502 5504 1662 5559 potest
1680 5499 1743 5547 ad

147 5512 214 5549 00
246 5512 468 5550 εοιιιιωιιι
490 5512 598 5557 εει;
624 5512 879 5607 diligamus
898 5512 1062 5546 autem
1082 5512 1211 5558 quea
1233 5512 1479 5546 11001ωωῖ
1502 5512 1662 5559 ροιεει
1680 5512 1743 5547 au

147 5560 235 5610 illa
260 5574 417 5633 regna
440 5560 656 5633 perduci,
680 5573 709 5633 ιι
728 5560 761 5633 ii
786 5572 929 5633 nemo
951 5560 1084 5619 dicit,
1104 5566 1238 5607 Pater
1258 5570 1401 5607 meus
1419 5569 1431 5583 ·
1461 5558 1549 5609 sed
1572 5571 1743 5610 omnes

147 5626 349 5677 omnino
372 5626 457 5671 uni
478 5629 598 5682 Deo,
624 5626 762 5670 Pater
783 5627 957 5671 noster.

234 5703 930 5769 Qtnetract.cap.t3,n.8.

1480 232 1684 296 LIBER
1723 232 1921 294 UNUS.
2232 230 2244 251 ”
2298 229 2329 275 li
2368 225 2377 269 τ

1763 348 2061 421 quispiam:
2085 347 2198 405 lmo
2220 345 2349 405 illud
2367 364 2550 418 unum,
2576 349 2705 407 dicit
2729 350 2889 410 Deus.
2922 353 3059 412 Dicit
3082 358 3227 414 enim
3250 375 3347 416 ve-

1765 442 1975 498 rissime
2008 440 2252 497 Veritas:
2284 439 2449 495 Nemo
2486 452 2646 513 potest
2680 443 2875 499 duobus
2910 446 3129 502 dominis
3157 452 3343 507 servire

3239 234 3345 295 182

1768 533 1980 605 (Matth.
2009 549 2083 598 vt,
2122 532 2239 603 24).
2283 532 2454 589 Nemo
2487 534 2630 589 enim
2662 545 2837 606 potest
2864 538 3097 608 perfecte
3126 540 3351 613 diligere

1769 642 1875 698 quo
1890 641 2159 694 vocamur,
2188 626 2290 681 nisi
2318 626 2490 682 oderit
2517 627 2658 683 unde
2706 645 3037 688 revocamur.
3084 632 3348 692 Vocamur

1771 727 1948 774 autem
1970 718 2036 773 ad
2062 717 2351 790 perfectam
2374 728 2617 776 naturam
2646 721 2953 791 humanam,
2984 725 3194 796 qualem
3228 738 3352 784 ante

1773 819 2049 879 peccatum
2095 819 2334 866 nostrum
2369 811 2508 867 Deus
2549 811 2703 868 fecit:
2732 828 3047 871 revocamur
3082 826 3261 874 autem
3287 819 3359 875 ab

1773 903 1891 971 ejus
1907 902 2206 970 dilectione,
2233 918 2389 974 quam
2422 904 2689 974 peccando
2705 907 3013 964 meruimus.
3031 907 3207 977 Quare
3229 909 3359 968 ode-

1773 996 1941 1051 rimus
1961 1005 2187 1066 oportet,
2209 996 2348 1052 unde
2377 1003 2436 1052 ut
2462 997 2747 1055 liberemur
2769 1009 3030 1070 optamus.

1847 1086 1936 1141 89.
1977 1085 2256 1142 Oderimus
2286 1103 2414 1158 ergo
2452 1090 2773 1160 temporales
2810 1092 3252 1162 necessitudines,
3309 1097 3357 1153 si

1778 1177 2087 1233 aeternitatis
2126 1178 2384 1234 eharitale
2420 1179 2725 1250 ﬂagramus.
2757 1181 2950 1253 Diligat
2975 1182 3138 1239 homo
3173 1187 3358 1256 proxi-

1780 1283 1925 1322 mum
1949 1276 2197 1338 tanquam
2224 1269 2475 1339 seipsum.
2505 1270 2664 1326 Certe
2687 1272 2827 1327 enim
2858 1273 2957 1328 sibi
2981 1274 3080 1344 ipsi
3102 1291 3260 1332 nemo
3279 1287 3363 1334 est

1781 1367 1951 1429 pater,
1996 1368 2087 1413 aut
2111 1358 2273 1426 filius,
2304 1367 2397 1413 aut
2433 1359 2635 1426 affinis,
2689 1369 2781 1415 aut
2805 1362 3007 1433 aliquid
3031 1364 3361 1435 huiusmodi,

1784 1449 1880 1505 sed
1908 1460 2109 1505 tantum
2134 1452 2294 1507 homo
2326 1469 2339 1506 :
2370 1453 2462 1522 qui
2487 1469 2616 1523 ergo
2660 1454 2829 1526 diligit
2855 1456 3084 1526 aliquem
3116 1468 3366 1531 tanquam

1785 1543 2039 1611 seipsum,
2062 1542 2164 1598 hoc
2187 1543 2238 1597 in
2259 1558 2324 1598 eo
2366 1543 2527 1599 debet
2552 1544 2791 1615 diligere,
2839 1547 2979 1617 quod
2999 1549 3099 1603 sibi
3126 1550 3239 1621 ipse
3264 1560 3366 1607 est.

1786 1634 2024 1705 Corpora
2045 1651 2173 1691 vero
2197 1651 2302 1692 non
2333 1645 2455 1691 sunt
2478 1638 2620 1707 quod
2642 1654 2741 1694 nos
2769 1654 2952 1696 sumus
2984 1658 2997 1695 :
3029 1657 3134 1696 non
3161 1656 3289 1714 ergo
3313 1644 3369 1700 in

1789 1727 2004 1783 homine
2052 1744 2247 1799 corpus
2291 1741 2374 1784 εει
2424 1731 2775 1801 expetendum
2810 1741 2902 1788 aut
2939 1733 3373 1792 desiderandum.

1793 1819 1944 1875 Valet
1991 1821 2134 1875 enim
2170 1821 2237 1875 ad
2264 1821 2364 1875 hoc
2393 1823 2552 1877 etiam
2597 1823 2738 1893 quod
2767 1834 3088 1896 praeceptum
3131 1837 3215 1883 est
3242 1847 3256 1883 :
3288 1827 3372 1884 Ne

1794 1912 2121 1982 concupiscas
2157 1928 2263 1965 rem
2297 1913 2513 1983 proximi
2542 1914 2613 1966 tui
2635 1913 2826 1983 (Exod.
2859 1915 2946 1982 20,
2991 1918 3101 1986 l7).
3131 1918 3377 1988 Quapro-

1797 2010 1914 2070 pter
1937 2001 2175 2072 quisquis
2208 2001 2260 2055 in
2290 2003 2531 2073 proximo
2570 2004 2713 2059 aliud
2738 2004 2909 2076 diligit
2941 2022 3101 2077 quam
3128 2009 3226 2063 sibi
3262 2010 3378 2080 ipse

1797 2100 1897 2158 εει,
1931 2109 2035 2145 non
2060 2108 2179 2147 eum
2207 2092 2374 2164 diligit
2394 2102 2645 2164 tanquam
2666 2096 2920 2166 seipsum.
2962 2098 3078 2168 Ipsa
3108 2099 3265 2168 igitur
3289 2117 3383 2156 na-

1802 2194 1919 2238 tura
1948 2183 2178 2239 humana
2226 2185 2341 2240 sine
2368 2186 2567 2240 carnali
2611 2187 2913 2243 conditione
2964 2189 3231 2260 diligenda
3260 2202 3378 2262 est,

1802 2277 1914 2331 sive
1942 2277 2010 2331 sit
2038 2276 2354 2347 perﬁcienda
2378 2278 2490 2333 sive
2518 2278 2769 2347 perfecta.
2798 2279 2995 2336 Omnes
3014 2282 3113 2337 sub
3138 2297 3244 2337 uno
3272 2283 3384 2340 Deo

1803 2376 1955 2436 patre
1974 2367 2183 2437 cognati
2207 2378 2350 2431 sunt,
2380 2371 2468 2439 qui
2490 2385 2610 2424 eum
2639 2371 2862 2442 diligunt
2887 2382 2941 2428 et
2968 2372 3165 2429 faciunt
3195 2374 3385 2431 volun-

1808 2466 1968 2513 tatem
1993 2460 2175 2529 ipsius.
2201 2460 2268 2514 Et
2288 2460 2513 2516 invicem
2552 2462 2651 2517 sibi
2672 2471 2815 2529 sunt,
2839 2472 2893 2519 et
2923 2474 3099 2534 patres
3138 2481 3259 2521 cum
3280 2466 3381 2521 sibi

1808 2550 2109 2614 consulunt,
2155 2559 2212 2605 et
2249 2551 2340 2605 lilii
2379 2566 2497 2605 cum
2542 2552 2641 2607 sibi
2689 2555 3079 2623 obtemperant,
3104 2566 3158 2612 et
3195 2556 3385 2613 fratres

1766 2706 1773 2709 ι
1810 2641 2059 2707 maxime,
2079 2642 2199 2711 quia
2227 2656 2322 2696 eos
2342 2656 2477 2696 unus
2497 2643 2652 2698 Pater
2668 2652 2983 2701 testamento
3017 2662 3115 2702 suo
3139 2648 3204 2703 ad
3230 2665 3389 2705 unam

1812 2732 2174 2787 lnereditatem
2211 2742 2384 2788 vocat.

1812 2826 2037 2882 CAPUT
2076 2826 2281 2882 XLVII.
2309 2826 2533 2882 —Vera
2581 2829 2798 2899 proximi
2834 2830 3052 2899 dilectio,
3106 2849 3256 2902 quam
3301 2837 3387 2905 qui

2288 2919 2533 2990 impendit
2559 2920 2770 2976 invictus
2809 2933 2901 2977 est.

1887 3010 1974 3064 90.
2015 3009 2366 3081 Quapropter,
2395 3026 2493 3067 cur
2519 3012 2617 3067 iste
2642 3028 2746 3067 non
2777 3013 3006 3069 invictus
3031 3015 3099 3070 sit
3125 3015 3396 3074 hominem

1816 3099 2101 3170 diligendo,
2125 3117 2246 3157 cum
2265 3103 2316 3156 in
2338 3118 2401 3157 eo
2430 3103 2563 3159 nihil
2590 3112 2781 3174 praeter
2802 3104 3072 3161 hominem
3110 3106 3317 3179 diligat,
3346 3108 3400 3164 id

1819 3202 1901 3247 est
1924 3202 2219 3248 creaturam
2269 3195 2362 3250 Dei
2388 3196 2453 3249 ad
2498 3196 2615 3265 ejus
2645 3197 2927 3267 imaginem
2956 3200 3169 3266 factam,
3210 3216 3312 3256 nec
3347 3203 3399 3258 ei

1820 3282 1987 3351 possit
2012 3282 2199 3338 deesse
2222 3284 2450 3354 perfecta
2482 3294 2663 3340 natura
2694 3302 2851 3357 quam
2886 3289 3073 3361 diligit,
3122 3305 3243 3345 cum
3284 3292 3397 3361 ipse

1822 3373 2086 3444 perfectus
2122 3376 2241 3430 est?
2269 3376 2415 3431 Sicut
2444 3376 2610 3444 enim,
2633 3380 2779 3433 verbi
2806 3381 2992 3450 gratia,
3045 3383 3090 3437 si
3120 3384 3399 3455 quisquam

1822 3464 2004 3537 diligat
2025 3468 2158 3522 bene
2172 3478 2495 3535 cantantem,
2529 3486 2633 3525 non
2666 3470 2805 3526 hunc
2846 3483 2937 3526 aut
2964 3473 3131 3541 illum,
3162 3475 3255 3529 sed
3284 3483 3403 3530 tan-

1826 3565 1936 3612 tum
1963 3559 2099 3615 bene
2126 3571 2425 3616 cantantem
2452 3564 2760 3633 quemlibet,
2784 3580 2903 3619 cum
2936 3566 3005 3619 sit
3027 3577 3269 3622 cantator
3290 3572 3401 3638 ipse

1827 3654 2126 3723 perlectus;
2154 3656 2223 3709 ita
2256 3655 2368 3709 vult
2391 3671 2578 3711 omnes
2609 3655 2741 3710 tales
2767 3666 2977 3717 essent
3012 3668 3184 3713 tamen
3224 3660 3272 3714 ei
3298 3676 3405 3716 non

1826 3744 1965 3800 desit
1983 3746 2124 3816 quod
2149 3746 2341 3815 diligit,
2383 3747 2502 3817 quia
2532 3749 2643 3817 ipse
2672 3748 2808 3803 bene
2834 3759 3031 3804 cantat.
3057 3750 3185 3805 Nam
3208 3753 3251 3806 si
3293 3755 3406 3808 eui-

1828 3852 1986 3907 quam
2008 3838 2357 3894 iuvidctbene
2383 3841 2636 3907 cantanti,
2663 3855 2768 3895 non
2802 3841 2913 3911 jam
2936 3842 3063 3897 illud
3080 3843 3266 3915 diligit,
3310 3846 3406 3902 sed

1831 3939 1922 3983 aut
1951 3929 2179 3995 laudem,
2209 3939 2299 3983 aut
2320 3931 2515 4001 aliquid
2538 3932 2700 3997 aliud,
2732 3949 2836 4003 quo
2853 3934 2989 3989 bene
3012 3937 3274 3992 cantando
3303 3939 3413 3994 vult

1831 4020 2144 4089 pervenire;
2177 4030 2231 4075 et
2262 4030 2434 4090 potest
2460 4021 2510 4075 ei
2546 4023 2708 4078 minui
2736 4025 2819 4080 vel
2838 4025 3054 4091 auferri,
3084 4028 3127 4082 si
3178 4038 3232 4084 et
3274 4030 3411 4086 alius

1833 4112 1967 4168 bene
1997 4114 2307 4168 cantavcrit.
2327 4114 2426 4182 Qui
2456 4130 2582 4185 ergo
2629 4116 2828 4172 invidet
2854 4118 2987 4174 bene
3019 4122 3275 4189 cantanti,
3304 4137 3411 4177 non

1832 4215 1975 4259 amat
1999 4205 2134 4261 bene
2149 4217 2482 4261 cantantem:
2516 4208 2608 4261 sed
2636 4223 2818 4263 rursus
2846 4211 2933 4279 qui
2961 4227 3026 4265 eo
3053 4211 3269 4281 indiget,
3303 4230 3407 4267 non

1834 4296 1970 4351 bene
1995 4306 2190 4351 cantat.
2224 4296 2373 4363 Quod
2404 4298 2567 4352 multo
2592 4302 3043 4357 accommodatius
3078 4303 3145 4358 de
3180 4304 3314 4359 bene
3336 4304 3416 4358 vi-

1833 4398 1991 4445 vente
2014 4389 2116 4444 dici
2141 4398 2331 4460 potest,
2364 4390 2484 4459 quia
2510 4391 2743 4447 invidere
2761 4393 2886 4446 nulli
2917 4402 3124 4464 potest:
3150 4412 3254 4466 quo
3271 4397 3413 4452 enim

1837 4482 2150 4551 perveniunt
2190 4483 2323 4536 bene
2366 4483 2622 4550 viventes,
2661 4486 2983 4541 tantumdem
3031 4496 3114 4542 est
3138 4489 3409 4556 omnibus,

1837 4586 1937 4626 nec
1967 4571 2140 4625 minus
2166 4570 2224 4625 fit
2262 4586 2383 4625 cum
2432 4572 2610 4643 plures
2640 4572 2937 4629 habuerint.
2994 4576 3060 4631 Et
3099 4586 3269 4647 potest
3295 4594 3417 4636 esse

1838 4671 2045 4731 tempus
2090 4678 2193 4733 quo
2244 4663 2415 4717 bonus
2467 4674 2706 4720 cantator
2759 4675 2971 4721 cantare
3002 4685 3106 4723 non
3157 4668 3409 4725 decenter

1839 4762 2015 4825 queat,
2048 4764 2102 4809 et
2131 4753 2362 4825 indigeat
2390 4770 2519 4810 voce
2566 4757 2805 4823 alterius,
2835 4773 2935 4828 qua
2965 4759 3062 4814 sibi
3099 4761 3414 4816 exhibentur

1839 4849 1980 4919 quod
2011 4847 2216 4919 diligit;
2242 4858 2493 4921 tanquam
2524 4849 2569 4903 si
2595 4851 2801 4906 alicubi.
2824 4853 3152 4916 convivetur,
3179 4853 3265 4908 ubi
3291 4870 3414 4909 eum

1840 4949 2054 4995 caulam
2073 4951 2222 5010 turpe
2249 4942 2338 5008 sit,
2370 4941 2463 4995 sed
2495 4941 2880 4999 deceataudire
2908 4955 3205 5001 cantantem
3238 4964 3252 5001 :
3283 4946 3417 5001 bene

1840 5041 2017 5086 autem
2037 5033 2216 5088 vivere
2240 5048 2451 5100 semper
2479 5033 2649 5089 decet.
2676 5036 2850 5103 Quare
2878 5038 3113 5108 quisquis
3134 5039 3235 5092 hoc
3264 5049 3317 5093 et
3335 5038 3418 5092 di-

1843 5125 1958 5196 ligit
1981 5137 2035 5181 et
2062 5126 2204 5193 facit,
2234 5143 2337 5181 non
2366 5128 2536 5183 solum
2568 5145 2671 5183 non
2704 5130 2901 5185 invidet
2938 5131 3283 5196 imitantibus,
3320 5129 3417 5186 sed

1843 5224 1897 5269 et
1921 5215 2003 5270 his
2019 5233 2077 5272 se
2106 5217 2300 5287 pra-bet
2320 5218 2666 5276 libentissime
2681 5230 2838 5291 atque
2866 5221 3240 5276 humanissime
3256 5236 3423 5291 quan-

1847 5317 1956 5362 tum
1980 5318 2183 5378 potest;
2217 5325 2315 5366 uec
2344 5323 2515 5369 tamen
2544 5314 2620 5369 eis
2646 5315 2861 5385 indiget.
2892 5314 3020 5368 Nam
3049 5312 3187 5382 quod
3238 5312 3288 5366 iu
3314 5313 3419 5367 illis

1844 5400 2031 5471 diligit,
2078 5402 2129 5455 in
2179 5404 2356 5473 seipse
2403 5407 2559 5461 habet
2597 5416 2760 5461 totum
2790 5417 2946 5475 atque
2983 5405 3294 5475 perfectum.
3346 5407 3421 5463 lla

1845 5512 1965 5552 cum
1986 5496 2156 5567 diligit
2179 5500 2475 5568 proximum
2512 5506 2758 5567 tanquam
2806 5496 3057 5567 seipsum.
3089 5512 3190 5552 non
3224 5498 3420 5554 invidet

1846 5595 1933 5663 ei,
1962 5594 2083 5665 quia
2126 5610 2223 5648 nec
2253 5593 2352 5647 sibi
2390 5576 2758 5663 ipsi;'pr:estat
2798 5590 2847 5645 ei
2887 5593 3025 5661 quod
3059 5600 3249 5661 potest,
3297 5593 3419 5663 quia

1770 5716 1773 5717 ν
1850 5697 1905 5746 ει
1938 5688 2038 5747 sibi
2073 5688 2203 5759 ipsi;
2231 5702 2336 5744 non
2360 5702 2424 5742 eo
2465 5684 2691 5756 indiget,
2745 5684 2868 5756 quia
2913 5699 3011 5741 nec
3051 5683 3230 5757 seipse
3260 5700 3274 5740 :
3306 5696 3422 5740 tan-
