3906 6310
426 195 533 253 165

427 318 541 366 tum
590 306 703 362 Deo
748 303 970 375 indiget,
995 301 1079 358 cui
1106 298 1433 357 adhaerendo
1467 299 1659 358 beatus
1681 307 1786 355 est.
1845 294 2018 354 Nemo

428 408 604 456 autem
636 385 706 451 illi
724 395 882 464 eripit
913 394 1102 448 Deum.
1131 392 1225 447 Ille
1254 406 1383 463 ergo
1413 389 1690 454 verissime
1710 399 1867 460 atque
1892 403 2012 444 cer-

428 490 632 546 tissime
659 487 884 541 invictus
906 485 1068 540 homo
1095 496 1176 539 est
1195 483 1284 554 qui
1309 482 1544 540 cohtet'et
1562 484 1692 550 Deo,
1724 497 1829 536 non
1853 488 1911 536 ut
1949 481 2018 536 ab

427 600 496 642 eo
524 582 719 654 aliquid
760 581 884 636 boni
931 589 1080 634 extra
1127 585 1416 644 mereatur,
1455 575 1554 632 sed
1575 576 1662 632 cui
1700 575 1831 632 nihil
1872 573 2018 631 aliud

427 665 587 749 quam
617 677 785 744 ipsum
805 671 1011 727 hmrere
1027 671 1136 725 Deo
1161 671 1359 724 bonum
1384 676 1486 723 est.

501 769 592 825 91.
636 767 732 821 ilic
752 765 832 819 vir
851 763 1103 836 quamdiu
1119 762 1268 817 estin
1292 761 1391 816 hac
1413 761 1544 824 vita,
1567 761 1730 815 utitur
1757 759 1930 814 amico
1949 758 2018 814 ad

429 848 826 934 rependendam
863 856 1105 927 gratiam,
1135 855 1301 909 utitur
1335 853 1550 909 inimico
1581 852 1648 906 ad
1686 849 2016 922 patientiam,

429 944 594 1007 utitur
621 949 810 1019 quibus
839 956 1016 1019 potest
1039 946 1102 1001 ad
1136 946 1560 1009 beneficentiam,
1590 944 1753 997 utitur
1773 941 2039 1000 omnibus.

429 1043 495 1098 ad
518 1040 969 1097 benevolentiam.
1005 1037 1072 1112 Et
1099 1052 1401 1110 quanquam
1425 1036 1736 1105 temporalia
1767 1049 1874 1090 non
1900 1033 2022 1088 dili-

429 1129 538 1205 gat,
565 1121 676 1202 ipse
705 1140 848 1186 recte
876 1131 1037 1186 utitur
1060 1128 1460 1197 temporalibus,
1482 1136 1534 1180 et
1557 1140 1652 1195 pro
1675 1139 1860 1179 eorum
1877 1132 2022 1178 sorte

431 1222 736 1279 hominibus
763 1220 1014 1285 consulit,
1039 1220 1084 1273 si
1123 1219 1400 1289 aequaliter
1419 1234 1524 1270 non
1549 1225 1722 1286 potest
1750 1216 2018 1270 omnibus.

429 1311 606 1386 Quare
627 1317 669 1371 si
691 1317 918 1385 aliquem
944 1311 1280 1367 familiarium
1304 1325 1522 1364 suorum
1541 1309 1834 1378 promptius
1862 1323 2020 1378 quam

429 1401 722 1480 quemlibet
741 1405 1048 1476 alloquitur,
1099 1419 1206 1459 non
1249 1417 1374 1460 eum
1415 1401 1583 1473 magis
1608 1401 1800 1471 diligit,
1831 1399 1925 1455 sed
1954 1399 2022 1453 ad

429 1493 550 1555 eum
575 1497 734 1552 habet
759 1496 1015 1565 majorem
1044 1493 1312 1560 fiduciam,
1342 1501 1396 1548 et
1423 1492 1744 1562 apertiorem
1769 1489 2022 1560 temporis

426 1581 665 1662 januam.
694 1588 908 1642 Tractat
932 1590 1075 1642 enim
1118 1587 1345 1657 tempori
1371 1585 1582 1640 deditos
1610 1593 1760 1639 tanto
1807 1583 2019 1646 melius,

431 1689 630 1752 quanto
655 1680 830 1734 minus
857 1680 969 1750 ipse
999 1679 1263 1748 obligatus
1285 1685 1371 1732 est
1397 1676 1644 1746 tempori.
1671 1676 1806 1732 Cum
1847 1676 2024 1744 itaque

432 1773 845 1841 omnibus,quos
863 1786 923 1840 pa
933 1770 1063 1825 riter
1083 1769 1272 1839 diligit,
1292 1765 1547 1839 prodesse
1579 1782 1685 1822 non
1718 1767 1904 1836 possit,
1923 1766 2024 1821 nisi

433 1861 889 1932 conjunctioribus
938 1859 1196 1931 prodesse
1249 1859 1415 1925 malit,
1449 1859 1680 1928 injustus
1707 1867 1808 1914 est.
1843 1857 2024 1912 Animi

433 1968 609 2012 autem
644 1956 950 2024 conjunrtio
972 1956 1141 2026 major
1161 1965 1262 2023 est,
1297 1970 1454 2025 quam
1481 1955 1718 2008 locorum
1751 1964 1844 2008 aut
1893 1963 2024 2009 tem-

437 2063 622 2118 porum
651 2048 839 2117 quibus
859 2047 908 2100 in
935 2047 1036 2102 hoc
1061 2062 1285 2117 corpore
1311 2046 1634 2117 gignimur’;
1653 2045 1746 2100 sed
1764 2060 1827 2102 ea
1853 2046 2025 2100 maxi-

434 2155 521 2194 ma
544 2149 623 2194 est
650 2155 768 2210 qum
792 2139 1040 2192 omnibus
1065 2139 1333 2208 praevalet.
1355 2137 1471 2194 Non
1489 2153 1616 2208 ergo
1647 2139 1750 2193 iste
1775 2137 2026 2207 afﬂigitur

435 2243 608 2286 morte
628 2232 961 2302 enjusquam,
991 2232 1242 2302 quoniam
1274 2234 1366 2303 qui
1391 2243 1501 2287 toto
1527 2233 1708 2287 animo
1731 2236 1898 2288 Deum
1937 2232 2023 2286 dio

434 2323 565 2394 ligit.
593 2325 738 2378 novit
775 2340 875 2378 nec
913 2325 1010 2379 sibi
1044 2325 1214 2393 perire
1265 2323 1405 2393 quod
1442 2325 1550 2378 Deo
1572 2341 1676 2378 non
1711 2325 1865 2393 perit.
1886 2325 2026 2378 Deus

434 2426 610 2469 autem
635 2414 884 2469 dominus
925 2426 1006 2469 est
1053 2424 1108 2470 et
1157 2416 1396 2468 vivorum
1436 2422 1494 2468 et.
1519 2425 1870 2471 mortuorum.
1907 2414 2023 2470 Non

434 2495 744 2576 cujusquam
776 2506 984 2560 miseria
1014 2505 1175 2560 miser
1194 2516 1295 2568 est,
1319 2506 1441 2575 quia
1482 2521 1582 2561 nec
1599 2506 1912 2576 cujusquam
1942 2506 2029 2575 ju-

435 2598 580 2652 stitia
607 2599 782 2668 justus
809 2609 890 2652 est
909 2600 948 2650 ’.
984 2598 1045 2652 Et
1072 2607 1128 2650 ut
1146 2613 1305 2652 nemo
1349 2598 1422 2652 illi
1452 2598 1712 2668 justitiam
1733 2607 1789 2654 et
1814 2599 1982 2652 Deum
2007 2639 2022 2662 ,

435 2690 511 2744 sic
542 2705 699 2743 nemo
728 2689 901 2743 aufert
948 2689 1352 2744 beatitudinem.
1385 2689 1452 2743 Et
1489 2691 1531 2744 si
1571 2689 1859 2759 aliquando
1890 2689 2026 2745 forte

435 2782 661 2851 alicujus
679 2782 936 2847 periculo,
959 2782 1052 2842 yel
1079 2796 1288 2848 errore,
1305 2781 1388 2836 vel
1413 2780 1598 2837 dolore
1621 2791 2022 2845 commovetur;

435 2893 606 2948 usque
627 2877 690 2930 ad
725 2877 866 2930 illius
895 2877 1169 2940 auxilium,
1198 2884 1290 2929 aut
1326 2876 1737 2943 correctionem,
1769 2885 1861 2930 aut
1898 2890 2028 2929 con-

436 2969 772 3033 solationem,
804 2983 908 3020 non
942 2981 1108 3036 usque
1138 2965 1204 3020 ad
1234 2980 1385 3019 suam
1416 2966 1819 3021 suhversionem
1845 2967 2028 3022 valere

437 3059 651 3131 patitur.

510 3151 598 3204 99...
630 3150 684 3204 In
714 3149 962 3204 omnibus
1005 3157 1183 3204 autem
1224 3146 1474 3206 ofﬁciosis
1505 3148 1794 3214 laboribus,
1833 3149 2024 3205 futurzn

436 3243 631 3313 quietis
659 3250 804 3296 certa
826 3240 1242 3310 citspectatione,
1274 3254 1377 3293 non
1405 3237 1684 3310 frangitur.
1717 3240 1852 3307 Quid
1883 3243 2025 3295 enim

437 3333 487 3388 ei
536 3331 774 3395 nocebit,
803 3332 892 3400 qui
925 3331 1061 3386 bene
1091 3331 1164 3384 uti
1193 3332 1353 3385 etiam
1394 3330 1607 3392 inimico
1651 3334 1866 3401 potest?
1897 3333 2028 3402 Ejus

442 3426 586 3481 enim
614 3425 864 3496 praesidio
892 3435 1054 3494 atque
1085 3425 1414 3478 munimento
1443 3423 1746 3480 inimicitias
1773 3440 1878 3479 non
1906 3441 2030 3494 per-

439 3522 690 3584 titnescit,
735 3521 887 3589 cujus
943 3525 1209 3587 praecepto
1258 3526 1314 3573 et
1354 3518 1495 3572 dono
1541 3517 1712 3588 diligit
1760 3518 2024 3574 inimicos.

438 3611 572 3666 Huic
592 3611 702 3664 viro
723 3611 776 3663 in
805 3607 1228 3664 tribulationibus
1252 3624 1434 3678 parum
1463 3616 1544 3662 est
1569 3624 1676 3662 non
1703 3609 2024 3676 contristari,

440 3695 540 3760 nisi
583 3704 743 3759 etiam
779 3703 1041 3773 gaudeat,
1074 3703 1250 3758 sciens
1277 3702 1418 3772 quod
1448 3701 1704 3757 tribulatio
1735 3705 2028 3772 patientiam

439 3805 696 3868 operatur,
731 3794 974 3864 patientia
1014 3793 1388 3863 probationem,
1436 3793 1662 3863 probatio
1691 3812 1867 3864 spent,
1915 3813 2029 3863 spes

439 3897 604 3940 autem
635 3903 734 3938 non
765 3884 1030 3956 confundit
1060 3900 1078 3938 .'
1104 3886 1341 3954 quoniam
1368 3885 1589 3940 citat-itas
1614 3885 1711 3940 Dei
1736 3888 1926 3955 di/Tusa
1957 3899 2030 3942 est

438 3979 493 4032 in
517 3979 750 4031 cordibus
778 3977 959 4029 nostris
989 3993 1078 4045 per
1114 3975 1365 4045 Spiritum
1394 3987 1644 4034 sanctum.
1669 3981 1755 4046 qui
1783 3979 1933 4033 datus
1956 3989 2028 4033 est

441 4069 582 4124 nobis
617 4067 791 4138 (Rom.
820 4083 878 4133 v,
911 4067 1050 4138 5-5).
1082 4065 1211 4134 Quis
1259 4066 1382 4122 huic
1424 4070 1672 4123 nocebit?
1710 4069 1840 4137 Quis
1888 4071 2028 4126 hunc

442 4160 778 4230 subjugahit?
800 4159 969 4212 llomo
986 4160 1072 4228 qui
1094 4158 1364 4228 prosperis
1388 4159 1548 4214 rebus
1576 4162 1800 4229 prolicit,
1821 4163 2028 4231 asperis

445 4255 570 4325 quid
619 4253 902 4322 profecerit
935 4251 1110 4305 discit.
1152 4251 1284 4305 Cum
1317 4251 1457 4305 enim
1489 4253 1821 4306 mutabilium
1863 4253 2029 4307 hono-

440 4363 557 4403 rum
603 4346 754 4401 adest
806 4347 978 4415 copia,
1031 4361 1136 4398 non
1184 4345 1262 4399 eis
1309 4343 1559 4410 conﬁdit;
1602 4344 1696 4399 sed
1735 4361 1855 4399 cum
1896 4346 2026 4402 sub-

444 4439 724 4494 trahuntur
747 4479 761 4504 ,
811 4437 1051 4508 agnoscit
1090 4445 1264 4491 utrum
1310 4452 1442 4492 eum
1476 4453 1578 4491 non
1606 4440 1880 4507 ceperint:
1905 4440 2027 4509 quia

439 4523 754 4602 plerumque
782 4543 901 4582 cum
933 4528 1124 4582 adsunt
1168 4528 1337 4592 nobis,
1380 4538 1622 4598 putamus
1651 4529 1792 4600 quod
1823 4546 1925 4586 non
1965 4546 2026 4586 ea

443 4623 756 4693 diligamus;
783 4621 874 4676 sed
901 4637 1019 4674 cum
1048 4620 1237 4676 abesse
1269 4623 1562 4690 ceperint,
1597 4623 1899 4678 invenimus
1935 4623 2028 4694 qui

443 4719 630 4773 simus.
659 4715 770 4769 Hoc
798 4714 938 4768 enim
970 4714 1086 4768 sine
1115 4728 1298 4770 amore
1325 4725 1508 4769 nostro
1527 4713 1729 4779 aderat,
1753 4716 1892 4785 quod
1913 4717 2030 4770 sine

443 4809 629 4865 dolore
657 4808 902 4863 discedit.
927 4807 1150 4869 Videtur
1173 4824 1300 4877 ergo
1329 4809 1566 4874 vincere,
1592 4824 1711 4863 cum
1743 4809 1986 4864 vincatur
2011 4851 2025 4874 ,

441 4904 530 4974 qui
559 4901 860 4971 superando
883 4901 947 4955 ad
971 4900 1020 4954 id
1053 4902 1310 4970 pervenit,
1347 4902 1487 4970 quod
1510 4919 1628 4955 cum
1650 4901 1835 4957 dolore
1858 4904 2024 4957 amis-

441 5009 598 5051 surus
624 5001 708 5049 est
739 5012 751 5046 :
783 5003 835 5046 et
862 4993 1024 5047 vincit
1051 5008 1173 5046 cum
1200 4993 1335 5046 vinci
1368 4991 1628 5058 videatur,
1663 4994 1902 5062 quisquis
1940 5009 2030 5051 ce«

441 5089 617 5144 dendo
642 5086 708 5141 ad
738 5085 788 5141 id
819 5087 1080 5155 pervenit,
1113 5085 1252 5155 quod
1284 5099 1388 5139 non
1420 5086 1612 5139 amittit
1633 5085 1845 5140 invitus.

572 5177 798 5234 CAPUT
839 5176 1070 5232 XLVlII.
1093 5207 1164 5216 —
1190 5176 1318 5241 Qua:
1343 5177 1407 5230 sit
1434 5181 1651 5248 perfecta
1669 5178 1892 5248 jnstitia.

511 5272 598 5326 95.
630 5271 796 5338 Quem
827 5285 955 5340 ergo
985 5269 1215 5322 delectat
1257 5268 1508 5336 libertas,
1537 5269 1604 5322 ab
1633 5285 1814 5326 amore
1853 5281 2025 5327 muta-

440 5361 623 5416 bilium
675 5376 854 5416 rerum
906 5362 1037 5416 liber
1076 5376 1194 5414 esse
1233 5369 1481 5428 appetat;
1515 5371 1570 5415 et
1609 5378 1764 5431 quem
1806 5380 2029 5434 regnare

502 5495 656 5566 |_t.o_v.
682 5503 886 5565 curru,
901 5493 1191 5560 fmguntur.
1218 5497 1326 5547 Bad.
1353 5501 1405 5549 et
1435 5503 1531 5560 Er.,
1545 5497 1820 5566 jungimur.
1847 5511 2026 5555 At

435 5555 680 5622 undecim,
700 5555 960 5622 gignimur.

499 5619 523 5652 ³
537 5623 644 5668 Mss.
665 5619 880 5681 septem,
907 5633 992 5672 nec
1013 5621 1301 5689 czq'usquam
1322 5623 1551 5687 injuslitia
1573 5622 1628 5691 ﬁt
1649 5624 1872 5689 irritatus.

1419 184 1511 242 DE
1547 183 1740 243 VERA
1775 176 2169 249 RELIGIONE,
2208 179 2272 238 3.
2311 178 2686 240 AUGUSTINI

3613 185 3742 244 ιω

2122 293 2374 363 delectat,
2401 294 2495 352 uni
2522 295 2764 351 omnium
2785 294 3060 366 κρίκοι-1
3081 294 3194 356 Des
3210 292 3470 356 subditus
3483 295 3728 370 haereat,
3753 326 3763 336 -

2125 387 2246 458 plus
2269 404 2393 447 eum
2418 387 2689 459 diligendo
2711 401 2870 466 quam
2911 387 3163 459 seipsum.
3211 386 3281 466 Et
3311 386 3432 445 haec
3467 397 3554 446 est
3585 404 3724 460 per-

2124 477 2261 538 fecta
2301 481 2505 551 iustitia
2523 519 2542 548 ,
2590 495 2694 551 qua
2741 479 2916 550 potius
2943 477 3151 549 potiora
3172 511 3188 543 ,-
3211 485 3270 533 et
3295 478 3474 536 minus
3501 478 3719 536 minora

2124 570 2414 642 diligimus.
2445 573 2758 642 Sapientem
2785 571 3016 628 animam
3042 580 3203 641 atque
3231 570 3521 641 perfectam
3551 572 3728 631 talem

2126 662 2330 734 diligat,
2371 665 2581 735 qualem
2624 664 2766 720 illam
2795 662 2975 729 videt;
3012 664 3226 738 stultam
3256 677 3367 719 non
3397 665 3578 732 talem,
3621 665 3729 724 sed

2130 757 2254 828 quia
2281 771 2401 813 esse
2419 755 2652 828 perfecta
2675 766 2732 813 et
2757 757 2972 827 sapiens
2993 765 3171 827 potest
3187 774 3200 812 :
3215 757 3336 828 quia
3363 773 3462 814 nec
3485 758 3734 830 seipsum

2126 848 2288 904 debet
2326 849 2547 904 stultum
2595 850 2839 920 diligere.
2868 848 3002 905 Nam
3030 847 3124 920 qui
3156 865 3216 906 se
3252 849 3427 922 diligit
3451 851 3674 908 stultum
3702 893 3728 922 ,

2127 953 2238 996 non
2265 941 2508 1010 proﬁciet
2548 940 2616 996 ad
2653 941 3006 1011 sapientiam;
3030 955 3134 997 nec
3160 941 3250 998 fiet
3271 943 3516 1014 quisquis
3547 943 3735 1016 qualis

2127 1033 2274 1104 cupit
2298 1046 2439 1096 esse,
2472 1033 2573 1087 nisi
2604 1047 2662 1087 se
2687 1033 2860 1088 oderit
2888 1034 3060 1104 qualis
3083 1043 3187 1090 est.
3212 1034 3318 1090 Sed
3339 1035 3512 1091 donec
3539 1037 3607 1093 ad
3634 1053 3734 1093 sa-

2131 1125 2382 1194 pientiam
2435 1124 2928 1197 perfectionemque
2969 1126 3245 1192 veniatur,
3283 1141 3350 1183 eo
3381 1129 3564 1184 animo
3586 1128 3733 1186 ferat

2129 1216 2402 1270 stultitiam
2427 1217 2673 1285 proximi,
2703 1231 2810 1287 quo
2842 1231 2993 1272 suam
3023 1217 3207 1284 ferret,
3237 1218 3281 1272 si
3309 1219 3504 1274 stultus
3541 1229 3726 1288 esset,

2129 1318 2182 1363 et
2209 1317 2413 1364 amaret
2440 1310 2779 1378 sapientiam.
2805 1309 3142 1379 QuaprOpter
3173 1311 3217 1364 si
3246 1319 3304 1365 et
3329 1309 3442 1380 ipsa
3470 1313 3730 1382 superbia

2129 1415 2274 1454 verte
2315 1399 2574 1454 libertatis
2597 1409 2652 1455 et
2683 1401 2795 1466 veri
2838 1401 2988 1471 regni
3036 1400 3224 1455 umbra
3263 1409 3370 1469 est,
3425 1403 3584 1458 etiam
3624 1413 3732 1474 per

2129 1492 2298 1563 ipsam
2342 1507 2441 1547 nos
2466 1501 2850 1548 commemorat
2888 1493 3066 1548 divina
3117 1494 3452 1565 providentia
3486 1496 3611 1567 quid
3650 1498 3730 1552 si-

2131 1589 2448 1660 gniﬁcemus
2475 1589 2670 1656 vitiosi,
2700 1598 2752 1643 et
2778 1603 2885 1659 quo
2914 1588 3208 1644 debeamus
3235 1587 3410 1645 redire
3433 1590 3686 1646 correcti.

2129 1679 2355 1736 CAPUT
2378 1678 2566 1734 XLIX.
2594 1709 2666 1721 —
2697 1678 2772 1732 De
2800 1679 3089 1734 curiositate
3112 1679 3346 1751 da'nt‘eps
3364 1721 3380 1746 ,
3407 1690 3463 1734 ut
3487 1681 3584 1736 hoc
3603 1681 3729 1736 vitio

2342 1770 2670 1824 adnwnemur
2693 1770 2760 1822 ad
2779 1770 3217 1839 contemplandum
3231 1771 3506 1826 ueritatem.

2201 1863 2292 1918 94.
2322 1861 2442 1916 iam
2472 1877 2603 1916 vero
2638 1871 2829 1916 cuncta
2863 1861 3190 1931 spectacula,
3217 1870 3274 1918 et
3299 1863 3475 1918 omnis
3495 1863 3582 1918 illa
3603 1879 3729 1935 quae

2131 1954 2431 2024 appellatur
2453 1954 2756 2017 curiositas,
2785 1953 2911 2023 quid
2935 1954 3080 2009 aliud
3101 1955 3294 2024 quaerit
3325 1971 3483 2026 quam
3521 1956 3589 2012 de
3630 1971 3726 2012 re.

2131 2061 2250 2100 rum
2294 2046 2596 2116 cognitione
2631 2045 2909 2100 laetitiam?
2956 2045 3094 2113 Quid
3142 2061 3272 2117 ergo
3315 2047 3725 2118 admirabilius,

2131 2137 2256 2207 quid
2289 2137 2583 2208 speciosius
2610 2139 2724 2207 ipsa
2753 2139 2994 2204 veritate,
3022 2137 3089 2192 ad
3121 2153 3280 2208 quam
3307 2140 3484 2194 omnis
3507 2152 3726 2210 specta-

2133 2239 2217 2284 tor
2240 2231 2520 2300 pervenire
2559 2244 2620 2284 se
2659 2243 2857 2299 cupere
2887 2227 3193 2294 conﬁtetur,
3224 2239 3348 2285 cum
3374 2232 3729 2288 vehementer

2132 2336 2202 2377 ne
2239 2320 2453 2376 fallatur
2488 2321 2743 2390 invigilat,
2775 2329 2832 2376 et
2857 2322 2982 2378 inde
3008 2337 3068 2377 se
3092 2323 3257 2391 jactat
3283 2324 3332 2379 si
3359 2323 3486 2394 quid
3515 2325 3730 2382 acutius

2132 2414 2365 2478 caeteris,
2385 2420 2438 2466 et
2464 2412 2695 2466 vivacius
2717 2417 2773 2465 in
2789 2412 3083 2482 spectando
3101 2423 3388 2484 cognoscat
3411 2424 3465 2469 et
3480 2415 3730 2485 iudicet?

2132 2499 2310 2570 Ipsum
2353 2501 2587 2572 denique
2616 2503 3079 2572 praestigiatorem,
3113 2504 3246 2558 nihil
3268 2505 3410 2560 aliud
3437 2520 3596 2577 quam
3625 2506 3731 2562 fal-

2133 2592 2317 2647 laciam
2343 2595 2700 2663 proﬁtentem,
2724 2593 3007 2664 diligenter
3033 2596 3321 2662 intuentur,
3347 2607 3399 2652 et
3419 2600 3729 2656 cautissime

2133 2683 2450 2749 observant;
2479 2693 2532 2739 et
2560 2685 2605 2738 si
2633 2685 2954 2752 eiuduntur,
3002 2687 3128 2756 quia
3172 2700 3264 2740 sua
3307 2703 3412 2742 non
3461 2701 3722 2760 possunt,

2135 2774 2277 2829 illius
2304 2774 2641 2828 delectantur
2670 2775 2889 2829 scientia
2926 2776 3013 2844 qui
3057 2789 3152 2831 eos
3177 2776 3362 2831 eludit.
3410 2778 3543 2833 Nam
3587 2782 3632 2837 si
3671 2791 3729 2837 et

2136 2867 2226 2923 ille
2253 2867 2485 2921 nesciret
2511 2866 2703 2936 quibus
2727 2867 2905 2922 causis
2931 2866 3179 2921 fallantur
3204 2869 3490 2932 intuentes,
3517 2872 3602 2926 vel
3627 2888 3727 2929 ne-

2137 2959 2277 3012 scire
2304 2957 2633 3023 crcderetur,
2667 2957 2866 3026 pariter
2895 2959 3094 3013 erranti
3124 2959 3300 3014 nullus
3340 2961 3635 3030 plauderct.
3664 2963 3724 3020 Si

2134 3049 2252 3120 quis
2278 3055 2456 3102 autem
2481 3047 2548 3102 de
2576 3048 2771 3118 populo
2796 3063 2932 3103 unus
2970 3064 3091 3104 eum
3132 3050 3566 3122 deprehenderit,
3610 3067 3728 3109 ma-

2129 3139 2300 3209 jorem
2328 3139 2416 3192 illo
2441 3139 2653 3194 laudem
2679 3153 2741 3194 se
2766 3141 2958 3195 mereri
2997 3149 3176 3210 putat,
3205 3157 3314 3197 non
3337 3143 3408 3197 ob
3430 3143 3595 3209 aliud,
3619 3147 3726 3202 nisi

2133 3233 2253 3302 quia
2282 3231 2453 3301 decipi
2483 3231 2702 3301 fallique
2723 3247 2828 3286 non
2851 3233 3038 3302 potuit.
3073 3232 3128 3288 Si
3159 3244 3336 3288 autem
3366 3236 3546 3291 multis
3568 3252 3728 3309 aper-

2135 3332 2220 3376 tus
2246 3322 2336 3388 sit,
2371 3337 2477 3375 non
2507 3322 2598 3375 ille
2636 3321 2912 3388 laudatur;
2958 3322 3053 3377 sed
3097 3323 3388 3379 irridentur
3415 3328 3594 3382 caeteri
3633 3329 3728 3398 qui

2136 3413 2256 3467 talia
2281 3412 2682 3484 deprehendere
2710 3425 3001 3484 nequeunt.
3031 3413 3108 3470 ita
3129 3417 3302 3472 omnis
3326 3418 3499 3487 palma
3535 3422 3726 3492 cogni-

2135 3503 2266 3558 tioni
2279 3505 2457 3570 datur,
2471 3513 2526 3559 et
2542 3504 2790 3572 artiﬁcio,
2808 3513 2860 3560 et
2877 3507 3340 3576 comprehensioni
3363 3509 3601 3565 veritatis
3626 3529 3638 3565 :
3655 3514 3725 3569 ad

2134 3609 2292 3665 quam
2319 3596 2464 3649 nuilo
2489 3595 2650 3649 modo
2686 3597 3001 3665 perveniunt
3020 3598 3116 3667 qui
3159 3599 3286 3653 foris
3313 3613 3430 3655 eam
3457 3612 3722 3672 quaerunt.

2207 3684 2296 3744 95.
2348 3686 2530 3756 Itaque
2565 3687 2621 3741 in
2661 3696 2836 3743 tantas
2873 3703 3039 3760 nugas
3077 3699 3131 3745 et
3168 3693 3520 3762 turpitudines
3560 3698 3723 3753 mersi

2133 3792 2350 3844 sumus,
2393 3788 2449 3833 ut
2483 3793 2604 3832 cum
2633 3779 2942 3850 interrogati
2965 3781 3094 3850 quid
3122 3783 3190 3836 sit
3212 3784 3418 3852 melius,
3449 3793 3633 3841 verum
3654 3803 3726 3843 an

2137 3867 2347 3934 falsum,
2389 3885 2482 3925 ore
2510 3886 2616 3923 uno
2644 3872 3088 3940 respondeamus,
3117 3885 3299 3929 verum
3334 3889 3453 3931 esse
3491 3881 3724 3950 melius;

2130 3960 2269 4031 jocis
2293 3975 2346 4017 et
2373 3963 2510 4016 ludis
2536 3971 2734 4028 tamen,
2758 3963 2846 4017 ubi
2872 3978 2970 4018 nos
2992 3965 3172 4035 utique
3191 3979 3296 4021 non
3320 3975 3465 4036 vera,
3485 3970 3577 4025 sed
3603 3971 3726 4028 ﬁcta

2136 4054 2432 4120 delectant,
2481 4057 2652 4110 multo
2684 4056 3002 4125 propensius
3039 4067 3199 4128 quam
3249 4061 3528 4130 praceptis
3559 4062 3727 4136 ipsius

2135 4149 2374 4203 veritatis
2413 4148 2740 4204 hmreams.
2785 4150 2861 4203 Ita
2911 4159 3096 4205 nostro
3131 4152 3334 4221 judicio
3360 4159 3414 4208 et
3445 4165 3538 4210 ore
3570 4157 3726 4226 puni-

2137 4255 2279 4304 mur,
2297 4239 2437 4294 aliud
2465 4241 2673 4295 ratione
2695 4241 3068 4310 approbantes,
3089 4243 3235 4298 aliud
3253 4246 3486 4302 vanitate
3509 4257 3725 4305 sectan-

2137 4339 2237 4385 tes.
2267 4330 2490 4384 Tamdiu
2515 4340 2694 4385 autem
2726 4339 2810 4385 est
2843 4331 3105 4386 ludicrum
3133 4341 3187 4388 et
3209 4334 3449 4403 joculare
3478 4329 3677 4409 aliquid
3706 4383 3722 4408 ,

2136 4422 2386 4492 quamdiu
2410 4422 2658 4477 novimus
2677 4423 2727 4476 in
2746 4423 2900 4493 cujus
2917 4426 3028 4479 veri
3047 4429 3442 4497 comparatione
3463 4429 3722 4489 rideatur.

2136 4514 2242 4570 Sed
2259 4514 2525 4585 diligendo
2544 4515 2666 4570 talia
2687 4516 2979 4572 excidimus
3005 4533 3034 4570 a
3060 4533 3206 4586 vero,
3237 4531 3288 4575 et
3317 4534 3422 4575 non
3439 4522 3548 4591 jam
3571 4523 3726 4579 inve.

2136 4607 2314 4661 nimus
2341 4620 2563 4677 quarum
2585 4621 2763 4660 rerum
2789 4608 3115 4664 imitamenta
3128 4611 3253 4678 sint,
3268 4613 3458 4682 quibus
3475 4622 3726 4685 tanquam

2137 4699 2324 4769 primis
2359 4699 2593 4768 pulchris
2641 4701 2927 4770 inhiamus,
2971 4712 3025 4757 et
3066 4704 3132 4758 ab
3157 4705 3236 4759 eis
3266 4706 3576 4764 recedentes
3611 4724 3726 4766 am-

2137 4789 2413 4860 plexantur
2436 4799 2611 4844 nostra
2639 4789 3024 4861 phantasmata.
3055 4794 3187 4850 Nam
3205 4799 3552 4854 redeuntibus
3572 4802 3726 4858 nobis

2135 4881 2201 4936 ad
2226 4882 2642 4951 investiganda!“
2669 4883 2968 4952 veritatem,
2992 4886 3103 4958 ipsa
3127 4886 3179 4941 in
3204 4889 3396 4946 itinere
3416 4901 3723 4953 occurrunt.

2135 4988 2186 5028 et
2221 4988 2318 5028 nos
2346 4975 2570 5028 transire
2592 4988 2697 5028 non
2721 4976 2922 5042 sinunt,
2952 4978 3113 5032 nullis
3137 4980 3362 5048 viribus-,-
3395 4983 3494 5038 Sed
3519 4985 3722 5056 magnis

2138 5065 2344 5120 insidiis
2378 5066 2781 5133 latrocinantia,
2814 5083 2920 5122 non
2953 5069 3368 5142 intelligentibus
3407 5090 3564 5144 quam
3619 5077 3725 5136 late

2136 5168 2309 5229 pateat
2340 5157 2481 5228 quod
2523 5159 2721 5214 dictum
2749 5169 2830 5214 est
2857 5176 2870 5211 :
2900 5157 3078 5217 Cavete
3119 5179 3150 5216 a
3175 5158 3459 5223 simulacris
3486 5167 3530 5241 (Ι
3563 5166 3723 5227 locu.

2139 5265 2199 5315 ν,
2229 5250 2289 5305 at
2321 5249 2360 5320 ).

2207 5340 2294 5397 96.
2330 5340 2512 5411 Itaque
2544 5342 2632 5398 alii
2658 5349 2752 5412 per
2773 5346 3182 5404 innumerabiles
3217 5351 3441 5405 mundos
3465 5367 3596 5424 vaga
3627 5370 3724 5412 τοι

2135 5436 2391 5505 gitatione
2423 5437 2641 5491 volutati
2684 5447 2825 5492 sunt.
2865 5438 2968 5492 Alii
3009 5439 3175 5495 Deum
3219 5442 3339 5497 esse
3381 5457 3486 5498 non
3520 5459 3677 5516 posse
3703 5489 3720 5518 ,

2138 5525 2240 5581 nisi
2271 5541 2462 5597 corpus
2494 5530 2702 5599 igneum
2747 5538 3080 5597 putaverunt.
3122 5531 3226 5586 Alii
3256 5533 3545 5592 candorem
3591 5540 3723 5596 lucis

2136 5621 2414 5676 immensae
2437 5635 2538 5692 per
2553 5620 2760 5675 inﬁnita
2786 5620 2956 5691 Spatia
2985 5635 3366 5696 usquetpiaque
3393 5641 3722 5700 porrectum,
