3906 6324
178 233 291 290 ηδ

171 364 249 403 ex
271 360 367 400 una
391 352 571 399 tamen
596 349 752 414 parte
771 342 923 413 quasi
950 341 1100 412 nigro
1115 340 1346 412 quodam
1364 354 1536 396 cuneo
1559 329 1764 411 ﬁssum,

170 439 282 494 duo
309 435 530 492 adversa
572 449 740 505 regna
780 435 1080 505 opinantes,
1119 439 1173 488 et
1210 433 1331 487 talia
1374 433 1535 488 rebus
1565 434 1768 488 consti-

168 540 384 587 tuentes
413 526 695 599 principia,
738 541 859 581 cum
898 525 1011 581 suis
1053 525 1509 595 phantasmalibus
1547 521 1765 583 fabulati

165 635 314 679 sunt.
363 622 510 690 Quos
547 619 594 676 si
642 617 824 691 iurare
869 617 1054 688 cogam
1096 617 1273 672 utrum
1319 617 1433 673 lucc
1475 627 1599 674 vera
1643 634 1764 676 esse

160 717 362 780 sciant,
388 707 619 768 fci'tasse
646 727 752 764 non
775 709 1021 776 audeant,
1048 699 1145 764 "sed
1173 708 1406 764 vicissim
1435 709 1612 765 dicant
1640 727 1655 766 :
1682 711 1761 767 Tu

161 809 330 879 igitur
355 802 582 861 ostende
609 803 736 874 quid
762 797 947 858 verum
971 799 1057 856 Sit.
1085 799 1288 870 Quibus
1317 804 1359 857 si
1392 801 1519 856 nihil
1543 817 1764 873 respon-

158 900 348 965 deam,
376 893 476 952 nisi
509 905 566 950 ut
594 889 737 948 illam
779 891 950 948 lucem
993 901 1254 963 quaerant,
1299 907 1401 962 qua
1440 892 1518 947 eis
1542 901 1760 962 apparet

158 1005 218 1050 et
247 1004 458 1048 certum
499 1001 584 1046 est
623 987 766 1044 aliud
801 1002 920 1044 esse
962 983 1214 1051 credere,
1248 984 1387 1038 aliud
1417 984 1754 1056 intelligere;

153 1074 408 1156 iurarent
442 1092 495 1139 et
523 1074 647 1154 ipSi,
679 1073 777 1135 nec
803 1074 969 1134 oculis
999 1077 1166 1132 videri
1199 1093 1354 1147 posse
1386 1076 1537 1131 istam
1561 1078 1750 1144 luccm‘,

161 1191 265 1231 nec
290 1191 415 1230 cum
442 1173 616 1243 aliqua
639 1165 872 1225 locorum
895 1165 1137 1222 vaStitate
1158 1165 1398 1237 cogitari,
1417 1177 1469 1221 et
1492 1181 1754 1236 nusquam

158 1283 270 1322 non
302 1274 500 1337 praesto
517 1279 638 1319 esse
658 1257 1042 1332 quzerentibus,
1067 1263 1119 1313 et
1140 1257 1270 1312 nihil
1297 1263 1359 1312 ea
1380 1258 1574 1312 certius
1594 1265 1753 1327 atque

156 1359 414 1415 screnius
444 1353 688 1410 inveniri.
858 1441 870 1454 .
997 1443 1000 1446 Α
1061 1435 1068 1444 ι
1148 1440 1164 1454 .
1250 1441 1264 1454 .
1397 1441 1410 1454 _
1687 1441 1719 1454 ﬂ

231 1450 327 1504 97.
357 1449 487 1516 Qua:
514 1460 701 1501 rursus
730 1441 928 1509 omnia,
971 1435 1090 1514 quae
1133 1440 1199 1496 de
1250 1441 1348 1495 hac
1397 1441 1515 1497 luce
1559 1441 1751 1495 mentis

152 1559 309 1600 nunc
351 1558 380 1596 a
416 1556 501 1595 me
541 1531 680 1594 dicta
726 1546 868 1602 sunt,
901 1534 1044 1590 nulla
1087 1532 1188 1590 alia
1232 1543 1388 1604 quam
1419 1531 1605 1589 eadem
1634 1532 1750 1587 luce

154 1636 445 1692 manifesta
463 1640 602 1688 sunt.
629 1633 729 1687 Per
754 1631 888 1684 hanc
910 1627 1048 1683 enim
1080 1627 1313 1698 intelligo
1341 1633 1462 1681 vera
1488 1635 1607 1681 esse
1631 1641 1749 1728 qua:

155 1725 306 1782 dicta
338 1733 478 1790 sunt,
507 1732 561 1777 et
586 1723 699 1776 haec
724 1735 809 1775 me
833 1717 1126 1788 intelligere
1152 1723 1247 1786 per
1269 1715 1404 1820 hanc
1440 1727 1625 1820 rursus

155 1787 365 1886 telligo.
389 1787 574 1870 Etlwc
603 1827 786 1867 rursus
811 1820 864 1865 et
885 1787 1068 1864 rursus
1092 1812 1211 1864 cum
1233 1807 1456 1910 quisque
1471 1815 1533 1910 se
1541 1805 1746 1910 aliquid

151 1908 460 1976 inteiiigere
489 1899 774 1976 intelligit,_
803 1909 857 1954 et
899 1899 1127 1968 idipsum
1168 1907 1352 2000 rprsus'
1386 1897 1648 1968 intelligit,

148 1983 426 2054 inﬁnitum
454 2007 675 2064 pergere
703 1989 962 2060 intelligo,
1007 1997 1060 2043 et
1103 1987 1245 2044 nulla
1288 1986 1375 2042 hic
1415 1999 1536 2044 esse
1577 1986 1743 2056 spatia

147 2091 472 2162 cuiusquam
511 2083 734 2141 tumoris
762 2083 852 2137 aut
879 2080 1221 2137 volubilitatis
1259 2079 1495 2150 intelligo
1533 2098 1546 2134 :
1585 2081 1743 2136 intel-

145 2182 269 2252 ligo
299 2181 457 2236 etiam
483 2194 588 2232 non
616 2193 700 2231 me
725 2190 878 2246 posse
909 2173 1225 2242 intelligere,
1252 2172 1351 2226 nisi
1372 2171 1636 2236 vivam,ct
1655 2185 1743 2226 me

144 2274 477 2330 vivaciorem
499 2266 839 2337 intelligendo
862 2264 997 2330 ﬁeri,
1021 2264 1218 2318 certius
1239 2262 1492 2334 intelligo.
1517 2261 1740 2318 Eterna

144 2368 306 2421 enim
336 2364 435 2416 vita
462 2364 620 2414 vitam
665 2357 1003 2427 temporalem
1033 2355 1308 2409 vivacitate
1334 2354 1446 2423 ipsa
1485 2361 1735 2460 superat:

144 2473 262 2514 nec
306 2455 428 2526 quid
469 2455 538 2508 sit
582 2451 872 2517 aeternitas,
914 2445 1016 2504 nisi
1062 2447 1403 2538 intelligendo
1447 2448 1736 2518 conSpicio.

141 2550 351 2606 Mentis
375 2547 568 2618 quippe
595 2552 812 2614 aspectu
833 2557 1044 2596 omnem
1071 2538 1472 2642 mutabilitatem
1495 2538 1560 2642 ab
1586 2547 1730 2642 teter-

142 2642 326 2698 nitate
353 2641 590 2708 sejungo,
622 2645 675 2691 et
701 2637 751 2689 in
782 2635 892 2704 ipsa
921 2631 1215 2687 aaternita'te
1241 2631 1385 2734 nulla
1407 2631 1575 2734 spatia
1601 2640 1736 2734 tein-

144 2733 308 2805 poris
327 2745 520 2795 cerno;
551 2728 671 2798 quia
703 2728 869 2795 spatia
896 2723 1148 2828 temporis
1174 2723 1458 2794 praeteritis
1478 2732 1530 2777 et
1553 2723 1737 2828 futuris

143 2841 337 2881 rerum
383 2820 612 2876 motibus
669 2825 935 2872 constant.
983 2811 1121 2870 Nihil
1170 2825 1346 2869 autem
1404 2813 1734 2917 prmteritoin

143 2925 379 2980 aterno,
407 2921 459 2967 et
489 2910 616 2965 nihil
653 2910 882 2963 futurum
920 2915 1028 2972 est;
1060 2905 1182 2976 quia
1213 2903 1433 3008 et‘quod
1461 2905 1694 3008 prseterit
1715 2946 1730 2970 ,

140 3022 274 3065 esse
290 3004 504 3070 desinit,
528 3012 580 3058 et
601 2997 738 3071 quod
765 3001 995 3054 futurum
1017 3005 1117 3061 est,
1144 2996 1513 3100 nondu‘utoesse
1533 2996 1696 3100 etrapit
1718 3014 1730 3049 :

140 3099 422 3156 aeternitas
445 3103 645 3158 autem,
671 3087 1033 3146 tantummodo
1058 3097 1168 3151 est;
1194 3103 1292 3142 nec
1320 3087 1431 3151 fuit,
1457 3089 1604 3157 quasi
1622 3087 1731 3157 jam

138 3179 260 3247 neu
289 3189 386 3250 sit;
413 3201 511 3241 nec
546 3184 679 3249 erit,
725 3179 875 3252 quasi
903 3179 1075 3234 adhuc
1118 3181 1222 3232 non
1266 3177 1353 3232 sit.
1403 3178 1576 3245 Quare
1620 3178 1731 3232 sola

139 3282 266 3354 ipsa
289 3277 565 3334 verissime
591 3275 765 3330 dicere
792 3270 958 3343 potuit
984 3269 1228 3324 humanm
1263 3269 1446 3334 menti,
1479 3268 1587 3340 Ego
1620 3285 1731 3322 sum

140 3345 236 3445 qui
276 3389 425 3437 sum;
469 3377 522 3425 et
551 3367 618 3424 de
656 3367 743 3420 illa
773 3363 1045 3419 verissime
1074 3361 1175 3417 dici
1205 3363 1369 3433 petuit
1390 3404 1405 3429 ,
1444 3360 1584 3416 Misit
1613 3377 1690 3416 me
1711 3404 1726 3427 ,

143 3450 236 3536 qui
263 3473 332 3517 est
356 3459 548 3534 (Exod.
579 3475 654 3556 tu,
1060 3555 1066 3556 γ
1100 3545 1122 3556 ⁸.
1155 3552 1166 3556 Δ
1261 3547 1264 3550 .
1320 3554 1330 3556 ξ
1370 3543 1402 3556 Δ.
1640 3543 1673 3556 Α.

143 3553 373 3611 CAPUT
419 3551 480 3606 L.
511 3580 586 3592 -—
613 3547 992 3618 Scripturarum
1021 3555 1066 3599 et
1094 3545 1556 3614 interpretationum
1577 3545 1723 3596 ratio.

628 3637 882 3711 Allegoria
909 3635 1244 3708 quadruplex.

214 3737 306 3795 98.
332 3736 429 3792 Cui
456 3735 500 3790 si
532 3725 762 3788 nondmn
791 3746 1068 3801 possumus
1090 3728 1727 3798 iob-.erere,objurgemus

137 3831 332 3885 saltem
364 3837 540 3882 nostra
569 3821 958 3897 phantasmata,
988 3832 1040 3877 et
1072 3827 1176 3874 tam
1209 3821 1513 3891 nugatorias
1547 3827 1601 3875 et
1628 3819 1724 3875 de-

136 3922 412 3993 ceptorios
440 3918 592 3973 ludos
621 3918 687 3971 de
711 3913 1008 3986 spectaculo
1046 3915 1258 4016 mentis.
1277 3912 1725 4016 ejiciarrt‘tts..Uta-

134 4029 266 4071 mur
289 4005 541 4084 gradibus
568 4025 702 4079 quos
733 4007 884 4061 nobis
909 4004 1084 4060 divina
1115 4003 1436 4109 providentia
1465 4003 1724 4109 fabricare

136 4107 356 4178 dignata
400 4112 502 4160 est.
557 4102 687 4156 Cum
734 4098 874 4156 enim
924 4097 1187 4170 ﬁgmentis
1239 4097 1456 4198 ludicris
1505 4097 1724 4198 nimium

139 4197 394 4254 delectati
425 4207 867 4248 evanesceremus
892 4189 942 4242 iti
981 4188 1388 4260 cogitationibus
1423 4188 1638 4253 nostris,
1671 4197 1724 4242 et

139 4297 305 4343 totam
339 4288 494 4340 vitam
543 4284 594 4338 in
643 4282 882 4354 quzcdam
930 4297 1061 4335 vana
1104 4277 1308 4335 somnia
1346 4288 1720 4348 vertercmus;

135 4379 386 4436 rationali
426 4386 666 4432 creatura
697 4375 712 4406 ¹
742 4375 1007 4428 serviente
1036 4371 1239 4443 legibus
1265 4374 1374 4426 suis
1394 4413 1408 4436 ,
1439 4387 1534 4442 per
1561 4387 1722 4429 sonos

137 4489 201 4529 ac
227 4473 454 4536 litteras,
486 4471 680 4538 ignem,
718 4469 942 4533 l'umum,
971 4466 1188 4529 nubem.
1215 4467 1534 4532 columnam,
1569 4467 1719 4537 quasi

137 4565 383 4638 quaedam
428 4563 587 4618 verba
628 4557 884 4627 visibilia,
926 4575 1047 4616 cum
1093 4557 1309 4614 infantia
1355 4571 1533 4615 nostra
1565 4577 1719 4631 para-

136 4657 276 4714 bolis
302 4672 364 4711 ac
388 4651 821 4710 similitudinibus
846 4649 1236 4722 quodammodo
1270 4651 1468 4716 ludere,
1500 4661 1553 4706 et
1580 4653 1720 4708 inte-

136 4752 308 4806 riores
352 4754 533 4802 oculos
590 4755 800 4800 nostros
839 4744 948 4798 luto
985 4739 1349 4812 hujuscemodi
1386 4758 1571 4799 curare
1613 4757 1718 4800 non

142 4851 425 4913 aspernata
450 4846 532 4893 est
558 4835 836 4891 ineﬁ‘abilis
863 4833 1221 4934 misericordia
1554 4927 1570 4934 -
1593 4928 1607 4934 _
1673 4932 1676 4934 Ὺ

109 4929 117 4938 ’
210 4919 299 4986 99.
329 4931 718 4999 Distinguamus
739 4943 868 4999 ergo
886 4929 1040 4998 quam
1067 4927 1220 4983 ﬁdem
1244 4928 1530 4983 debeamus
1554 4927 1717 4985 histo-

137 5025 252 5092 riae,
273 5037 434 5093 quam
462 5023 619 5078 ﬁdem
657 5013 944 5077 debeamus
985 5019 1365 5090 intelligentiae,
1402 5021 1524 5092 quid
1570 5038 1719 5076 man-

200 5177 220 5212 ι
241 5177 436 5227 Erudito
456 5173 570 5248 Virg
582 5172 736 5248 visum
752 5175 857 5248 erat
873 5171 1141 5248 legendam
1317 5171 1602 5248 ξηωίρῃιιιι.
1626 5180 1719 5230 Sed

135 5246 240 5292 ⁸⁸·
259 5252 434 5290 omnes
453 5245 506 5288 θῑ
542 5237 652 5286 md-
678 5234 1347 5310 f9§umogaiioualicreatura
1372 5250 1392 5310 εΔ
1409 5239 1584 5310 quibus
1607 5253 1718 5310 veg.

172 5304 237 5368 is,
249 5303 340 5351 nisi
357 5297 902 5368 fanimyr,_iti_telligeutl‘i
925 5299 1126 5368 veniunt
1144 5297 1327 5368 angeli,
1346 5307 1397 5348 ut
1421 5297 1539 5368 intra
1565 5316 1619 5368 n._
1636 5301 1716 5366 99,

137 5369 188 5416 ιι
206 5359 320 5423 ﬁne,
345 5369 398 5412 et
414 5364 464 5411 in
481 5359 566 5430 lib,
581 5360 616 5410 5
630 5359 694 5430 de
714 5359 880 5430 Libero
897 5359 1243 5430 Arbitrio,_mii.
1268 5362 1342 5430 lt),
1365 5373 1413 5408 n.
1439 5362 1515 5412 30.
1536 5365 1632 5424 (iul,
1655 5359 1718 5426 pé

779 5397 878 5409 ,ων
897 5397 1098 5409 ,,,,,...,ν
1140 5397 1192 5410 ν..
1217 5397 1243 5406 ..
1269 5397 1324 5410 ,υ
1439 5397 1515 5412 νυ.
1671 5397 1717 5416 ,υ

138 5397 398 5487 Fannio:
630 5397 933 5494 loquebatup
942 5397 1162 5494 antique
1184 5397 1412 5494 lintribus,
1450 5397 1717 5494 eorumque

137 5482 407 5537 minisierio
424 5482 689 5560 exhibebat
705 5482 856 5543 sonos,
882 5482 1083 5560 litteras,
1103 5482 1276 5560 ignem,
1303 5486 1504 5560 ρριιιςηε,
1525 5482 1712 5560 warm,

135 5551 424 5609 catmum,
460 5553 512 5600 et
545 5545 716 5596 similia
741 5551 975 5619 portenta,
997 5545 1106 5609 quae
1122 5545 1189 5619 "in
1232 5545 1382 5619 sacris
1423 5549 1571 5618 libris
1605 5545 1716 5619 nar;

134 5623 318 5665 rantur.
345 5607 417 5674 sic
437 5623 605 5661 autem
632 5615 985 5673 prosequuntur
1009 5607 1115 5660 titss.
1138 5607 1384 5674 plerique,
1404 5608 1632 5662 serviente
1653 5611 1715 5664 de

136 5675 316 5742 legibus
336 5673 459 5735 suis,
477 5681 580 5724 etc.

1600 226 1806 285 LIBER
1842 228 1933 288 UN
1941 231 2045 289 US.

3351 265 3456 323 106

1877 327 2064 402 demus
2087 343 2377 422 memoriae,
2393 340 2576 414 verum
2592 376 2711 419 esse
2727 369 3043 429 nescientes.
3061 375 3153 429 sed
3173 377 3450 437 credentes

1875 441 2076 493 tamen.
2106 436 2174 495 Et
2203 442 2288 497 tibi
2323 445 2392 500 sit
2420 457 2624 518 rerum,
2662 455 2802 524 quod
2835 475 2936 512 non
2965 465 3106 518 venit
3141 474 3193 519 et
3223 473 3450 538 transit,

1873 527 1969 583 sed
1993 543 2205 600 semper
2234 533 2419 591 eodem
2452 541 2610 595 modo
2638 556 2832 601 manet.
2854 550 2952 616 Qui
2982 554 3047 606 sit
3071 557 3258 612 modus
3288 561 3454 617 inter~

1871 622 2140 688 pretanda:
2167 624 2430 696 allegorice
2450 672 2463 694 ,
2491 641 2610 703 qua:
2653 645 2749 705 per
2774 641 3082 709 sapientiam
3111 648 3248 703 dicta
3281 655 3453 709 credi-

1870 719 1958 767 tur
1979 712 2032 768 in
2051 714 2246 785 Spiritu
2263 727 2446 776 sancto
2472 737 2487 777 :
2514 735 2688 782 utrum
2707 743 2734 783 a
2755 732 3046 792 visibilibus
3062 741 3449 809 antiquioribus

1866 801 1934 857 ad
1986 801 2208 861 visibilia
2248 813 2544 869 recentiora
2586 832 2702 872 eam
2747 824 3037 889 perdocere
3080 832 3330 897 suiﬁciat;
3380 854 3445 892 an

1865 907 2032 963 usque
2060 895 2124 950 ad
2156 901 2346 956 animae
2385 903 2699 964 affectiones
2720 921 2878 983 atque
2904 927 3164 986 naturain,
3193 941 3255 978 an
3282 943 3445 996 nSque

1861 983 1929 1037 ad
1958 983 2441 1050 incommutabilem
2469 1001 2820 1058 :eternitatem
2857 1023 2868 1059 :
2897 1024 2962 1062 an
2994 1010 3110 1066 alia:
3149 1015 3446 1084 signiﬁcent

1859 1079 2006 1143 gesta
2057 1078 2280 1136 visibilia
2306 1125 2321 1147 ,
2361 1086 2478 1142 aliae
2526 1099 2698 1145 motus
2732 1095 3027 1154 animorum
3053 1143 3069 1168 ,
3115 1103 3230 1158 alia:
3274 1108 3441 1179 legent

1858 1165 2198 1235 aeternitatis;
2241 1187 2307 1226 an
2349 1175 2540 1247 aliqua:
2589 1180 2960 1253 inveniantur,
3003 1190 3052 1244 in
3098 1195 3286 1261 quibus
3329 1197 3441 1256 inec

1857 1258 2034 1312 omnia
2075 1255 2377 1335 vestiganda
2407 1271 2532 1323 sint.
2565 1267 2632 1324 Et
2661 1289 2777 1342 qtae
2805 1278 2872 1331 sit
2898 1281 3104 1337 stabilis
3133 1284 3282 1352 ﬁdes,
3327 1296 3440 1348 sive

1857 1346 2106 1406 hiSIorica
2132 1361 2185 1408 et
2211 1361 2534 1427 temporalis,
2565 1363 2677 1420 sive
2718 1369 3008 1436 Spiritualis
3041 1384 3094 1428 et
3122 1385 3342 1447 aeterna,
3369 1383 3436 1439 ad

1855 1456 2012 1512 quam
2036 1443 2206 1502 omnis
2233 1447 2600 1521 interpretatio
2621 1461 2950 1516 auctet-italis
2971 1461 3240 1536 dirigenda
3263 1443 3350 1526 sit.
3375 1475 3437 1530 Et

1854 1533 1981 1604 quid
2013 1538 2180 1605 prosit
2212 1537 2277 1594 ad
2319 1541 2655 1616 intelligenda
2695 1559 2748 1605 et
2783 1533 3314 1631 obtinenda‘mterna,
3345 1568 3433 1624 ubi

1854 1623 1977 1681 ﬁnis
2015 1637 2098 1684 est
2149 1634 2382 1688 omnium
2421 1634 2675 1694 bonarum
2720 1645 3021 1712 actionum,
3077 1650 3206 1709 ﬁdes
3256 1671 3432 1714 rerum

1855 1723 2242 1790 temporalium.
2281 1725 2344 1781 Et
2378 1729 2504 1798 quid
2534 1732 2740 1788 intersit
2769 1737 2905 1792 inter
2931 1739 3235 1810 allegoriam
3267 1745 3434 1803 histo~

1851 1813 1963 1873 rize,
2005 1825 2058 1869 et
2091 1816 2397 1889 allegoriam
2443 1821 2586 1890 facti,
2629 1836 2680 1882 “et
2717 1828 3018 1899 allegoriam
3059 1841 3337 1907 sermonis,
3377 1851 3431 1899 et

1849 1905 2156 1976 allegoriam
2183 1917 2518 1970 sacramenti.
2544 1915 2610 1972 Et
2631 1925 2898 1990 quomodo
2931 1927 3041 1996 ipsa
3074 1929 3268 1988 locutio
3290 1933 3426 1990 divi-

1849 2013 2034 2054 narum
2063 2000 2453 2072 Scripturarum
2487 2011 2774 2067 secundum
2806 2017 3064 2089 cujusque
3086 2021 3273 2093 lingua:
3301 2042 3429 2096 pro-

1848 2088 2125 2160 prietatem
2147 2095 2447 2166 accipienda
2471 2102 2558 2155 sit.
2584 2103 2752 2160 Habet
2773 2109 2914 2162 enim
2940 2113 3114 2167 omnis
3135 2115 3309 2187 lingua
3331 2132 3425 2176 sua

1847 2181 2085 2250 qua‘dam
2110 2188 2317 2257 propria
2336 2205 2527 2259 genera
2548 2193 2889 2266 locutionum,
2913 2209 3030 2272 qua:
3045 2219 3162 2258 cum
3186 2208 3236 2261 in
3263 2207 3422 2265 aliam

1846 2271 2076 2341 linguam
2107 2279 2520 2351 transferuntur,
2547 2284 2793 2343 videntur
2816 2271 3064 2349 absurda.
3095 2296 3229 2364 Quid
3260 2302 3425 2367 prosit

1847 2371 1988 2418 tanta
2020 2365 2271 2435 loquendi
2313 2370 2617 2440 humilitas,
2650 2385 2706 2432 ut
2741 2395 2843 2435 non
2887 2383 3058 2439 solum
3106 2385 3179 2442 ira
3223 2365 3338 2457 Dei,
3371 2397 3426 2446 et

1843 2455 2074 2520 tristitia,
2108 2467 2158 2512 et
2199 2464 2229 2513 ‘a
2270 2474 2458 2519 somno
2498 2469 2905 2538 expergefactio,
2958 2483 3011 2530 et
3050 2481 3324 2546 memoria,
3371 2491 3425 2538 et

1843 2545 2058 2613 oblivio,
2087 2555 2142 2603 et
2168 2549 2265 2603 alia
2293 2556 2540 2608 nonnulla
2563 2573 2680 2626 quae
2703 2558 2754 2614 in
2781 2561 2946 2617 bonos
2968 2563 3208 2624 homines
3234 2572 3423 2628 cadere

1841 2647 2084 2706 possunt,
2113 2641 2204 2695 sed
2234 2645 2392 2698 etiam
2415 2649 2757 2715 poenitentiae.
2783 2653 2902 2720 zeli,
2930 2657 3160 2725 crapulm
3184 2664 3418 2729 nomina,

1840 2736 1896 2780 et
1937 2729 2038 2783 alia
2087 2729 2387 2799 huiusmodi
2435 2733 2488 2789 in
2534 2739 2701 2794 sacris
2747 2740 2920 2798 Libris
2959 2746 3308 2806 inveniantur.
3357 2755 3422 2810 Et

1840 2825 2016 2872 utrum
2056 2821 2195 2876 oculi
2244 2821 2356 2890 Dei,
2397 2834 2451 2881 et
2493 2843 2701 2897 manus,
2734 2837 2787 2887 et
2816 2835 2998 2904 pedes,
3040 2848 3091 2894 et
3122 2840 3222 2896 alia
3263 2841 3419 2914 hujus

1837 2910 2048 2978 generis
2074 2913 2309 2969 membra
2330 2957 2344 2982 ,
2385 2927 2502 2987 quae
2546 2919 2596 2973 in
2641 2921 2933 2994 Scripturis
2960 2929 3318 3003 nominantur,
3351 2937 3418 2995 ad

1837 3000 2098 3057 visibilem
2129 3001 2350 3060 formam
2382 3009 2596 3066 humani
2629 3018 2869 3086 corporis
2892 3019 3169 3079 referenda
3197 3028 3322 3095 sint;
3349 3047 3418 3088 an

1837 3085 2352 3162 adsigniﬁcationes
2394 3085 2796 3173 intelligibilium
2825 3117 2885 3189 et
2932 3113 3280 3182 spiritualium
3310 3085 3420 3194 'p;

1839 3185 2146 3253 tentiarum,
2184 3191 2320 3244 sicut
2343 3194 2489 3262 galea
2509 3236 2522 3259 ,
2552 3204 2606 3251 et
2629 3185 2856 3268 scutum,
2883 3212 2939 3259 et
2968 3208 3194 3277 gladius,
3221 3215 3277 3268 et
3301 3185 3415 3272 cin-

1834 3276 2036 3347 gulum.
2064 3290 2118 3334 et
2139 3291 2327 3338 caetera
2365 3287 2508 3340 talia.
2538 3288 2604 3344 Et
2645 3294 2787 3361 quod
2819 3299 3046 3355 maxime
3071 3308 3415 3373 quarrendum

1834 3377 1934 3433 est,
1958 3370 2080 3440 quid
2104 3375 2271 3442 prosit
2293 3378 2474 3446 generi
2496 3377 2745 3451 humano,
2766 3389 2906 3455 quod
2927 3391 3004 3446 sic
3024 3370 3296 3453 nobiscum
3321 3417 3415 3469 per

1832 3459 2166 3528 rationalem,
2200 3475 2253 3519 et
2287 3468 2572 3536 genitalem
2596 3513 2612 3538 ,
2657 3482 2712 3528 et
2748 3481 3075 3551 corporalem
3115 3497 3411 3546 creaturam

1833 3550 1931 3605 sibi
1954 3553 2269 3610 servientem
2295 3556 2472 3613 divina
2500 3563 2824 3630 providentia
2847 3550 3022 3626 locuta
3043 3583 3143 3631 est.
3169 3579 3285 3643 Quo
3308 3596 3412 3637 uno

1831 3644 2063 3712 cognito,
2091 3646 2264 3702 omnis
2289 3649 2356 3702 ab
2397 3651 2590 3707 animis
2615 3659 2928 3722 protervitas
2952 3658 3030 3734 (α)
3060 3667 3278 3734 puerilis
3319 3684 3414 3725 ex-

1833 3734 2084 3803 cluditur,
2115 3746 2168 3793 et
2194 3735 2545 3798 introducitur
2570 3758 2904 3804 sacrosancta
2931 3751 3134 3824 religio.

1832 3823 2055 3882 CAPUT
2076 3827 2163 3882 Ll.
2183 3858 2257 3869 —
2276 3829 2655 3902 Scn‘pturarum
2681 3843 3008 3906 perscrutatio
3027 3823 3080 3898 in
3105 3847 3407 3908 curiositatis

2487 3925 2749 3982 medelam.

1903 4007 2024 4062 100.
2055 4007 2280 4065 Omissis
2306 4011 2462 4082 igitur
2489 4025 2538 4069 et
2568 4019 2855 4087 repudiatis
2885 4027 3035 4098 nugis
3065 4027 3335 4088 theatricis
3353 4043 3408 4090 et

1828 4099 2073 4168 poeticis,
2119 4101 2414 4156 divinarum
2459 4106 2852 4177 Scripturarum
2895 4118 3320 4179 consideratione
3354 4136 3407 4180 et

1830 4189 2148 4244 tractatione
2190 4207 2465 4262 pascamus
2508 4199 2742 4255 animum
2783 4212 2940 4274 atque
2985 4217 3227 4276 petemus
3256 4231 3404 4271 vanae

1829 4281 2154 4339 curiositatis
2180 4283 2318 4341 fame
2343 4303 2404 4342 ac
2428 4289 2513 4342 siti
2545 4290 2738 4347 fessum
2765 4304 2820 4350 et
2844 4307 3176 4369 aestuantem,
3208 4289 3262 4361 et
3290 4309 3402 4362 ina-

1831 4361 1987 4428 nibus
2019 4375 2493 4444 phantasmatibus,
2523 4391 2765 4453 tanquam
2795 4390 2946 4456 pictis
2975 4395 3164 4462 epulis,
3202 4397 3395 4457 frustra

1825 4464 1972 4520 reﬁci
1993 4467 2276 4536 satiarique
2296 4471 2590 4539 cupientem
2616 4493 2628 4528 :
2659 4475 2760 4531 hoc
2784 4495 2904 4535 vere
2933 4482 3154 4554 liberali,
3179 4502 3226 4543 et
3259 4492 3402 4562 inge-

1828 4569 1932 4608 nuo
1960 4555 2084 4610 ludo
2113 4557 2397 4614 salubriter
2424 4563 2745 4621 erudiamur.
2784 4569 2838 4624 Si
2868 4588 2966 4628 nos
2992 4577 3240 4633 miracula
3273 4599 3399 4653 spc-

1826 4645 2178 4715 ctaculorum,
2209 4661 2260 4704 ct
2288 4653 2622 4720 pulchritudo
2645 4658 2927 4729 delectant,
2959 4665 3100 4722 illam
3127 4645 3398 4730 deside-re-

1827 4752 1943 4792 mus
1965 4738 2142 4794 videre
2169 4740 2510 4810 Sapientiam,
2544 4763 2660 4818 quae
2684 4754 2942 4820 pertendit
2964 4773 2991 4810 a
3021 4761 3124 4816 ﬁne
3150 4769 3397 4836 usquead

1826 4830 1983 4885 ﬁnem
2005 4830 2297 4900 fortiter,et
2315 4836 2729 4907 diSpnnitomnia
2753 4849 2984 4904 suaviter
3005 4851 3160 4925 (ευρ.
3184 4830 3298 4924 vin,
3321 4861 3395 4933 i).

1829 4919 1965 4988 Quid
1997 4923 2136 4977 enim
2164 4927 2477 4994 mirabilius,
2512 4933 2557 4985 vi
2589 4935 2892 5006 incorporea
2919 4945 3170 5001 mundum
3203 4966 3397 5020 corpo-

1824 5027 1972 5067 reum
2002 4999 2297 5073 fabricante
2403 4999 2847 5085 administrante?
2873 5044 2963 5088 aut
2981 5037 3104 5106 quid
3127 4999 3396 5108 pulchrius

1823 5105 2100 5161 ordinante
2125 5118 2179 5162 et
2204 5101 2464 5167 ornante?

1857 5198 2081 5255 CAPUT
2108 5187 2216 5255 Lll.
2241 5231 2314 5243 —-
2331 5203 2398 5258 Et
2420 5207 2680 5266 curiositas
2699 5221 2744 5266 et
2763 5216 2867 5269 alia
2890 5218 3007 5272 vitia
3027 5229 3142 5274 sunt
3163 5226 3358 5278 occasio

2436 5301 2504 5352 ad
2528 5303 2772 5358 virtutem.

1895 5369 2016 5439 illi.
2059 5371 2110 5440 Si
2140 5395 2316 5443 autem
2343 5407 2528 5447 omnes
2560 5395 2786 5451 fatentur
2807 5415 2902 5468 per
2925 5417 3114 5473 Corpus
3143 5408 3236 5461 ista
3265 5427 3392 5467 δεη-

1824 5471 1930 5540 tiri,
1959 5483 2010 5531 et
2041 5479 2274 5533 animum
2308 5485 2578 5539 meliorem
2610 5503 2730 5544 esse
2755 5506 2909 5560 quam
2940 5511 3153 5566 corpus.
3194 5505 3392 5563 nihilne

1821 5581 1914 5634 per
1942 5581 2000 5622 se
2030 5568 2238 5624 animus
2282 5571 2393 5640 ipse
2433 5579 2748 5646 conspiciet,
2789 5594 2879 5637 aut
2923 5592 3060 5655 quod
3100 5598 3390 5666 conspiciet

1882 5676 1956 5742 (a)
1979 5684 2158 5741 Nempe
2177 5683 2538 5736 Manichazorum
2557 5689 2608 5738 in
2627 5697 2775 5743 tctus
2787 5703 3164 5757 'Icstamcntum.
