3906 6316
397 302 496 363 167

402 424 576 492 potest
618 425 777 477 esse,
820 402 922 462 nisi
966 400 1132 459 multo
1173 396 1522 454 excellentius
1549 394 1812 463 longeque
1836 406 1981 463 pra:-

399 482 661 566 stantius?
689 501 803 558 lmo
828 513 957 554 vero
978 489 1379 552 commemorati
1407 490 1424 521 ⁸
1452 487 1521 542 ab
1550 485 1615 540 iis
1635 501 1753 554 qua:
1777 482 1983 561 judica-

400 618 539 665 mus,
565 594 757 655 intueri
782 591 909 664 quid
933 590 1002 645 sit
1022 585 1313 644 secundum
1330 580 1473 654 quod
1488 578 1810 650 judicamus,
1841 583 1895 629 et
1916 572 1984 629 ab

407 689 661 764 Operibus
689 683 881 740 artium
911 679 1160 736 conversi
1186 674 1253 730 ad
1278 674 1447 743 legem
1473 670 1688 731 artium,
1719 681 1837 720 eam
1863 678 1988 734 spe-

403 755 540 842 ciem
567 788 747 837 mente
780 772 1182 836 contuebimur,
1220 765 1372 837 cujus
1409 760 1807 832 comparatione
1847 755 1986 811 foeda

405 886 530 936 sunt
556 891 675 949 qua:
716 871 882 941 ipsius
922 863 1246 935 benignitate
1271 866 1396 915 sunt
1422 854 1660 927 pulchra.
1699 849 1987 905 Inrisibilia

405 971 537 1027 enim
566 940 682 1030 Dei,
711 978 743 1015 α
767 968 999 1015 creatura
1024 952 1220 1019 mundi,
1251 966 1338 1019 per
1366 964 1424 1002 ea
1447 961 1563 1019 qua:
1589 946 1725 1017 facta
1749 949 1886 1008 sunt,
1908 940 1989 993 in-

374 1114 375 1117 η
407 1059 603 1114 tellecta
633 1050 1011 1123 conspiciuntur
1030 1088 1046 1113 ,
1074 1054 1121 1099 et
1148 1042 1449 1112 sempiterna
1474 1039 1582 1107 ejus
1606 1036 1764 1089 virtus
1786 1041 1831 1087 et
1856 1031 1990 1085 divi-

409 1150 542 1206 nitas
572 1146 745 1217 (Rom.
777 1158 817 1209 ι,
846 1138 964 1211 20).
1000 1137 1123 1191 ﬂare
1142 1142 1226 1189 est
1244 1148 1274 1187 a
1294 1127 1675 1201 temporalibus
1698 1125 1764 1179 ad
1790 1131 1991 1179 aeterna

410 1212 693 1311 regressio,
720 1243 770 1289 et
798 1248 864 1286 ex
890 1230 997 1285 vita
1023 1224 1219 1281 veteris
1244 1221 1474 1277 hominis
1505 1218 1559 1274 in
1590 1230 1783 1272 novum
1813 1212 1992 1269 homi-

410 1349 533 1390 nem
559 1326 887 1385 reformatio.
914 1319 1050 1389 Quid
1074 1326 1157 1374 est
1183 1324 1360 1370 autem
1386 1310 1528 1367 unde
1556 1312 1717 1365 homo
1737 1320 1994 1362 comme-

412 1423 607 1483 morari
630 1436 735 1475 non
762 1416 932 1489 possit
956 1413 1022 1468 ad
1047 1412 1270 1466 virtutes
1293 1402 1666 1477 capessendas,
1697 1397 1908 1471 quando
1927 1395 1995 1452 de

414 1519 543 1590 ipsis
568 1514 711 1570 vitiis
746 1508 957 1583 potest?
995 1504 1132 1574 Quid
1175 1501 1315 1557 enim
1352 1497 1552 1569 appetit
1588 1494 1865 1550 curiasitas
1896 1489 1995 1544 nisi

413 1585 796 1681 cognitionem,
836 1616 955 1672 quae
981 1606 1126 1653 certa
1161 1607 1282 1649 esse
1316 1606 1422 1646 non
1459 1594 1657 1659 potest,
1690 1585 1792 1639 nisi
1815 1597 1997 1639 rerum

416 1674 736 1758 aeternorum
778 1701 833 1750 et
873 1691 1063 1748 eodem
1104 1688 1263 1743 modo
1305 1699 1364 1739 se
1402 1696 1613 1751 semper
1655 1674 2000 1749 habentium?

418 1792 556 1861 Quid
582 1787 783 1861 appetit
809 1780 1056 1854 superbia
1078 1778 1177 1834 nisi
1206 1774 1517 1847 potentiam,
1546 1784 1664 1841 qua:
1693 1768 1919 1823 refertur
1934 1758 2002 1820 ad

417 1856 977 1955 agendi'facilitatem,
1010 1885 1169 1942 quam
1201 1881 1306 1921 non
1337 1863 1541 1919 invenit
1565 1860 1740 1915 anima
1769 1856 2003 1929 perfecta

419 1948 520 2030 nisi
547 1972 657 2027 Deo
687 1966 897 2025 subdita
913 1965 957 2031 ’,
981 1971 1035 2018 et
1053 1960 1118 2015 ad
1140 1961 1256 2027 ejus
1280 1969 1500 2025 regnum
1518 1967 1725 2007 summa
1746 1948 2004 2004 charitate

420 2058 715 2121 conversa?
746 2054 882 2124 Quid
919 2051 1122 2125 appetit
1156 2048 1402 2115 voluptas
1441 2041 1683 2113 corporis
1720 2039 1822 2095 nisi
1851 2037 2003 2108 quie-

422 2165 552 2217 tem,
584 2165 701 2222 qua:
727 2163 833 2202 non
863 2154 945 2200 est
974 2141 1075 2197 nisi
1106 2139 1193 2194 ubi
1222 2137 1363 2192 nulla
1384 2142 1468 2189 est
1489 2130 1775 2203 indigentia
1796 2139 1850 2185 et
1866 2127 2006 2184 nulla

425 2219 737 2313 corruptio?
762 2233 995 2293 Cavendi
1026 2240 1150 2286 sunt
1173 2244 1299 2298 ergo
1338 2224 1617 2280 inferiores
1643 2221 1816 2285 inferi,
1846 2219 1898 2273 id
1927 2226 2010 2273 est

423 2346 546 2409 post
583 2332 722 2388 hanc
760 2329 922 2385 vitam
966 2339 1139 2397 ptenm
1175 2320 1482 2390 graviores,
1521 2314 1611 2367 ubi
1654 2313 1795 2367 nulla
1837 2317 2011 2382 potest

423 2400 545 2483 esse
571 2416 1011 2480 commemoratio
1046 2410 1305 2475 veritatis,
1332 2408 1453 2478 quia
1476 2404 1616 2460 nulla
1642 2400 2007 2458 ratiocinatio:

427 2519 550 2575 ideo
575 2515 715 2572 nulla
741 2507 1099 2573 ratiocinatio,
1126 2503 1250 2574 quia
1271 2516 1376 2555 non
1402 2513 1519 2554 eam
1545 2494 1811 2567 perfundit
1830 2492 2011 2547 lumen

426 2626 609 2667 verum
633 2651 648 2676 ,
695 2603 835 2677 quod
873 2599 1137 2657 illuminat
1166 2607 1379 2648 munem
1412 2589 1683 2644 hominem
1709 2585 2012 2641 venientem

427 2702 483 2757 in
512 2702 652 2755 hunc
678 2693 933 2752 mundum
972 2688 1149 2762 (Joan.
1182 2702 1233 2752 ι,
1264 2683 1341 2754 9).
1372 2681 1544 2749 Quare
1571 2678 1882 2734 festinemus
1901 2714 1916 2741 ,
1958 2681 2015 2729 et

432 2792 766 2849 ambulemus
813 2802 933 2842 cum
971 2782 1088 2837 dies
1129 2786 1322 2849 praesto
1360 2782 1477 2839 est,
1521 2788 1589 2827 ne
1638 2785 1735 2825 nos
1781 2765 2016 2823 tenebra:

431 2878 890 2953 comprehendant
919 2872 1028 2947 (Id.
1061 2886 1171 2935 xu,
1214 2867 1327 2937 35).
1366 2864 1701 2919 Festinemus
1729 2874 1759 2913 a
1786 2856 2016 2914 secunda

431 2951 604 3031 morte
627 2968 841 3026 liberari
867 2966 1052 3037 (Apoc.
1082 2976 1174 3026 xx,
1208 2959 1261 3023 6,
1297 2957 1384 3019 l4,
1415 2966 1459 3009 et
1488 2969 1602 3021 xxt,
1628 2952 1709 3023 8),
1744 2951 1832 3006 ubi
1859 2963 2017 3005 nemo

435 3075 518 3121 est
546 3063 637 3134 qui
668 3072 875 3117 memor
902 3054 996 3110 Dei
1024 3053 1115 3119 sit,
1146 3060 1202 3106 et
1224 3049 1293 3104 ab
1320 3046 1549 3114 inferno,
1578 3044 1666 3100 ubi
1696 3057 1855 3099 nemo
1885 3056 2018 3097 con-

437 3155 671 3212 litebitur
700 3151 808 3206 Deo
837 3145 1011 3220 (Psal.
1038 3156 1110 3211 η,
1141 3140 1219 3214 6).

519 3283 745 3344 CAPUT
782 3279 915 3338 Llll.
944 3306 1017 3320 --
1044 3275 1203 3348 Scapi
1238 3271 1507 3329 stultorum
1542 3286 1603 3325 ac
1637 3268 1940 3342 sapientium

1129 3365 1331 3421 diversi.

512 3492 635 3549 102.
666 3487 773 3546 Sed
797 3484 976 3543 miseri
1004 3480 1271 3545 homines,
1302 3476 1493 3549 quibus
1512 3474 1721 3546 cognita
1739 3471 2021 3538 vilescunt,

441 3595 497 3643 et
524 3582 844 3641 novitatibus
871 3574 1141 3649 gaudent,
1190 3570 1443 3627 libentius
1469 3567 1681 3624 discunt
1718 3580 1879 3637 quam
1924 3579 2024 3620 no-

445 3685 593 3744 runt,
620 3691 740 3732 cum
765 3670 997 3743 cognitio
1022 3668 1093 3723 sit
1120 3665 1241 3723 linis
1276 3663 1537 3720 discendi.
1584 3660 1651 3716 Et
1687 3660 1877 3732 quibus
1907 3659 2027 3715 vilis

448 3777 533 3825 est
562 3767 784 3822 facilitas
808 3762 1063 3826 actionis,
1094 3756 1343 3814 libentius
1366 3762 1577 3811 certant
1602 3767 1761 3823 quam
1786 3752 2023 3818 vincunt,

444 3875 565 3915 cum
585 3855 809 3913 victoria
830 3852 901 3909 sit
922 3852 1040 3907 finis
1068 3847 1325 3906 certandi.
1356 3846 1424 3901 Et
1448 3845 1641 3916 quibus
1664 3842 1787 3898 vilis
1809 3849 1891 3898 est
1908 3855 2029 3897 cor-

445 3950 592 4020 poris
618 3947 785 4012 salus,
810 3944 1015 3999 malunt
1038 3940 1183 3996 vesci
1206 3953 1364 4010 quam
1392 3936 1594 4001 satiari,
1621 3942 1676 3990 et
1702 3933 1902 3988 malunt
1925 3930 2027 3987 frui

447 4035 764 4110 genitalibus
790 4030 1048 4089 membris
1074 4045 1231 4101 quam
1269 4027 1465 4082 nullam
1504 4024 1663 4079 talem
1708 4023 2025 4079 commotio-

450 4147 571 4187 nem
595 4128 722 4200 pati;
745 4124 1088 4180 inveniuntur
1104 4118 1263 4176 etiam
1285 4120 1373 4189 qui
1398 4117 1599 4173 malunt
1619 4114 1852 4170 dormire
1871 4129 2028 4184 quam

450 4238 555 4280 non
584 4218 880 4276 dormitare
904 4235 918 4271 :
945 4231 1064 4271 cum
1092 4213 1267 4269 omnis
1298 4212 1438 4265 illius
1466 4208 1747 4280 voluptatis
1783 4208 1851 4262 sit
1887 4205 2025 4273 linis,

452 4330 558 4371 non
585 4310 790 4386 esurire
821 4323 885 4363 ac
914 4306 1095 4373 sitire,
1123 4314 1173 4360 et
1202 4318 1309 4358 non
1338 4300 1642 4358 desiderare
1670 4298 2026 4367 concubitum,

452 4416 503 4461 et
528 4419 634 4460 non
665 4417 785 4459 esse
808 4414 1033 4469 corpore
1057 4396 1289 4466 fatigato.

525 4496 650 4553 105.
690 4494 866 4561 Quare
892 4490 983 4561 qui
1011 4489 1143 4544 lines
1171 4487 1315 4558 ipsos
1341 4483 1664 4551 desiderant,
1692 4483 1837 4555 prius
1858 4481 2033 4537 curio-

453 4590 610 4645 sitate
636 4593 839 4651 carent,
867 4589 1249 4653 cognoscentes
1268 4593 1385 4634 eam
1411 4592 1529 4632 esse
1549 4586 1749 4631 certam
1775 4574 2034 4645 cognitio—

456 4696 579 4736 nem
613 4693 732 4749 qua:
754 4676 896 4730 intus
921 4681 1023 4739 est,
1053 4680 1106 4730 et
1127 4687 1188 4727 ea
1215 4668 1546 4742 perfruentes
1570 4678 1824 4738 quantum
1850 4666 1901 4719 in
1934 4663 2035 4719 hac

456 4773 561 4829 vita
588 4776 805 4842 queunt.
830 4764 1030 4822 Deinde
1051 4762 1315 4833 accipiunt
1338 4760 1564 4816 actionis
1584 4759 1885 4813 facilitatem
1913 4772 2035 4826 per-

454 4864 651 4921 vicacia
695 4860 903 4933 posita,
954 4856 1183 4912 scientes
1208 4852 1461 4924 majorem
1491 4866 1610 4908 esse
1636 4849 2035 4920 facilioremque

454 4957 731 5016 victoriam
753 4997 769 5022 ,
809 4968 915 5008 non
952 4952 1202 5006 resiStere
1228 4945 1552 5004 animositati
1590 4944 1936 5015 cujusquam;
1982 4950 2039 4998 et

456 5051 581 5118 hoc,
599 5056 852 5120 quantum
880 5043 936 5099 in
954 5042 1056 5098 hac
1078 5042 1184 5095 vita
1203 5048 1421 5111 queunt.
1442 5036 1679 5092 sentiunt
1701 5053 1714 5090 :
1743 5042 2034 5105 postremo,

456 5144 615 5200 etiam
644 5140 875 5211 quietem
907 5133 1177 5205 corporis,
1209 5129 1523 5188 abstinendo
1546 5129 1615 5184 ab
1642 5129 1705 5183 iis
1736 5127 1895 5183 rebus
1921 5126 2039 5181 sine

454 5237 646 5308 quibus
685 5233 768 5303 agi
806 5230 922 5285 hare
961 5226 1065 5282 vita
1097 5233 1304 5295 potest;
1344 5224 1415 5278 ita
1439 5229 1654 5293 gustant
1675 5234 1832 5291 quam
1863 5218 2040 5273 suavis

461 5339 539 5384 est
561 5326 829 5381 Dominus.
860 5322 969 5377 Nec
996 5318 1103 5374 erit
1126 5316 1341 5371 dubium
1370 5315 1391 5347 ³
1422 5313 1544 5386 quid
1571 5320 1691 5385 post
1713 5312 1851 5366 hanc
1879 5310 2038 5365 vitam

523 5461 538 5491 ι
559 5465 667 5507 uss.
686 5457 802 5517 duo,
817 5450 1104 5507 commoniti.
1123 5448 1207 5517 Alii
1223 5462 1411 5510 omnes,
1426 5446 1783 5517 enumerari
1798 5460 1817 5508 ;
1835 5453 1887 5517 _et
1902 5445 2046 5510 paulo

460 5519 581 5572 infra
605 5510 802 5577 habent,
825 5526 1154 5577 commemorat
1166 5512 1198 5564 ἱ.
1227 5520 1321 5577 Hoc
1339 5511 1757 5577 verbofrequeus
1773 5510 1931 5577 utitur
1954 5518 2044 5559 Att-

459 5584 685 5648 gnstiaus
694 5571 799 5648 pro,
808 5574 1113 5648 ςοηιῃῑοηεή,
1121 5576 1255 5648 quod
1265 5575 1405 5648 bicio
1543 5571 2042 5648 fueratsubstitutum.

526 5646 546 5677 ι
569 5634 709 5713 editi;
842 5638 1005 5713 auena
1024 5634 1237 5713 perlecta
1258 5643 1304 5713 et
1449 5634 1655 5687 subdita.
1674 5642 1731 5685 Al.
1750 5641 1857 5685 Mss.
1880 5636 2045 5699 probae

459 5715 606 5767 notae,
623 5698 785 5754 anima
799 5702 1008 5767 perfecta
1024 5698 1120 5767 mss
1138 5707 1236 5767 pec
1255 5698 1460 5748 subdita.

524 5770 545 5803 ³
567 5758 646 5819 Er.
666 5758 902 5827 bov.,'net':
916 5760 1008 5813 erit
1027 5760 1097 5814 eis
1119 5758 1335 5813 dubitari.
1421 5767 1480 5809 ﬂ.

1390 278 1480 337 DE
1517 278 1705 335 VERA
1746 264 2137 341 RELIGIONE,
2176 269 2233 328 S.
2275 263 2649 329 AUGUSTINI

3570 258 3680 323 16.8

2090 387 2322 442 futurum
2352 384 2454 450 sit;
2499 393 2554 438 et
2589 375 2931 452 perfectionis
2958 391 3070 432 suae
3097 368 3223 443 tlde,
3251 388 3380 446 spe,
3420 374 3683 433 charitate

2091 478 2419 534 nutriuntur.
2451 474 2581 530 Post
2618 471 2755 526 hanc
2789 478 2963 525 autem
2992 469 3153 524 vitam
3177 476 3234 525 et
3256 467 3488 539 cognitio
3514 466 3684 538 perli-

2090 570 2261 626 cietur
2281 584 2297 634 ;
2324 566 2447 638 quia
2467 580 2535 620 ex
2555 572 2702 635 parte
2718 553 2860 616 nunc
2882 560 3101 627 scimus,
3129 575 3251 615 cum
3271 567 3449 614 autem
3474 558 3686 616 venerit

2092 659 2236 733 quod
2265 657 2557 730 perfectum
2584 664 2688 722 est,
2719 668 2827 709 non
2852 652 2955 709 erit
2979 667 3045 707 ex
3073 661 3225 723 parte
3250 652 3294 721 (l
3323 650 3441 706 Cor.
3469 667 3589 719 xm,
3624 652 3682 717 9,

2094 752 2187 823 10)
2212 767 2226 806 :
2256 761 2310 807 et
2338 766 2438 823 pax
2462 747 2635 803 omnis
2654 745 2856 811 aderit;
2880 759 3023 800 nunc
3046 744 3187 799 enim
3212 743 3313 798 alia
3336 742 3423 797 lex
3443 743 3496 797 in
3518 757 3692 798 mem-

2095 842 2208 899 bris
2239 841 2371 896 meis
2392 846 2650 909 repugnat
2675 836 2779 907 legi
2806 836 2998 891 mentis
3024 849 3181 899 meae,
3203 833 3299 889 sed
3318 831 3565 888 liberabit
3589 847 3692 888 nos

2095 934 2166 990 de
2194 947 2420 1003 corpore
2457 928 2650 985 mortis
2690 926 2845 997 hujus
2873 926 3040 997 gratia
3068 924 3161 979 Dei
3193 939 3288 995 per
3315 924 3496 979 Jesum
3525 922 3690 978 Chri-

2097 1034 2238 1079 stum
2270 1023 2551 1078 Dominum
2580 1028 2818 1075 nostrum
2853 1016 3027 1087 (Rom.
3055 1030 3129 1071 vu
3149 1055 3166 1082 ,
3197 1014 3427 1085 25-23);
3466 1013 3591 1086 quia
3621 1029 3694 1070 ex

2098 1129 2288 1187 magna
2320 1121 2468 1184 parte
2492 1108 2879 1167 coucordamus
2905 1122 3027 1162 cum
3052 1104 3382 1171 adversario,
3405 1104 3530 1160 dum
3562 1118 3690 1159 cum

2100 1208 2194 1264 illo
2218 1222 2401 1261 sumus
2425 1204 2477 1258 in
2502 1206 2587 1258 via
2613 1219 2626 1256 :
2660 1210 2715 1256 et
2744 1210 2851 1255 tota
2879 1198 3101 1263 sanitas,
3129 1205 3184 1251 et
3206 1195 3352 1251 nulla
3377 1195 3690 1266 indigentia,

2101 1308 2156 1354 et
2183 1296 2323 1352 nulla
2345 1294 2580 1365 fatigatio
2599 1291 2769 1347 aderit
2791 1290 3032 1360 corpori;
3053 1287 3178 1359 quia
3202 1285 3546 1355 corruptibile
3565 1286 3693 1351 hoc,

2101 1399 2343 1459 tempore
2372 1396 2529 1457 atque
2566 1384 2753 1441 ordine
2778 1397 2878 1439 suo
2907 1397 3014 1453 quo
3045 1379 3365 1435 resurreCIio
3388 1377 3562 1433 carnis
3602 1376 3696 1432 fu-

2103 1492 2222 1538 tura
2246 1489 2355 1544 est,
2386 1479 2634 1534 induetur
2659 1474 3057 1544 incorruptione
3086 1472 3130 1545 (ι
3157 1468 3279 1527 Cor.
3308 1485 3397 1537 xv,
3426 1469 3541 1542 55).
3571 1466 3696 1524 Non

2103 1578 2297 1633 mirum
2328 1578 2529 1640 autem,
2560 1571 2605 1625 si
2635 1570 2735 1625 hoc
2757 1568 2967 1624 dabitur
2994 1566 3059 1621 iis
3086 1566 3175 1636 qui
3206 1565 3257 1618 in
3279 1561 3579 1632 cognitione
3600 1574 3694 1616 so-

2106 1669 2212 1723 lam
2241 1664 2519 1720 veritatem
2548 1668 2763 1727 amant,
2792 1669 2844 1715 et
2872 1658 2926 1713 in
2952 1657 3159 1712 actione
3184 1656 3351 1710 solam
3382 1668 3563 1723 pacem
3583 1694 3598 1719 ,
3639 1659 3701 1707 et

2108 1758 2412 1827 incorpore
2437 1754 2608 1809 solam
2636 1752 2937 1807 sanitatem.
2971 1747 3082 1803 l'loc
3107 1747 3250 1802 enim
3271 1746 3323 1801 in
3351 1745 3430 1801 eis
3451 1742 3701 1814 perlicie-

2110 1859 2197 1905 tur
2222 1857 2341 1919 post
2364 1848 2499 1903 hanc
2528 1846 2710 1912 vitam,
2740 1842 2881 1915 quod
2911 1842 2964 1897 in
2990 1839 3091 1896 hac
3118 1840 3221 1894 vita
3246 1838 3362 1910 plus
3385 1836 3635 1908 diligunt.

2108 1938 2335 1997 CAPUT
2372 1936 2507 1994 LIV.
2533 1966 2605 1978 —
2630 1934 2903 2006 Supplicia
2925 1933 3280 1987 daumatorum
3300 1944 3456 2000 quam
3478 1926 3700 1981 habeant

2555 2029 2802 2083 rationem
2826 2025 2893 2080 ad
2916 2041 3089 2079 eorum
3114 2023 3254 2077 vitia.
3522 2044 3527 2047 τ

2186 2126 2307 2183 104.
2348 2123 2449 2193 Qui
2478 2137 2607 2193 ergo
2628 2120 2767 2176 male
2790 2127 3009 2174 utuntur
3039 2124 3184 2171 tanto
3215 2112 3412 2168 mentis
3440 2111 3599 2176 bono,
3638 2118 3706 2164 ut

2115 2204 2261 2274 extra
2293 2232 2412 2272 eam
2442 2213 2665 2269 visibilia
2693 2211 2860 2282 magis
2884 2216 3156 2279 appetant,
3184 2205 3377 2277 quibus
3402 2202 3468 2259 ad
3487 2201 3708 2270 conspi-

2116 2301 2302 2357 cienda
2341 2301 2358 2331 ³
2389 2309 2443 2354 et
2472 2295 2739 2367 diligenda
2766 2292 3114 2362 intelligibilia
3151 2287 3558 2345 commemorari
3599 2284 3704 2340 de-

2116 2393 2385 2456 buerunt,
2430 2387 2696 2443 dabuntur
2742 2385 2820 2440 eis
2864 2384 3159 2439 exteriores
3201 2378 3453 2434 tenebar.
3500 2375 3703 2430 Harum

2117 2483 2313 2554 quippe
2343 2480 2548 2534 initium
2573 2488 2656 2532 est
2680 2475 2857 2530 carnis
2883 2470 3185 2543 prudentia,
3213 2479 3270 2525 et
3295 2482 3548 2524 sensuum
3574 2479 3668 2520 cor
3691 2491 3707 2501 -

2120 2589 2401 2647 porcorum
2431 2570 2786 2627 imbecillitas.
2815 2568 2882 2623 Et
2907 2567 2996 2637 qui
3025 2562 3406 2621 certaminibus
3428 2561 3708 2616 delectan-

2121 2678 2240 2732 tur,
2271 2664 2641 2720 alienabuntur
2680 2677 2709 2714 a
2750 2675 2913 2731 pace,
2956 2663 3025 2713 et‘
3058 2657 3281 2712 summis
3306 2652 3713 2710 difficultatibus

2121 2758 2551 2829 implicabuntur.
2595 2753 2808 2809 initium
2836 2751 2976 2807 enim
3006 2764 3229 2805 summm
3256 2747 3585 2803 difficultatis
3623 2754 3714 2801 est

2122 2851 2324 2908 bellum
2354 2858 2514 2919 atque
2541 2844 2834 2903 contentio.
2876 2843 2942 2898 Et
2983 2841 3085 2896 hoc
3121 2839 3427 2911 significare
3454 2837 3707 2902 arbitror,

2123 2942 2265 3015 quod
2282 2943 2507 3013 ligantur
2528 2937 2580 2995 ei
2598 2950 2787 2991 manus
2806 2943 2861 2991 et
2881 2933 3064 3004 pedes.
3088 2932 3139 2986 id
3161 2940 3263 2993 est,
3291 2929 3515 2985 facilitas
3534 2929 3717 2982 ominis

2124 3034 2361 3091 aufertur
2388 3029 2664 3103 operandi.
2694 3027 2765 3084 Et
2785 3026 2878 3099 qui
2902 3025 3051 3081 sitire
3080 3032 3136 3079 et
3163 3022 3369 3079 esurire
3400 3021 3617 3087 volunt,
3656 3026 3717 3074 et

2126 3127 2180 3181 in
2202 3124 2475 3181 libidinem
2499 3119 2781 3178 ardescere
2808 3127 2863 3173 et
2887 3114 3182 3187 defatigari,
3207 3123 3263 3169 ut
3285 3114 3509 3169 libenter
3526 3108 3714 3178 edant,

2125 3218 2407 3282 etbibant,
2439 3225 2494 3272 et
2518 3211 2911 3275 concumbaut,
2943 3220 2997 3266 et
3023 3206 3319 3271 dormiant,
3359 3213 3541 3260 amant
3567 3203 3717 3259 indi-

2127 3312 2381 3382 gentiam,
2408 3309 2549 3381 quod
2578 3316 2662 3365 est
2689 3306 2898 3363 initium
2927 3317 3258 3358 summorum
3290 3299 3551 3355 dolorum.
3584 3296 3722 3353 Per-

2129 3402 2341 3458 licietur
2364 3416 2494 3473 ergo
2520 3400 2572 3455 in
2602 3399 2682 3455 eis
2708 3397 2851 3469 quod
2877 3402 3079 3462 amant,
3103 3402 3162 3449 ut
3190 3393 3259 3448 ibi
3285 3392 3393 3447 sint
3419 3390 3505 3445 ubi
3536 3404 3614 3445 ets
3645 3387 3721 3444 sit

2128 3494 2368 3566 ploratus
2394 3494 2415 3525 ³
2443 3503 2497 3548 et
2527 3490 2723 3546 stridor
2744 3488 2982 3545 dentium
3006 3484 3216 3557 (Matth.
3246 3499 3384 3550 xxu,
3413 3483 3525 3553 15).

2204 3586 2329 3641 105.
2372 3584 2558 3639 Plures
2596 3582 2739 3638 enim
2781 3588 2905 3636 sunt
2936 3578 3026 3650 qui
3060 3577 3175 3632 haec
3199 3577 3376 3631 omnia
3406 3572 3563 3629 simul
3589 3573 3719 3628 vitia

2130 3675 2390 3747 diligunt,
2431 3685 2488 3730 et
2524 3687 2748 3743 quorum
2790 3671 2895 3726 vita
2938 3677 3023 3725 est
3058 3676 3322 3739 spectare,
3369 3663 3716 3732 contendere,

2131 3766 2477 3833 manducare,
2506 3764 2709 3831 bibere,
2736 3759 3109 3824 concumbere,
3137 3757 3394 3819 dormire.
3420 3767 3474 3812 et
3502 3754 3553 3810 in
3574 3754 3724 3825 cogi-

2135 3860 2334 3915 tatione
2363 3873 2457 3913 sua
2484 3856 2615 3911 nihil
2637 3854 2781 3909 aliud
2802 3869 2964 3925 quam
2986 3851 3375 3923 phantasmata,
3394 3864 3511 3919 qua:
3535 3847 3603 3903 de
3626 3846 3723 3902 tali

2136 3953 2245 4008 vita
2263 3951 2537 4021 colligunt,
2555 3946 2877 4018 amplexari;
2906 3953 2959 4001 et
2977 3960 3043 4000 ex
3068 3958 3254 3999 eorum
3284 3940 3507 4007 fallacia,
3534 3954 3725 4010 super-

2133 4047 2366 4104 stitionis
2384 4046 2467 4101 vel
2484 4043 2771 4114 impietatis
2791 4040 3000 4111 regulas
3025 4040 3204 4110 (igere,
3230 4037 3422 4107 quibus
3446 4034 3725 4103 decipiun-

2135 4148 2245 4207 tur,
2273 4148 2327 4194 et
2351 4136 2544 4209 quibus
2571 4134 2852 4198 inhaerent,
2894 4132 3053 4186 etiam
3082 4130 3127 4184 si
3156 4130 3223 4183 ab
3250 4127 3514 4184 illecebris
3540 4126 3723 4181 carnis

2136 4248 2197 4288 se
2226 4231 2493 4286 abstinere
2521 4234 2799 4283 conentur.
2831 4222 2965 4291 Quia
2994 4237 3101 4278 non
3127 4222 3262 4278 bene
3284 4229 3499 4275 utuntur
3520 4217 3723 4274 talento

2137 4325 2237 4380 sibi
2258 4321 2567 4385 commisso,
2586 4318 2637 4373 id
2654 4328 2736 4373 est
2754 4316 2948 4371 mentis
2971 4313 3102 4379 acie,
3127 4327 3230 4384 qua
3246 4311 3491 4367 videntur
3509 4323 3720 4377 omnes,

2137 4420 2227 4487 qui
2254 4412 2395 4469 docti
2422 4420 2512 4467 aut
2541 4408 2727 4465 urbani
2751 4418 2843 4463 aut
2860 4406 3015 4461 faceti
3042 4406 3404 4469 nominantur,
3435 4402 3719 4458 excellere.

2136 4504 2244 4563 Sed
2273 4504 2469 4559 habent
2488 4516 2607 4557 eam
2628 4499 2680 4555 iu
2705 4498 2920 4555 sudario
2942 4498 3179 4568 ligatam,
3204 4504 3295 4550 aut
3316 4495 3368 4550 in
3400 4503 3537 4549 terra
3563 4493 3725 4548 obru-

2138 4607 2272 4665 tam,
2301 4595 2351 4653 id
2382 4605 2466 4652 est
2492 4593 2731 4650 delicatis
2752 4601 2808 4649 et
2834 4590 3120 4663 superfluis
3149 4588 3343 4653 rebus,
3374 4596 3465 4641 aut
3493 4584 3724 4641 terrenis

2139 4688 2517 4761 cupiditatibus
2567 4685 2857 4741 involutam
2907 4692 2963 4738 et
3013 4694 3343 4752 Oppressum.
3394 4676 3726 4748 Ligabuntur

2141 4798 2269 4855 ergo
2308 4782 2390 4837 his
2426 4795 2613 4835 manus
2652 4786 2707 4833 et
2745 4775 2941 4848 pedes,
2981 4782 3037 4830 et
3073 4772 3351 4828 mittentur
3387 4770 3440 4825 in
3478 4769 3727 4825 tenebras

2142 4874 2468 4939 exteriores;
2509 4870 2582 4926 ibi
2606 4868 2708 4925 erit
2731 4869 2969 4940 ploratus
3006 4872 3063 4921 et
3099 4861 3296 4918 stridor
3319 4860 3575 4917 dentium.
3608 4858 3725 4915 Non

2143 4966 2265 5039 quia
2282 4966 2394 5034 ipsa
2419 4962 2745 5026 dilexerunt;
2765 4958 2905 5030 (quis
2929 4957 3071 5012 enim
3093 4953 3207 5009 h-.ec
3224 4952 3465 5023 diligat?)
3490 4949 3582 5006 sed
3603 4950 3728 5020 quia

2143 5058 2233 5114 illa
2258 5070 2378 5127 quae
2407 5053 2727 5117 dilexerunt,
2762 5050 2909 5105 initia
2936 5057 3059 5103 sunt
3084 5047 3329 5109 istorum,
3349 5054 3405 5099 et
3424 5042 3728 5098 necessario

2144 5148 2430 5206 dilectores
2470 5157 2596 5201 suos
2634 5143 2703 5198 ad
2741 5142 2843 5199 ista
2883 5140 3199 5212 perducunt.
3237 5135 3341 5204 Qui
3379 5136 3520 5191 enim
3559 5133 3729 5204 magis

2146 5250 2327 5295 amant
2356 5238 2435 5293 ire
2462 5251 2620 5308 quam
2650 5234 2822 5289 redire
2843 5241 2935 5287 aut
2954 5230 3252 5302 pervenire,
3276 5227 3329 5282 in
3352 5226 3728 5296 longinquiora

2149 5329 2395 5389 mittendi
2422 5335 2576 5393 sunt;
2607 5326 2857 5395 quoniam
2884 5338 3011 5379 caro
3038 5330 3181 5389 sunt,
3210 5328 3264 5375 et
3288 5318 3507 5391 spiritus
3537 5314 3729 5370 ambu-

2148 5425 2267 5481 lans
2289 5432 2345 5477 et
2367 5434 2473 5476 non
2502 5428 2795 5475 revertens.

2224 5515 2348 5573 106.
2369 5513 2471 5581 Qui
2494 5525 2622 5567 vero
2640 5511 2777 5566 bene
2799 5507 2963 5564 utitur
2983 5508 3066 5563 vel
3086 5506 3215 5576 ipsis
3234 5503 3467 5576 quinque
3484 5498 3730 5558 sensibus

2220 5697 2236 5727 ι
2260 5700 2325 5744 tta
2341 5696 2448 5739 Itss.
2473 5694 2529 5736 at
2550 5686 2719 5736 excusi
2741 5683 2950 5744 habent,

2220 5759 2239 5787 ι
2260 5740 2441 5805 ἧκες.
2463 5746 2733 5815 plerisque,
2751 5753 2803 5799 ut
2824 5744 2896 5803 eis
2913 5742 2984 5803 ibi
3003 5742 3065 5801 sit
3085 5740 3317 5809 ploratus,
3341 5745 3447 5795 etc.
