3906 6376
192 373 282 434 I69
1599 357 1783 418 LlBEF

1891 353 2040 417 NUS.

189 487 419 557 corporis
462 484 533 541 ad
577 482 839 541 credenda
883 488 934 538 et
978 474 1314 553 prmdicanda
1346 492 1506 550 Opera
1536 477 1664 544 Dei,
1707 486 1763 534 et

190 577 518 634 nutriendam
563 575 874 631 charitatem
904 573 1100 644 ipsius,
1130 573 1212 629 vel
1241 571 1449 628 actione
1473 571 1557 626 vel
1578 570 1762 641 cogni-

192 675 325 727 tione
351 671 418 725 ad
447 669 826 740 pacificandam
855 678 1095 722 naturam
1119 681 1268 721 suam
1293 709 1305 728 ,
1347 675 1401 720 et
1434 677 1762 731 cognoscen-

191 765 307 820 dum
341 765 533 827 Deum,
567 762 728 817 intrat
753 760 803 814 in
834 760 1078 829 gaudium
1115 758 1319 813 Domini
1346 757 1448 813 sui.
1478 756 1764 826 Propterea

192 858 440 913 talentum
467 855 610 926 quod
639 855 776 910 male
805 852 975 908 utenti
1005 849 1260 914 aufertur,
1292 850 1366 905 illi
1391 849 1550 904 datur
1577 847 1665 918 qui
1689 857 1766 902 ta-

194 949 342 1005 lentis
356 948 590 1018 quinque
607 947 742 1001 bene
754 959 880 999 usus
895 953 975 998 est
993 942 1207 1014 (Matth.
1228 957 1350 1005 xxv,
1368 940 1541 1003 14-30,
1563 949 1610 994 et
1636 937 1761 994 Luc.

192 1054 294 1104 tux,
327 1037 517 1109 l5-26)
541 1055 554 1091 :
590 1053 696 1091 non
723 1036 842 1106 quia
867 1033 1142 1090 transferri
1170 1041 1344 1103 potest
1368 1045 1588 1087 acumen
1613 1031 1768 1084 intel-

194 1129 415 1200 ligenti:e
436 1171 453 1194 ,
493 1127 588 1182 sed
621 1127 692 1181 ita
717 1125 1068 1196 signiﬁcatum
1096 1133 1179 1179 est
1208 1137 1366 1194 posse
1398 1123 1498 1177 hoc
1523 1120 1768 1176 amittere

195 1223 514 1293 negligentes
542 1229 597 1276 et
625 1219 813 1290 impios
840 1217 1164 1286 ingeniosos,
1189 1223 1243 1269 et
1261 1213 1326 1268 ad
1353 1228 1470 1268 eam
1493 1213 1770 1282 pervenire

193 1311 467 1382 diligentes
510 1319 564 1366 et
610 1309 723 1380 pios
747 1349 760 1370 ,
801 1307 1042 1378 quamvis
1089 1306 1298 1377 ingenio
1333 1304 1611 1360 tardiores.
1650 1301 1767 1357 Non

193 1409 328 1464 enim
352 1407 533 1462 datum
554 1419 635 1460 eSt
665 1403 790 1459 illud
821 1403 1078 1458 talentum
1107 1401 1156 1456 ei
1194 1400 1283 1471 qni
1320 1406 1594 1468 acceperat
1622 1395 1766 1460 duo;

195 1497 347 1553 habet
377 1495 521 1551 enim
561 1503 617 1550 et
644 1493 766 1557 hoc,
799 1493 884 1563 qui
907 1491 1016 1562 jam
1047 1491 1098 1545 in
1128 1490 1337 1545 actione
1376 1495 1432 1544 ct
1469 1485 1772 1556 cognitione

194 1591 326 1646 bene
368 1589 534 1654 vivit;
581 1587 674 1642 sed
710 1587 757 1642 ei
801 1587 888 1656 qui
927 1591 1207 1654 acceperat
1233 1582 1487 1653 quinque.
1525 1575 1770 1634 Nondum

195 1686 329 1740 enim
368 1681 526 1737 habet
549 1679 615 1734 ad
642 1691 839 1734 teterna
863 1676 1267 1746 contemplanda
1297 1672 1540 1729 idoneam
1577 1669 1771 1726 mentis

193 1775 381 1840 aciem,
432 1772 519 1843 qui
561 1770 854 1825 visibilibus
899 1777 1123 1833 tantum,
1173 1765 1225 1821 id
1267 1774 1348 1820 est
1392 1761 1772 1833 temporalibus

194 1864 396 1920 credit:
429 1861 522 1917 sed
544 1861 742 1916 habere
769 1867 961 1930 potest,
993 1858 1083 1929 qui
1110 1857 1299 1910 horum
1329 1855 1566 1909 omnium
1597 1851 1770 1906 sensi-

197 1955 376 2010 bilium
406 1954 573 2008 Deum
604 1951 857 2006 artitiecm
880 1949 1078 2013 laudat,
1111 1955 1165 2003 et
1189 1962 1310 2002 eum
1336 1943 1621 2016 persuadet
1647 1941 1771 2006 fide,

195 2053 250 2100 et
276 2052 555 2111 exspectat
579 2057 694 2112 spe,
718 2052 770 2096 et
791 2043 980 2111 quaerit
1005 2039 1284 2095 charitate.

197 2135 424 2192 CAPUT
471 2133 578 2188 LV.
609 2163 680 2174 —
713 2131 958 2202 Epiloyus
985 2131 1254 2202 exhortans
1278 2128 1346 2182 ad
1375 2143 1541 2202 ueram
1563 2126 1774 2202 religio-

264 2224 379 2260 nem
398 2247 412 2267 ,
441 2213 486 2259 et
508 2221 540 2274 ᾳ
570 2204 700 2274 falsa
735 2197 1006 2274 deteri-ens.
1036 2200 1351 2274 Quolisnerat
1379 2197 1778 2274 Monichworum

265 2277 467 2346 religio.
503 2267 778 2344 Opinione:
801 2273 946 2341 [alue
971 2271 1035 2325 de
1059 2271 1175 2324 diis.
1212 2267 1343 2323 Vera
1368 2269 1562 2338 religio.

268 2368 392 2425 107.
432 2366 560 2434 Quae
579 2380 700 2420 cum
723 2364 794 2418 ita
813 2363 937 2425 sint,
966 2361 1150 2417 hortor
1168 2374 1284 2426 vos,
1311 2357 1556 2413 homines
1576 2356 1778 2412 charis-

200 2458 321 2513 simi
363 2467 417 2512 et
459 2456 681 2528 proximi
713 2454 839 2520 mei,
867 2468 1060 2523 meque
1085 2453 1254 2521 ipsum
1279 2453 1461 2505 hortor
1483 2449 1776 2515 vobiscum,

203 2561 258 2606 ut
285 2550 354 2606 ad
378 2549 430 2605 id
461 2563 566 2620 quo
596 2563 693 2602 nos
721 2562 817 2617 per
839 2545 1151 2618 sapientiam
1173 2557 1322 2598 suam
1346 2543 1485 2598 Deus
1514 2541 1775 2605 hortatur,

197 2652 393 2713 quanta
425 2653 707 2710 possumus
729 2637 1001 2692 celeritate
1028 2648 1322 2690 curramus.
1351 2631 1464 2687 Non
1495 2631 1780 2701 diligamus

200 2731 457 2788 mundum
479 2770 496 2797 ,
534 2731 784 2800 quoniam
813 2727 989 2782 omnia
1018 2741 1136 2796 qua:
1167 2725 1222 2778 in
1249 2722 1445 2779 mundo
1475 2730 1618 2789 sunt,
1649 2735 1781 2776 con-

199 2821 528 2892 cupiscentia
555 2821 748 2882 carnis,
771 2828 826 2874 et
850 2815 1274 2887 concupiscentia
1299 2814 1571 2869 oculorum
1598 2822 1702 2879 est,
1729 2821 1783 2867 et

197 2913 420 2970 ambitio
448 2913 626 2967 saeculi
654 2911 696 2986 (1
720 2910 876 2966 Joan.
907 2926 964 2976 ιι,
1002 2909 1090 2974 15,
1124 2906 1237 2977 lli).
1261 2906 1377 2962 Non
1397 2906 1674 2977 diligamus
1692 2920 1785 2975 per

199 3006 384 3062 carnis
411 3004 733 3074 voluptatem
763 3015 1104 3070 corrumpere
1123 3008 1281 3069 atque
1309 2995 1600 3067 corrumpi,
1630 3013 1696 3050 ne
1715 2994 1783 3050 ad

200 3095 647 3153 miserabiliorem
675 3094 1071 3163 corruptionem
1100 3091 1342 3146 dolorum
1371 3101 1783 3146 tormentorum-

200 3205 307 3260 que
349 3187 644 3244 veniamus.
689 3183 804 3239 Non
842 3184 1123 3254 diligamus
1150 3183 1459 3246 certamina,
1490 3196 1559 3235 ne
1586 3179 1786 3251 angelis

199 3284 289 3355 qui
316 3284 510 3338 talibus
529 3281 782 3352 gaudent,
810 3279 861 3333 in
885 3287 1196 3348 potestatem
1218 3275 1426 3341 demur,
1452 3273 1782 3340 lmmiliandi,

199 3375 492 3440 vinciendi,
517 3372 852 3429 verberandi.
885 3370 997 3426 Non
1025 3369 1309 3439 diligamus
1330 3367 1553 3421 visibilia
1581 3376 1789 3436 Specta-

199 3468 347 3532 cula,
373 3480 441 3520 ne
460 3466 526 3519 ab
548 3465 659 3534 ipsa
685 3463 904 3518 veritate
922 3459 1218 3517 aberraudo
1235 3469 1288 3514 et
1303 3458 1529 3513 amando
1549 3459 1784 3524 umbras,

201 3559 254 3612 in
279 3555 537 3612 tenebras
562 3552 775 3624 projicia
786 3569 923 3607 mur.

278 3647 407 3703 108.
449 3644 564 3701 Νοη
607 3645 677 3698 sit
716 3643 868 3698 nobis
907 3642 1094 3713 religio
1121 3642 1173 3696 in
1201 3639 1658 3712 phantasmatibus
1685 3653 1787 3693 no-

202 3739 355 3793 stris.
403 3724 590 3791 Mélius
631 3743 712 3789 cst
754 3733 896 3788 enim
935 3733 1317 3802 qualecumque
1365 3745 1580 3796 verum,
1630 3743 1788 3798 quam

201 3845 370 3884 omne
410 3825 664 3897 quidquid
711 3839 808 3894 pro
852 3823 1070 3879 arbitrio
1108 3823 1232 3893 ﬁngi
1273 3830 1476 3892 potest;
1522 3831 1576 3876 et
1613 3829 1788 3875 tamen

203 3923 444 3977 animam
491 3919 699 3990 ipsam,
747 3917 990 3989 quamvis
1026 3915 1202 3970 anima
1238 3927 1361 3969 vera
1406 3912 1475 3968 sit
1512 3927 1632 3967 cum
1658 3911 1790 3968 falsa

202 4013 550 4081 imaginatur,
584 4010 758 4065 colere
789 4023 894 4062 non
921 4005 1196 4062 debemus.
1231 4003 1414 4059 Melior
1440 4010 1523 4057 est
1548 4016 1671 4056 vera
1697 4001 1792 4056 sti-

206 4104 336 4174 pula
358 4143 375 4169 ,
406 4117 563 4172 quam
596 4102 682 4155 lux
712 4100 856 4154 inani
882 4099 1198 4168 cogitatione
1231 4111 1326 4166 pro
1350 4094 1668 4165 suspicantis
1696 4110 1790 4150 vo-

204 4199 417 4252 luntate
444 4191 701 4258 formata;
741 4200 795 4246 et
822 4200 998 4246 tamen
1037 4189 1318 4259 stipulam,
1352 4202 1507 4257 quam
1537 4185 1794 4241 sentimus

205 4297 262 4342 ct
289 4285 581 4356 tangimus,
615 4283 878 4338 dementis
904 4292 986 4337 est
1014 4280 1236 4336 credere
1257 4277 1554 4334 colendam.
1584 4277 1698 4332 Non
1725 4278 1795 4331 sit

207 4377 370 4432 nobis
413 4374 601 4442 religio
649 4373 998 4427 humanorum
1041 4386 1262 4441 sperum
1303 4370 1497 4425 cultus.
1546 4367 1794 4424 Meliores

207 4467 360 4521 enim
381 4473 508 4519 sunt
535 4464 634 4534 ipsi
662 4463 892 4518 artiﬁces
920 4461 1008 4532 qui
1041 4461 1162 4515 talia
1192 4459 1536 4526 fabricantur,
1564 4475 1698 4529 quos
1719 4469 1796 4514 ta-

210 4574 340 4611 nien
371 4555 547 4610 colere
573 4569 677 4608 non
699 4551 972 4608 debemus.
1000 4551 1114 4606 Non
1144 4551 1211 4606 sit
1237 4551 1388 4606 nobis
1416 4551 1600 4620 religio
1624 4551 1795 4606 cultus

206 4647 526 4703 beStiarnm.
555 4643 794 4699 Meliores
819 4644 959 4697 enim
987 4649 1112 4697 sunt
1129 4643 1353 4698 extremi
1377 4641 1636 4705 homines,
1662 4656 1796 4712 quos

209 4748 397 4794 tamen
425 4737 602 4791 colere
631 4749 734 4790 non
761 4732 1034 4789 debemus.
1061 4732 1178 4787 Non
1203 4734 1272 4787 sit
1301 4731 1453 4786 nobis
1484 4733 1667 4803 religio
1686 4732 1798 4787 cul-

211 4839 304 4886 tus
337 4827 610 4882 hominum
639 4836 965 4880 mortuorum
996 4843 1008 4878 :
1040 4824 1163 4894 quia
1190 4823 1234 4877 si
1274 4823 1358 4892 pie
1382 4823 1655 4888 vixerunt,
1690 4838 1799 4880 non

209 4921 295 4974 sic
337 4918 596 4972 habentur
631 4924 688 4970 ut
731 4916 862 4970 tales
897 4923 1137 4985 qua-rant
1166 4912 1429 4977 honores;
1470 4912 1564 4969 sed
1592 4913 1736 4967 illum
1767 4929 1797 4968 a

209 5010 376 5065 nobis
403 5009 504 5063 coli
535 5008 738 5075 volunt,
765 5023 869 5078 quo
897 5007 1223 5061 illuminante
1252 5006 1499 5060 fanantur
1525 5005 1695 5061 meriti
1717 5006 1797 5061 sui

212 5116 319 5154 nos
350 5114 468 5154 esse
494 5112 772 5154 consortes
811 5099 851 5153 ί.
902 5097 1206 5152 llonorandi
1246 5111 1373 5168 ergo
1413 5107 1536 5151 sunt
1586 5106 1800 5166 propter

213 5192 603 5257 imitationem,
657 5207 762 5245 non
807 5189 1060 5245 adorandi
1106 5199 1319 5260 propter
1370 5190 1703 5261 religionem.
1743 5191 1799 5246 Si

211 5297 395 5339 autem
426 5283 563 5338 male
598 5283 871 5349 vixerunt,
911 5282 1226 5352 ubicumque
1262 5282 1367 5337 sint
1400 5299 1505 5337 non
1546 5291 1671 5338 sunt
1705 5298 1800 5340 co-

213 5377 386 5432 lendi.
416 5376 532 5431 Non
573 5377 644 5430 sit
687 5376 839 5430 nobis
874 5375 1058 5446 religio
1097 5375 1273 5430 cultus
1310 5374 1647 5442 da~mouum;
1678 5376 1800 5445 quia

211 5469 394 5523 omnis
421 5467 727 5538 superstitio
761 5482 881 5520 cum
909 5467 978 5520 sit
1005 5480 1192 5534 magna
1219 5479 1376 5534 pinna
1409 5464 1682 5520 hominum
1704 5510 1718 5527 ,
1749 5475 1804 5521 et

207 5559 667 5630 periculosissima
709 5556 1009 5628 turpitudo,
1063 5556 1234 5612 honor
1278 5566 1360 5613 est
1397 5571 1463 5612 ac
1507 5557 1803 5628 triumphus

209 5651 450 5706 illorum.

286 5741 414 5796 109.
447 5739 561 5795 Non
595 5739 666 5795 sit
691 5738 843 5794 nobis
868 5739 1056 5810 religio
1089 5748 1348 5795 terrarum
1375 5738 1548 5798 cultus
1566 5748 1622 5797 et
1642 5753 1803 5813 aqua-

277 5834 299 5866 ι
327 5831 493 5882 Plures
513 5836 670 5881 ellss.
696 5837 748 5880 et
769 5835 866 5889 Eia,
891 5842 1151 5887 emersos.

499 5912 728 5976 Sacr.
757 5884 1038 5976 Ausus'r.
1078 5884 1189 5978 111.

3351 366 3455 424 170

1870 493 2022 542 rum;
2056 475 2175 545 quia
2203 473 2317 530 istis
2343 473 2522 547 purior
2546 483 2599 532 ct
2627 475 2848 534 lucidior
2876 488 2956 534 est
2976 493 3088 545 aer,
3121 480 3279 536 etiam
3323 484 3457 538 cali-

1869 572 2102 640 ginosus,
2145 586 2301 641 quem
2353 583 2526 626 tamen
2566 573 2740 627 colere
2777 588 2878 627 non
2910 573 3185 629 debemus.
3231 575 3345 630 Non
3392 578 3461 632 sit

1872 661 2024 716 nobis
2050 662 2235 731 religio
2260 663 2416 730 etiam
2442 664 2669 730 purioris
2698 665 2837 719 aeris
2852 674 2905 718 et
2933 667 3218 721 serenioris
3245 668 3419 722 cultus
3445 686 3460 722 :

1873 753 1994 821 quia
2024 751 2141 806 luce
2169 753 2388 808 absente
2431 753 2791 820 inumbratur;
2824 766 2870 809 et
2907 757 3087 826 purior
3127 758 3217 812 illo
3247 769 3326 814 est
3357 759 3459 814 ful-

1871 859 1969 915 gor
1999 846 2131 916 ignis
2155 846 2313 901 etiam
2344 846 2516 915 hujus,
2551 863 2709 918 quem
2738 857 2935 914 tamen,
2960 851 3208 919 quoniam
3241 868 3334 921 pro
3365 869 3462 906 vo-

1875 938 2075 992 luntate
2091 939 2430 994 accendimus
2448 949 2503 993 et
2522 941 2925 1010 exstinguimus,
2948 943 3124 996 colere
3146 943 3326 1013 utique
3356 960 3462 999 non

1873 1027 2150 1082 debemus.
2177 1027 2290 1082 Non
2312 1029 2382 1083 sit
2409 1029 2561 1083 nobis
2590 1030 2774 1100 religio
2802 1031 2974 1086 cultus
2994 1048 3276 1101 corporum
3298 1036 3464 1090 aethe-

1874 1135 2085 1174 reorum
2105 1128 2261 1189 atque
2281 1122 2596 1185 caelestium,
2626 1139 2744 1191 qua:
2771 1126 3012 1194 quamvis
3040 1126 3284 1180 omnibus
3307 1142 3465 1183 caue-

1876 1211 1949 1265 ris
1973 1212 2284 1281 corporibus
2309 1224 2453 1268 recte
2484 1227 2873 1283 praaponantnr,
2902 1217 3090 1271 melior
3120 1228 3294 1274 tamen
3337 1220 3466 1289 ipsis

1875 1313 1956 1357 est
1984 1319 2331 1375 quaecumque
2359 1306 2482 1359 vita.
2513 1307 2845 1376 Quapropter
2860 1308 2904 1362 si
2924 1310 3151 1364 animata
3174 1321 3315 1374 sunt,
3345 1329 3457 1368 me-

1876 1391 1978 1446 lior
2005 1403 2087 1448 est
2106 1395 2302 1462 quaevis
2319 1395 2490 1448 anima
2512 1412 2605 1465 per
2631 1397 2880 1466 seipsam,
2909 1415 3065 1468 quam
3083 1415 3274 1469 cr-rpus
3295 1405 3464 1472 quod-

1876 1483 2004 1539 libet
2045 1486 2361 1551 animatum;
2386 1495 2439 1540 et
2465 1497 2638 1541 tamen
2661 1489 2890 1543 animam
2913 1481 3153 1545 vitiosam
3182 1509 3341 1548 nemo
3373 1510 3467 1550 co-

1879 1573 2090 1628 lendam
2110 1590 2228 1630 esse
2246 1577 2527 1631 censuerit.
2546 1577 2659 1632 Non
2677 1579 2745 1633 sit
2763 1580 2913 1635 nobis
2929 1582 3112 1652 religio
3131 1585 3303 1640 cultus
3326 1587 3464 1642 illius

1877 1667 2020 1731 vit:e,
2047 1682 2149 1736 qua
2188 1666 2434 1722 dicuntur
2480 1668 2699 1722 arbores
2751 1670 2969 1726 vivere:
3000 1674 3248 1742 quoniam
3289 1677 3463 1731 nullus

1879 1771 2070 1812 sensus
2093 1759 2142 1812 in
2171 1757 2257 1811 illa
2283 1767 2395 1822 est;
2427 1767 2480 1812 et
2505 1774 2567 1812 ex
2599 1775 2664 1814 eo
2688 1774 2880 1830 genere
2913 1770 2996 1816 est
3017 1762 3115 1817 ista
3153 1780 3255 1834 qua
3295 1769 3464 1822 nostri

1881 1849 2039 1902 etiam
2067 1849 2304 1919 corporis
2333 1850 2684 1905 numerositas
2708 1851 2898 1920 agitur,
2941 1868 3042 1923 qua
3085 1856 3242 1909 etiam
3287 1861 3461 1927 capilli

1880 1953 1932 1996 et
1957 1956 2076 1996 ossa
2112 1942 2314 2009 vivunt,
2343 1958 2460 2011 qua:
2490 1943 2603 1998 sine
2627 1957 2787 1999 sensu
2820 1946 3176 2014 pra-cidtmtur
3203 1968 3215 2002 :
3248 1950 3344 2004 hac
3371 1966 3466 2005 au-

1882 2042 1988 2089 tcm
2019 2035 2204 2090 melior
2232 2045 2312 2090 est
2339 2037 2443 2090 vita
2469 2036 2732 2104 sentiens;
2773 2048 2827 2093 et
2870 2048 3044 2094 tamen
3067 2042 3236 2108 _vitatn
3270 2043 3468 2098 bestia-

1881 2140 1999 2180 rum
2029 2126 2206 2182 colere
2231 2141 2338 2181 non
2362 2125 2637 2181 debemus.

1954 2219 2074 2273 110.
2095 2218 2210 2274 Νυη
2229 2220 2299 2276 sit
2315 2219 2467 2274 nobis
2490 2219 2672 2290 religio
2695 2220 2776 2275 vel
2799 2220 2908 2290 ipsa
2931 2221 3163 2292 perfecta
3184 2234 3235 2279 et
3256 2227 3470 2295 sapiens

1883 2308 2056 2364 anima
2086 2310 2378 2375 rationalis,
2406 2310 2518 2364 sive
2538 2311 2590 2364 in
2617 2311 2913 2366 ministerio
2951 2314 3328 2379 univcrsitatis,
3357 2317 3470 2372 sive

1883 2399 1938 2454 in
1969 2401 2262 2456 ministerio
2309 2400 2534 2471 partium
2573 2401 2820 2465 stabilita,
2868 2403 2979 2457 sive
3007 2419 3125 2472 quae
3160 2405 3211 2458 in
3248 2409 3470 2461 summis

1886 2491 2188 2546 hominibus
2212 2499 2485 2561 exspectat
2508 2493 2974 2547 commutationem
3004 2494 3468 2552 reformationem-

1885 2596 1987 2652 que
2026 2583 2286 2653 portionis
2329 2597 2471 2647 suae;
2521 2584 2768 2652 quoniam
2796 2583 2969 2638 onmis
2992 2586 3092 2638 vita
3121 2589 3393 2643 rationalis
3419 2591 3465 2644 si

1887 2672 2120 2743 perfecta
2143 2681 2242 2737 est,
2275 2672 2689 2727 incommutabili
2718 2674 2925 2727 veritati
2942 2688 3122 2729 secum
3151 2677 3469 2734 intrinsecus

1887 2765 2003 2817 sine
2032 2764 2254 2833 strepitu
2283 2763 2516 2833 loquenti
2557 2763 2907 2831 obtemperat,
2944 2781 3048 2818 non
3097 2766 3473 2838 obtemperans

1886 2866 2063 2908 autem
2100 2855 2287 2909 vitiosa
2317 2853 2392 2908 lit.
2417 2853 2529 2907 Non
2557 2868 2685 2923 ergo
2706 2869 2800 2923 per
2824 2869 2883 2910 se
2911 2857 3140 2920 excellit,
3169 2857 3262 2912 sed
3291 2876 3383 2928 per
3407 2861 3474 2914 il-

1887 2945 1991 3000 lam
2019 2945 2102 3000 cui
2133 2945 2358 3000 libenter
2383 2945 2733 3014 obtemperat.
2757 2946 2906 3013 Quod
2933 2962 3063 3017 ergo
3085 2949 3213 3004 eolit
3237 2966 3474 3005 alumnus

1887 3037 2126 3106 angelus,
2168 3035 2218 3090 id
2243 3038 2523 3092 colendum
2569 3048 2652 3093 cst
2691 3039 2849 3093 etiam
2896 3040 2962 3093 ab
3008 3039 3223 3096 homine
3268 3045 3472 3111 ultimo,

1887 3128 2009 3198 quia
2036 3128 2149 3197 ipsa
2169 3128 2394 3183 hominis
2415 3140 2597 3183 natura
2628 3129 2678 3184 id
2708 3145 2811 3184 non
2839 3131 3062 3185 colendo
3085 3132 3218 3187 facta
3243 3145 3324 3189 est
3346 3136 3468 3189 ulti-

1891 3235 1996 3276 tua.
2016 3220 2130 3275 Non
2150 3220 2290 3276 enim
2311 3221 2524 3276 aliunde
2543 3221 2754 3290 sapiens
2778 3223 3018 3292 angelus,
3040 3223 3255 3278 aliunde
3282 3225 3478 3296 homo;

1890 3312 2102 3368 aliunde
2123 3313 2210 3368 ille
2235 3327 2414 3378 verax,
2455 3312 2666 3366 aliunde
2693 3311 2885 3378 homo;
2911 3314 3004 3368 sed
3028 3315 3094 3369 ab
3132 3332 3231 3369 una
3275 3317 3480 3374 incom-

1890 3405 2128 3459 mtttabili
2168 3405 2425 3474 sapientia
2447 3414 2501 3458 et
2521 3405 2761 3459 veritate.
2812 3403 2945 3458 Nam
2990 3404 3040 3459 id
3091 3406 3262 3476 ipsum
3304 3418 3478 3464 actum

1891 3504 1975 3551 est
2021 3496 2295 3564 tempmali
2332 3494 2725 3563 dispensatione
2771 3493 2836 3548 ad
2873 3494 3095 3549 salutem
3136 3506 3390 3561 nostram,
3422 3508 3484 3554 ut

1894 3596 2134 3642 naturam
2167 3588 2449 3642 humanam
2493 3585 2607 3656 ipsa
2639 3587 2730 3641 Dei
2770 3585 2969 3652 Virtus,
2997 3596 3052 3642 et
3080 3588 3173 3643 Dei
3215 3591 3482 3658 Sapientia

1893 3678 2360 3742 ineommutabilts,
2376 3687 2432 3732 et
2453 3677 2916 3731 consubstantialis
2942 3678 3081 3731 Patri
3108 3688 3162 3731 et
3189 3689 3476 3745 coazterna,

1893 3771 2163 3840 suscipere
2202 3769 2527 3839 dignaretur,
2561 3783 2655 3837 per
2687 3782 2844 3838 quam
2885 3782 2982 3823 nos
3028 3768 3246 3825 doceret
3273 3771 3324 3825 id
3362 3787 3484 3828 esse

1896 3861 2098 3916 homini
2136 3859 2452 3926 colendum,
2499 3858 2640 3929 quod
2682 3859 2750 3913 ab
2798 3859 2942 3913 omni
2990 3868 3233 3915 creatura
3275 3863 3485 3918 intelle-

1895 3953 2061 4009 Ctuali
2089 3961 2144 4007 et
2171 3951 2411 4006 rationali
2436 3951 2716 4006 colendum
2734 3960 2835 4005 est.
2864 3951 2976 4005 Hoc
2996 3953 3154 4006 etiam
3188 3955 3330 4022 ipsos
3355 3956 3485 4024 opti-

1897 4060 2015 4099 mos
2053 4044 2302 4114 Angelos,
2343 4053 2398 4097 et
2439 4041 2883 4097 excellentissima
2914 4041 3317 4098 Deiministeria
3348 4047 3487 4100 velle

1897 4136 2198 4200 credamus,
2235 4143 2291 4188 ut
2325 4149 2488 4188 unum
2525 4148 2644 4188 cum
2686 4133 2812 4202 ipsis
2841 4132 3080 4189 colamus
3106 4135 3292 4201 Deum,
3337 4137 3488 4205 cujus

1898 4227 2343 4296 contemplatione
2371 4225 2510 4280 beati
2533 4234 2674 4279 sunt.
2700 4223 2878 4294 Neque
2897 4226 3036 4279 enim
3057 4233 3113 4280 et
3131 4240 3229 4280 nos
3255 4227 3482 4282 videndo

1898 4319 2141 4390 angelum
2186 4317 2325 4371 beati
2365 4330 2576 4380 sumus;
2626 4314 2720 4369 sed
2765 4315 2995 4370 videndo
3041 4317 3335 4383 veritatem,
3383 4333 3487 4387 qua

1899 4415 2057 4469 etiam
2089 4413 2233 4481 ipsos
2265 4409 2531 4480 diligimus
2555 4409 2807 4479 Angelos,
2837 4419 2891 4463 et
2920 4410 3004 4464 his
3038 4413 3484 4481 congratulamur.

1900 4505 2009 4561 Nec
2038 4503 2334 4559 invidemus
2353 4503 2492 4571 quod
2514 4515 2575 4555 ea
2595 4501 2903 4570 paratiores,
2935 4503 3014 4556 vel
3047 4503 3203 4556 nullis
3232 4504 3488 4559 molestiis

1901 4593 2376 4664 interpedientibus
2425 4591 2805 4661 perfruuntur:
2835 4591 2930 4646 sed
2969 4594 3136 4663 magis
3176 4609 3271 4649 eos
3318 4596 3492 4666 diligi-

1903 4704 2041 4754 mus,
2067 4685 2318 4758 quoniam
2347 4694 2403 4740 et
2435 4701 2533 4739 nos
2564 4683 2668 4738 tale
2689 4684 2885 4754 aliquid
2914 4699 3133 4755 sperare
3159 4702 3188 4740 a
3220 4691 3490 4743 conuuuni

1903 4779 2130 4835 Domino
2144 4777 2279 4849 jussi
2300 4791 2503 4832 sumus.
2531 4775 2708 4843 Quare
2739 4777 3061 4833 honoramus
3087 4793 3180 4834 eos
3208 4779 3488 4847 cbaritate,

1903 4886 2009 4927 non
2037 4875 2316 4925 servitute.
2364 4867 2473 4923 Nec
2511 4869 2592 4923 eis
2635 4869 2830 4939 templa
2876 4869 3274 4924 construimus:
3308 4873 3495 4926 nolunt

1904 4967 2047 5020 enim
2076 4980 2134 5020 se
2153 4963 2230 5019 sic
2254 4963 2504 5017 honorari
2531 4976 2560 5016 a
2581 4963 2765 5028 nobis;
2796 4964 2919 5032 quia
2942 4978 3038 5018 nos
3060 4964 3202 5033 ipsos
3222 4977 3344 5017 eum
3367 4963 3492 5018 boni

1905 5074 2109 5125 sumus,
2141 5057 2334 5126 templa
2364 5055 2556 5112 summi
2595 5056 2688 5110 Dei
2721 5071 2840 5111 esse
2869 5065 3148 5112 noverunt.
3199 5055 3360 5110 Recte
3389 5057 3491 5109 ita-

1904 5167 2009 5224 que
2038 5151 2306 5218 scribitur,
2357 5150 2624 5204 hominem
2665 5149 2731 5203 ab
2757 5150 2942 5220 angelo
2986 5148 3306 5220 prohibitum
3337 5163 3406 5202 ne
3431 5163 3492 5203 se

1907 5246 2170 5309 adoraret,
2203 5243 2299 5299 sed
2334 5258 2494 5298 unum
2524 5242 2802 5296 Dominum
2832 5242 2932 5296 sub
2957 5254 3062 5310 quo
3089 5239 3140 5295 ei
3161 5247 3377 5296 essetet
3406 5240 3493 5296 ille

1906 5350 2196 5393 conservus
2224 5335 2404 5408 (Apoc.
2428 5348 2562 5401 xxu,
2594 5334 2670 5404 9).

1979 5432 2101 5487 111.
2133 5430 2233 5498 Qui
2260 5441 2435 5484 autem
2473 5443 2568 5482 nos
2595 5426 2817 5481 invitant
2862 5433 2920 5479 ut
2964 5423 3062 5478 sibi
3103 5423 3416 5493 serviamus,
3440 5435 3496 5482 et

1908 5533 2160 5595 tanquam
2180 5521 2312 5576 deos
2329 5519 2587 5583 colamus,
2611 5515 2816 5571 similes
2847 5522 2970 5569 sunt
2993 5514 3238 5584 superbis
3258 5514 3494 5571 homini-

1906 5616 2029 5682 bus,
2052 5614 2245 5685 quibus
2268 5615 2312 5667 si
2339 5612 2516 5669 liceat,
2547 5605 2796 5662 similiter
2833 5607 2936 5662 coli
2961 5607 3156 5678 .volunt
3185 5624 3198 5661 :
3229 5607 3324 5664 sed
3362 5609 3494 5664 istos

1909 5705 2151 5761 homines
2186 5701 2391 5774 perpeti
2418 5698 2612 5765 minus,
2644 5698 2763 5753 illos
2791 5713 2919 5755 vero
2945 5699 3120 5754 colere
3144 5699 3314 5770 magis
3346 5700 3494 5772 peri-

1913 5798 2156 5858 culosum
2181 5805 2285 5854 est.
2315 5791 2499 5851 Omnis
2511 5790 2662 5853 enim
2693 5792 2967 5872 hominum
2990 5793 3292 5850 dominatus
3321 5793 3375 5848 in
3397 5793 3494 5848 ho~

2979 5905 3227 5988 (Sim)
