3906 6310
464 289 569 349 1⁸15

467 410 621 463 erant
647 406 907 469 tempora.
932 389 1052 448 Non
1077 396 1205 458 ergo
1230 392 1516 455 possutmi;
1543 374 1722 430 dicere
1758 368 1921 425 fuisse
1950 363 2051 419 ali.

469 460 610 567 quod
639 460 849 559 tempus
887 479 1100 556 quando
1142 477 1282 533 Deus
1318 469 1553 528 nondum
1596 462 1793 534 aliquid
1831 460 2051 567 fecerat.

470 552 923 655 Quomodo'enini
960 582 1076 633 erat
1104 580 1317 640 tempus
1341 562 1482 637 quod
1513 561 1652 617 Deus
1692 570 1798 611 non
1830 552 2054 655 fecerat,

473 640 595 735 cum
631 671 870 730 omnium
916 676 1218 737 temporum
1261 659 1376 729 ipse
1424 655 1493 709 sit
1537 643 1852 706 fabricator?
1900 642 1965 697 Et
2014 640 2062 696 si
2146 706 2161 713 ἡ

477 784 690 841 tempus
710 781 831 825 cum
857 762 994 820 cmlo
1020 734 1077 815 et
1104 765 1245 812 terra
1276 764 1396 807 esse
1430 745 1612 816 cmpit.
1642 757 1748 797 non
1779 744 1954 810 potest
1981 734 2063 788 in-

477 827 646 921 veni-ri
687 871 897 929 tempus
936 866 1043 924 quo
1088 848 1230 904 Deus
1269 840 1505 899 nondum
1535 836 1735 892 fecerat
1780 827 1974 885 rmlum
2010 831 2066 880 et

720 915 867 1005 Cu'm
906 915 1085 999 autem
1121 937 1336 999 dicitur,
1364 929 1502 1001 Quid
1542 927 1593 983 ei
1633 920 1828 995 placuit
1864 915 2061 981 subito,

481 1048 560 1103 sic
587 1043 802 1106 dicitur,
832 1035 985 1108 quasi
1031 1032 1206 1101 aliqua
1235 1037 1474 1097 tempora
1516 1017 1844 1081 transierint,
1876 1009 2070 1083 quibus

484 1139 624 1194 Deus
664 1132 795 1189 nihil
835 1107 1085 1200 operatus
1118 1128 1220 1177 est.
1268 1116 1382 1173 Non
1423 1114 1567 1171 enim
1608 1108 1837 1165 transire
1864 1107 2074 1175 poterat

487 1242 717 1300 tempus,
749 1198 888 1296 quod
926 1216 1160 1275 nondmn
1186 1213 1384 1268 fecerat
1410 1208 1580 1271 Deus;
1615 1201 1739 1274 quia
1763 1214 1868 1255 non
1901 1198 2077 1266 potest

486 1298 614 1379 esse
641 1323 890 1388 operator
928 1319 1250 1379 temporum,
1292 1301 1393 1357 nisi
1420 1299 1510 1370 qui
1535 1304 1618 1352 est
1656 1301 1781 1349 ante
1810 1298 2072 1356 tempora.

488 1412 647 1468 Certe
681 1379 740 1464 et
776 1403 874 1476 ipsi
904 1396 1180 1456 Manicbzei
1206 1395 1388 1465 legunt
1425 1386 1723 1460 apostolum
1751 1379 1994 1443 Paulum,
2022 1381 2081 1430 et

490 1501 710 1559 laudant
733 1471 1110 1555 et'honorant;
1141 1496 1196 1542 et
1217 1487 1332 1555 ejus
1356 1478 1619 1552 Epistolas
1646 1473 1785 1530 male
1811 1471 2078 1537 interpre—

493 1593 655 1651 tando
686 1589 883 1645 multos
903 1582 1192 1652 decipiunt.
1224 1578 1412 1632 Dicant
1442 1586 1569 1643 ergo
1596 1569 1751 1624 nobis
1780 1561 1905 1635 quid
1928 1561 2083 1615 dixe-

495 1689 565 1745 rit
591 1677 1112 1756 apostolusPaulus,
1141 1670 1462 1744 Agnitionent
1499 1662 1719 1719 veritatis
1750 1671 1866 1728 qua
1902 1663 1973 1710 est
2006 1667 2086 1708 se-

496 1779 719 1838 cundum
758 1774 993 1847 pietatem
1015 1766 1110 1822 Dei
1132 1766 1186 1821 in
1215 1779 1352 1836 spem
1380 1760 1494 1815 vitae
1531 1766 1751 1817 (etenus,
1781 1764 1934 1822 quam
1969 1760 2089 1817 pro-

500 1871 635 1928 misit
645 1884 747 1924 non
759 1835 983 1921 mendax
1000 1860 1134 1914 Deus
1153 1835 1506 1923 antelempora
1520 1858 1707 1903 aeterna
1724 1841 1851 1917 (Tit.
1867 1856 1906 1906 t,
1926 1838 1980 1904 1,
1997 1835 2089 1907 2);

505 1972 704 2020 aeterna
729 1957 871 2014 enim
904 1964 1144 2023 tempora
1168 1946 1294 2019 quid
1318 1951 1444 1999 ante
1468 1957 1526 1996 se
1554 1937 1747 1993 habere
1774 1926 2092 2004 potuerunt?

506 2056 620 2111 Hoc
646 2064 774 2121 ergo
801 2020 1055 2118 cogantur
1074 2051 1368 2110 expauere,
1397 2042 1456 2088 ut
1481 2030 1775 2098 intelligant
1799 2039 1859 2079 se
1887 2036 1990 2076 non
2014 2020 2096 2074 in-

510 2110 769 2214 telligere,
796 2110 915 2194 cuin
945 2144 1147 2190 temere
1172 2130 1355 2184 volunt
1381 2120 1774 2196 reprehendere
1799 2112 1940 2188 quod
1969 2110 2095 2167 dili-

514 2244 702 2310 genter
729 2244 970 2305 qua‘rere
997 2224 1317 2282 debuerunt.
1646 2265 1669 2281 ,

584 2328 639 2384 t.
660 2324 717 2383 Si
744 2295 921 2379 autem
945 2334 1049 2375 non
1075 2316 1276 2377 dicunt,
1303 2310 1440 2380 Quid
1467 2305 1673 2382 placuit
1693 2303 1804 2359 Deo
1826 2299 1999 2356 Subito
2023 2295 2102 2351 fa-

515 2435 641 2479 cere
679 2404 873 2474 omium
910 2421 965 2467 et
1003 2419 1219 2474 terram,
1255 2402 1352 2461 sed
1394 2401 1585 2457 tollunt
1625 2395 1769 2461 inde,
1800 2391 2007 2455 subito;
2047 2396 2106 2444 et

521 2516 622 2570 hoc
650 2518 856 2566 tantum
879 2505 1080 2566 dicunt,
1102 2497 1237 2569 Quid
1271 2494 1467 2567 placuit
1494 2492 1607 2547 Deo
1631 2490 1804 2544 facere
1827 2484 2031 2541 caelum"
2046 2488 2106 2539 et

521 2601 759 2661 terram?
784 2598 899 2655 Non
920 2595 1060 2652 enim
1087 2604 1323 2649 coaevum
1350 2586 1458 2642 Deo
1496 2580 1751 2639 mundum
1779 2580 1939 2634 istum
1969 2574 2105 2630 dici-

525 2713 662 2764 mus,
692 2693 815 2766 quia
840 2705 946 2746 non
971 2687 1086 2759 ejus
1112 2679 1423 2740 :eternitatis
1446 2684 1529 2734 est
1563 2675 1648 2731 hic
1676 2671 1930 2734 mundus,
1956 2669 2110 2738 cujus

525 2763 838 2845 aeternitatis
865 2787 949 2837 est
983 2779 1120 2833 Deus
1149 2794 1162 2829 :
1195 2772 1451 2829 mundum
1485 2767 1681 2840 quippe
1715 2764 1842 2820 fecit
1868 2763 2026 2828 Deus,
2054 2766 2112 2814 et

527 2882 608 2938 sic
629 2894 750 2935 cum
781 2876 892 2947 ipsa
922 2880 1161 2928 creatura
1188 2882 1349 2938 quam
1375 2865 1517 2919 Deus
1551 2860 1694 2927 fecit,
1720 2867 1958 2927 tempora
1990 2866 2113 2907 esse

530 2945 843 3044 ceperunt;
870 2974 925 3022 et
950 2963 1068 3019 ideo
1094 2961 1345 3017 dicuntur
1376 2966 1615 3024 tempora
1638 2959 1856 3006 acterna.
1888 2945 2004 3001 Non
2036 2953 2113 2997 ta-

532 3039 657 3119 men
694 3060 773 3115 sic
809 3064 935 3112 sunt
968 3062 1169 3108 aeterna
1201 3059 1439 3118 tempora
1468 3039 1737 3115 quomodo
1764 3047 1996 3093 aeternus
2034 3040 2120 3088 est

536 3156 697 3219 Deus,
726 3150 850 3221 quia
877 3147 1017 3202 Deus
1044 3152 1128 3200 est
1167 3149 1288 3196 ante
1313 3147 1574 3208 tempora,
1610 3132 1699 3203 qui
1727 3129 2009 3185 fabricator
2035 3128 2123 3180 est

538 3256 879 3317 temporum:
909 3237 1047 3293 sicut
1087 3233 1267 3290 omnia
1306 3245 1425 3301 quae
1473 3227 1596 3281 fecit
1632 3225 1772 3279 Deus
1817 3220 1955 3277 bona
1998 3222 2125 3272 sunt

539 3310 718 3401 valde,
764 3330 858 3388 sed
901 3343 1009 3384 non
1049 3325 1127 3380 sic
1151 3323 1288 3379 bona
1332 3327 1474 3383 sunt,
1519 3311 1787 3387 quomodo
1830 3310 2005 3365 bonus
2040 3313 2126 3362 est

545 3430 711 3495 Deus,
745 3424 867 3497 quia
902 3420 993 3476 ille
1021 3418 1164 3484 fecit,
1195 3415 1309 3470 haec
1345 3420 1522 3467 autem
1565 3408 1697 3463 facta
1738 3412 1903 3459 sunt:
1935 3414 2035 3457 nec
2061 3413 2129 3454 ea

546 3489 729 3591 genuit
750 3489 820 3571 de
847 3512 1045 3582 seipso,
1077 3517 1135 3562 ut
1158 3506 1261 3561 hoc
1298 3512 1475 3559 essent
1499 3497 1640 3570 quod
1667 3497 1779 3567 ipse
1803 3502 1919 3558 est;
1946 3489 2040 3546 sed
2064 3503 2130 3545 ea

546 3584 673 3666 iecit
698 3607 767 3663 de
795 3603 984 3665 nihilo.
1011 3609 1071 3656 ut
1104 3613 1209 3654 non
1247 3604 1427 3650 essent
1468 3588 1711 3661 aequalia,
1741 3600 1841 3641 nec
1868 3584 1917 3639 ei
1953 3598 1984 3636 a
2023 3594 2133 3652 quo
2158 3598 2163 3601 Α

549 3702 686 3758 facta
712 3704 870 3760 sunt;
895 3708 994 3750 nec
1013 3690 1150 3747 Filio
1170 3687 1284 3758 ejus
1307 3700 1400 3755 per
1422 3695 1575 3752 quem
1598 3677 1733 3733 facta
1757 3687 1910 3741 sunt;
1931 3674 2134 3743 justum

549 3800 633 3849 est
659 3789 802 3845 enim
819 3788 859 3839 ¹.
880 3785 936 3841 Si
974 3796 1104 3853 ergo
1145 3779 1230 3833 isti
1258 3773 1507 3837 dixerint,
1533 3768 1669 3838 Quid
1698 3766 1896 3838 placuit
1920 3765 2030 3820 Deo
2053 3761 2133 3817 fa-

552 3897 676 3939 cere
716 3878 912 3935 omium
964 3882 1019 3928 et
1057 3866 1291 3925 terram?
1335 3860 1766 3935 respondendum
1801 3864 1884 3912 est
1931 3858 2031 3918 eis,
2079 3858 2139 3907 ut

555 3977 703 4046 prius
726 3972 934 4026 discant
957 3965 1066 4020 vim
1086 3957 1374 4015 voluntatis
1399 3957 1665 4020 humanae,
1693 3951 1782 4023 qui
1805 3949 2138 4004 voluntatem

558 4034 654 4121 Dei
702 4073 862 4116 nosse
905 4053 1227 4111 desiderant.
1277 4047 1476 4102 Causas
1522 4045 1665 4099 enim
1709 4037 1995 4095 voluntatis
2044 4034 2142 4090 Dei

560 4157 698 4213 scire
733 4156 998 4223 quaerunt,
1026 4159 1145 4200 cum
1181 4141 1422 4196 voluntas
1453 4137 1546 4192 Dei
1586 4134 1824 4190 omnium
1851 4146 1969 4202 quae
1995 4137 2139 4195 sunt,

561 4249 676 4320 ipsa
705 4221 775 4301 sit
814 4255 993 4299 causa.
1037 4236 1092 4294 Si
1136 4234 1277 4289 enim
1308 4231 1466 4286 habet
1508 4242 1722 4285 causam
1751 4224 1996 4280 voluntas
2026 4221 2141 4289 Dei,

563 4312 869 4406 estaliquid
898 4328 1039 4402 quod
1078 4323 1356 4382 antecedat
1378 4322 1699 4376 voluntatem
1730 4316 1845 4382 Dei,
1873 4312 2013 4385 quod
2047 4327 2145 4367 ne-

565 4430 647 4485 fas
679 4438 761 4484 est
785 4424 1028 4482 credere.
1055 4418 1155 4487 Qui
1195 4432 1322 4488 ergo
1356 4413 1503 4479 dicit,
1531 4411 1709 4478 Quare
1735 4406 1857 4463 fecit
1880 4407 2020 4461 Deus
2039 4417 2150 4460 cte-

566 4523 676 4577 lum
701 4529 755 4575 et
774 4515 1002 4573 terram?
1029 4508 1453 4582 respondendum
1479 4516 1561 4562 est
1582 4503 1653 4571 ei,
1676 4503 1807 4572 Quia
1830 4500 2013 4556 voluit.
2042 4498 2151 4554 Vo-

568 4613 745 4667 luntas
769 4609 909 4664 enim
938 4606 1031 4661 Dei
1057 4618 1216 4660 causa
1245 4608 1329 4657 est
1354 4597 1477 4655 cmli
1505 4605 1561 4653 et
1587 4606 1762 4658 tet-rte,
1791 4601 1846 4648 et
1884 4592 2006 4647 ideo
2035 4604 2152 4644 ma-

567 4705 655 4775 jor
679 4713 760 4760 est
778 4702 1023 4758 voluntas
1054 4698 1147 4753 Dei
1173 4709 1329 4767 quam
1358 4690 1549 4749 cmlum
1579 4697 1633 4745 et
1659 4696 1819 4742 terra.
1847 4685 1947 4754 Qui
1976 4694 2155 4739 autem

570 4797 722 4864 dicit,
742 4795 916 4863 Quare
939 4792 1102 4848 voluit
1121 4789 1293 4844 facere
1312 4786 1507 4844 omium
1530 4792 1585 4839 et
1607 4779 1842 4837 terram?
1871 4778 2039 4849 majus
2059 4777 2159 4833 ali-

574 4888 701 4960 quid
731 4886 923 4959 quierit
948 4899 1106 4956 quam
1135 4890 1215 4937 est
1239 4880 1485 4935 voluntas
1513 4875 1606 4931 Dei
1635 4892 1648 4929 :
1676 4872 1804 4928 nihil
1829 4880 2007 4928 autem
2039 4886 2156 4925 ma-

572 4982 660 5051 jus
686 4976 911 5034 inveniri
936 4982 1128 5045 potest.
1149 4970 1465 5041 Compescat
1492 4981 1621 5037 ergo
1647 4980 1705 5020 se
1732 4966 1959 5019 humana
1986 4972 2157 5019 teme-

578 5072 729 5135 ritas,
757 5076 812 5124 et
836 5065 886 5121 id
913 5063 1052 5136 quod
1083 5078 1188 5117 non
1225 5067 1308 5116 est
1346 5075 1449 5114 non
1470 5065 1694 5130 qurerat,
1730 5072 1799 5111 ne
1833 5054 1884 5111 id
1910 5054 2050 5133 quod
2078 5062 2163 5111 est

580 5178 683 5218 non
720 5159 973 5216 inveniat.
1016 5155 1085 5211 Et
1126 5154 1172 5211 si
1202 5153 1527 5208 voluntatem
1564 5150 1659 5205 Dei
1700 5164 1860 5205 nosse
1883 5129 2161 5220 quisquam

580 5252 862 5315 desiderat,
894 5248 983 5303 fiat
1010 5246 1213 5303 amicus
1243 5243 1351 5299 Deo
1379 5259 1392 5297 :
1419 5243 1541 5314 quia
1566 5242 1611 5297 si
1638 5240 1959 5295 voluntatem
1992 5238 2167 5295 homi-

583 5344 666 5399 nis
703 5358 862 5399 nosse
898 5341 1177 5413 quisquam
1222 5336 1404 5401 vellet,
1433 5337 1585 5406 cujus
1623 5335 1826 5390 amicus
1855 5349 1959 5389 non
1995 5341 2162 5400 chet,

582 5450 770 5489 omnes
788 5434 904 5504 ejus
924 5429 1307 5502 impudentiam
1328 5443 1389 5483 ac
1404 5426 1679 5483 stultitiam
1702 5425 2023 5481 deriderent.
2048 5422 2165 5479 Non

583 5533 759 5578 autem
787 5523 1064 5595 quisquam
1093 5520 1318 5577 efficitur
1350 5519 1551 5576 amicus
1574 5518 1692 5585 Dei,
1726 5518 1826 5572 nisi
1855 5515 2167 5587 purgatissi-

588 5616 689 5671 mis
726 5615 982 5678 moribus,
1028 5622 1081 5670 et
1120 5613 1212 5668 illo
1238 5613 1343 5669 line
1378 5612 1624 5683 prrecepti
1653 5609 1722 5666 de
1749 5624 1856 5680 quo
1883 5608 2170 5679 Apostolus

649 5727 668 5761 ⁸
688 5727 822 5789 nutu,
842 5724 994 5785 iratus
1007 5730 1078 5777 est
1096 5726 1238 5777 enim.
1261 5732 1369 5777 Mss.
1394 5732 1614 5791 quatuor,
1627 5722 1816 5787 justum
1832 5728 1918 5776 est.

1351 261 1445 321 DE
1481 250 1731 319 GENESI
1763 246 2037 312 CONTRA
2072 234 2385 307 MANICH.,
2426 235 2484 295 S.
2526 226 2894 292 AUGUSTlNl

3643 222 3761 282 178

2161 355 2311 422 dicit,
2340 351 2487 407 Finis
2516 359 2680 404 autem
2706 342 2943 417 praecepti
2971 348 3041 396 est
3070 337 3299 394 eli/tritas
3323 331 3388 394 de
3411 332 3561 393 corde
3585 354 3748 410 puro,

2164 458 2211 503 et
2225 444 2527 501 conscientia
2549 441 2698 503 bona,
2721 447 2767 492 et
2790 436 2891 506 fide
2914 450 3013 488 non
3034 432 3152 502 ﬂeta
3183 430 3225 505 (l
3249 430 3384 485 Tim.
3406 446 3444 495 ι.
3472 430 3525 503 5)
3556 448 3568 484 :
3597 428 3758 501 quod

2168 540 2253 596 isti
2280 539 2325 594 si
2351 537 2627 597 baberent,
2657 548 2763 587 non
2793 536 2976 585 essent
3001 524 3260 581 haeretici.

2489 646 2715 706 CAPUT
2741 644 2829 701 111.
2854 672 2928 685 -—
2954 640 3253 713 Defenditur
3278 656 3404 696 vers.
3430 640 3484 694 2.

2243 772 2297 827 5.
2331 766 2483 837 Quod
2523 772 2701 820 autem
2741 761 2980 833 sequitur
3018 760 3071 814 in
3102 757 3237 813 libro
3263 757 3567 823 Gcneseos,
3596 755 3773 812 Terra

2174 873 2341 919 autem
2386 868 2492 914 erat
2539 855 2801 912 invisibilis
2845 864 2893 909 et
2929 851 3289 923 incomposita,
3338 849 3417 905 sic
3464 850 3775 919 reprelien-

2175 954 2309 1011 dunt
2349 948 2653 1012 Manichrei,
2688 956 2744 1002 ut
2785 945 3000 1000 dicant:
3031 940 3310 1010 Quomodo
3353 940 3479 996 fecit
3524 941 3663 995 Dens
3713 941 3779 998 in

2178 1044 2437 1118 principio
2462 1043 2656 1099 coelum
2681 1049 2737 1095 et
2760 1047 2976 1104 terram,
3009 1038 3054 1092 si
3088 1035 3199 1107 jam
3226 1045 3279 1089 ct
3305 1043 3444 1090 terra
3474 1043 3590 1089 emt
3627 1032 3778 1089 invi-

2180 1138 2351 1194 sibilis
2376 1146 2430 1193 et
2455 1131 2844 1203 incomposita?
2868 1130 2943 1186 lta
2962 1170 2977 1193 ,
3008 1143 3129 1184 cum
3156 1127 3339 1182 volunt
3363 1125 3668 1196 Scripturas
3687 1123 3782 1179 di-

2182 1231 2334 1286 vinas
2360 1229 2506 1300 prius
2533 1228 2835 1296 vituperare
2862 1237 3020 1294 quam
3058 1235 3217 1277 nosse
3236 1262 3250 1285 ,
3293 1219 3452 1275 etiam
3491 1233 3580 1273 res
3611 1232 3785 1288 aper—

2186 1321 2418 1378 tissimas
2456 1335 2562 1374 non
2607 1316 2921 1386 intelligunt.
2952 1312 3091 1381 Quid
3124 1312 3264 1367 enim
3294 1310 3625 1365 manifestius
3668 1310 3788 1368 dici

2188 1414 2392 1485 potuit,
2420 1425 2578 1482 quam
2611 1408 2712 1464 hoc
2733 1407 2931 1462 dictum
2955 1415 3070 1472 est,
3106 1401 3175 1458 In
3203 1402 3452 1472 principio
3486 1402 3601 1473 fecit
3639 1399 3789 1458 Deus

2189 1507 2370 1562 attalum
2406 1513 2451 1559 et
2480 1514 2701 1566 terram;
2738 1509 2873 1554 terra
2908 1507 3073 1553 autent
3101 1505 3208 1550 erat
3233 1493 3493 1549 invisibilis
3516 1503 3561 1548 et
3584 1493 3789 1549 incom-

2192 1596 2393 1668 posita;
2419 1593 2471 1650 id
2498 1602 2613 1658 est,
2642 1590 2697 1645 In
2725 1589 2986 1660 principio
3024 1587 3146 1641 fecit
3182 1586 3322 1641 Deus
3361 1585 3556 1640 caelum
3586 1594 3641 1640 et
3667 1595 3790 1640 ter-

2192 1704 2344 1752 ram;
2373 1697 2514 1743 terra
2552 1693 2730 1739 autem
2761 1684 2872 1753 ipsa
2910 1694 3070 1752 quam
3120 1677 3247 1735 fecit
3291 1678 3431 1734 Deus
3452 1716 3469 1744 ,
3502 1675 3793 1733 invisibilis

2194 1790 2313 1838 erat
2337 1789 2394 1837 et
2419 1777 2799 1849 incomposita,
2827 1783 3110 1844 antequam
3153 1772 3291 1827 Deus
3326 1770 3563 1825 omnium
3603 1783 3795 1825 rerum

2198 1873 2399 1929 formas
2419 1871 2547 1927 locis
2586 1877 2642 1924 et
2664 1867 2880 1924 sedibus
2905 1865 3017 1920 suis
3040 1863 3280 1919 ordinata
3305 1862 3645 1918 distinctione
3668 1862 3793 1917 dis-

2201 1971 2426 2037 poneret
2464 1979 2479 2016 :
2516 1971 2796 2031 antequam
2817 1958 3047 2021 diceret,
3077 1953 3196 2009 Fiat
3220 1954 3338 2019 lux,
3367 1962 3441 2021 et,
3464 1951 3584 2007 Fiat
3609 1953 3798 2023 firma-

2201 2068 2454 2122 mentum,
2482 2062 2570 2121 et,
2601 2052 2975 2123 Congregenlur
3002 2062 3175 2119 aqum,
3203 2055 3287 2114 et,
3315 2046 3571 2117 Appareat
3607 2046 3794 2114 arida,

2204 2159 2259 2205 et
2282 2157 2475 2204 cretera
2499 2162 2617 2216 qua:
2641 2146 2693 2200 in
2712 2143 2901 2200 eodem
2921 2141 3059 2196 libro
3087 2144 3164 2196 sic
3184 2148 3519 2210 exponuntur
3537 2154 3631 2209 per
3648 2139 3802 2193 ordi-
3903 2156 3906 2163 ε

2207 2255 2352 2305 nem,
2378 2236 2823 2309 quemadmodum
2860 2233 3066 2304 possint
3098 2247 3162 2288 ea
3188 2230 3388 2303 parvuli
3417 2231 3641 2301 capere?
3665 2233 3803 2300 Quae

2208 2332 2386 2386 omnia
2420 2329 2697 2384 continent
2733 2338 2838 2381 tam
2864 2339 3053 2395 magna
3081 2322 3328 2396 mysteria
3349 2364 3365 2391 ,
3394 2330 3452 2377 ut
3473 2322 3715 2393 quisquis
3733 2336 3805 2378 ea

2210 2422 2485 2487 didicerit,
2518 2420 2754 2475 omnium
2783 2417 3155 2473 haereticorum
3192 2417 3475 2471 vanitatem
3506 2416 3592 2471 vel
3619 2415 3807 2472 doleat

2214 2516 2337 2587 quia
2377 2514 2620 2569 homines
2660 2519 2816 2578 sunt,
2855 2509 2941 2566 vel
2975 2509 3215 2564 derideat
3247 2508 3370 2579 quia
3399 2506 3613 2578 superbi
3652 2517 3804 2561 sunt.

2288 2607 2343 2663 6.
2370 2605 2621 2676 Sequitur
2647 2603 2699 2657 in
2726 2601 2914 2657 eodem
2954 2598 3122 2666 libro,
3151 2597 3216 2661 Et
3248 2600 3461 2653 tenebrae
3483 2608 3624 2652 erant
3652 2614 3811 2669 super

2218 2700 2473 2771 abyssum.
2500 2696 2649 2765 Quod
2689 2693 2965 2749 Manichmi
3004 2691 3397 2763 reprehendunt
3433 2686 3671 2747 dicentes
3705 2710 3719 2747 :
3753 2691 3810 2747 In

2223 2788 2456 2846 tenebris
2495 2803 2624 2857 ergo
2665 2795 2781 2841 erat
2824 2784 2998 2851 Deus,
3042 2792 3321 2851 antequam
3365 2780 3559 2837 faceret
3593 2782 3813 2838 lucem?
3904 2826 3906 2841 ι

2222 2881 2363 2938 Vere
2390 2879 2489 2950 ipsi
2514 2887 2639 2934 sunt
2664 2879 2716 2932 in
2740 2876 2971 2932 tenebris
3003 2874 3341 2947 ignorantiae,
3373 2882 3429 2928 et
3454 2872 3573 2929 ideo
3592 2890 3701 2928 non
3728 2874 3813 2929 in-
3904 2848 3906 2865 Ι

2227 2972 2469 3041 telligunt
2504 2969 2675 3023 lucem
2696 3008 2713 3033 ,
2751 2967 2804 3022 in
2840 2982 2944 3039 qua
2988 2967 3126 3021 Deus
3152 2971 3268 3019 erat
3303 2973 3583 3035 antequam
3616 2963 3821 3020 faceret

2230 3065 2387 3119 istam
2416 3063 2606 3129 lucem.
2635 3060 2750 3117 Non
2773 3061 2915 3116 enim
2944 3068 3135 3114 norunt
3158 3057 3242 3113 isti
3274 3056 3446 3112 lucem
3465 3098 3482 3126 ,
3522 3058 3623 3113 nisi
3653 3074 3817 3129 quam

2229 3153 2439 3210 carneis
2458 3152 2627 3208 oculis
2650 3152 2847 3207 vident.
2878 3150 2945 3205 Et
2971 3148 3090 3204 ideo
3119 3149 3276 3205 istum
3306 3149 3472 3204 solem
3497 3190 3512 3216 ,
3537 3165 3698 3219 quem
3731 3166 3823 3220 pa-

2233 3246 2363 3302 riter
2409 3260 2517 3300 non
2560 3245 2731 3300 solum
2777 3258 2896 3298 cum
2943 3240 3126 3296 bestiis
3172 3241 3488 3311 majoribus,
3534 3242 3629 3296 sed
3659 3245 3822 3296 etiam

2234 3355 2356 3396 cum
2385 3340 2582 3395 muscis
2610 3347 2665 3393 et
2687 3334 2990 3391 vermiculis
3021 3333 3321 3399 cernimus,
3356 3333 3431 3389 illi
3454 3333 3534 3388 sic
3557 3333 3746 3390 colunt
3770 3343 3826 3389 ut

2240 3431 2552 3504 particulam
2578 3429 2755 3483 dicant
2780 3442 2899 3483 esse
2920 3425 3053 3481 lucis
3078 3425 3218 3480 illius
3241 3425 3290 3479 in
3311 3440 3412 3495 qua
3436 3423 3636 3480 habitat
3662 3425 3823 3481 Deus.

2237 3523 2344 3579 Sed
2386 3536 2484 3577 nos
2526 3520 2880 3589 intelligamus
2907 3518 3060 3571 aliam
3101 3518 3273 3572 lucem
3302 3530 3420 3571 esse
3459 3515 3510 3570 in
3553 3532 3656 3587 qua
3690 3517 3828 3572 Deus

2242 3616 2477 3681 habitat,
2504 3612 2649 3669 unde
2674 3621 2755 3669 est
2786 3611 2913 3666 illud
2942 3611 3119 3665 lumen
3152 3610 3220 3665 de
3244 3623 3351 3681 quo
3376 3609 3427 3664 in
3452 3609 3743 3680 Evangelio
3764 3608 3831 3664 le-
3904 3612 3906 3637 ¹

2241 3709 2404 3778 gitur,
2437 3705 2564 3760 Erat
2585 3706 2753 3760 lumen
2775 3720 2975 3771 verum,
3001 3703 3136 3775 quod
3156 3704 3406 3757 illuminat
3438 3719 3637 3758 omnem
3660 3703 3830 3758 homi-

2244 3816 2359 3854 nem
2379 3799 2650 3852 venientem
2679 3797 2733 3850 in
2761 3797 2894 3849 hunc
2912 3794 3156 3849 mundum
3186 3793 3361 3867 (Joan.
3392 3796 3452 3860 1,
3478 3793 3557 3865 9).
3585 3792 3723 3849 Nam
3749 3806 3833 3848 so-

2247 3892 2313 3946 lis
2337 3891 2491 3946 istius
2515 3890 2697 3943 lumen
2724 3904 2828 3942 non
2866 3887 3127 3941 illuminat
3152 3901 3366 3941 omnem
3395 3886 3707 3952 hominem,
3739 3882 3832 3940 sed

2248 3996 2444 4052 corpus
2468 3979 2697 4034 hominis
2718 3987 2772 4034 et
2794 3977 3043 4033 mortales
3071 3976 3254 4031 oculos
3277 4017 3292 4041 ,
3326 3977 3377 4030 in
3397 3976 3591 4045 quibus
3611 3990 3713 4031 nos
3732 3976 3837 4029 vin-

2249 4083 2380 4129 cunt
2405 4072 2701 4143 aquilarum
2730 4070 2901 4136 oculi,
2938 4067 3031 4139 qui
3057 4067 3226 4122 solem
3258 4067 3417 4122 istum
3446 4067 3614 4122 multo
3646 4067 3835 4122 melius
3897 4124 3906 4129 κ

2252 4179 2410 4235 quam
2445 4178 2542 4217 nos
2566 4162 2815 4218 dicuntur
2839 4160 3095 4229 aspicere.
3126 4157 3256 4214 Illud
3283 4167 3461 4213 autem
3510 4158 3690 4213 lumen
3734 4171 3833 4212 non

2254 4257 2694 4313 irrationabilium
2720 4255 2896 4310 avium
2918 4255 2936 4286 ¹
2975 4253 3159 4309 oculos
3189 4253 3374 4322 pascit,
3398 4251 3491 4308 sed
3522 4267 3650 4322 pura
3678 4249 3838 4307 corda

2255 4366 2441 4408 eorum
2469 4349 2558 4420 qni
2578 4348 2686 4402 Deo
2700 4347 2922 4404 credunt
2941 4388 2956 4413 ,
2986 4355 3039 4401 et
3062 4345 3129 4400 ab
3153 4360 3333 4400 amore
3355 4344 3641 4399 visibilium
3665 4356 3840 4400 rerum

2257 4452 2313 4499 et
2341 4442 2708 4514 temporalium
2728 4454 2787 4495 se
2807 4438 2877 4494 ad
2901 4440 3020 4508 ejus
3040 4445 3301 4508 praecepta
3333 4436 3595 4507 implenda
3622 4450 3842 4492 convero

2260 4542 2398 4590 tunt.
2426 4533 2579 4603 Quod
2606 4546 2793 4587 omnes
2816 4530 3058 4586 homines
3083 4538 3306 4602 possunt
3331 4531 3376 4585 si
3406 4530 3571 4584 velint
3597 4529 3700 4602 (α),
3722 4529 3837 4600 quia

2262 4626 2393 4682 illud
2417 4627 2592 4681 lumen
2621 4639 2836 4679 omnem
2867 4623 3136 4678 hominem
3175 4622 3430 4677 illuminat
3463 4622 3764 4678 venientem
3795 4621 3844 4673 in

2264 4718 2408 4774 hunc
2455 4715 2732 4773 mundum.
2780 4714 2920 4786 Ergo
2962 4713 3195 4769 tenebrae
3230 4720 3387 4769 erant
3413 4727 3575 4783 super
3603 4713 3842 4784 abyssum
3894 4713 3906 4749 ἐ

2265 4820 2547 4880 antequam
2576 4808 2663 4863 lux
2705 4809 2803 4862 ista
2843 4806 2995 4862 ﬁeret
3030 4823 3043 4859 ε
3082 4804 3151 4862 de
3198 4820 3300 4877 qua
3339 4814 3729 4876 consequenter
3753 4804 3846 4857 hoc

2268 4902 2387 4958 loco
2411 4901 2622 4956 dicitur.

2266 5014 2494 5073 CAPUT
2543 5012 2632 5070 IV.
2663 5044 2733 5054 —
2763 5015 2828 5067 In
2867 5006 3220 5085 ‘defensionem
3256 5028 3383 5067 vers.
3408 5013 3442 5069 ’5
3478 5010 3756 5067 ostenditur
3782 5017 3849 5061 tev

2829 5105 3008 5160 nebras
3034 5104 3161 5159 nihil
3178 5120 3304 5159 esse.

2346 5202 2397 5255 7.
2448 5199 2513 5255 Et
2542 5200 2667 5254 dixit
2706 5197 2877 5265 Deus,
2918 5196 3039 5251 Fiat
3066 5198 3173 5254 lux.
3206 5196 3337 5263 Quia
3365 5194 3453 5249 ubi
3482 5195 3572 5249 lux
3600 5209 3702 5248 non
3743 5197 3844 5250 est.

2275 5291 2510 5348 tenebrae
2556 5298 2714 5349 sunt.
2759 5302 2865 5343 non
2903 5288 3022 5358 quia
3066 5285 3265 5355 aliquid
3302 5294 3426 5339 sunt
3460 5284 3722 5349 tenebrae,
3765 5275 3846 5332 scd

2278 5387 2395 5457 ipsa
2427 5384 2564 5439 lucis
2591 5381 2828 5437 absentia
2860 5379 3091 5435 tenebras
3119 5377 3384 5432 dicuntur.
3419 5376 3567 5432 Sicut
3594 5371 3845 5429 silentiumr

2277 5496 2384 5537 non
2411 5480 2586 5550 aliqua
2611 5494 2698 5533 res
2717 5484 2826 5545 est,
2857 5474 2950 5531 sed
2980 5474 3069 5530 ubi
3097 5487 3266 5530 sonus
3303 5486 3411 5527 non
3450 5480 3531 5526 est
3552 5512 3567 5537 ,
3597 5465 3847 5525 silentium
3896 5444 3906 5483 Ἴ

2344 5642 2360 5692 ί
2384 5658 2519 5717 Editi,
2531 5651 2937 5717 mrinaatiunzsed
2951 5658 3081 5717 Ms_s.,
3095 5648 3272 5709 .wium,
3290 5646 3475 5699 scilicet
3494 5643 3766 5710 aquilarum

2344 5718 2416 5783 (α)
2437 5726 2455 5768 ι
2477 5712 2677 5769 seu-act.
2701 5730 2808 5781 cap.
2824 5714 2902 5777 to,
2928 5728 2974 5764 ιι.
3001 5712 3048 5766 2.
