3906 6336
171 308 252 366 ΠἹ
1573 308 1776 364 LIBER
1816 308 2068 366 PRIMUS

181 425 369 484 dicitur.
396 422 472 481 Et
503 426 736 482 nuditas
755 426 930 499 aliqua
956 441 1046 482 res
1072 439 1182 481 non
1206 433 1324 491 est,
1348 424 1442 480 sed
1474 426 1525 479 in
1557 440 1782 503 corpore

186 519 265 576 ubi
289 528 666 590 tegumentum
691 535 801 574 non
827 529 909 574 est
931 559 948 587 ,
978 519 1190 573 nuditas
1208 517 1422 572 dicitur.
1455 516 1523 570 Et
1550 516 1780 571 inanitas

187 627 286 668 non
313 621 394 666 est
421 610 630 682 aliquid
650 652 666 678 ,
696 611 792 666 sed
831 612 976 666 locus
1004 610 1094 666 ubi
1118 625 1310 681 corpus
1342 626 1445 664 non
1466 620 1580 672 est,
1609 607 1781 664 inanis

187 702 402 759 dicitur.‘
418 701 510 757 Sic
527 702 772 757 tenebrae
799 717 902 756 non
925 700 1124 770 aliquid
1143 710 1267 756 sunt
1285 742 1299 762 ,
1327 700 1421 756 sed
1449 699 1534 754 ubi
1560 700 1648 754 lux
1674 715 1779 753 non

191 805 308 862 est,
339 793 570 850 tenebrae
609 791 886 848 dicuntur.
931 791 1042 847 Hoc
1069 791 1190 846 ideo
1226 790 1485 856 dicimus,
1528 791 1650 860 quia
1689 804 1776 844 so-

185 889 301 943 lent
318 886 526 942 dicere:
549 883 706 941 Unde
729 892 882 938 erant
907 883 1035 954 ipsa:
1064 884 1297 939 tenebrae
1322 898 1481 951 super
1504 881 1776 953 abyssum,

186 991 468 1051 antequam
501 978 703 1034 faceret
735 978 875 1032 Deus
915 976 1132 1032 lucem?
1167 976 1288 1046 quis
1316 976 1432 1030 illas
1473 974 1670 1030 fecerat
1698 974 1779 1030 vel

187 1071 476 1146 genuerat?
503 1079 595 1126 aut
615 1072 658 1125 si
682 1085 838 1126 nemo
867 1069 1065 1124 fecetat
1091 1068 1175 1123 vel
1197 1076 1452 1138 genuerat
1471 1081 1562 1121 eas
1584 1106 1597 1131 ,
1624 1074 1778 1120 aeter-

188 1182 270 1222 na:
290 1173 443 1220 erant
469 1164 724 1218 tenebrae.
755 1161 916 1228 Quasi
936 1158 1132 1231 aliquid
1152 1159 1258 1214 sint
1283 1158 1514 1213 tenebrae
1539 1174 1552 1210 :
1577 1157 1690 1222 sed,
1719 1166 1780 1212 ttt

185 1258 383 1314 dictum
411 1267 527 1321 est,
570 1255 704 1309 lucis
730 1255 966 1309 absentia
1014 1252 1114 1306 hoc
1161 1266 1358 1305 nomen
1401 1251 1624 1321 accepit.
1670 1249 1776 1304 Sed

183 1349 306 1421 quia
335 1350 433 1419 ipsi
463 1348 654 1403 fabulis
681 1345 792 1400 suis
823 1344 1028 1415 decepti
1054 1343 1391 1398 crediderunt
1413 1353 1626 1412 gentem
1656 1353 1796 1398 esse

185 1441 566 1502 tenebrarum,
614 1438 664 1491 in
714 1453 814 1507 qua
842 1447 896 1490 et
923 1450 1147 1506 corpora
1172 1444 1226 1488 et
1251 1433 1448 1488 formas
1484 1443 1538 1488 ct
1571 1435 1776 1490 animas

183 1531 237 1586 in
290 1532 393 1584 illis
442 1529 759 1598 corporibus
814 1525 975 1581 fuisse
1024 1525 1366 1592 arbitrantur,
1427 1526 1545 1581 ideo
1593 1535 1778 1594 putant

181 1622 322 1694 quod
376 1621 612 1676 tenebrae
657 1618 853 1688 aliquid
900 1618 1126 1676 sintzet
1172 1633 1275 1670 non
1324 1617 1623 1686 Intelligunt
1668 1631 1772 1671 non

179 1713 363 1767 sentiri
395 1713 675 1775 tenebras,
707 1710 806 1764 nisi
826 1707 1036 1779 quando
1064 1725 1166 1762 non
1196 1708 1469 1773 videmus,
1502 1708 1639 1763 sicut
1664 1723 1771 1763 non

181 1805 416 1859 sentitur
456 1801 764 1864 silentium,
797 1799 896 1853 nisi
925 1798 1140 1870 quando
1182 1814 1286 1852 non
1316 1799 1578 1852 audimus.
1624 1798 1775 1854 Sicut

179 1903 357 1948 autem
391 1892 659 1947 silentium
692 1889 819 1944 nihil
859 1901 968 1951 est,
1000 1889 1077 1942 sic
1103 1901 1156 1944 et
1185 1888 1417 1943 tenebrze
1458 1888 1586 1944 nihil
1625 1897 1768 1942 sunt.

176 1985 327 2040 Sicut
354 1993 532 2039 autem
579 1982 665 2036 isti
709 1982 892 2035 dicunt
935 1990 1148 2051 gentem
1199 1980 1538 2034 tenebrarum
1586 1993 1773 2036 contra

179 2080 356 2134 lucem
391 2077 482 2132 Dei
525 2089 818 2146 pugnasse:
850 2075 927 2130 sic
960 2083 1133 2142 potest
1160 2084 1213 2128 et
1237 2073 1370 2127 alius
1406 2073 1649 2127 similiter
1678 2089 1770 2127 va-

178 2186 280 2226 nus
321 2172 540 2235 dcere,
582 2177 793 2237 gentem
841 2167 1170 2220 silentiorum
1213 2174 1400 2220 contra
1446 2181 1627 2221 vocem
1677 2166 1774 2221 Dei

177 2277 463 2334 pugnasse.
515 2260 619 2316 Sed
665 2259 783 2314 illas
813 2259 1075 2313 vanitates
1120 2256 1280 2311 niodo
1304 2272 1410 2312 non
1443 2258 1773 2326 suscepimus

178 2357 427 2414 refellere
451 2367 612 2426 atque
639 2353 977 2409 convincere.
1008 2351 1156 2405 Nunc
1183 2351 1326 2406 enim
1346 2366 1408 2404 ea
1436 2366 1554 2420 qua:
1584 2365 1771 2420 repre-

177 2449 420 2505 hendunt
446 2448 499 2502 in
532 2445 712 2500 Veteri
743 2443 1114 2508 Testamento,
1156 2443 1438 2496 statuimus
1482 2441 1774 2498 defendere

176 2552 434 2613 quantum
459 2540 602 2593 vires
637 2536 892 2590 Dominus
919 2542 1173 2603 praestare
1201 2533 1464 2603 dignatur,
1511 2542 1566 2587 et
1605 2532 1657 2585 in
1695 2533 1775 2588 eis

175 2633 464 2691 ostendere
493 2639 684 2686 contra
711 2628 986 2683 veritatem
1019 2626 1114 2681 Dei
1143 2623 1276 2680 nihil
1302 2625 1477 2680 valere
1496 2623 1774 2680 hominum

173 2727 490 2783 caecitatem.

175 2815 408 2874 CAPUT
446 2815 504 2868 V.
534 2842 607 2853 —
633 2811 700 2868 Ut
724 2810 1102 2882 intelligendum
1137 2809 1272 2879 quod
1303 2806 1529 2876 Spiritus
1558 2805 1654 2861 Dei
1687 2823 1776 2862 su-

419 2907 764 2981 perferebatur
792 2921 942 2975 super
966 2921 1124 2976 aquas
1154 2906 1304 2975 juxta
1325 2919 1450 2956 vers.
1477 2901 1532 2955 2.

246 3007 302 3061 8.
346 3003 501 3072 Quod
531 3010 708 3055 autent
739 2999 992 3067 scriptum
1020 3005 1135 3062 est,
1182 2994 1247 3048 Et
1287 2994 1511 3065 Spiritus
1549 2991 1646 3047 Dei
1683 3009 1776 3046 su-

176 3098 529 3170 perferebatur
551 3108 706 3162 super
731 3107 944 3159 aquam,
974 3089 1052 3144 sic
1085 3089 1258 3143 solent
1280 3086 1549 3140 Manichzei
1590 3100 1776 3155 repre-

176 3190 450 3252 hendere,
480 3195 538 3239 ut
565 3186 744 3240 dicant
772 3200 786 3236 :
812 3185 958 3252 Aqua
983 3196 1112 3251 ergo
1133 3186 1246 3232 erat
1276 3177 1630 3232 habitaculum
1657 3177 1777 3246 Spi-

175 3285 311 3338 ritus
351 3279 484 3346 Dei,
527 3286 584 3333 et
627 3278 739 3348 ipsa
777 3274 1079 3331 continebat
1123 3272 1378 3343 Spiritum
1409 3269 1541 3325 Dei?
1581 3270 1774 3325 ’l‘otum

175 3384 442 3432 COItallllll'
470 3385 719 3442 perversa
745 3379 922 3423 mente
949 3377 1254 3436 pervertere
1276 3404 1291 3428 ,
1334 3374 1389 3419 οι
1437 3372 1776 3420 exczecantur

175 3467 381 3524 malitia
411 3480 526 3520 sua.
554 3462 686 3518 Cum
718 3462 858 3516 enim
887 3461 1132 3521 dicimus,
1152 3459 1242 3513 Sol
1261 3457 1591 3528 superfertur
1613 3473 1774 3527 super

173 3567 410 3620 terram,
467 3552 724 3624 numquid
781 3551 882 3606 hoc
925 3550 1145 3620 intelligi
1192 3551 1472 3613 volumus,
1527 3547 1667 3617 quod
1721 3547 1775 3601 in

175 3660 321 3704 terra
355 3646 555 3700 habitet
583 3645 660 3699 sol
681 3685 697 3711 ,
721 3652 776 3698 et
806 3652 944 3697 terra
974 3642 1142 3696 solem
1163 3640 1468 3695 contineat?
1500 3640 1565 3693 Et
1595 3647 1775 3693 tamen

171 3756 285 3795 non
310 3739 390 3793 sic
415 3737 646 3807 Spiritus
677 3735 766 3790 Dei
797 3732 1226 3802 superferebatur
1250 3747 1410 3801 super
1436 3733 1774 3802 aquam,sic-

172 3840 234 3886 ut
257 3827 593 3898 superfertur
615 3828 695 3880 sol
743 3841 901 3895 super
935 3834 1163 3888 terram;
1190 3823 1283 3878 sed
1312 3823 1416 3876 alio
1437 3823 1594 3876 modo
1615 3838 1773 3893 quem

171 3924 335 3997 pauci
368 3921 684 3992 intelligunt.
711 3918 823 3973 Non
851 3919 992 3972 enim
1023 3933 1118 3986 per
1138 3918 1306 3987 spatia
1330 3917 1565 3970 locorum
1588 3931 1776 3987 super-

171 4017 454 4074 ferebatur
482 4029 631 4084 aqua:
661 4012 750 4067 ille
775 4011 1001 4081 Spiritus
1021 4049 1037 4075 ,
1081 4009 1219 4064 sicut
1265 4008 1347 4062 sol
1379 4019 1535 4062 terra:
1579 4023 1771 4076 snper-

171 4113 384 4172 fertur;
410 4106 506 4162 sed
533 4121 624 4175 per
653 4102 942 4174 potentiam
970 4101 1246 4155 invisibilis
1274 4100 1618 4154 sublimitatis
1639 4117 1769 4154 suae.

173 4203 374 4260 Dieant
399 4209 576 4255 autem
605 4198 757 4252 nobis
778 4196 892 4257 isti,
915 4194 1181 4264 quomodo
1210 4195 1271 4248 iis
1297 4194 1455 4248 rebus
1475 4209 1592 4261 quae
1616 4192 1773 4248 fabri-

171 4296 368 4352 canda:
387 4301 549 4358 sunt,
574 4288 935 4358 super-feratur
955 4288 1197 4340 voluntas
1222 4286 1376 4341 fabri.
1406 4285 1560 4351 Quod
1587 4285 1631 4338 si
1660 4286 1775 4340 inec

175 4388 418 4444 humana
459 4394 514 4439 et
551 4381 854 4451 quotidiana
884 4393 988 4433 non
1014 4377 1506 4446 comprehendunt,
1551 4377 1776 4432 timeant

178 4482 398 4544 Deum,
429 4485 484 4530 et
525 4473 749 4543 simplici
788 4471 950 4526 corde
975 4471 1116 4540 quod
1161 4485 1266 4523 non
1297 4469 1596 4538 intelligunt
1623 4484 1772 4539 qua:-

176 4578 345 4631 raut.
379 4583 447 4621 ne
472 4581 591 4620 cum
636 4562 822 4616 volunt
864 4560 1038 4616 verbis
1067 4559 1338 4629 sacrilegis
1365 4561 1647 4616 concidere
1678 4574 1770 4615 ve-

171 4663 394 4718 ritatem
416 4673 572 4725 quam
603 4654 784 4710 videre
810 4669 914 4708 non
942 4662 1196 4724 possunt,
1229 4652 1412 4706 redeat
1442 4653 1546 4707 illis
1567 4654 1774 4710 securis

173 4756 234 4810 in
266 4766 446 4808 eruta.
463 4747 594 4804 Nam
621 4746 710 4801 illa
732 4745 936 4800 concidi
954 4759 1058 4798 non
1086 4753 1394 4814 potestquae
1424 4745 1774 4799 incommuta-

175 4847 309 4903 bilis
336 4850 549 4905 manet;
595 4839 689 4896 sed
737 4853 1084 4909 qutecutnque
1109 4837 1279 4908 plagae
1308 4836 1360 4890 in
1393 4837 1534 4891 illam
1561 4839 1772 4894 emissae

173 4939 386 4996 fuerint
414 4933 862 5004 repercutiuntur,
894 4938 950 4986 et
990 4930 1192 5000 majore
1215 4930 1322 4985 ictu
1350 4930 1576 4986 redeunt
1596 4931 1648 4985 in
1677 4945 1773 4987 eos

173 5033 272 5105 qui
299 5028 512 5086 cadere
529 5026 726 5082 audent
744 5065 760 5090 ,
790 5023 933 5096 quod
956 5025 1178 5079 credere
1211 5024 1502 5092 deberent,
1532 5034 1592 5081 ut
1611 5027 1772 5084 intel-

170 5126 348 5196 ligere
378 5127 729 5175 mererentur.

251 5215 307 5270 9.
363 5210 565 5269 Deinde
617 5216 895 5280 quznrunt,
948 5217 1002 5264 et
1053 5207 1354 5265 insultando
1401 5210 1768 5283 interrogant:

179 5309 340 5366 Unde
368 5315 484 5362 erat
511 5305 623 5376 ipsa
671 5319 806 5372 aqua
849 5316 1009 5371 super
1046 5317 1202 5372 quam
1246 5301 1515 5359 ferebatur
1544 5305 1772 5374 Spiritus

173 5406 317 5460 Dei?
347 5402 602 5474 numquid
631 5401 771 5458 enim
802 5399 1044 5470 superius
1069 5399 1323 5468 scriptum
1352 5409 1435 5454 est
1460 5400 1603 5471 quod
1632 5401 1773 5458 Deus

167 5513 374 5568 aquam
393 5495 611 5551 fecerit?
629 5492 740 5546 lloc
756 5491 801 5546 si
819 5489 902 5560 pie
925 5499 1244 5560 qutererent,
1271 5491 1569 5547 invenirent
1584 5508 1770 5562 quem-

167 5589 470 5647 admodum
523 5585 924 5656 intelligendum
976 5593 1137 5640 esset.
1184 5583 1299 5639 Non
1353 5585 1493 5640 enim
1521 5601 1656 5656 aqua
1695 5587 1772 5642 sic

169 5683 447 5756 appellata
491 5689 576 5736 est
619 5677 724 5733 hoc
764 5677 913 5742 loco,
956 5689 1009 5730 ut
1052 5674 1169 5730 lne'c
1197 5691 1225 5728 a
1258 5677 1411 5732 nobis
1451 5676 1772 5746 inteHigatur

167 5793 338 5850 quam
363 5773 552 5835 videre
575 5772 690 5844 jam
717 5783 994 5840 possumus
1022 5778 1076 5827 et
1102 5777 1354 5842 tangere:
1381 5768 1644 5840 quomodo
1672 5786 1772 5832 nec

3369 324 3471 381 178

1894 435 2030 481 terra
2074 442 2193 496 qua:
2235 427 2581 498 incomposita
2609 438 2663 486 et
2697 430 2977 488 invisibilis
3003 431 3144 490 dicta
3185 445 3299 505 est,
3345 439 3468 496 talis

1890 526 2002 570 erat
2027 517 2199 588 qualis
2221 519 2316 573 ista
2343 534 2461 590 qua:
2482 519 2590 590 jam
2619 521 2784 577 videri
2812 532 2867 580 et
2893 525 3106 580 tractari
3132 535 3324 595 potest.
3361 528 3470 586 Sed

1889 609 2016 667 illud
2053 611 2193 682 quod
2218 612 2416 667 dicttnn
2445 623 2553 680 est,
2589 612 2653 668 In
2683 617 2932 688 principio
2966 618 3082 688 fecit
3113 618 3254 674 Deus
3287 621 3470 676 calum

1889 712 1932 756 et
1962 712 2179 772 terram,
2211 704 2334 760 caeli
2355 715 2408 760 et
2437 715 2591 760 terra:
2612 705 2826 762 nomine
2846 710 3092 765 universa
3119 721 3362 767 creatura
3392 713 3471 767 si-

1887 795 2130 866 gniﬁcata
2152 807 2236 853 est
2253 839 2267 863 ,
2293 813 2450 868 quam
2479 797 2602 854 fecit
2627 809 2682 854 et
2707 798 2942 856 condidit
2962 801 3121 858 Deus.
3143 801 3267 859 Ideo
3288 814 3464 861 autem

1888 888 2191 943 nominibus
2218 889 2502 944 visibilium
2532 906 2710 946 rerum
2741 891 2856 947 huic
2873 893 3132 963 appellata
3162 905 3319 963 sunt,
3339 912 3467 964 pro-

1887 989 2006 1049 pter
2035 980 2372 1050 parvulorum
2399 980 2759 1038 inﬁrmitatem
2779 1023 2794 1048 ,
2826 984 2918 1053 qui
2953 985 3131 1040 minus
3151 984 3328 1041 idonei
3348 997 3473 1043 sunt

1887 1071 2168 1128 invisibilia
2200 1073 2675 1143 comprehendere.
2709 1073 2889 1130 Primo
2918 1091 3046 1146 ergo
3075 1078 3294 1132 materia
3335 1078 3471 1135 facta

1885 1173 1968 1220 Bel
2006 1162 2225 1220 confusa
2261 1176 2313 1221 et
2343 1165 2604 1234 informis,
2625 1168 2765 1220 unde
2792 1165 2972 1221 omnia
3001 1165 3192 1222 ﬁerent
3215 1183 3335 1239 quae
3361 1169 3472 1226 dis-

1886 1259 2048 1313 tincta
2114 1268 2276 1329 atque
2325 1257 2548 1314 formata
2605 1267 2763 1326 sunt,
2801 1257 2944 1328 quod
2990 1259 3155 1315 credo
3194 1276 3225 1314 a
3270 1259 3470 1319 Graecis

1884 1351 2050 1407 chaos
2078 1350 2353 1421 appellari.
2387 1351 2476 1406 Sic
2502 1350 2644 1406 enim
2664 1361 2719 1406 et
2752 1350 2857 1405 alio
2876 1351 2995 1406 loco
3017 1351 3243 1422 legimus
3271 1353 3470 1410 dictum

1885 1445 1936 1498 in
1964 1444 2207 1498 laudibus
2229 1444 2319 1499 Dei
2342 1485 2357 1512 ,
2389 1443 2487 1510 Qui
2502 1443 2662 1516 fecisti
2689 1443 2931 1497 mundum
2951 1443 3013 1499 de
3034 1445 3243 1499 materia
3261 1448 3471 1518 informi

1884 1536 2040 1607 (Sap.
2080 1554 2165 1604 XI,
2204 1537 2288 1608 l8)
2319 1555 2332 1592 :
2360 1535 2499 1608 quod
2523 1535 2685 1606 aliqui
2720 1535 2929 1592 codices
2958 1534 3190 1605 habent,
3222 1536 3286 1593 de
3309 1547 3468 1594 mate~

1881 1631 1961 1684 ria
1985 1631 2164 1684 invisa.

1882 1722 2105 1779 CAPUT
2145 1721 2232 1778 Vl.
2258 1751 2327 1762 -—
2353 1720 2589 1776 Materies
2616 1721 2848 1792 informis
2887 1737 2950 1777 ea:
2985 1721 3178 1790 nihilo,
3209 1731 3257 1778 et
3283 1739 3345 1779 ea:
3379 1723 3472 1779 illa

2581 1813 2772 1867 omnia.

1953 1905 2040 1961 10.
2078 1904 2149 1960 Et
2192 1905 2312 1961 ideo
2344 1906 2487 1961 Deus
2509 1905 2803 1960 rectissime
2827 1906 3062 1961 creditur
3089 1907 3264 1961 omnia
3293 1905 3362 1963 de
3391 1908 3472 1962 ni-

1881 1998 1992 2053 hilo
2009 1998 2217 2064 fecisse,
2231 1998 2351 2068 quia
2368 1997 2574 2053 etiamsi
2599 1998 2778 2052 omnia
2799 1996 3024 2053 formata
3046 1998 3111 2054 de
3132 1999 3228 2054 ista
3248 2002 3470 2056 materia

1879 2089 2171 2162 factajsunt,
2186 2089 2299 2145 haec
2311 2090 2423 2159 ipsa
2437 2090 2656 2146 materia
2668 2098 2844 2147 tamen
2857 2089 2924 2146 de
2934 2091 3150 2146 omnino
3162 2091 3324 2147 nihilo
3336 2093 3472 2150 facta

1880 2189 1980 2236 est.
2001 2181 2114 2237 Non
2132 2182 2272 2236 enim
2290 2181 2545 2237 debemus
2559 2197 2678 2237 esse
2697 2183 2895 2238 similes
2912 2181 3029 2237 istis
3039 2183 3126 2253 qui
3142 2184 3474 2254 omnipoten-

1881 2284 1986 2328 tem
2010 2273 2175 2328 Deum
2196 2288 2300 2328 non
2316 2276 2536 2329 credunt
2549 2273 2825 2345 aliquidde
2841 2272 3006 2328 nihilo
3021 2273 3194 2330 facere
3215 2274 3469 2344 potuisse,

1879 2378 2001 2420 cum
2023 2363 2362 2419 considerant
2392 2364 2568 2419 fabros
2585 2376 2637 2421 et
2663 2364 2927 2433 quoslibet
2948 2366 3164 2436 opifices
3183 2380 3289 2420 non
3315 2381 3473 2437 posse

1879 2454 2076 2526 aliquid
2092 2456 2370 2520 fabricare,
2391 2455 2488 2510 nisi
2504 2456 2785 2511 habuerint
2797 2455 2935 2512 unde
2951 2456 3227 2512 fabricent.
3249 2456 3316 2512 Et
3332 2457 3474 2528 ligna

1881 2546 2024 2601 enim
2047 2545 2297 2615 adjuvant
2323 2546 2530 2600 fabrum
2552 2587 2568 2612 ,
2595 2555 2650 2602 et
2677 2556 2954 2618 argentum
2983 2547 3195 2618 adjuvat
3224 2557 3473 2620 argenta-

1878 2637 2049 2704 rium,
2078 2647 2128 2692 et
2160 2652 2348 2691 aurum
2387 2637 2692 2704 auriﬁcem,
2737 2646 2793 2693 et
2819 2646 2960 2693 terra
2998 2638 3212 2709 ﬁgulum
3255 2639 3474 2709 adjuvat
3530 2698 3532 2702 ,

1879 2738 1936 2783 ut
1965 2729 2132 2798 possit
2158 2727 2414 2798 perficere
2438 2743 2596 2796 opera
2626 2741 2742 2782 sna.
2772 2727 2828 2784 Si
2853 2727 2997 2784 enim
3023 2744 3128 2783 non
3155 2728 3474 2798 adiuventur

1880 2836 1945 2876 ea
1975 2818 2194 2875 materia
2218 2819 2357 2873 unde
2387 2819 2584 2888 aliquid
2609 2818 2830 2886 faciunt,
2861 2818 2993 2874 nihil
3021 2828 3244 2891 possunt
3272 2818 3469 2886 facere,

1881 2929 2001 2968 eum
2039 2913 2314 2968 materiam
2359 2912 2527 2983 ipsam
2563 2912 2664 2984 ipsi
2690 2927 2796 2967 non
2823 2911 3038 2969 faciant.
3064 2912 3178 2970 Non
3209 2913 3350 2969 enim
3387 2912 3474 2969 fa-

1880 3005 1979 3061 ber
2007 3005 2204 3075 lignum
2252 3003 2413 3071 facit,
2462 3003 2556 3059 sed
2603 3002 2672 3059 de
2697 3003 2842 3075 ligno
2870 3002 2998 3060 facit
3037 3003 3237 3076 aliquid
3267 3022 3280 3059 :
3310 3005 3388 3060 sic
3420 3014 3474 3061 et

1882 3097 2060 3152 οωιθνὶ
2099 3110 2287 3151 omnes
2313 3094 2620 3165 hujusmodi
2649 3095 2887 3165 opifices.
2919 3095 3266 3167 Omnipotens
3293 3105 3473 3154 autem

1883 3189 2027 3243 Deus
2056 3190 2196 3244 nulla
2225 3205 2284 3243 re
2310 3187 2650 3258 adjuvandus
2668 3197 2817 3254 erat,
2845 3202 3004 3259 quam
3037 3189 3151 3258 ipse
3179 3204 3284 3244 non
3323 3187 3472 3245 fece-

1882 3292 2000 3347 rat,
2025 3281 2242 3351 utquod
2274 3280 2480 3334 volebat
2505 3278 2760 3335 efficeret.
2778 3277 2836 3336 Si
2855 3280 2997 3335 enim
3017 3279 3083 3334 ad
3112 3294 3206 3336 eas
3231 3295 3317 3335 res
3338 3296 3474 3352 quas

1883 3372 2060 3429 facere
2098 3373 2342 3438 volebat,
2374 3371 2654 3442 adjuvabat
2689 3387 2814 3428 eum
2851 3373 3026 3443 aliqua
3055 3387 3143 3428 res
3165 3388 3319 3443 quam
3359 3373 3474 3442 ipse

1882 3481 1990 3518 non
2022 3466 2252 3529 fecerat,
2286 3479 2392 3518 non
2417 3471 2532 3518 erat
2562 3463 2899 3534 omnipotens
2929 3481 2942 3516 :
2973 3463 3114 3535 quod
3157 3465 3470 3535 sacrilegum

1881 3566 1966 3611 est
1986 3556 2226 3611 credere.

1882 3645 2106 3702 CAPUT
2138 3643 2247 3700 Vll.
2271 3673 2343 3685 —
2368 3643 2614 3716 Informis
2641 3646 2854 3699 materia
2890 3645 3041 3700 uariis
3067 3646 3348 3701 nominibus
3373 3647 3464 3702 de-

2559 3739 2778 3810 signata.

1953 3833 2040 3886 il.
2075 3829 2321 3885 Informis
2345 3846 2472 3902 ergo
2493 3831 2578 3886 illa
2608 3830 2826 3885 materia
2853 3845 3011 3901 quam
3041 3830 3107 3886 de
3134 3829 3300 3886 nihilo
3325 3831 3470 3888 Deus

1881 3922 2044 3988 fecit,
2075 3920 2336 3990 appellata
2374 3931 2456 3974 est
2487 3922 2659 3990 primo
2683 3919 2876 3976 emtum
2907 3929 2960 3975 et
2991 3929 3128 3975 terra
3147 3961 3161 3985 ,
3190 3930 3243 3976 et
3269 3921 3469 3977 dictum

1882 4023 1966 4068 est
1985 4053 2000 4074 ,
2026 4011 2093 4066 1η
2120 4012 2370 4083 principio
2394 4012 2507 4081 fecit
2533 4009 2675 4066 Deus
2694 4010 2873 4065 caelum
2898 4020 2944 4066 et
2969 4021 3190 4075 terram;
3217 4026 3322 4067 non
3349 4014 3470 4083 quia

1876 4103 1987 4174 jam
2011 4104 2112 4158 hoc
2134 4113 2249 4159 erat
2268 4145 2283 4170 ,
2315 4103 2408 4158 sed
2438 4104 2560 4174 quia
2587 4104 2689 4157 hoc
2713 4117 2833 4158 esse
2862 4111 3067 4171 poterat
3091 4121 3103 4157 :
3136 4119 3257 4158 nam
3282 4113 3336 4160 et
3360 4120 3472 4161 ca:-

1881 4195 1993 4250 lum
2035 4195 2284 4250 scribitur
2325 4204 2507 4264 postea
2546 4193 2757 4248 factum.
2789 4193 3246 4261 Quemadmodum
3289 4195 3332 4248 si
3378 4210 3470 4251 se-

1881 4302 2004 4340 men
2033 4286 2240 4340 arboris
2267 4283 2667 4340 considerantes
2684 4325 2700 4349 ,
2726 4283 2963 4338 dicamus
2986 4283 3054 4338 ibi
3085 4299 3203 4339 esse
3229 4284 3465 4352 radices,

1881 4387 1936 4433 et
1963 4378 2145 4442 robur,
2169 4386 2222 4431 et
2248 4390 2424 4431 ramos
2443 4417 2458 4443 ,
2482 4383 2536 4430 et
2562 4375 2760 4429 fructus
2777 4415 2792 4440 ,
2816 4384 2870 4429 et
2896 4375 3052 4439 folia;
3083 4390 3188 4428 non
3215 4376 3334 4445 quia
3357 4375 3467 4446 jam

1881 4479 2038 4535 sunt,
2073 4468 2165 4524 sed
2193 4469 2314 4538 quia
2358 4467 2480 4522 inde
2508 4465 2682 4520 futura
2723 4474 2848 4521 sunt
2879 4483 2892 4518 :
2921 4465 2998 4520 sic
3023 4464 3222 4520 dictum
3253 4477 3368 4534 est,
3403 4465 3469 4522 In

1879 4563 2129 4634 principio
2173 4561 2290 4632 fecit
2333 4559 2473 4613 Deus
2512 4557 2690 4612 coelum
2736 4565 2783 4612 et
2826 4566 3044 4621 terram,
3085 4557 3235 4627 quasi
3283 4573 3469 4614 semen

1879 4655 2000 4711 σαεΙὶ
2026 4661 2080 4709 et
2110 4663 2299 4719 terrae,
2341 4668 2462 4707 cum
2502 4650 2556 4706 in
2599 4649 2822 4706 confuso
2861 4649 3034 4705 adhuc
3071 4660 3212 4704 esset
3255 4651 3377 4706 coeli
3415 4659 3471 4705 et

1881 4759 2039 4804 terra:
2081 4745 2332 4811 materia;
2374 4745 2471 4800 sed
2512 4743 2632 4814 quia
2678 4751 2884 4798 certum
2917 4751 3033 4798 erat
3073 4742 3193 4798 inde
3235 4744 3466 4798 futurum

1879 4857 2000 4898 esse
2023 4839 2218 4896 ccelum
2249 4849 2303 4894 et
2328 4847 2522 4894 terram
2543 4877 2556 4902 ,
2585 4836 2693 4906 jam
2721 4843 2776 4891 et
2802 4835 2915 4906 ipsa
2944 4835 3166 4890 materia
3194 4831 3388 4892 cmlum'
3413 4844 3469 4890 et

1881 4943 2022 4990 terra
2048 4931 2315 5003 appellata
2349 4941 2450 4986 est.
2481 4929 2586 4984 Isto
2621 4943 2816 4998 genere
2847 4926 3131 4982 locutionis
3160 4928 3318 4982 etiam
3364 4926 3468 4980 Do-

1879 5026 2056 5082 minus
2083 5025 2336 5095 loquitur,
2369 5038 2491 5078 eum
2515 5021 2678 5087 dicit,
2701 5019 2822 5074 Jam
2842 5037 2942 5074 non
2963 5019 3127 5074 dicam
3151 5036 3236 5074 vos
3263 5033 3428 5073 servos
3445 5058 3462 5083 ,

1878 5119 1998 5190 quia
2020 5133 2190 5172 servus
2213 5116 2365 5170 nescit
2388 5113 2510 5187 quid
2549 5114 2704 5188 faciat
2747 5113 2980 5166 dominus
3003 5113 3132 5182 ejus.
3179 5108 3273 5163 Vos
3298 5118 3466 5164 autem

1879 5211 1991 5266 dixi
2025 5210 2239 5272 amicos,
2263 5208 2382 5279 quia
2405 5207 2572 5262 omnia
2603 5221 2716 5278 qua:
2740 5205 2911 5259 audivi
2937 5221 2970 5257 a
2994 5202 3152 5256 Patre
3175 5217 3284 5256 meo
3301 5241 3320 5269 ,
3347 5209 3466 5256 nota

1882 5306 1979 5376 feci
2002 5305 2139 5360 vobis
2168 5301 2347 5373 (Joan.
2377 5316 2468 5367 xv,
2500 5301 2592 5372 15)
2619 5318 2633 5354 :
2666 5315 2773 5354 non
2800 5299 2919 5368 quia
2937 5296 3047 5366 jam
3087 5293 3280 5349 factum
3312 5303 3462 5361 erat,

1879 5399 1974 5456 sed
1999 5399 2120 5470 quia
2148 5397 2444 5454 certissime
2473 5396 2706 5452 futurum
2728 5401 2862 5448 erat.
2892 5391 3023 5445 Nam
3051 5397 3171 5460 post
3193 5391 3463 5460 paululum

1879 5491 2006 5547 dicit
2036 5490 2137 5546 illis
2167 5509 2180 5544 :
2214 5489 2391 5544 Adhuc
2412 5489 2569 5543 multa
2589 5487 2744 5540 habeo
2768 5485 2903 5538 vobis
2922 5483 3088 5537 dicere
3107 5523 3121 5550 ,
3143 5487 3230 5538 sed
3252 5500 3352 5539 non
3373 5502 3468 5556 po-

1881 5585 2015 5639 testis
2043 5590 2240 5654 portare
2263 5582 2410 5635 modo
2431 5580 2540 5652 (Id.
2573 5593 2658 5633 xvr
2678 5618 2692 5642 ,
2723 5574 2836 5646 1%).
2867 5575 3060 5646 thuid
3080 5590 3208 5647 ergo
3234 5575 3462 5643 dixerat,

1884 5676 2068 5731 Omnia
2101 5691 2213 5746 qua:
2241 5674 2408 5727 audivi
2441 5690 2472 5725 a
2504 5671 2659 5725 Patre
2684 5684 2791 5722 meo
2811 5708 2826 5734 ,
2856 5679 2978 5724 nota
3018 5669 3115 5740 feci
3147 5670 3321 5737 vobis;
3361 5672 3464 5728 nisi

1880 5772 2002 5845 quia
2023 5786 2083 5832 se
2107 5768 2308 5828 sciebat
2336 5767 2437 5827 hoc
2460 5780 2580 5825 esse
2615 5763 2916 5826 facturum?
2957 5765 3048 5830 Sic
3077 5764 3239 5825 etiam
3266 5762 3460 5822 coelum
