3906 6380
312 138 419 201 181

289 298 427 339 sum
460 292 542 343 est
581 278 719 339 inter
759 281 929 339 luam
974 290 1029 339 et
1063 280 1330 345 tenebras,
1358 290 1413 338 et
1447 293 1633 337 vocata
1676 293 1758 341 est
1796 284 1887 341 lux

283 372 447 436 dies,
482 384 538 432 et
566 373 791 432 tenebrze
826 389 969 435 nox:
1003 372 1140 433 banc
1167 389 1296 443 ergo
1332 382 1495 428 totam
1526 376 1887 444 operationem

289 482 409 523 non
458 468 754 539 intelligunt
784 469 851 529 ad
881 469 1019 524 diem
1062 470 1363 539 pertinere:
1396 482 1513 543 post
1542 469 1680 533 hanc
1708 479 1883 533 antem

285 564 664 632 Operationem
694 573 941 633 tanquam
971 561 1118 617 linito
1144 562 1230 618 die
1254 561 1389 618 facta
1417 575 1497 623 est
1523 578 1760 633 vespera.
1780 562 1884 620 Sed

284 658 422 725 quia
454 658 610 711 etiam
654 672 757 710 nox
788 656 852 711 ad
896 656 1033 713 diem
1072 672 1229 714 suum
1268 657 1530 728 pertinet,
1562 674 1666 712 non
1692 656 1884 717 dicitur

288 749 554 809 transisse
590 747 705 803 dies
736 764 903 813 unus,
939 748 1039 805 nisi
1071 750 1226 803 etiam
1260 759 1413 805 nocte
1454 760 1719 809 transacta
1760 764 1882 804 cum

289 839 490 893 factum
532 848 613 894 est
650 854 841 894 mane:
884 839 960 894 sic
996 840 1246 909 deinceps
1277 841 1460 912 reliqui
1506 840 1620 915 dies
1658 856 1879 917 compu.

287 941 478 987 tantur
495 949 522 984 a
552 948 708 988 inane.
733 947 901 1002 usque
923 934 976 991 in
1000 950 1173 987 mane.
1197 933 1347 991 Nunc
1370 935 1512 991 enim
1540 950 1658 988 cum
1685 933 1879 989 factum

286 1035 374 1078 est
409 1039 592 1088 mane,
621 1033 673 1078 et
709 1034 1001 1079 transactus
1030 1036 1112 1079 est
1152 1041 1285 1089 unus
1320 1027 1452 1088 dies,
1484 1026 1663 1097 incipit
1690 1040 1874 1095 opera-

285 1116 384 1180 tio,
410 1131 531 1183 qua}
560 1116 803 1185 sequitur
827 1115 892 1167 ab
924 1114 956 1184 i;
978 1131 1039 1172 so
1065 1132 1219 1171 inane
1240 1116 1379 1186 quod
1407 1120 1514 1183 jam
1542 1116 1736 1172 factum
1768 1128 1873 1185 est,

281 1217 337 1261 et
367 1218 489 1276 post
519 1208 687 1276 ipsam
719 1210 1081 1278 operationem
1109 1211 1167 1264 lit
1200 1224 1441 1277 vespera,
1470 1208 1663 1269 deinde
1698 1225 1873 1285 mane,

278 1312 334 1357 et
381 1302 572 1356 transit
616 1302 749 1357 alter
786 1302 941 1367 dies:
971 1310 1130 1377 autne
1173 1301 1241 1365 ita
1283 1302 1535 1379 deinceps
1557 1304 1733 1357 eat-teri
1760 1302 1877 1363 dies

278 1404 585 1449 transeunt.

274 1487 364 1541 CA
380 1486 514 1541 [‘UT
544 1486 630 1540 XI.
654 1516 726 1527 —-
751 1485 905 1558 Aqutv
938 1496 993 1543 ut
1017 1487 1332 1556 ﬁrmamento
1362 1486 1534 1540 diviste
1557 1502 1575 1541 :
1599 1504 1725 1540 vers.
1751 1486 1869 1542 6-8.

357 1580 447 1631 17.
481 1578 545 1632 Et
573 1580 699 1632 dixit
724 1577 880 1637 Deus,
908 1577 1025 1631 Fiat
1052 1580 1425 1647 ﬁrmamentum
1446 1579 1495 1632 in
1523 1579 1684 1632 inedia
1706 1594 1869 1649 aque,

269 1680 323 1723 et
353 1671 420 1722 sit
460 1670 637 1723 divisio
678 1671 804 1723 inter
834 1687 1014 1741 aquam
1046 1680 1092 1722 et
1117 1684 1346 1738 aquam;
1375 1679 1420 1722 et
1460 1670 1530 1722 sic
1560 1674 1746 1741 factum
1773 1678 1867 1723 est.

273 1761 346 1815 Et
382 1764 497 1832 fecit
528 1763 665 1817 Deus
695 1765 1083 1829 ﬁriitaiitentuni.
1112 1772 1158 1815 et
1188 1762 1351 1815 diuisit
1378 1761 1511 1815 Deus
1534 1763 1663 1815 inter
1686 1776 1870 1825 aquam

267 1871 393 1921 qna-
421 1862 493 1905 εει
522 1871 672 1922 super
698 1854 1090 1921 ﬁrmamentum,
1115 1863 1160 1906 et
1186 1854 1313 1905 inter
1338 1868 1518 1921 aquam
1544 1868 1656 1922 qua:
1680 1862 1751 1905 est
1777 1851 1870 1907 sub

270 1943 631 2007 ﬁrmamento,
668 1952 713 1997 et
749 1945 934 1996 vocavit
965 1942 1104 1997 Deus
1148 1944 1519 2011 ﬁrmamentum
1562 1944 1741 1996 cazlum
1765 1959 1784 1997 :
1820 1952 1869 1997 ει

266 2037 402 2089 uidit
424 2033 563 2088 Deus
583 2036 699 2106 quia
720 2036 900 2088 bonum
922 2044 1013 2088 est.
1041 2035 1161 2088 ΙΙωο
1185 2052 1287 2087 non
1312 2037 1526 2090 memini
1551 2036 1866 2091 Manicliaeos

266 2128 675 2196 reprehendere
718 2128 926 2182 Solere:
960 2138 1134 2180 tamen
1177 2127 1319 2197 quod
1355 2128 1535 2181 divisae
1563 2138 1685 2181 sunt
1715 2144 1865 2199 aqua:

266 2229 329 2273 ut
356 2220 478 2271 alite
505 2227 684 2273 essent
705 2232 863 2287 Super
888 2217 1303 2281 firmamentum,
1330 2226 1385 2273 et
1411 2220 1527 2271 alim
1556 2219 1655 2273 sub
1681 2221 1861 2273 lirma-

266 2325 488 2375 mento,
521 2314 769 2381 qnmiiam
800 2313 1073 2367 materiam
1114 2312 1257 2366 illam
1300 2310 1607 2366 dicebamus
1642 2314 1863 2370 nomine

264 2419 425 2473 aqn:e
462 2404 805 2471 appellatalii,
839 2404 1000 2457 credo
1030 2406 1363 2459 llrmamento
1390 2404 1511 2460 cmli
1541 2406 1556 2436 ⁸
1585 2406 1859 2459 materiam

263 2496 605 2561 corporalem
644 2510 819 2548 rerqu
864 2493 1145 2549 visibilium
1177 2496 1243 2550 ab
1284 2495 1369 2549 illa
1413 2495 1728 2565 incorporali
1769 2510 1861 2551 re-

262 2603 389 2641 rum
425 2588 762 2640 invisibilittttt
809 2586 969 2641 fuisse
1007 2587 1313 2641 discretam.
1339 2588 1467 2641 Cum
1496 2587 1635 2641 enim
1664 2587 1857 2641 caelum

263 2680 340 2732 sit
378 2694 575 2748 corpus
616 2677 1057 2745 pulcherrimum,
1100 2678 1273 2732 omnis
1314 2678 1588 2732 invisibilis
1615 2687 1857 2733 creatura

262 2771 483 2826 εχει-ειη
526 2771 684 2823 etiam
727 2769 1172 2838 pulchritudinem
1201 2769 1360 2833 cmli;
1389 2776 1444 2825 et
1472 2769 1592 2823 ideo
1636 2770 1857 2824 fortasse

261 2880 435 2935 super
473 2864 663 2919 tmlum
694 2879 812 2917 e550
851 2864 1101 2916 dicuntur
1129 2877 1277 2932 aqua:
1317 2862 1627 2926 invisibiles,
1669 2878 1787 2932 qua:
1824 2877 1855 2917 α

262 2962 453 3029 ιιςιιιιτίδ
482 2958 841 3027 intelliguntur
873 2973 973 3010 non
1013 2958 1247 3011 loeorum
1278 2957 1512 3024 sedibus,
1544 2958 1636 3011 sed
1678 2958 1853 3028 digni-

265 3062 379 3107 tate
414 3062 612 3104 naturze
657 3066 909 3116 superare
957 3052 1186 3105 cadum:
1218 3066 1516 3121 quanquam
1559 3050 1624 3105 de
1668 3050 1765 3106 hac
1796 3066 1855 3106 re

264 3146 399 3199 ttihzl
449 3154 645 3198 temere
690 3144 1058 3198 aflirtuantlum
1106 3154 1221 3209 est;
1252 3146 1476 3199 obscura
1505 3154 1585 3199 cst
1610 3146 1771 3212 enim,
1800 3156 1854 3200 et

264 3250 469 3291 remota
515 3253 542 3289 a
573 3237 815 3290 sensibus
855 3237 1169 3291 hominum:
1210 3236 1303 3291 St‘d
1342 3252 1554 3307 quoquo
1595 3237 1755 3291 modo
1794 3252 1851 3292 se

265 3328 483 3389 habeat,
520 3336 801 3397 anteqnam
833 3328 1173 3395 intelligatur,
1205 3326 1469 3381 credenda
1496 3336 1595 3381 est.
1627 3326 1689 3380 Et
1714 3330 1852 3399 facta

261 3434 334 3474 est
384 3436 608 3489 vespera,
638 3430 682 3471 et
732 3424 921 3490 factum
970 3428 1039 3472 est
1088 3435 1234 3471 mane
1272 3418 1378 3471 dies
1422 3419 1690 3472 secundus.
1731 3419 1849 3474 .lam

261 3513 442 3567 Omnia
469 3513 580 3565 hinc
599 3528 716 3581 qua:
739 3521 1067 3579 repetuntur,
1088 3512 1223 3565 sicut
1245 3510 1487 3580 superius
1508 3510 1847 3581 intelligenda

260 3616 424 3673 atque
455 3602 724 3656 tractanda
756 3613 899 3656 Sunt.

260 3694 491 3752 CAPUT
518 3694 631 3749 XII.
661 3724 733 3735 —
770 3696 1027 3764 Aquarum
1057 3695 1375 3767 congregatio
1413 3695 1477 3751 de
1527 3711 1629 3767 qua
1656 3712 1783 3751 vers.
1812 3696 1848 3752 9

621 3796 666 3837 et
688 3784 769 3846 10,
799 3794 870 3839 est
895 3786 1006 3853 ipsa
1035 3801 1207 3837 eorum
1234 3786 1488 3855 formatio.

333 3874 421 3931 18.
466 3873 532 3931 Et
572 3876 697 3928 dixit
742 3873 896 3937 Deus,
940 3875 1275 3946 Congrt-getur
1307 3893 1460 3948 aqua,
1497 3892 1609 3946 qua:
1648 3888 1719 3931 est
1755 3879 1847 3934 sub

260 3968 386 4021 caelo
406 4010 422 4031 ,
462 3968 513 4019 in
544 3968 977 4038 congregationem
1018 3983 1169 4018 unam
1190 4008 1204 4031 ,
1236 3978 1281 4019 et
1308 3980 1550 4039 appareat
1576 3970 1761 4036 arida;
1800 3981 1847 4026 ct

258 4059 331 4114 sic
373 4062 564 4127 factum
593 4067 682 4111 est.
726 4059 788 4111 lit
816 4069 1116 4130 congregata
1158 4069 1231 4113 est
1272 4077 1421 4131 aqua,
1454 4078 1565 4132 qua:
1603 4075 1707 4116 erat
1754 4066 1846 4119 sub

260 4154 383 4207 cwlo
406 4194 419 4216 ,
454 4153 504 4204 in
544 4152 977 4223 congregationem
1016 4168 1169 4205 unant
1196 4194 1209 4215 ,
1242 4162 1287 4205 et
1315 4155 1552 4222 apparuit
1580 4156 1744 4209 arida.
1781 4158 1845 4213 Et

259 4244 449 4297 cocaeit
487 4241 625 4295 Dtus
651 4243 848 4295 aridam
868 4285 881 4306 ,
910 4251 1093 4295 terrain
1117 4260 1136 4309 ;
1162 4254 1209 4297 et
1243 4246 1675 4315 congregationem
1704 4266 1847 4318 aqua:

260 4337 447 4409 vocavit
476 4354 632 4393 mare.
654 4336 723 4393 Et
751 4338 871 4390 vidit
898 4336 1030 4389 Deus
1054 4339 1169 4407 quia
1196 4342 1377 4391 bonum
1400 4350 1489 4392 cst.
1522 4340 1576 4394 ln
1601 4341 1700 4394 isto
1727 4343 1844 4397 loco

259 4428 532 4485 Manicba-i
561 4428 781 4481 dicunt:
811 4412 867 4482 Si
909 4436 1074 4482 totum
1100 4430 1250 4499 aquis
1282 4431 1490 4498 plenum
1536 4443 1677 4498 emt,
1712 4450 1844 4502 quo-

261 4521 418 4575 modo
461 4529 703 4589 poterant
735 4535 886 4589 aqua:
930 4521 1236 4589 congregari
1278 4522 1327 4574 in
1368 4523 1576 4575 unum?
1604 4525 1704 4578 Sed
1730 4528 1839 4592 jam

261 4613 505 4683 superius
531 4611 727 4666 dictum
750 4622 853 4675 est,
880 4612 1094 4666 nomine
1115 4629 1364 4680 aquarum
1396 4616 1666 4668 materiam
1696 4616 1839 4672 illam

258 4706 572 4779 ριιρριιειιιιιη
619 4718 959 4773 superquam
993 4702 1259 4757 ferebatur
1284 4704 1512 4772 Spiritus
1554 4706 1667 4771 Dei,
1702 4709 1840 4764 unde

259 4808 367 4851 erat
399 4796 538 4849 licus
563 4795 741 4847 omnia
774 4794 1114 4847 lor-maturus.
1144 4792 1292 4847 Nunc
1313 4810 1440 4846 vero
1474 4811 1593 4849 cum
1626 4799 1835 4865 dicitur,

260 4885 598 4958 Congregetur
627 4902 778 4951 aqua,
808 4900 923 4956 qua:
949 4894 1019 4939 cst
1045 4884 1135 4938 sub
1160 4885 1302 4948 cwlo,
1333 4886 1385 4938 in
1409 4891 1837 4958 congregationem

259 4994 449 5043 unum;
485 4977 587 5033 hoc
611 4976 803 5038 dicitur
825 4986 879 5032 ut
910 4978 993 5031 illa
1022 4978 1240 5032 materia
1268 4982 1557 5047 corporalis
1582 4980 1838 5039 formetur

258 5068 307 5123 in
327 5086 444 5124 eam
469 5069 700 5140 speciem
721 5084 878 5139 qnam
904 5069 1099 5125 habent
1123 5085 1273 5140 aqua:
1300 5071 1413 5125 istm
1441 5072 1695 5130 visibiles.
1722 5074 1835 5145 Ipsa

257 5165 392 5233 enim
424 5164 767 5233 congregatio
796 5160 849 5215 in
878 5178 1060 5229 unum,
1092 5162 1201 5232 ipsa
1228 5171 1309 5217 est
1333 5178 1587 5233 aquarum
1620 5167 1834 5221 istarum

258 5232 500 5312 formatio
526 5298 539 5319 ,
589 5271 719 5325 quas
764 5254 1002 5309 videmus
1046 5263 1099 5309 et
1145 5260 1422 5326 tangimus.
1464 5257 1650 5312 Omnis
1696 5261 1834 5315 enim

260 5350 421 5405 ferina
453 5348 519 5403 ad
564 5348 779 5403 unitatis
816 5349 1049 5417 regulam
1089 5348 1313 5420 cogitur.
1348 5349 1414 5403 Et
1454 5353 1592 5421 quod
1622 5352 1833 5419 dicitur,

264 5445 513 5515 Apparcat
544 5443 712 5506 arida,
735 5441 858 5511 quid
887 5440 1027 5496 aliud
1056 5441 1159 5495 dici
1187 5442 1583 5511 intelligendum
1612 5455 1713 5511 est,
1737 5448 1836 5502 nisi

254 5549 1469 5683 ωἷὲίιᾶετεάοηὼβηηωησωεωκοωω
1499 5558 1838 5620 mentm-u-

1664 169 1868 235 LIBER
1903 170 2179 249 pannis.

3473 190 3583 252 182

1994 295 2052 340 ut
2074 286 2160 339 illa
2182 287 2431 345 materies
2453 291 2677 363 accipiat
2696 293 2955 353 visibilem
2979 296 3223 368 formam,
3246 318 3401 371 quam
3424 322 3448 361 r
3464 322 3568 366 uno

1993 377 2150 433 habet
2176 388 2310 434 terra
2341 382 2437 437 ista
2460 400 2615 454 quam
2638 386 2876 442 videmus
2899 399 2951 444 ct
2978 392 3284 462 tangimus?
3311 395 3566 466 Superius

1989 484 2117 539 ergo
2163 472 2301 541 quod
2353 476 2721 532 nominabatur
2763 490 2899 534 terra
2949 480 3226 539 invisibilis
3269 496 3323 541 et
3369 489 3572 546 incom-

1992 561 2182 629 posita,
2214 565 2448 618 materia:
2473 566 2714 622 confusio
2740 578 2794 624 et
2821 570 3116 627 obscuritas
3146 575 3520 635 nominabatur
3544 599 3563 649 ;

1988 663 2042 708 et.
2067 657 2205 725 quod
2239 659 2606 713 nominabatur
2629 676 2761 731 aqua
2790 677 2949 733 super
2972 681 3131 735 quam
3162 668 3427 725 ferebatur
3448 672 3570 744 Spi-

1989 747 2120 801 ritus
2150 748 2270 812 Dei,
2308 751 2491 803 eadein
2532 768 2711 807 rursus
2745 757 2962 811 materia
2994 759 3383 815 nominabatur.
3418 762 3569 822 Nunc

1989 855 2115 896 vero
2140 857 2271 912 aqua
2300 843 2397 897 ista
2424 854 2471 897 et
2498 855 2633 900 terra
2660 845 2953 904 formantur
2977 867 3039 905 ex
3070 852 3155 908 illa
3184 858 3422 917 materia,
3451 872 3572 925 quas

1988 930 2114 1001 ipsis
2146 934 2446 988 nominibus
2470 938 2849 1006 appellabatur,
2878 954 3161 1012 antequam
3190 944 3388 1000 fortnas
3415 948 3565 1014 istas,

1984 1039 2117 1093 quas
2138 1042 2275 1078 nune
2299 1028 2555 1095 videmus,
2581 1031 2861 1101 acciperet.
2886 1034 3023 1089 Sane
3043 1036 3253 1103 dicitur,
3278 1038 3327 1091 ln
3355 1042 3565 1095 ltebrtca

1988 1118 2249 1172 locutione
2278 1135 2492 1175 omnem
2525 1138 2777 1190 aquarum
2805 1127 3290 1195 congregatimtem,
3320 1131 3432 1186 sive
3461 1132 3568 1187 sal-

1983 1224 2159 1267 sarum
2188 1211 2300 1265 sive
2328 1212 2581 1277 dulcium,
2608 1230 2751 1267 mare
2780 1216 3056 1284 appellari.

1983 1300 2204 1357 CAPUT
2235 1301 2369 1365 XIII.
2396 1332 2467 1342 —
2488 1303 2793 1373 Exploditttr
2830 1308 3116 1375 conquestio
3142 1308 3277 1363 circa
3304 1326 3430 1365 vers.
3468 1313 3565 1369 H-

2031 1392 2116 1454 15,
2148 1394 2351 1456 scilicet,
2387 1394 2686 1468 infrugifera
2715 1406 2758 1449 et
2786 1399 2937 1451 noxia
2962 1417 3118 1475 quare
3142 1403 3302 1479 gignit
3326 1404 3495 1459 tellus.

2054 1483 2120 1538 19
2185 1484 2248 1537 Et
2288 1486 2415 1539 dixit
2459 1486 2630 1557 Deus,
2664 1485 2916 1545 Cerminet
2964 1502 3096 1547 terra
3136 1495 3339 1550 herbam
3388 1499 3563 1568 pabuli

1979 1578 2214 1645 ferentem
2245 1595 2407 1631 semen
2432 1579 2705 1634 secundum
2734 1598 2877 1635 suum
2905 1601 3061 1658 genus
3086 1595 3132 1639 et
3157 1586 3559 1659 similitudinem,

1977 1677 2023 1722 ει
2051 1669 2243 1741 lignum
2270 1671 2583 1743 fructi/erum
2611 1673 2799 1741 faciens
2825 1676 3049 1747 fructum
3070 1720 3084 1742 ,
3114 1682 3259 1751 cujus
3290 1698 3455 1737 semen
3494 1685 3562 1738 sit

1975 1761 2027 1816 in
2043 1779 2095 1817 se
2113 1763 2382 1817 secundum
2399 1781 2543 1819 suam
2563 1766 2961 1821 similitudinem.
2982 1769 3050 1823 Et
3073 1771 3145 1825 sic
3171 1784 3240 1826 est
3258 1774 3467 1845 factum.
3493 1774 3563 1841 Et

1973 1855 2116 1924 ejccu
2163 1863 2295 1909 terra
2341 1854 2545 1911 herbam
2589 1857 2779 1927 pabuli,
2812 1859 3049 1928 ferentem
3086 1879 3252 1916 semen
3283 1865 3562 1919 secundum

1972 1963 2121 2001 suum
2144 1958 2380 2019 genus,et
2406 1949 2598 2022 lignum
2623 1952 2941 2023 {ructiferum
2956 1955 3145 2029 faciens
3158 1958 3559 2035 fructum,cujns

1968 2056 2136 2094 semen
2167 2051 2237 2096 est
2265 2041 2316 2095 in
2342 2058 2396 2097 se
2417 2044 2687 2105 secundum
2708 2062 2848 2099 suam
2870 2048 3264 2115 similitudinem,
3284 2051 3559 2107 secundum

1969 2147 2116 2185 suum
2138 2149 2294 2203 genus
2320 2150 2471 2203 super
2490 2144 2693 2189 terram.
2724 2134 2791 2189 Et
2810 2136 2933 2190 vidit
2956 2137 3090 2193 Deus
3118 2140 3237 2208 quia
3258 2140 3439 2193 bonmn
3462 2151 3555 2197 est.

1969 2218 2036 2274 Et
2062 2226 2195 2288 facta
2221 2234 2291 2278 est
2318 2239 2540 2294 vespera,
2560 2235 2607 2279 et
2627 2226 2815 2294 factum
2833 2236 2903 2281 est
2928 2245 3073 2281 mane
3087 2230 3193 2283 dies
3210 2232 3382 2283 tertius
3402 2230 3553 2303 (Gen.

1966 2328 2043 2376 tn,
2066 2315 2262 2382 17-19).
2295 2314 2390 2369 Hic
2419 2317 2590 2371 solent
2619 2316 2795 2373 dicere
2823 2336 2835 2371 :
2870 2320 2923 2373 Si
2958 2321 3097 2376 Dens
3131 2321 3287 2393 jussit
3316 2326 3455 2379 na~ci
3485 2326 3554 2383 de

1967 2412 2105 2461 terra
2131 2407 2347 2462 herbam
2370 2408 2573 2481 pabuli,
2596 2420 2648 2463 et
2671 2411 2865 2493 lignum
2891 2411 3239 2479 frurtiferum,
3264 2416 3557 2485 quisjussit

1967 2498 2109 2550 nasci
2133 2506 2306 2552 tantas
2330 2499 2518 2555 herbas
2544 2502 2621 2556 vel
2649 2503 2890 2573 spinosas
2906 2505 2987 2559 vel
3010 2521 3320 2571 venenosas,
3349 2526 3463 2578 qua:
3486 2509 3554 2566 ad

1964 2587 2211 2657 pabulum
2241 2604 2343 2642 non
2366 2590 2731 2659 proficiunt,ct
2748 2604 2851 2646 tam
2872 2595 3033 2649 multa
3055 2596 3189 2667 ligna
3210 2614 3327 2668 qua:
3350 2600 3553 2655 nullum

1962 2677 2189 2732 fructum
2212 2680 2417 2734 ferunt?
2437 2681 2640 2748 Quibus
2660 2683 2736 2738 sic
2757 2686 3184 2759 respondendum
3208 2700 3309 2755 est,
3329 2691 3553 2765 utnulla

1962 2769 2193 2845 indignis
2221 2771 2525 2847 aperiantur
2550 2775 2820 2847 mysteria,
2849 2791 3020 2846 neque
3041 2779 3347 2832 ostendatur
3368 2780 3418 2833 in
3444 2795 3551 2850 qua

1962 2860 2125 2934 figura
2153 2862 2446 2919 futurorum
2492 2865 2590 2919 ista
2633 2865 2710 2920 sic
2738 2867 2877 2921 dicta
2922 2869 3047 2921 sint.
3088 2868 3228 2939 Ergo
3265 2870 3547 2927 dicendum

1961 2964 2043 3012 est
2062 2996 2077 3021 ,
2106 2955 2245 3031 quod
2288 2970 2382 3026 per
2424 2966 2698 3031 peccatum
2727 2959 2956 3014 hominis
2987 2967 3121 3013 terra
3150 2961 3427 3016 mali-dicta
3457 2962 3546 3029 sit,

1960 3053 2018 3101 ιιι
2045 3047 2225 3115 spinas
2250 3057 2465 3121 pareret
2494 3065 2506 3100 :
2538 3064 2641 3103 non
2683 3058 2739 3102 ut
2777 3048 2886 3122 ipsa
2927 3063 3110 3120 pannis
3148 3053 3397 3116 sentiret,
3429 3069 3549 3121 quas

1958 3138 2076 3195 sine
2103 3154 2261 3203 sensu
2293 3148 2393 3204 est,
2425 3139 2515 3209 sed
2550 3148 2606 3193 nt
2634 3141 2832 3210 peccati
2860 3140 3073 3195 humani
3100 3143 3304 3197 crimen
3334 3157 3549 3213 semper

1959 3229 2259 3285 hominibus
2302 3241 2425 3285 ante
2467 3232 2647 3285 oculos
2695 3240 2950 3307 poneret,
2981 3247 3089 3302 quo
3130 3232 3547 3290 admonerentur

1956 3320 2238 3390 aliquando
2264 3321 2429 3376 averti
2458 3338 2484 3373 a
2518 3324 2744 3391 peceatis
2764 3365 2779 3391 ,
2811 3333 2862 3377 et
2898 3323 2961 3376 ad
2995 3324 3087 3378 Dei
3120 3334 3381 3395 puncepta
3411 3341 3539 3382 con.

1955 3414 2109 3467 verti.
2165 3414 2353 3468 Herba:
2413 3424 2589 3467 autem
2653 3430 2932 3469 venenosa:
2974 3416 3039 3468 ad
3084 3432 3313 3486 pinnam,
3344 3420 3426 3474 vel
3475 3417 3545 3476 ad

1955 3506 2387 3565 exercitationem
2414 3508 2714 3562 mortalium
2746 3518 2939 3561 creatrc
2964 3516 3088 3563 sunt
3115 3524 3129 3573 ;
3161 3520 3211 3563 et
3242 3511 3343 3577 hoc
3376 3520 3544 3568 toxnm

1955 3606 2172 3665 propter
2201 3607 2497 3667 peccatum,
2526 3596 2643 3665 quia
2678 3598 2929 3652 mortales
2960 3607 3077 3667 post
3117 3611 3389 3667 peccatum
3421 3601 3546 3659 lacti

1952 3700 2154 3745 sumus.
2196 3689 2297 3742 Per
2336 3687 2687 3741 infructuosos
2721 3704 2843 3745 vero
2874 3689 3093 3743 arbores
3134 3691 3413 3747 llls‘llllllllll‘
3440 3693 3542 3746 ho-

1951 3780 2203 3851 minibus,
2236 3790 2291 3833 ut
2327 3781 2620 3850 intelligant
2658 3796 2813 3850 quant
2859 3781 2929 3835 sit
2962 3782 3379 3838 erubescendum
3423 3786 3541 3844 sine

1954 3870 2126 3924 fructu
2168 3871 2425 3925 bonorum
2457 3889 2677 3941 operttnt
2709 3888 2827 3927 esse
2855 3875 2904 3926 iit
2933 3889 3059 3947 agro
3087 3875 3178 3930 Dci
3200 3916 3215 3941 ,
3250 3878 3349 3931 hoc
3372 3887 3455 3933 est.
3484 3879 3538 3935 in

1952 3961 2186 4016 Ecclesia
2212 3977 2227 4027 ;
2258 3971 2310 4016 et
2340 3964 2559 4017 timeant
2588 3979 2652 4018 ne
2673 3963 2884 4018 deserat
2907 3978 3002 4021 eos
3032 3964 3188 4035 Deus,
3216 3967 3335 4045 quia
3358 3980 3410 4023 et
3434 3968 3538 4038 ipsi

1952 4051 2003 4108 in
2036 4053 2175 4127 agris
2202 4057 2310 4108 suis
2342 4054 2693 4109 infructuosus
2726 4057 2943 4111 arbores
2982 4056 3268 4127 deserunt,
3302 4076 3401 4115 nec
3433 4061 3535 4118 ali-

1950 4161 2107 4223 quam
2140 4148 2395 4201 colturam
2424 4148 2501 4200 eis
2527 4146 2799 4217 adhibent.
2831 4150 2965 4201 Ante
2985 4160 3256 4225 peccatum
3286 4167 3414 4223 etgo
3434 4154 3537 4207 lto-

1953 4236 2111 4290 minis
2138 4252 2241 4289 nnu
2270 4248 2352 4291 est
2377 4239 2666 4308 scriptum,
2698 4237 2839 4309 quod
2888 4232 3025 4293 terra
3070 4241 3210 4294 aliud
3258 4244 3538 4311 protulerit

1950 4330 2050 4385 nisi
2084 4330 2299 4383 herbam
2335 4330 2507 4400 pabuli
2535 4340 2588 4384 et
2617 4324 2749 4399 ligna
2778 4328 3042 4384 fructuosa
3070 4349 3083 4383 :
3115 4342 3230 4400 post
3260 4338 3534 4401 peccatum

1948 4431 2123 4477 autem
2157 4420 2397 4474 videmus
2426 4421 2588 4474 multa
2620 4420 2829 4474 horrida
2862 4432 2918 4475 et
2947 4419 3267 4476 infructuosa
3297 4424 3362 4477 de
3388 4406 3531 4481 terra

1948 4518 2113 4578 nasci,
2142 4514 2302 4567 credo
2332 4524 2548 4583 propter
2575 4529 2690 4566 eam
2720 4530 2932 4568 cansam
2962 4529 3117 4585 quam
3152 4516 3399 4571 diximus.
3442 4519 3534 4575 Sic

1946 4607 2085 4673 enim
2110 4605 2301 4665 dicitur
2326 4604 2390 4658 ad
2419 4606 2643 4674 primum
2678 4604 2943 4658 hominem
2974 4616 3313 4681 posteaquam
3347 4625 3533 4678 pecca-

1945 4697 2019 4751 vit
2045 4714 2058 4748 :
2092 4695 2362 4751 Maledicta
2390 4697 2482 4749 erit
2508 4707 2639 4765 terra
2671 4696 2757 4749 tibi
2797 4697 2848 4750 in
2882 4696 3109 4750 omnibus
3137 4690 3371 4770 operibus
3396 4704 3532 4770 tuis;

1941 4787 1995 4849 in
2024 4786 2223 4842 tristitia
2244 4796 2288 4839 et
2312 4787 2498 4858 gemitu
2522 4788 2636 4840 edes
2658 4804 2719 4841 ex
2742 4805 2799 4841 ea
2820 4787 3049 4841 omnibus
3069 4789 3243 4844 diebus
3266 4793 3377 4845 riae
3393 4804 3493 4847 tua:
3509 4808 3531 4847 :

1945 4879 2137 4948 Spinas
2166 4888 2209 4931 et
2239 4875 2450 4930 tribulos
2477 4879 2636 4951 cjiciet
2670 4880 2775 4940 tibi,
2805 4888 2849 4932 et
2879 4879 2991 4932 cdes
3020 4879 3261 4951 pabulum
3287 4885 3394 4953 agri
3425 4884 3531 4937 tui:

1941 4971 1994 5024 in
2023 4970 2204 5023 sudore
2234 4970 2396 5022 vultus
2425 4971 2495 5022 tui
2523 4969 2635 5023 cdes
2668 4988 2846 5039 panem
2886 4979 3025 5024 tuum
3043 5013 3056 5035 ,
3085 4972 3243 5026 donec
3268 4974 3527 5027 revertaris

1942 5063 1995 5116 in
2026 5073 2231 5125 terram,
2263 5061 2324 5114 de
2347 5077 2447 5135 qua
2473 5072 2701 5139 sumptus
2726 5077 2818 5126 cs;
2846 5063 2963 5133 quia
2994 5071 3126 5117 terra
3152 5079 3224 5128 es,
3256 5074 3302 5116 et
3337 5065 3388 5117 in
3428 5075 3529 5119 ter-

1942 5169 2051 5223 rain
2079 5152 2191 5206 ibis.

1943 5243 2167 5327 CAPpT
2211 5242 2347 5313 XIV.
2378 5272 2448 5284 —
2478 5240 2815 5317 Resolvuntur
2852 5243 3168 5327 diﬂlcultates
3213 5242 3348 5297 circa
3388 5261 3523 5299 vers.

2652 5336 2833 5389 14-19.

2013 5428 2099 5487 20.
2146 5428 2211 5483 Et
2239 5428 2363 5482 dixit
2400 5427 2557 5495 Deus,
2585 5427 2735 5482 Fiant
2766 5429 2929 5482 sidera
2966 5427 3019 5481 in
3044 5427 3358 5497 [irritamento
3387 5430 3522 5499 ctrli,

1942 5522 2019 5585 si;
2047 5531 2100 5574 ut
2123 5519 2317 5575 luceant
2356 5538 2504 5595 super
2543 5531 2759 5584 terram,
2788 5530 2833 5573 et
2877 5519 3101 5573 dividant
3142 5523 3271 5575 inter
3308 5524 3439 5575 diem
3477 5531 3525 5578 ει

1944 5624 2161 5681 noctem,
2191 5625 2238 5669 et
2266 5615 2364 5683 sint
2391 5614 2441 5666 in
2471 5612 2635 5687 signa,
2661 5622 2707 5689 et
2736 5614 2787 5665 in
2819 5623 3059 5689 tempora,
3094 5614 3213 5668 etin
3242 5615 3369 5683 dies,
3390 5626 3441 5669 et
3467 5616 3523 5673 its

3308 5708 3330 5741 ο
