  <div class='ocr_page' id='page_1' title='image "/cluster/home/n/w/nwhite01/storage/ocr_20150623/34/uva.x000826574/104.png"; bbox 0 0 3906 6340; ppageno 0'>
   <div class='ocr_carea' id='block_1_1' title="bbox 211 143 320 200">
    <p class='ocr_par' dir='ltr' id='par_1_1' title="bbox 211 143 320 200">
     <span class='ocr_line' id='line_1_1' title="bbox 211 143 320 200; baseline 0.009 -1"><span class='ocrx_word' id='word_1_1' title='bbox 211 143 320 200; x_wconf 74' lang='grc'><strong>185</strong></span> 
     </span>
    </p>
   </div>
   <div class='ocr_carea' id='block_1_2' title="bbox 1555 149 2052 214">
    <p class='ocr_par' dir='ltr' id='par_1_2' title="bbox 1555 149 2052 214">
     <span class='ocr_line' id='line_1_2' title="bbox 1555 149 2052 214; baseline 0.022 -10"><span class='ocrx_word' id='word_1_2' title='bbox 1555 149 1755 206; x_wconf 81' lang='lat' dir='ltr'><strong>LIBER</strong></span> <span class='ocrx_word' id='word_1_3' title='bbox 1784 150 2052 214; x_wconf 73' lang='lat' dir='ltr'><strong>PRIMUS.</strong></span> 
     </span>
    </p>
   </div>
   <div class='ocr_carea' id='block_1_3' title="bbox 3401 192 3508 253">
    <p class='ocr_par' dir='ltr' id='par_1_3' title="bbox 3401 192 3508 253">
     <span class='ocr_line' id='line_1_3' title="bbox 3401 192 3508 253; baseline 0.047 -4"><span class='ocrx_word' id='word_1_4' title='bbox 3401 192 3508 253; x_wconf 66' lang='lat'><strong>£86</strong></span> 
     </span>
    </p>
   </div>
   <div class='ocr_carea' id='block_1_4' title="bbox 204 255 3492 364">
    <p class='ocr_par' dir='ltr' id='par_1_4' title="bbox 204 255 3492 364">
     <span class='ocr_line' id='line_1_4' title="bbox 204 255 3492 364; baseline 0.012 -51"><span class='ocrx_word' id='word_1_5' title='bbox 204 267 260 313; x_wconf 77' lang='lat' dir='ltr'><strong>et</strong></span> <span class='ocrx_word' id='word_1_6' title='bbox 305 257 582 312; x_wconf 72' lang='lat' dir='ltr'><strong>bestiarum</strong></span> <span class='ocrx_word' id='word_1_7' title='bbox 621 266 788 314; x_wconf 76' lang='lat' dir='ltr'><strong>term.</strong></span> <span class='ocrx_word' id='word_1_8' title='bbox 841 255 907 312; x_wconf 84' lang='lat' dir='ltr'><strong>Et</strong></span> <span class='ocrx_word' id='word_1_9' title='bbox 942 258 1016 312; x_wconf 83' lang='lat' dir='ltr'><strong>sic</strong></span> <span class='ocrx_word' id='word_1_10' title='bbox 1045 267 1116 314; x_wconf 83' lang='lat' dir='ltr'><strong>est</strong></span> <span class='ocrx_word' id='word_1_11' title='bbox 1145 258 1355 329; x_wconf 81' lang='lat' dir='ltr'><strong>factum.</strong></span> <span class='ocrx_word' id='word_1_12' title='bbox 1401 259 1469 315; x_wconf 84' lang='lat' dir='ltr'><strong>Et</strong></span> <span class='ocrx_word' id='word_1_13' title='bbox 1511 261 1631 332; x_wconf 81' lang='lat' dir='ltr'><strong>fecit</strong></span> <span class='ocrx_word' id='word_1_14' title='bbox 1669 264 1807 321; x_wconf 87' lang='lat' dir='ltr'><strong>Deus</strong></span> <span class='ocrx_word' id='word_1_15' title='bbox 1916 282 2006 324; x_wconf 90' lang='lat' dir='ltr'><strong>ros</strong></span> <span class='ocrx_word' id='word_1_16' title='bbox 2025 277 2078 326; x_wconf 92' lang='lat' dir='ltr'><strong>et</strong></span> <span class='ocrx_word' id='word_1_17' title='bbox 2105 272 2344 332; x_wconf 85' lang='lat' dir='ltr'><strong>ordinem</strong></span> <span class='ocrx_word' id='word_1_18' title='bbox 2375 292 2543 350; x_wconf 76' lang='lat' dir='ltr'><strong>vrttes,</strong></span> <span class='ocrx_word' id='word_1_19' title='bbox 2571 287 2832 346; x_wconf 90' lang='lat' dir='ltr'><strong>artiticem</strong></span> <span class='ocrx_word' id='word_1_20' title='bbox 2857 307 3057 364; x_wconf 66' lang='lat' dir='ltr'><strong>quaere.</strong></span> <span class='ocrx_word' id='word_1_21' title='bbox 3087 295 3197 356; x_wconf 82' lang='lat' dir='ltr'><strong>Nec</strong></span> <span class='ocrx_word' id='word_1_22' title='bbox 3223 301 3383 361; x_wconf 88' lang='lat' dir='ltr'><strong>alium</strong></span> <span class='ocrx_word' id='word_1_23' title='bbox 3405 307 3492 362; x_wconf 83' lang='lat' dir='ltr'><strong>iu.</strong></span> 
     </span>
    </p>
   </div>
   <div class='ocr_carea' id='block_1_5' title="bbox 204 351 1802 426">
    <p class='ocr_par' dir='ltr' id='par_1_5' title="bbox 204 351 1802 426">
     <span class='ocr_line' id='line_1_5' title="bbox 204 351 1802 426; baseline 0.004 -22"><span class='ocrx_word' id='word_1_24' title='bbox 204 352 401 404; x_wconf 73' lang='lat' dir='ltr'><strong>bestias</strong></span> <span class='ocrx_word' id='word_1_25' title='bbox 432 359 578 404; x_wconf 76' lang='lat' dir='ltr'><strong>terra:</strong></span> <span class='ocrx_word' id='word_1_26' title='bbox 604 351 880 404; x_wconf 85' lang='lat' dir='ltr'><strong>secundum</strong></span> <span class='ocrx_word' id='word_1_27' title='bbox 904 367 1058 421; x_wconf 88' lang='lat' dir='ltr'><strong>genus</strong></span> <span class='ocrx_word' id='word_1_28' title='bbox 1078 393 1092 416; x_wconf 93' lang='lat'><strong>,</strong></span> <span class='ocrx_word' id='word_1_29' title='bbox 1123 361 1170 404; x_wconf 87' lang='lat' dir='ltr'><strong>et</strong></span> <span class='ocrx_word' id='word_1_30' title='bbox 1199 368 1377 420; x_wconf 84' lang='lat' dir='ltr'><strong>perora</strong></span> <span class='ocrx_word' id='word_1_31' title='bbox 1401 354 1675 409; x_wconf 86' lang='lat' dir='ltr'><strong>secundum</strong></span> <span class='ocrx_word' id='word_1_32' title='bbox 1711 365 1802 426; x_wconf 51' lang='lat' dir='ltr'><strong>ge;</strong></span> 
     </span>
    </p>
   </div>
   <div class='ocr_carea' id='block_1_6' title="bbox 202 443 1804 517">
    <p class='ocr_par' dir='ltr' id='par_1_6' title="bbox 202 443 1804 517">
     <span class='ocr_line' id='line_1_6' title="bbox 202 443 1804 517; baseline 0.006 -23"><span class='ocrx_word' id='word_1_33' title='bbox 202 459 327 501; x_wconf 68' lang='grc' dir='ltr'><strong>ηαδ.</strong></span> <span class='ocrx_word' id='word_1_34' title='bbox 366 453 412 497; x_wconf 86' lang='lat' dir='ltr'><strong>et</strong></span> <span class='ocrx_word' id='word_1_35' title='bbox 441 443 609 495; x_wconf 87' lang='lat' dir='ltr'><strong>onmia</strong></span> <span class='ocrx_word' id='word_1_36' title='bbox 635 443 862 512; x_wconf 80' lang='lat' dir='ltr'><strong>repentia</strong></span> <span class='ocrx_word' id='word_1_37' title='bbox 889 453 1035 497; x_wconf 84' lang='lat' dir='ltr'><strong>terra:</strong></span> <span class='ocrx_word' id='word_1_38' title='bbox 1061 444 1334 498; x_wconf 83' lang='lat' dir='ltr'><strong>secundum</strong></span> <span class='ocrx_word' id='word_1_39' title='bbox 1359 463 1534 517; x_wconf 86' lang='lat' dir='ltr'><strong>genus.</strong></span> <span class='ocrx_word' id='word_1_40' title='bbox 1571 447 1636 502; x_wconf 84' lang='lat' dir='ltr'><strong>Et</strong></span> <span class='ocrx_word' id='word_1_41' title='bbox 1681 450 1804 504; x_wconf 83' lang='lat' dir='ltr'><strong>vidit</strong></span> 
     </span>
    </p>
   </div>
   <div class='ocr_carea' id='block_1_7' title="bbox 200 532 1800 604">
    <p class='ocr_par' dir='ltr' id='par_1_7' title="bbox 200 532 1800 604">
     <span class='ocr_line' id='line_1_7' title="bbox 200 532 1800 604; baseline 0.006 -16"><span class='ocrx_word' id='word_1_42' title='bbox 200 532 354 590; x_wconf 84' lang='lat' dir='ltr'><strong>Deus</strong></span> <span class='ocrx_word' id='word_1_43' title='bbox 389 536 506 604; x_wconf 89' lang='lat' dir='ltr'><strong>quia</strong></span> <span class='ocrx_word' id='word_1_44' title='bbox 544 536 672 589; x_wconf 87' lang='lat' dir='ltr'><strong>bona</strong></span> <span class='ocrx_word' id='word_1_45' title='bbox 718 546 854 589; x_wconf 87' lang='lat' dir='ltr'><strong>sunt.</strong></span> <span class='ocrx_word' id='word_1_46' title='bbox 895 535 1079 590; x_wconf 91' lang='lat' dir='ltr'><strong>Solent</strong></span> <span class='ocrx_word' id='word_1_47' title='bbox 1121 537 1281 591; x_wconf 89' lang='lat' dir='ltr'><strong>etiam</strong></span> <span class='ocrx_word' id='word_1_48' title='bbox 1328 538 1480 592; x_wconf 79' lang='lat' dir='ltr'><strong>istam</strong></span> <span class='ocrx_word' id='word_1_49' title='bbox 1524 541 1800 598; x_wconf 73' lang='lat' dir='ltr'><strong>Manichazi</strong></span> 
     </span>
    </p>
   </div>
   <div class='ocr_carea' id='block_1_8' title="bbox 198 626 1798 699">
    <p class='ocr_par' dir='ltr' id='par_1_8' title="bbox 198 626 1798 699">
     <span class='ocr_line' id='line_1_8' title="bbox 198 626 1798 699; baseline 0.006 -19"><span class='ocrx_word' id='word_1_50' title='bbox 198 642 431 681; x_wconf 83' lang='lat' dir='ltr'><strong>movere</strong></span> <span class='ocrx_word' id='word_1_51' title='bbox 460 626 808 697; x_wconf 47' lang='lat' dir='ltr'><strong>qua‘stionem</strong></span> <span class='ocrx_word' id='word_1_52' title='bbox 831 636 887 680; x_wconf 91' lang='lat' dir='ltr'><strong>ut</strong></span> <span class='ocrx_word' id='word_1_53' title='bbox 913 627 1091 682; x_wconf 84' lang='lat' dir='ltr'><strong>dicant</strong></span> <span class='ocrx_word' id='word_1_54' title='bbox 1114 647 1126 682; x_wconf 89' lang='lat'>:</span> <span class='ocrx_word' id='word_1_55' title='bbox 1149 628 1284 694; x_wconf 82' lang='lat' dir='ltr'><strong>Quid</strong></span> <span class='ocrx_word' id='word_1_56' title='bbox 1312 645 1443 699; x_wconf 92' lang='lat' dir='ltr'><strong>opus</strong></span> <span class='ocrx_word' id='word_1_57' title='bbox 1468 641 1660 687; x_wconf 88' lang='lat' dir='ltr'><strong>eratut</strong></span> <span class='ocrx_word' id='word_1_58' title='bbox 1690 642 1798 690; x_wconf 89' lang='lat' dir='ltr'><strong>tam</strong></span> 
     </span>
    </p>
   </div>
   <div class='ocr_carea' id='block_1_9' title="bbox 198 717 1795 794">
    <p class='ocr_par' dir='ltr' id='par_1_9' title="bbox 198 717 1795 794">
     <span class='ocr_line' id='line_1_9' title="bbox 198 717 1795 794; baseline 0.006 -23"><span class='ocrx_word' id='word_1_59' title='bbox 198 718 380 772; x_wconf 87' lang='lat' dir='ltr'><strong>multa</strong></span> <span class='ocrx_word' id='word_1_60' title='bbox 405 717 651 772; x_wconf 81' lang='lat' dir='ltr'><strong>animalia</strong></span> <span class='ocrx_word' id='word_1_61' title='bbox 691 719 830 773; x_wconf 86' lang='lat' dir='ltr'><strong>Deus</strong></span> <span class='ocrx_word' id='word_1_62' title='bbox 869 721 1064 774; x_wconf 85' lang='lat' dir='ltr'><strong>faceret</strong></span> <span class='ocrx_word' id='word_1_63' title='bbox 1085 761 1100 786; x_wconf 92' lang='lat'><strong>,</strong></span> <span class='ocrx_word' id='word_1_64' title='bbox 1129 721 1240 775; x_wconf 88' lang='lat' dir='ltr'><strong>sive</strong></span> <span class='ocrx_word' id='word_1_65' title='bbox 1285 721 1336 775; x_wconf 92' lang='lat' dir='ltr'><strong>in</strong></span> <span class='ocrx_word' id='word_1_66' title='bbox 1376 723 1563 794; x_wconf 84' lang='lat' dir='ltr'><strong>aquis,</strong></span> <span class='ocrx_word' id='word_1_67' title='bbox 1595 725 1706 779; x_wconf 88' lang='lat' dir='ltr'><strong>sive</strong></span> <span class='ocrx_word' id='word_1_68' title='bbox 1740 724 1795 780; x_wconf 90' lang='lat' dir='ltr'><strong>in</strong></span> 
     </span>
    </p>
   </div>
   <div class='ocr_carea' id='block_1_10' title="bbox 198 809 1795 880">
    <p class='ocr_par' dir='ltr' id='par_1_10' title="bbox 198 809 1795 880">
     <span class='ocr_line' id='line_1_10' title="bbox 198 809 1795 880; baseline 0.004 -16"><span class='ocrx_word' id='word_1_69' title='bbox 198 818 383 874; x_wconf 87' lang='lat' dir='ltr'><strong>terra,</strong></span> <span class='ocrx_word' id='word_1_70' title='bbox 411 825 530 880; x_wconf 75' lang='lat' dir='ltr'><strong>qua:</strong></span> <span class='ocrx_word' id='word_1_71' title='bbox 575 809 878 864; x_wconf 92' lang='lat' dir='ltr'><strong>hominibus</strong></span> <span class='ocrx_word' id='word_1_72' title='bbox 925 827 1030 866; x_wconf 91' lang='lat' dir='ltr'><strong>non</strong></span> <span class='ocrx_word' id='word_1_73' title='bbox 1075 821 1200 866; x_wconf 91' lang='lat' dir='ltr'><strong>sunt</strong></span> <span class='ocrx_word' id='word_1_74' title='bbox 1246 814 1578 868; x_wconf 88' lang='lat' dir='ltr'><strong>necessaria?</strong></span> <span class='ocrx_word' id='word_1_75' title='bbox 1612 817 1795 876; x_wconf 78' lang='lat' dir='ltr'><strong>multa</strong></span> 
     </span>
    </p>
   </div>
   <div class='ocr_carea' id='block_1_11' title="bbox 194 901 1788 976">
    <p class='ocr_par' dir='ltr' id='par_1_11' title="bbox 194 901 1788 976">
     <span class='ocr_line' id='line_1_11' title="bbox 194 901 1788 976; baseline 0.004 -21"><span class='ocrx_word' id='word_1_76' title='bbox 194 901 368 956; x_wconf 87' lang='lat' dir='ltr'><strong>etiam</strong></span> <span class='ocrx_word' id='word_1_77' title='bbox 391 901 685 972; x_wconf 66' lang='lat' dir='ltr'><strong>perniciosa</strong></span> <span class='ocrx_word' id='word_1_78' title='bbox 701 912 823 957; x_wconf 92' lang='lat' dir='ltr'><strong>sunt</strong></span> <span class='ocrx_word' id='word_1_79' title='bbox 845 912 897 957; x_wconf 88' lang='lat' dir='ltr'><strong>et</strong></span> <span class='ocrx_word' id='word_1_80' title='bbox 920 901 1172 958; x_wconf 90' lang='lat' dir='ltr'><strong>timenda.</strong></span> <span class='ocrx_word' id='word_1_81' title='bbox 1198 904 1304 959; x_wconf 88' lang='lat' dir='ltr'><strong>Sed</strong></span> <span class='ocrx_word' id='word_1_82' title='bbox 1326 920 1446 959; x_wconf 90' lang='lat' dir='ltr'><strong>cum</strong></span> <span class='ocrx_word' id='word_1_83' title='bbox 1467 906 1564 960; x_wconf 89' lang='lat' dir='ltr'><strong>ista</strong></span> <span class='ocrx_word' id='word_1_84' title='bbox 1587 907 1788 976; x_wconf 89' lang='lat' dir='ltr'><strong>dicunt,</strong></span> 
     </span>
    </p>
   </div>
   <div class='ocr_carea' id='block_1_12' title="bbox 194 997 1792 1070">
    <p class='ocr_par' dir='ltr' id='par_1_12' title="bbox 194 997 1792 1070">
     <span class='ocr_line' id='line_1_12' title="bbox 194 997 1792 1070; baseline 0.006 -20"><span class='ocrx_word' id='word_1_85' title='bbox 194 1012 308 1050; x_wconf 87' lang='lat' dir='ltr'><strong>non</strong></span> <span class='ocrx_word' id='word_1_86' title='bbox 353 997 646 1067; x_wconf 81' lang='lat' dir='ltr'><strong>intelligunt</strong></span> <span class='ocrx_word' id='word_1_87' title='bbox 696 998 1142 1067; x_wconf 90' lang='lat' dir='ltr'><strong>quemadmodmn</strong></span> <span class='ocrx_word' id='word_1_88' title='bbox 1189 999 1366 1053; x_wconf 82' lang='lat' dir='ltr'><strong>ornnia</strong></span> <span class='ocrx_word' id='word_1_89' title='bbox 1408 1001 1626 1070; x_wconf 85' lang='lat' dir='ltr'><strong>pulchra</strong></span> <span class='ocrx_word' id='word_1_90' title='bbox 1668 1017 1792 1059; x_wconf 89' lang='lat' dir='ltr'><strong>sunt</strong></span> 
     </span>
    </p>
   </div>
   <div class='ocr_carea' id='block_1_13' title="bbox 191 1089 1788 1166">
    <p class='ocr_par' dir='ltr' id='par_1_13' title="bbox 191 1089 1788 1166">
     <span class='ocr_line' id='line_1_13' title="bbox 191 1089 1788 1166; baseline 0.005 -22"><span class='ocrx_word' id='word_1_91' title='bbox 191 1089 468 1144; x_wconf 70' lang='lat' dir='ltr'><strong>conditori</strong></span> <span class='ocrx_word' id='word_1_92' title='bbox 496 1096 553 1144; x_wconf 91' lang='lat' dir='ltr'><strong>ct</strong></span> <span class='ocrx_word' id='word_1_93' title='bbox 578 1089 766 1144; x_wconf 82' lang='lat' dir='ltr'><strong>artitici</strong></span> <span class='ocrx_word' id='word_1_94' title='bbox 794 1107 911 1154; x_wconf 90' lang='lat' dir='ltr'><strong>suo,</strong></span> <span class='ocrx_word' id='word_1_95' title='bbox 938 1091 1028 1158; x_wconf 89' lang='lat' dir='ltr'><strong>qui</strong></span> <span class='ocrx_word' id='word_1_96' title='bbox 1049 1092 1295 1148; x_wconf 89' lang='lat' dir='ltr'><strong>omnibus</strong></span> <span class='ocrx_word' id='word_1_97' title='bbox 1322 1094 1485 1148; x_wconf 91' lang='lat' dir='ltr'><strong>utitur</strong></span> <span class='ocrx_word' id='word_1_98' title='bbox 1504 1094 1570 1149; x_wconf 90' lang='lat' dir='ltr'><strong>ad</strong></span> <span class='ocrx_word' id='word_1_99' title='bbox 1592 1097 1788 1166; x_wconf 79' lang='lat' dir='ltr'><strong>guber-</strong></span> 
     </span>
    </p>
   </div>
   <div class='ocr_carea' id='block_1_14' title="bbox 192 1179 1778 1253">
    <p class='ocr_par' dir='ltr' id='par_1_14' title="bbox 192 1179 1778 1253">
     <span class='ocr_line' id='line_1_14' title="bbox 192 1179 1778 1253; baseline 0.004 -20"><span class='ocrx_word' id='word_1_100' title='bbox 192 1181 471 1234; x_wconf 81' lang='lat' dir='ltr'><strong>nationem</strong></span> <span class='ocrx_word' id='word_1_101' title='bbox 504 1179 864 1235; x_wconf 88' lang='lat' dir='ltr'><strong>uuiversitatis</strong></span> <span class='ocrx_word' id='word_1_102' title='bbox 888 1223 902 1244; x_wconf 92' lang='lat'><strong>,</strong></span> <span class='ocrx_word' id='word_1_103' title='bbox 936 1182 1020 1235; x_wconf 90' lang='lat' dir='ltr'><strong>cui</strong></span> <span class='ocrx_word' id='word_1_104' title='bbox 1060 1197 1266 1235; x_wconf 87' lang='lat' dir='ltr'><strong>summa</strong></span> <span class='ocrx_word' id='word_1_105' title='bbox 1302 1182 1420 1253; x_wconf 83' lang='lat' dir='ltr'><strong>lege</strong></span> <span class='ocrx_word' id='word_1_106' title='bbox 1459 1185 1778 1241; x_wconf 84' lang='lat' dir='ltr'><strong>dominatur.</strong></span> 
     </span>
    </p>
   </div>
   <div class='ocr_carea' id='block_1_15' title="bbox 188 1270 1783 1344">
    <p class='ocr_par' dir='ltr' id='par_1_15' title="bbox 188 1270 1783 1344">
     <span class='ocr_line' id='line_1_15' title="bbox 188 1270 1783 1344; baseline 0.004 -18"><span class='ocrx_word' id='word_1_107' title='bbox 188 1271 245 1326; x_wconf 87' lang='lat' dir='ltr'><strong>Si</strong></span> <span class='ocrx_word' id='word_1_108' title='bbox 274 1273 426 1326; x_wconf 87' lang='lat' dir='ltr'><strong>enim</strong></span> <span class='ocrx_word' id='word_1_109' title='bbox 456 1270 507 1325; x_wconf 90' lang='lat' dir='ltr'><strong>in</strong></span> <span class='ocrx_word' id='word_1_110' title='bbox 537 1271 761 1340; x_wconf 86' lang='lat' dir='ltr'><strong>alicujus</strong></span> <span class='ocrx_word' id='word_1_111' title='bbox 783 1271 989 1341; x_wconf 72' lang='lat' dir='ltr'><strong>opificis</strong></span> <span class='ocrx_word' id='word_1_112' title='bbox 1013 1272 1279 1328; x_wconf 92' lang='lat' dir='ltr'><strong>oflicinam</strong></span> <span class='ocrx_word' id='word_1_113' title='bbox 1313 1277 1587 1344; x_wconf 88' lang='lat' dir='ltr'><strong>imperitus</strong></span> <span class='ocrx_word' id='word_1_114' title='bbox 1613 1279 1783 1333; x_wconf 86' lang='lat' dir='ltr'><strong>intra-</strong></span> 
     </span>
    </p>
   </div>
   <div class='ocr_carea' id='block_1_16' title="bbox 187 1363 1782 1438">
    <p class='ocr_par' dir='ltr' id='par_1_16' title="bbox 187 1363 1782 1438">
     <span class='ocr_line' id='line_1_16' title="bbox 187 1363 1782 1438; baseline 0.008 -22"><span class='ocrx_word' id='word_1_115' title='bbox 187 1365 364 1427; x_wconf 81' lang='lat' dir='ltr'><strong>verit,</strong></span> <span class='ocrx_word' id='word_1_116' title='bbox 392 1364 540 1419; x_wconf 91' lang='lat' dir='ltr'><strong>videt</strong></span> <span class='ocrx_word' id='word_1_117' title='bbox 590 1363 659 1418; x_wconf 86' lang='lat' dir='ltr'><strong>ibi</strong></span> <span class='ocrx_word' id='word_1_118' title='bbox 699 1365 864 1419; x_wconf 90' lang='lat' dir='ltr'><strong>multa</strong></span> <span class='ocrx_word' id='word_1_119' title='bbox 908 1365 1263 1422; x_wconf 76' lang='lat' dir='ltr'><strong>instrumenta</strong></span> <span class='ocrx_word' id='word_1_120' title='bbox 1311 1384 1536 1438; x_wconf 90' lang='lat' dir='ltr'><strong>quormn</strong></span> <span class='ocrx_word' id='word_1_121' title='bbox 1593 1385 1782 1428; x_wconf 86' lang='lat' dir='ltr'><strong>causas</strong></span> 
     </span>
    </p>
   </div>
   <div class='ocr_carea' id='block_1_17' title="bbox 187 1458 1776 1536">
    <p class='ocr_par' dir='ltr' id='par_1_17' title="bbox 187 1458 1776 1536">
     <span class='ocr_line' id='line_1_17' title="bbox 187 1458 1776 1536; baseline 0.007 -26"><span class='ocrx_word' id='word_1_122' title='bbox 187 1459 422 1528; x_wconf 74' lang='lat' dir='ltr'><strong>ignorat,</strong></span> <span class='ocrx_word' id='word_1_123' title='bbox 457 1465 508 1514; x_wconf 90' lang='lat' dir='ltr'><strong>et</strong></span> <span class='ocrx_word' id='word_1_124' title='bbox 536 1458 578 1513; x_wconf 91' lang='lat' dir='ltr'><strong>si</strong></span> <span class='ocrx_word' id='word_1_125' title='bbox 609 1459 832 1514; x_wconf 90' lang='lat' dir='ltr'><strong>multum</strong></span> <span class='ocrx_word' id='word_1_126' title='bbox 861 1469 943 1514; x_wconf 89' lang='lat' dir='ltr'><strong>est</strong></span> <span class='ocrx_word' id='word_1_127' title='bbox 973 1460 1224 1528; x_wconf 78' lang='lat' dir='ltr'><strong>insipiens</strong></span> <span class='ocrx_word' id='word_1_128' title='bbox 1244 1502 1257 1524; x_wconf 93' lang='lat'><strong>,</strong></span> <span class='ocrx_word' id='word_1_129' title='bbox 1305 1463 1568 1532; x_wconf 82' lang='lat' dir='ltr'><strong>superﬂua</strong></span> <span class='ocrx_word' id='word_1_130' title='bbox 1608 1475 1776 1536; x_wconf 90' lang='lat' dir='ltr'><strong>putat.</strong></span> 
     </span>
    </p>
   </div>
   <div class='ocr_carea' id='block_1_18' title="bbox 180 1549 1779 1622">
    <p class='ocr_par' dir='ltr' id='par_1_18' title="bbox 180 1549 1779 1622">
     <span class='ocr_line' id='line_1_18' title="bbox 180 1549 1779 1622; baseline 0.006 -19"><span class='ocrx_word' id='word_1_131' title='bbox 180 1550 441 1604; x_wconf 82' lang='lat' dir='ltr'><strong>Jamvero</strong></span> <span class='ocrx_word' id='word_1_132' title='bbox 467 1549 511 1604; x_wconf 90' lang='lat' dir='ltr'><strong>si</strong></span> <span class='ocrx_word' id='word_1_133' title='bbox 545 1550 598 1604; x_wconf 91' lang='lat' dir='ltr'><strong>in</strong></span> <span class='ocrx_word' id='word_1_134' title='bbox 627 1549 895 1606; x_wconf 79' lang='lat' dir='ltr'><strong>fornacem</strong></span> <span class='ocrx_word' id='word_1_135' title='bbox 926 1550 1168 1607; x_wconf 89' lang='lat' dir='ltr'><strong>incautus</strong></span> <span class='ocrx_word' id='word_1_136' title='bbox 1195 1553 1466 1622; x_wconf 89' lang='lat' dir='ltr'><strong>ceciderit,</strong></span> <span class='ocrx_word' id='word_1_137' title='bbox 1494 1565 1587 1611; x_wconf 89' lang='lat' dir='ltr'><strong>aut</strong></span> <span class='ocrx_word' id='word_1_138' title='bbox 1614 1557 1779 1614; x_wconf 69' lang='lat' dir='ltr'><strong>ferra-</strong></span> 
     </span>
    </p>
   </div>
   <div class='ocr_carea' id='block_1_19' title="bbox 179 1643 1774 1717">
    <p class='ocr_par' dir='ltr' id='par_1_19' title="bbox 179 1643 1774 1717">
     <span class='ocr_line' id='line_1_19' title="bbox 179 1643 1774 1717; baseline 0.005 -20"><span class='ocrx_word' id='word_1_139' title='bbox 179 1652 372 1698; x_wconf 74' lang='lat' dir='ltr'><strong>mento</strong></span> <span class='ocrx_word' id='word_1_140' title='bbox 391 1643 570 1712; x_wconf 84' lang='lat' dir='ltr'><strong>aliquo</strong></span> <span class='ocrx_word' id='word_1_141' title='bbox 589 1655 766 1703; x_wconf 86' lang='lat' dir='ltr'><strong>acuto,</strong></span> <span class='ocrx_word' id='word_1_142' title='bbox 789 1658 907 1697; x_wconf 89' lang='lat' dir='ltr'><strong>cum</strong></span> <span class='ocrx_word' id='word_1_143' title='bbox 931 1643 980 1697; x_wconf 92' lang='lat' dir='ltr'><strong>id</strong></span> <span class='ocrx_word' id='word_1_144' title='bbox 1005 1646 1143 1699; x_wconf 88' lang='lat' dir='ltr'><strong>male</strong></span> <span class='ocrx_word' id='word_1_145' title='bbox 1171 1653 1380 1712; x_wconf 80' lang='lat' dir='ltr'><strong>tractat,</strong></span> <span class='ocrx_word' id='word_1_146' title='bbox 1405 1647 1636 1717; x_wconf 87' lang='lat' dir='ltr'><strong>seipsum</strong></span> <span class='ocrx_word' id='word_1_147' title='bbox 1661 1651 1774 1704; x_wconf 83' lang='lat' dir='ltr'><strong>vttl-</strong></span> 
     </span>
    </p>
   </div>
   <div class='ocr_carea' id='block_1_20' title="bbox 177 1733 1776 1804">
    <p class='ocr_par' dir='ltr' id='par_1_20' title="bbox 177 1733 1776 1804">
     <span class='ocr_line' id='line_1_20' title="bbox 177 1733 1776 1804; baseline 0.006 -16"><span class='ocrx_word' id='word_1_148' title='bbox 177 1733 476 1798; x_wconf 71' lang='lat' dir='ltr'><strong>neraverit,</strong></span> <span class='ocrx_word' id='word_1_149' title='bbox 503 1734 662 1788; x_wconf 88' lang='lat' dir='ltr'><strong>etiam</strong></span> <span class='ocrx_word' id='word_1_150' title='bbox 693 1734 987 1804; x_wconf 88' lang='lat' dir='ltr'><strong>perniciosa</strong></span> <span class='ocrx_word' id='word_1_151' title='bbox 1016 1744 1069 1790; x_wconf 91' lang='lat' dir='ltr'><strong>et</strong></span> <span class='ocrx_word' id='word_1_152' title='bbox 1095 1737 1248 1790; x_wconf 86' lang='lat' dir='ltr'><strong>noxia</strong></span> <span class='ocrx_word' id='word_1_153' title='bbox 1271 1739 1536 1794; x_wconf 80' lang='lat' dir='ltr'><strong>existimat</strong></span> <span class='ocrx_word' id='word_1_154' title='bbox 1562 1741 1631 1795; x_wconf 87' lang='lat' dir='ltr'><strong>ibi</strong></span> <span class='ocrx_word' id='word_1_155' title='bbox 1657 1757 1776 1800; x_wconf 85' lang='lat' dir='ltr'><strong>esse</strong></span> 
     </span>
    </p>
   </div>
   <div class='ocr_carea' id='block_1_21' title="bbox 177 1824 1769 1899">
    <p class='ocr_par' dir='ltr' id='par_1_21' title="bbox 177 1824 1769 1899">
     <span class='ocr_line' id='line_1_21' title="bbox 177 1824 1769 1899; baseline 0.005 -19"><span class='ocrx_word' id='word_1_156' title='bbox 177 1827 372 1880; x_wconf 86' lang='lat' dir='ltr'><strong>multa.</strong></span> <span class='ocrx_word' id='word_1_157' title='bbox 415 1824 651 1893; x_wconf 79' lang='lat' dir='ltr'><strong>Quorum</strong></span> <span class='ocrx_word' id='word_1_158' title='bbox 693 1833 869 1880; x_wconf 87' lang='lat' dir='ltr'><strong>tamen</strong></span> <span class='ocrx_word' id='word_1_159' title='bbox 907 1841 1058 1880; x_wconf 90' lang='lat' dir='ltr'><strong>usum</strong></span> <span class='ocrx_word' id='word_1_160' title='bbox 1090 1828 1339 1896; x_wconf 89' lang='lat' dir='ltr'><strong>quoniam</strong></span> <span class='ocrx_word' id='word_1_161' title='bbox 1381 1832 1526 1885; x_wconf 89' lang='lat' dir='ltr'><strong>novit</strong></span> <span class='ocrx_word' id='word_1_162' title='bbox 1559 1835 1769 1899; x_wconf 64' lang='lat' dir='ltr'><strong>artifex,</strong></span> 
     </span>
    </p>
   </div>
   <div class='ocr_carea' id='block_1_22' title="bbox 177 1916 1768 1991">
    <p class='ocr_par' dir='ltr' id='par_1_22' title="bbox 177 1916 1768 1991">
     <span class='ocr_line' id='line_1_22' title="bbox 177 1916 1768 1991; baseline 0.006 -21"><span class='ocrx_word' id='word_1_163' title='bbox 177 1916 542 1987; x_wconf 89' lang='lat' dir='ltr'><strong>insipientiam</strong></span> <span class='ocrx_word' id='word_1_164' title='bbox 567 1917 685 1987; x_wconf 90' lang='lat' dir='ltr'><strong>ejus</strong></span> <span class='ocrx_word' id='word_1_165' title='bbox 713 1917 919 1984; x_wconf 85' lang='lat' dir='ltr'><strong>irridet,</strong></span> <span class='ocrx_word' id='word_1_166' title='bbox 943 1927 994 1973; x_wconf 89' lang='lat' dir='ltr'><strong>et</strong></span> <span class='ocrx_word' id='word_1_167' title='bbox 1022 1919 1180 1973; x_wconf 88' lang='lat' dir='ltr'><strong>verba</strong></span> <span class='ocrx_word' id='word_1_168' title='bbox 1217 1920 1390 1990; x_wconf 89' lang='lat' dir='ltr'><strong>inepta</strong></span> <span class='ocrx_word' id='word_1_169' title='bbox 1420 1938 1525 1978; x_wconf 87' lang='lat' dir='ltr'><strong>non</strong></span> <span class='ocrx_word' id='word_1_170' title='bbox 1555 1940 1768 1991; x_wconf 84' lang='lat' dir='ltr'><strong>curans,</strong></span> 
     </span>
    </p>
   </div>
   <div class='ocr_carea' id='block_1_23' title="bbox 178 2006 1768 2073">
    <p class='ocr_par' dir='ltr' id='par_1_23' title="bbox 178 2006 1768 2073">
     <span class='ocr_line' id='line_1_23' title="bbox 178 2006 1768 2073; baseline 0.008 -12"><span class='ocrx_word' id='word_1_171' title='bbox 178 2006 455 2062; x_wconf 79' lang='lat' dir='ltr'><strong>ofﬁcinam</strong></span> <span class='ocrx_word' id='word_1_172' title='bbox 488 2022 637 2061; x_wconf 85' lang='lat' dir='ltr'><strong>suam</strong></span> <span class='ocrx_word' id='word_1_173' title='bbox 677 2008 933 2062; x_wconf 86' lang='lat' dir='ltr'><strong>instanter</strong></span> <span class='ocrx_word' id='word_1_174' title='bbox 955 2019 1186 2064; x_wconf 82' lang='lat' dir='ltr'><strong>exercet.</strong></span> <span class='ocrx_word' id='word_1_175' title='bbox 1211 2009 1277 2065; x_wconf 87' lang='lat' dir='ltr'><strong>Et</strong></span> <span class='ocrx_word' id='word_1_176' title='bbox 1297 2020 1470 2068; x_wconf 90' lang='lat' dir='ltr'><strong>tamen</strong></span> <span class='ocrx_word' id='word_1_177' title='bbox 1496 2023 1600 2070; x_wconf 87' lang='lat' dir='ltr'><strong>tam</strong></span> <span class='ocrx_word' id='word_1_178' title='bbox 1623 2017 1768 2073; x_wconf 88' lang='lat' dir='ltr'><strong>stulti</strong></span> 
     </span>
    </p>
   </div>
   <div class='ocr_carea' id='block_1_24' title="bbox 175 2100 1767 2172">
    <p class='ocr_par' dir='ltr' id='par_1_24' title="bbox 175 2100 1767 2172">
     <span class='ocr_line' id='line_1_24' title="bbox 175 2100 1767 2172; baseline 0.009 -17"><span class='ocrx_word' id='word_1_179' title='bbox 175 2111 305 2155; x_wconf 90' lang='lat' dir='ltr'><strong>sunt</strong></span> <span class='ocrx_word' id='word_1_180' title='bbox 334 2100 578 2156; x_wconf 80' lang='lat' dir='ltr'><strong>hotniues</strong></span> <span class='ocrx_word' id='word_1_181' title='bbox 601 2146 615 2168; x_wconf 90' lang='lat'><strong>,</strong></span> <span class='ocrx_word' id='word_1_182' title='bbox 647 2111 705 2156; x_wconf 91' lang='lat' dir='ltr'><strong>ut</strong></span> <span class='ocrx_word' id='word_1_183' title='bbox 746 2103 886 2172; x_wconf 91' lang='lat' dir='ltr'><strong>apud</strong></span> <span class='ocrx_word' id='word_1_184' title='bbox 916 2105 1171 2160; x_wconf 87' lang='lat' dir='ltr'><strong>artiticem</strong></span> <span class='ocrx_word' id='word_1_185' title='bbox 1219 2107 1484 2164; x_wconf 86' lang='lat' dir='ltr'><strong>hominem</strong></span> <span class='ocrx_word' id='word_1_186' title='bbox 1525 2126 1630 2166; x_wconf 90' lang='lat' dir='ltr'><strong>non</strong></span> <span class='ocrx_word' id='word_1_187' title='bbox 1669 2131 1767 2168; x_wconf 88' lang='lat' dir='ltr'><strong>au-</strong></span> 
     </span>
    </p>
   </div>
   <div class='ocr_carea' id='block_1_25' title="bbox 173 2193 1768 2265">
    <p class='ocr_par' dir='ltr' id='par_1_25' title="bbox 173 2193 1768 2265">
     <span class='ocr_line' id='line_1_25' title="bbox 173 2193 1768 2265; baseline 0.008 -17"><span class='ocrx_word' id='word_1_188' title='bbox 173 2193 344 2248; x_wconf 80' lang='lat' dir='ltr'><strong>deant</strong></span> <span class='ocrx_word' id='word_1_189' title='bbox 367 2195 664 2264; x_wconf 84' lang='lat' dir='ltr'><strong>vituperare</strong></span> <span class='ocrx_word' id='word_1_190' title='bbox 707 2212 825 2265; x_wconf 68' lang='lat' dir='ltr'><strong>qua:</strong></span> <span class='ocrx_word' id='word_1_191' title='bbox 852 2196 1123 2265; x_wconf 83' lang='lat' dir='ltr'><strong>ignorant.</strong></span> <span class='ocrx_word' id='word_1_192' title='bbox 1152 2198 1243 2252; x_wconf 80' lang='lat' dir='ltr'><strong>sed</strong></span> <span class='ocrx_word' id='word_1_193' title='bbox 1285 2214 1404 2254; x_wconf 91' lang='lat' dir='ltr'><strong>cum</strong></span> <span class='ocrx_word' id='word_1_194' title='bbox 1446 2217 1506 2255; x_wconf 90' lang='lat' dir='ltr'><strong>ea</strong></span> <span class='ocrx_word' id='word_1_195' title='bbox 1540 2202 1768 2262; x_wconf 73' lang='lat' dir='ltr'><strong>viderint</strong></span> 
     </span>
    </p>
   </div>
   <div class='ocr_carea' id='block_1_26' title="bbox 170 2288 1765 2366">
    <p class='ocr_par' dir='ltr' id='par_1_26' title="bbox 170 2288 1765 2366">
     <span class='ocr_line' id='line_1_26' title="bbox 170 2288 1765 2366; baseline 0.006 -23"><span class='ocrx_word' id='word_1_196' title='bbox 170 2288 398 2344; x_wconf 84' lang='lat' dir='ltr'><strong>credant</strong></span> <span class='ocrx_word' id='word_1_197' title='bbox 414 2303 534 2343; x_wconf 89' lang='lat' dir='ltr'><strong>esse</strong></span> <span class='ocrx_word' id='word_1_198' title='bbox 554 2290 876 2356; x_wconf 87' lang='lat' dir='ltr'><strong>necessaria,</strong></span> <span class='ocrx_word' id='word_1_199' title='bbox 894 2300 946 2346; x_wconf 90' lang='lat' dir='ltr'><strong>et</strong></span> <span class='ocrx_word' id='word_1_200' title='bbox 962 2302 1174 2360; x_wconf 81' lang='lat' dir='ltr'><strong>propter</strong></span> <span class='ocrx_word' id='word_1_201' title='bbox 1190 2307 1317 2348; x_wconf 92' lang='lat' dir='ltr'><strong>usus</strong></span> <span class='ocrx_word' id='word_1_202' title='bbox 1331 2296 1536 2366; x_wconf 91' lang='lat' dir='ltr'><strong>aliquos</strong></span> <span class='ocrx_word' id='word_1_203' title='bbox 1558 2297 1765 2354; x_wconf 81' lang='lat' dir='ltr'><strong>institu-</strong></span> 
     </span>
    </p>
   </div>
   <div class='ocr_carea' id='block_1_27' title="bbox 175 2383 1765 2452">
    <p class='ocr_par' dir='ltr' id='par_1_27' title="bbox 175 2383 1765 2452">
     <span class='ocr_line' id='line_1_27' title="bbox 175 2383 1765 2452; baseline 0.008 -15"><span class='ocrx_word' id='word_1_204' title='bbox 175 2393 253 2437; x_wconf 85' lang='lat' dir='ltr'><strong>ta:</strong></span> <span class='ocrx_word' id='word_1_205' title='bbox 273 2383 330 2438; x_wconf 91' lang='lat' dir='ltr'><strong>iu</strong></span> <span class='ocrx_word' id='word_1_206' title='bbox 348 2385 448 2438; x_wconf 88' lang='lat' dir='ltr'><strong>hoc</strong></span> <span class='ocrx_word' id='word_1_207' title='bbox 463 2393 640 2438; x_wconf 88' lang='lat' dir='ltr'><strong>autem</strong></span> <span class='ocrx_word' id='word_1_208' title='bbox 663 2383 861 2438; x_wconf 90' lang='lat' dir='ltr'><strong>mundo</strong></span> <span class='ocrx_word' id='word_1_209' title='bbox 876 2385 1027 2452; x_wconf 88' lang='lat' dir='ltr'><strong>cujus</strong></span> <span class='ocrx_word' id='word_1_210' title='bbox 1041 2387 1285 2442; x_wconf 90' lang='lat' dir='ltr'><strong>conditor</strong></span> <span class='ocrx_word' id='word_1_211' title='bbox 1301 2398 1352 2443; x_wconf 90' lang='lat' dir='ltr'><strong>et</strong></span> <span class='ocrx_word' id='word_1_212' title='bbox 1367 2389 1765 2450; x_wconf 87' lang='lat' dir='ltr'><strong>administrator</strong></span> 
     </span>
    </p>
   </div>
   <div class='ocr_carea' id='block_1_28' title="bbox 170 2474 1792 2557">
    <p class='ocr_par' dir='ltr' id='par_1_28' title="bbox 170 2474 1792 2557">
     <span class='ocr_line' id='line_1_28' title="bbox 170 2474 1792 2557; baseline 0.007 -29"><span class='ocrx_word' id='word_1_213' title='bbox 170 2474 494 2544; x_wconf 67' lang='lat' dir='ltr'><strong>praedicatur</strong></span> <span class='ocrx_word' id='word_1_214' title='bbox 518 2477 684 2557; x_wconf 70' lang='lat' dir='ltr'><strong>Deus,</strong></span> <span class='ocrx_word' id='word_1_215' title='bbox 710 2474 909 2530; x_wconf 85' lang='lat' dir='ltr'><strong>audent</strong></span> <span class='ocrx_word' id='word_1_216' title='bbox 933 2477 1092 2531; x_wconf 87' lang='lat' dir='ltr'><strong>multa</strong></span> <span class='ocrx_word' id='word_1_217' title='bbox 1121 2479 1511 2548; x_wconf 83' lang='lat' dir='ltr'><strong>reprehendere</strong></span> <span class='ocrx_word' id='word_1_218' title='bbox 1536 2499 1759 2554; x_wconf 90' lang='lat' dir='ltr'><strong>quorum</strong></span> <span class='ocrx_word' id='word_1_219' title='bbox 1781 2517 1792 2526; x_wconf 90' lang='lat'><strong>-</strong></span> 
     </span>
    </p>
   </div>
   <div class='ocr_carea' id='block_1_29' title="bbox 168 2567 1759 2642">
    <p class='ocr_par' dir='ltr' id='par_1_29' title="bbox 168 2567 1759 2642">
     <span class='ocr_line' id='line_1_29' title="bbox 168 2567 1759 2642; baseline 0.007 -21"><span class='ocrx_word' id='word_1_220' title='bbox 168 2583 362 2622; x_wconf 88' lang='lat' dir='ltr'><strong>causas</strong></span> <span class='ocrx_word' id='word_1_221' title='bbox 391 2581 496 2622; x_wconf 91' lang='lat' dir='ltr'><strong>non</strong></span> <span class='ocrx_word' id='word_1_222' title='bbox 527 2567 704 2622; x_wconf 87' lang='lat' dir='ltr'><strong>vident</strong></span> <span class='ocrx_word' id='word_1_223' title='bbox 723 2609 738 2630; x_wconf 94' lang='lat'><strong>,</strong></span> <span class='ocrx_word' id='word_1_224' title='bbox 769 2577 824 2622; x_wconf 90' lang='lat' dir='ltr'><strong>et</strong></span> <span class='ocrx_word' id='word_1_225' title='bbox 854 2567 902 2619; x_wconf 91' lang='lat' dir='ltr'><strong>in</strong></span> <span class='ocrx_word' id='word_1_226' title='bbox 930 2571 1181 2638; x_wconf 89' lang='lat' dir='ltr'><strong>operibus</strong></span> <span class='ocrx_word' id='word_1_227' title='bbox 1209 2579 1367 2642; x_wconf 88' lang='lat' dir='ltr'><strong>atque</strong></span> <span class='ocrx_word' id='word_1_228' title='bbox 1394 2573 1759 2632; x_wconf 89' lang='lat' dir='ltr'><strong>instrumentis</strong></span> 
     </span>
    </p>
   </div>
   <div class='ocr_carea' id='block_1_30' title="bbox 165 2657 1757 2735">
    <p class='ocr_par' dir='ltr' id='par_1_30' title="bbox 165 2657 1757 2735">
     <span class='ocr_line' id='line_1_30' title="bbox 165 2657 1757 2735; baseline 0.008 -23"><span class='ocrx_word' id='word_1_229' title='bbox 165 2657 552 2728; x_wconf 88' lang='lat' dir='ltr'><strong>omnipotentis</strong></span> <span class='ocrx_word' id='word_1_230' title='bbox 576 2657 796 2711; x_wconf 84' lang='lat' dir='ltr'><strong>artiticis</strong></span> <span class='ocrx_word' id='word_1_231' title='bbox 822 2657 1004 2712; x_wconf 91' lang='lat' dir='ltr'><strong>volunt</strong></span> <span class='ocrx_word' id='word_1_232' title='bbox 1037 2675 1094 2715; x_wconf 88' lang='lat' dir='ltr'><strong>se</strong></span> <span class='ocrx_word' id='word_1_233' title='bbox 1119 2660 1282 2717; x_wconf 86' lang='lat' dir='ltr'><strong>videri</strong></span> <span class='ocrx_word' id='word_1_234' title='bbox 1310 2664 1448 2720; x_wconf 89' lang='lat' dir='ltr'><strong>scire</strong></span> <span class='ocrx_word' id='word_1_235' title='bbox 1483 2666 1621 2735; x_wconf 80' lang='lat' dir='ltr'><strong>quod</strong></span> <span class='ocrx_word' id='word_1_236' title='bbox 1659 2684 1757 2724; x_wconf 87' lang='lat' dir='ltr'><strong>ne-</strong></span> 
     </span>
    </p>
   </div>
   <div class='ocr_carea' id='block_1_31' title="bbox 164 2751 360 2804">
    <p class='ocr_par' dir='ltr' id='par_1_31' title="bbox 164 2751 360 2804">
     <span class='ocr_line' id='line_1_31' title="bbox 164 2751 360 2804; baseline -0.01 -1"><span class='ocrx_word' id='word_1_237' title='bbox 164 2751 360 2804; x_wconf 81' lang='lat' dir='ltr'><strong>sciunt.</strong></span> 
     </span>
    </p>
   </div>
   <div class='ocr_carea' id='block_1_32' title="bbox 235 2837 1750 2919">
    <p class='ocr_par' dir='ltr' id='par_1_32' title="bbox 235 2837 1750 2919">
     <span class='ocr_line' id='line_1_32' title="bbox 235 2837 1750 2919; baseline 0.007 -26"><span class='ocrx_word' id='word_1_238' title='bbox 235 2840 330 2895; x_wconf 67' lang='lat'><strong>26.</strong></span> <span class='ocrx_word' id='word_1_239' title='bbox 365 2841 475 2910; x_wconf 76' lang='lat' dir='ltr'><strong>Ego</strong></span> <span class='ocrx_word' id='word_1_240' title='bbox 494 2855 622 2893; x_wconf 83' lang='lat' dir='ltr'><strong>vero</strong></span> <span class='ocrx_word' id='word_1_241' title='bbox 650 2837 818 2894; x_wconf 87' lang='lat' dir='ltr'><strong>fateor</strong></span> <span class='ocrx_word' id='word_1_242' title='bbox 848 2855 931 2896; x_wconf 91' lang='lat' dir='ltr'><strong>me</strong></span> <span class='ocrx_word' id='word_1_243' title='bbox 961 2841 1165 2896; x_wconf 88' lang='lat' dir='ltr'><strong>nescire</strong></span> <span class='ocrx_word' id='word_1_244' title='bbox 1183 2859 1362 2899; x_wconf 91' lang='lat' dir='ltr'><strong>mures</strong></span> <span class='ocrx_word' id='word_1_245' title='bbox 1380 2854 1433 2900; x_wconf 92' lang='lat' dir='ltr'><strong>et</strong></span> <span class='ocrx_word' id='word_1_246' title='bbox 1458 2862 1601 2903; x_wconf 78' lang='lat' dir='ltr'><strong>rana:</strong></span> <span class='ocrx_word' id='word_1_247' title='bbox 1620 2867 1750 2919; x_wconf 79' lang='lat' dir='ltr'><strong>qua-</strong></span> 
     </span>
    </p>
   </div>
   <div class='ocr_carea' id='block_1_33' title="bbox 162 2930 1770 3012">
    <p class='ocr_par' dir='ltr' id='par_1_33' title="bbox 162 2930 1770 3012">
     <span class='ocr_line' id='line_1_33' title="bbox 162 2930 1770 3012; baseline 0.009 -29"><span class='ocrx_word' id='word_1_248' title='bbox 162 2945 222 2984; x_wconf 91' lang='lat' dir='ltr'><strong>re</strong></span> <span class='ocrx_word' id='word_1_249' title='bbox 246 2939 442 2985; x_wconf 53' lang='lat' dir='ltr'><strong>creata!</strong></span> <span class='ocrx_word' id='word_1_250' title='bbox 473 2930 600 2996; x_wconf 90' lang='lat' dir='ltr'><strong>sint,</strong></span> <span class='ocrx_word' id='word_1_251' title='bbox 645 2940 736 2984; x_wconf 82' lang='lat' dir='ltr'><strong>aut</strong></span> <span class='ocrx_word' id='word_1_252' title='bbox 782 2947 976 2985; x_wconf 76' lang='lat' dir='ltr'><strong>musca:</strong></span> <span class='ocrx_word' id='word_1_253' title='bbox 1010 2940 1103 2986; x_wconf 91' lang='lat' dir='ltr'><strong>aut</strong></span> <span class='ocrx_word' id='word_1_254' title='bbox 1128 2934 1398 2990; x_wconf 90' lang='lat' dir='ltr'><strong>vermiculi</strong></span> <span class='ocrx_word' id='word_1_255' title='bbox 1433 2956 1448 2993; x_wconf 89' lang='lat'><strong>:</strong></span> <span class='ocrx_word' id='word_1_256' title='bbox 1489 2940 1643 2996; x_wconf 90' lang='lat' dir='ltr'><strong>video</strong></span> <span class='ocrx_word' id='word_1_257' title='bbox 1671 2950 1770 3012; x_wconf 8' lang='lat' dir='ltr'><strong>ta-r</strong></span> 
     </span>
    </p>
   </div>
   <div class='ocr_carea' id='block_1_34' title="bbox 159 3021 1752 3103">
    <p class='ocr_par' dir='ltr' id='par_1_34' title="bbox 159 3021 1752 3103">
     <span class='ocr_line' id='line_1_34' title="bbox 159 3021 1752 3103; baseline 0.008 -27"><span class='ocrx_word' id='word_1_258' title='bbox 159 3038 291 3077; x_wconf 89' lang='lat' dir='ltr'><strong>mcn</strong></span> <span class='ocrx_word' id='word_1_259' title='bbox 319 3021 497 3077; x_wconf 86' lang='lat' dir='ltr'><strong>omnia</strong></span> <span class='ocrx_word' id='word_1_260' title='bbox 528 3023 578 3076; x_wconf 92' lang='lat' dir='ltr'><strong>iu</strong></span> <span class='ocrx_word' id='word_1_261' title='bbox 605 3038 702 3076; x_wconf 92' lang='lat' dir='ltr'><strong>suo</strong></span> <span class='ocrx_word' id='word_1_262' title='bbox 729 3038 925 3094; x_wconf 79' lang='lat' dir='ltr'><strong>genere</strong></span> <span class='ocrx_word' id='word_1_263' title='bbox 955 3025 1169 3094; x_wconf 88' lang='lat' dir='ltr'><strong>pulchra</strong></span> <span class='ocrx_word' id='word_1_264' title='bbox 1195 3042 1332 3092; x_wconf 89' lang='lat' dir='ltr'><strong>esse,</strong></span> <span class='ocrx_word' id='word_1_265' title='bbox 1361 3034 1600 3099; x_wconf 82' lang='lat' dir='ltr'><strong>quamvis</strong></span> <span class='ocrx_word' id='word_1_266' title='bbox 1629 3050 1752 3103; x_wconf 88' lang='lat' dir='ltr'><strong>pro-</strong></span> 
     </span>
    </p>
   </div>
   <div class='ocr_carea' id='block_1_35' title="bbox 160 3116 1747 3182">
    <p class='ocr_par' dir='ltr' id='par_1_35' title="bbox 160 3116 1747 3182">
     <span class='ocr_line' id='line_1_35' title="bbox 160 3116 1747 3182; baseline 0.009 -15"><span class='ocrx_word' id='word_1_267' title='bbox 160 3123 284 3179; x_wconf 82' lang='lat' dir='ltr'><strong>pter</strong></span> <span class='ocrx_word' id='word_1_268' title='bbox 334 3123 547 3182; x_wconf 83' lang='lat' dir='ltr'><strong>peccata</strong></span> <span class='ocrx_word' id='word_1_269' title='bbox 599 3129 778 3169; x_wconf 80' lang='lat' dir='ltr'><strong>noSll‘a</strong></span> <span class='ocrx_word' id='word_1_270' title='bbox 829 3116 990 3170; x_wconf 88' lang='lat' dir='ltr'><strong>tttulta</strong></span> <span class='ocrx_word' id='word_1_271' title='bbox 1022 3117 1174 3172; x_wconf 86' lang='lat' dir='ltr'><strong>nobis</strong></span> <span class='ocrx_word' id='word_1_272' title='bbox 1205 3119 1478 3176; x_wconf 76' lang='lat' dir='ltr'><strong>videantur</strong></span> <span class='ocrx_word' id='word_1_273' title='bbox 1505 3124 1747 3182; x_wconf 87' lang='lat' dir='ltr'><strong>adversa.</strong></span> 
     </span>
    </p>
   </div>
   <div class='ocr_carea' id='block_1_36' title="bbox 157 3205 1749 3276">
    <p class='ocr_par' dir='ltr' id='par_1_36' title="bbox 157 3205 1749 3276">
     <span class='ocr_line' id='line_1_36' title="bbox 157 3205 1749 3276; baseline 0.013 -25"><span class='ocrx_word' id='word_1_274' title='bbox 157 3205 280 3260; x_wconf 73' lang='lat' dir='ltr'><strong>Non</strong></span> <span class='ocrx_word' id='word_1_275' title='bbox 301 3207 442 3260; x_wconf 88' lang='lat' dir='ltr'><strong>enim</strong></span> <span class='ocrx_word' id='word_1_276' title='bbox 461 3205 705 3259; x_wconf 77' lang='lat' dir='ltr'><strong>anim-lis</strong></span> <span class='ocrx_word' id='word_1_277' title='bbox 721 3206 945 3275; x_wconf 74' lang='lat' dir='ltr'><strong>alicujus</strong></span> <span class='ocrx_word' id='word_1_278' title='bbox 964 3223 1154 3276; x_wconf 80' lang='lat' dir='ltr'><strong>corpus</strong></span> <span class='ocrx_word' id='word_1_279' title='bbox 1175 3219 1227 3263; x_wconf 91' lang='lat' dir='ltr'><strong>et</strong></span> <span class='ocrx_word' id='word_1_280' title='bbox 1250 3211 1483 3266; x_wconf 85' lang='lat' dir='ltr'><strong>ntemhra</strong></span> <span class='ocrx_word' id='word_1_281' title='bbox 1507 3217 1749 3270; x_wconf 82' lang='lat' dir='ltr'><strong>Conside-</strong></span> 
     </span>
    </p>
   </div>
   <div class='ocr_carea' id='block_1_37' title="bbox 156 3297 1746 3362">
    <p class='ocr_par' dir='ltr' id='par_1_37' title="bbox 156 3297 1746 3362">
     <span class='ocr_line' id='line_1_37' title="bbox 156 3297 1746 3362; baseline 0.006 -10"><span class='ocrx_word' id='word_1_282' title='bbox 156 3312 241 3362; x_wconf 85' lang='lat' dir='ltr'><strong>ro,</strong></span> <span class='ocrx_word' id='word_1_283' title='bbox 279 3297 364 3350; x_wconf 89' lang='lat' dir='ltr'><strong>ubi</strong></span> <span class='ocrx_word' id='word_1_284' title='bbox 385 3314 486 3351; x_wconf 91' lang='lat' dir='ltr'><strong>non</strong></span> <span class='ocrx_word' id='word_1_285' title='bbox 516 3311 790 3351; x_wconf 78' lang='lat' dir='ltr'><strong>mensuras</strong></span> <span class='ocrx_word' id='word_1_286' title='bbox 812 3309 865 3351; x_wconf 89' lang='lat' dir='ltr'><strong>et</strong></span> <span class='ocrx_word' id='word_1_287' title='bbox 891 3313 1139 3353; x_wconf 88' lang='lat' dir='ltr'><strong>numeros</strong></span> <span class='ocrx_word' id='word_1_288' title='bbox 1159 3300 1462 3358; x_wconf 71' lang='lat' dir='ltr'><strong>t-tordiuem</strong></span> <span class='ocrx_word' id='word_1_289' title='bbox 1485 3305 1602 3360; x_wconf 84' lang='lat' dir='ltr'><strong>inve</strong></span> <span class='ocrx_word' id='word_1_290' title='bbox 1629 3307 1746 3362; x_wconf 61' lang='lat' dir='ltr'><strong>.iam</strong></span> 
     </span>
    </p>
   </div>
   <div class='ocr_carea' id='block_1_38' title="bbox 157 3389 1746 3460">
    <p class='ocr_par' dir='ltr' id='par_1_38' title="bbox 157 3389 1746 3460">
     <span class='ocr_line' id='line_1_38' title="bbox 157 3389 1746 3460; baseline 0.007 -18"><span class='ocrx_word' id='word_1_291' title='bbox 157 3390 224 3443; x_wconf 89' lang='lat' dir='ltr'><strong>ad</strong></span> <span class='ocrx_word' id='word_1_292' title='bbox 257 3391 510 3443; x_wconf 75' lang='lat' dir='ltr'><strong>uaiuttem</strong></span> <span class='ocrx_word' id='word_1_293' title='bbox 540 3389 838 3442; x_wconf 74' lang='lat' dir='ltr'><strong>concordia:</strong></span> <span class='ocrx_word' id='word_1_294' title='bbox 883 3391 1168 3457; x_wconf 79' lang='lat' dir='ltr'><strong>pertinere.</strong></span> <span class='ocrx_word' id='word_1_295' title='bbox 1211 3393 1341 3460; x_wconf 78' lang='lat' dir='ltr'><strong>Qua:</strong></span> <span class='ocrx_word' id='word_1_296' title='bbox 1381 3399 1558 3450; x_wconf 85' lang='lat' dir='ltr'><strong>omnia</strong></span> <span class='ocrx_word' id='word_1_297' title='bbox 1608 3400 1746 3453; x_wconf 83' lang='lat' dir='ltr'><strong>mide</strong></span> 
     </span>
    </p>
   </div>
   <div class='ocr_carea' id='block_1_39' title="bbox 154 3479 1745 3549">
    <p class='ocr_par' dir='ltr' id='par_1_39' title="bbox 154 3479 1745 3549">
     <span class='ocr_line' id='line_1_39' title="bbox 154 3479 1745 3549; baseline 0.008 -17"><span class='ocrx_word' id='word_1_298' title='bbox 154 3482 376 3534; x_wconf 81' lang='lat' dir='ltr'><strong>veniant</strong></span> <span class='ocrx_word' id='word_1_299' title='bbox 401 3497 506 3532; x_wconf 90' lang='lat' dir='ltr'><strong>non</strong></span> <span class='ocrx_word' id='word_1_300' title='bbox 546 3479 805 3549; x_wconf 80' lang='lat' dir='ltr'><strong>intelligo,</strong></span> <span class='ocrx_word' id='word_1_301' title='bbox 861 3480 1010 3535; x_wconf 87' lang='lat' dir='ltr'><strong>nisia</strong></span> <span class='ocrx_word' id='word_1_302' title='bbox 1039 3497 1244 3536; x_wconf 87' lang='lat' dir='ltr'><strong>summa</strong></span> <span class='ocrx_word' id='word_1_303' title='bbox 1283 3499 1525 3540; x_wconf 87' lang='lat' dir='ltr'><strong>mensura</strong></span> <span class='ocrx_word' id='word_1_304' title='bbox 1565 3497 1618 3542; x_wconf 92' lang='lat' dir='ltr'><strong>et</strong></span> <span class='ocrx_word' id='word_1_305' title='bbox 1647 3506 1745 3544; x_wconf 91' lang='lat' dir='ltr'><strong>nu-</strong></span> 
     </span>
    </p>
   </div>
   <div class='ocr_carea' id='block_1_40' title="bbox 159 3570 1744 3640">
    <p class='ocr_par' dir='ltr' id='par_1_40' title="bbox 159 3570 1744 3640">
     <span class='ocr_line' id='line_1_40' title="bbox 159 3570 1744 3640; baseline 0.006 -16"><span class='ocrx_word' id='word_1_306' title='bbox 159 3587 313 3625; x_wconf 83' lang='lat' dir='ltr'><strong>mero</strong></span> <span class='ocrx_word' id='word_1_307' title='bbox 346 3581 401 3624; x_wconf 89' lang='lat' dir='ltr'><strong>et</strong></span> <span class='ocrx_word' id='word_1_308' title='bbox 416 3571 624 3637; x_wconf 83' lang='lat' dir='ltr'><strong>ordine,</strong></span> <span class='ocrx_word' id='word_1_309' title='bbox 639 3587 757 3640; x_wconf 81' lang='lat' dir='ltr'><strong>qua:</strong></span> <span class='ocrx_word' id='word_1_310' title='bbox 785 3570 837 3624; x_wconf 91' lang='lat' dir='ltr'><strong>in</strong></span> <span class='ocrx_word' id='word_1_311' title='bbox 864 3572 971 3640; x_wconf 92' lang='lat' dir='ltr'><strong>ipsa</strong></span> <span class='ocrx_word' id='word_1_312' title='bbox 998 3572 1087 3626; x_wconf 85' lang='lat' dir='ltr'><strong>Dei</strong></span> <span class='ocrx_word' id='word_1_313' title='bbox 1105 3573 1424 3630; x_wconf 81' lang='lat' dir='ltr'><strong>sublimitate</strong></span> <span class='ocrx_word' id='word_1_314' title='bbox 1450 3576 1744 3634; x_wconf 85' lang='lat' dir='ltr'><strong>incommu-</strong></span> 
     </span>
    </p>
   </div>
   <div class='ocr_carea' id='block_1_41' title="bbox 150 3663 1741 3737">
    <p class='ocr_par' dir='ltr' id='par_1_41' title="bbox 150 3663 1741 3737">
     <span class='ocr_line' id='line_1_41' title="bbox 150 3663 1741 3737; baseline 0.006 -20"><span class='ocrx_word' id='word_1_315' title='bbox 150 3664 298 3717; x_wconf 86' lang='lat' dir='ltr'><strong>tabili</strong></span> <span class='ocrx_word' id='word_1_316' title='bbox 327 3673 488 3731; x_wconf 88' lang='lat' dir='ltr'><strong>atque</strong></span> <span class='ocrx_word' id='word_1_317' title='bbox 515 3674 712 3731; x_wconf 77' lang='lat' dir='ltr'><strong>:L-terna</strong></span> <span class='ocrx_word' id='word_1_318' title='bbox 744 3664 1058 3717; x_wconf 84' lang='lat' dir='ltr'><strong>consistunt.</strong></span> <span class='ocrx_word' id='word_1_319' title='bbox 1084 3663 1232 3731; x_wconf 86' lang='lat' dir='ltr'><strong>Quod</strong></span> <span class='ocrx_word' id='word_1_320' title='bbox 1258 3665 1301 3718; x_wconf 91' lang='lat' dir='ltr'><strong>si</strong></span> <span class='ocrx_word' id='word_1_321' title='bbox 1331 3667 1624 3737; x_wconf 80' lang='lat' dir='ltr'><strong>cogitarent</strong></span> <span class='ocrx_word' id='word_1_322' title='bbox 1654 3670 1741 3726; x_wconf 87' lang='lat' dir='ltr'><strong>isti</strong></span> 
     </span>
    </p>
   </div>
   <div class='ocr_carea' id='block_1_42' title="bbox 148 3753 1736 3828">
    <p class='ocr_par' dir='ltr' id='par_1_42' title="bbox 148 3753 1736 3828">
     <span class='ocr_line' id='line_1_42' title="bbox 148 3753 1736 3828; baseline 0.005 -19"><span class='ocrx_word' id='word_1_323' title='bbox 148 3754 512 3824; x_wconf 83' lang='lat' dir='ltr'><strong>loquacissimi</strong></span> <span class='ocrx_word' id='word_1_324' title='bbox 530 3762 584 3808; x_wconf 90' lang='lat' dir='ltr'><strong>et</strong></span> <span class='ocrx_word' id='word_1_325' title='bbox 599 3753 930 3823; x_wconf 71' lang='lat' dir='ltr'><strong>ineptissimi,</strong></span> <span class='ocrx_word' id='word_1_326' title='bbox 958 3770 1060 3807; x_wconf 91' lang='lat' dir='ltr'><strong>non</strong></span> <span class='ocrx_word' id='word_1_327' title='bbox 1084 3756 1236 3809; x_wconf 87' lang='lat' dir='ltr'><strong>nohis</strong></span> <span class='ocrx_word' id='word_1_328' title='bbox 1254 3757 1466 3812; x_wconf 60' lang='lat' dir='ltr'><strong>taedium</strong></span> <span class='ocrx_word' id='word_1_329' title='bbox 1485 3761 1736 3828; x_wconf 78' lang='lat' dir='ltr'><strong>facerent,</strong></span> 
     </span>
    </p>
   </div>
   <div class='ocr_carea' id='block_1_43' title="bbox 144 3846 1739 3918">
    <p class='ocr_par' dir='ltr' id='par_1_43' title="bbox 144 3846 1739 3918">
     <span class='ocr_line' id='line_1_43' title="bbox 144 3846 1739 3918; baseline 0.006 -15"><span class='ocrx_word' id='word_1_330' title='bbox 144 3848 240 3903; x_wconf 81' lang='lat' dir='ltr'><strong>sed</strong></span> <span class='ocrx_word' id='word_1_331' title='bbox 263 3849 359 3917; x_wconf 88' lang='lat' dir='ltr'><strong>ipsi</strong></span> <span class='ocrx_word' id='word_1_332' title='bbox 381 3846 768 3901; x_wconf 84' lang='lat' dir='ltr'><strong>considerando</strong></span> <span class='ocrx_word' id='word_1_333' title='bbox 789 3863 974 3902; x_wconf 67' lang='lat' dir='ltr'><strong>omnes</strong></span> <span class='ocrx_word' id='word_1_334' title='bbox 1001 3848 1416 3918; x_wconf 67' lang='lat' dir='ltr'><strong>pulchritudines</strong></span> <span class='ocrx_word' id='word_1_335' title='bbox 1433 3864 1484 3907; x_wconf 89' lang='lat' dir='ltr'><strong>et</strong></span> <span class='ocrx_word' id='word_1_336' title='bbox 1504 3872 1739 3913; x_wconf 79' lang='lat' dir='ltr'><strong>summas</strong></span> 
     </span>
    </p>
   </div>
   <div class='ocr_carea' id='block_1_44' title="bbox 145 3941 1737 4018">
    <p class='ocr_par' dir='ltr' id='par_1_44' title="bbox 145 3941 1737 4018">
     <span class='ocr_line' id='line_1_44' title="bbox 145 3941 1737 4018; baseline 0.005 -24"><span class='ocrx_word' id='word_1_337' title='bbox 145 3952 199 3996; x_wconf 87' lang='lat' dir='ltr'><strong>et</strong></span> <span class='ocrx_word' id='word_1_338' title='bbox 229 3944 462 4005; x_wconf 73' lang='lat' dir='ltr'><strong>infimas,</strong></span> <span class='ocrx_word' id='word_1_339' title='bbox 497 3941 661 3995; x_wconf 74' lang='lat' dir='ltr'><strong>Deum</strong></span> <span class='ocrx_word' id='word_1_340' title='bbox 683 3941 937 3996; x_wconf 86' lang='lat' dir='ltr'><strong>artilieem</strong></span> <span class='ocrx_word' id='word_1_341' title='bbox 963 3941 1155 4011; x_wconf 89' lang='lat' dir='ltr'><strong>ubique</strong></span> <span class='ocrx_word' id='word_1_342' title='bbox 1185 3943 1458 3999; x_wconf 74' lang='lat' dir='ltr'><strong>laudarent.</strong></span> <span class='ocrx_word' id='word_1_343' title='bbox 1482 3963 1496 4010; x_wconf 88' lang='lat'><strong>;</strong></span> <span class='ocrx_word' id='word_1_344' title='bbox 1525 3958 1578 4002; x_wconf 81' lang='lat' dir='ltr'><strong>rt</strong></span> <span class='ocrx_word' id='word_1_345' title='bbox 1605 3966 1737 4018; x_wconf 87' lang='lat' dir='ltr'><strong>quo-</strong></span> 
     </span>
    </p>
   </div>
   <div class='ocr_carea' id='block_1_45' title="bbox 146 4032 1735 4103">
    <p class='ocr_par' dir='ltr' id='par_1_45' title="bbox 146 4032 1735 4103">
     <span class='ocr_line' id='line_1_45' title="bbox 146 4032 1735 4103; baseline 0.007 -15"><span class='ocrx_word' id='word_1_346' title='bbox 146 4035 292 4089; x_wconf 84' lang='lat' dir='ltr'><strong>niam</strong></span> <span class='ocrx_word' id='word_1_347' title='bbox 351 4050 606 4103; x_wconf 86' lang='lat' dir='ltr'><strong>nusquam</strong></span> <span class='ocrx_word' id='word_1_348' title='bbox 638 4032 922 4088; x_wconf 77' lang='lat' dir='ltr'><strong>ollenditur</strong></span> <span class='ocrx_word' id='word_1_349' title='bbox 959 4035 1112 4097; x_wconf 87' lang='lat' dir='ltr'><strong>ratio,</strong></span> <span class='ocrx_word' id='word_1_350' title='bbox 1157 4037 1324 4092; x_wconf 89' lang='lat' dir='ltr'><strong>sicubi</strong></span> <span class='ocrx_word' id='word_1_351' title='bbox 1368 4039 1504 4096; x_wconf 86' lang='lat' dir='ltr'><strong>forte</strong></span> <span class='ocrx_word' id='word_1_352' title='bbox 1547 4057 1735 4100; x_wconf 70' lang='lat' dir='ltr'><strong>sensus</strong></span> 
     </span>
    </p>
   </div>
   <div class='ocr_carea' id='block_1_46' title="bbox 143 4124 1732 4195">
    <p class='ocr_par' dir='ltr' id='par_1_46' title="bbox 143 4124 1732 4195">
     <span class='ocr_line' id='line_1_46' title="bbox 143 4124 1732 4195; baseline 0.006 -15"><span class='ocrx_word' id='word_1_353' title='bbox 143 4125 380 4180; x_wconf 84' lang='lat' dir='ltr'><strong>carnalis</strong></span> <span class='ocrx_word' id='word_1_354' title='bbox 416 4124 722 4189; x_wconf 84' lang='lat' dir='ltr'><strong>oll&#39;enditur,</strong></span> <span class='ocrx_word' id='word_1_355' title='bbox 755 4141 857 4178; x_wconf 94' lang='lat' dir='ltr'><strong>non</strong></span> <span class='ocrx_word' id='word_1_356' title='bbox 877 4141 1052 4178; x_wconf 84' lang='lat' dir='ltr'><strong>rerum</strong></span> <span class='ocrx_word' id='word_1_357' title='bbox 1087 4127 1315 4195; x_wconf 87' lang='lat' dir='ltr'><strong>ipsarum</strong></span> <span class='ocrx_word' id='word_1_358' title='bbox 1346 4131 1494 4195; x_wconf 83' lang='lat' dir='ltr'><strong>vitio,</strong></span> <span class='ocrx_word' id='word_1_359' title='bbox 1519 4133 1610 4188; x_wconf 87' lang='lat' dir='ltr'><strong>sed</strong></span> <span class='ocrx_word' id='word_1_360' title='bbox 1638 4152 1732 4188; x_wconf 79' lang='lat' dir='ltr'><strong>uo-</strong></span> 
     </span>
    </p>
   </div>
   <div class='ocr_carea' id='block_1_47' title="bbox 146 4217 1729 4288">
    <p class='ocr_par' dir='ltr' id='par_1_47' title="bbox 146 4217 1729 4288">
     <span class='ocr_line' id='line_1_47' title="bbox 146 4217 1729 4288; baseline 0.006 -16"><span class='ocrx_word' id='word_1_361' title='bbox 146 4229 270 4273; x_wconf 81' lang='lat' dir='ltr'><strong>stra-</strong></span> <span class='ocrx_word' id='word_1_362' title='bbox 304 4218 647 4271; x_wconf 78' lang='lat' dir='ltr'><strong>mortalitatis</strong></span> <span class='ocrx_word' id='word_1_363' title='bbox 675 4217 878 4271; x_wconf 83' lang='lat' dir='ltr'><strong>meritis</strong></span> <span class='ocrx_word' id='word_1_364' title='bbox 909 4219 1246 4288; x_wconf 89' lang='lat' dir='ltr'><strong>imputarent.</strong></span> <span class='ocrx_word' id='word_1_365' title='bbox 1293 4222 1353 4276; x_wconf 83' lang='lat' dir='ltr'><strong>Et</strong></span> <span class='ocrx_word' id='word_1_366' title='bbox 1380 4233 1524 4280; x_wconf 74' lang='lat' dir='ltr'><strong>certe</strong></span> <span class='ocrx_word' id='word_1_367' title='bbox 1554 4229 1729 4282; x_wconf 88' lang='lat' dir='ltr'><strong>omnia</strong></span> 
     </span>
    </p>
   </div>
   <div class='ocr_carea' id='block_1_48' title="bbox 143 4309 1730 4384">
    <p class='ocr_par' dir='ltr' id='par_1_48' title="bbox 143 4309 1730 4384">
     <span class='ocr_line' id='line_1_48' title="bbox 143 4309 1730 4384; baseline 0.008 -22"><span class='ocrx_word' id='word_1_368' title='bbox 143 4311 394 4364; x_wconf 84' lang='lat' dir='ltr'><strong>animalia</strong></span> <span class='ocrx_word' id='word_1_369' title='bbox 424 4318 513 4362; x_wconf 92' lang='lat' dir='ltr'><strong>aut</strong></span> <span class='ocrx_word' id='word_1_370' title='bbox 543 4309 685 4362; x_wconf 86' lang='lat' dir='ltr'><strong>utilia</strong></span> <span class='ocrx_word' id='word_1_371' title='bbox 714 4309 864 4363; x_wconf 89' lang='lat' dir='ltr'><strong>nobis</strong></span> <span class='ocrx_word' id='word_1_372' title='bbox 893 4320 1036 4376; x_wconf 90' lang='lat' dir='ltr'><strong>sunt,</strong></span> <span class='ocrx_word' id='word_1_373' title='bbox 1063 4322 1152 4366; x_wconf 89' lang='lat' dir='ltr'><strong>aut</strong></span> <span class='ocrx_word' id='word_1_374' title='bbox 1181 4315 1496 4384; x_wconf 86' lang='lat' dir='ltr'><strong>perniciosa,</strong></span> <span class='ocrx_word' id='word_1_375' title='bbox 1526 4329 1614 4373; x_wconf 88' lang='lat' dir='ltr'><strong>aut</strong></span> <span class='ocrx_word' id='word_1_376' title='bbox 1641 4336 1730 4376; x_wconf 91' lang='lat' dir='ltr'><strong>su-</strong></span> 
     </span>
    </p>
   </div>
   <div class='ocr_carea' id='block_1_49' title="bbox 142 4402 1727 4478">
    <p class='ocr_par' dir='ltr' id='par_1_49' title="bbox 142 4402 1727 4478">
     <span class='ocr_line' id='line_1_49' title="bbox 142 4402 1727 4478; baseline 0.008 -21"><span class='ocrx_word' id='word_1_377' title='bbox 142 4402 368 4474; x_wconf 71' lang='lat' dir='ltr'><strong>perflua.</strong></span> <span class='ocrx_word' id='word_1_378' title='bbox 401 4403 672 4458; x_wconf 78' lang='lat' dir='ltr'><strong>Adversus</strong></span> <span class='ocrx_word' id='word_1_379' title='bbox 719 4403 860 4456; x_wconf 87' lang='lat' dir='ltr'><strong>utilia</strong></span> <span class='ocrx_word' id='word_1_380' title='bbox 910 4420 1012 4457; x_wconf 91' lang='lat' dir='ltr'><strong>non</strong></span> <span class='ocrx_word' id='word_1_381' title='bbox 1059 4405 1253 4461; x_wconf 90' lang='lat' dir='ltr'><strong>habent</strong></span> <span class='ocrx_word' id='word_1_382' title='bbox 1279 4410 1400 4478; x_wconf 90' lang='lat' dir='ltr'><strong>quid</strong></span> <span class='ocrx_word' id='word_1_383' title='bbox 1426 4411 1621 4468; x_wconf 86' lang='lat' dir='ltr'><strong>dicant.</strong></span> <span class='ocrx_word' id='word_1_384' title='bbox 1653 4415 1727 4470; x_wconf 90' lang='lat' dir='ltr'><strong>De</strong></span> 
     </span>
    </p>
   </div>
   <div class='ocr_carea' id='block_1_50' title="bbox 142 4494 1720 4569">
    <p class='ocr_par' dir='ltr' id='par_1_50' title="bbox 142 4494 1720 4569">
     <span class='ocr_line' id='line_1_50' title="bbox 142 4494 1720 4569; baseline 0.009 -23"><span class='ocrx_word' id='word_1_385' title='bbox 142 4495 460 4564; x_wconf 85' lang='lat' dir='ltr'><strong>perniciosis</strong></span> <span class='ocrx_word' id='word_1_386' title='bbox 496 4503 673 4548; x_wconf 88' lang='lat' dir='ltr'><strong>autem</strong></span> <span class='ocrx_word' id='word_1_387' title='bbox 715 4494 796 4548; x_wconf 88' lang='lat' dir='ltr'><strong>vel</strong></span> <span class='ocrx_word' id='word_1_388' title='bbox 844 4496 1108 4564; x_wconf 89' lang='lat' dir='ltr'><strong>punimur,</strong></span> <span class='ocrx_word' id='word_1_389' title='bbox 1140 4497 1219 4551; x_wconf 85' lang='lat' dir='ltr'><strong>vel</strong></span> <span class='ocrx_word' id='word_1_390' title='bbox 1265 4515 1595 4569; x_wconf 66' lang='lat' dir='ltr'><strong>exercemur,</strong></span> <span class='ocrx_word' id='word_1_391' title='bbox 1632 4505 1720 4560; x_wconf 89' lang='lat' dir='ltr'><strong>vel</strong></span> 
     </span>
    </p>
   </div>
   <div class='ocr_carea' id='block_1_51' title="bbox 141 4587 1723 4659">
    <p class='ocr_par' dir='ltr' id='par_1_51' title="bbox 141 4587 1723 4659">
     <span class='ocr_line' id='line_1_51' title="bbox 141 4587 1723 4659; baseline 0.007 -18"><span class='ocrx_word' id='word_1_392' title='bbox 141 4596 426 4644; x_wconf 85' lang='lat' dir='ltr'><strong>terremur.</strong></span> <span class='ocrx_word' id='word_1_393' title='bbox 461 4597 514 4640; x_wconf 92' lang='lat' dir='ltr'><strong>ut</strong></span> <span class='ocrx_word' id='word_1_394' title='bbox 541 4601 644 4640; x_wconf 91' lang='lat' dir='ltr'><strong>non</strong></span> <span class='ocrx_word' id='word_1_395' title='bbox 667 4587 823 4640; x_wconf 88' lang='lat' dir='ltr'><strong>vitam</strong></span> <span class='ocrx_word' id='word_1_396' title='bbox 843 4587 996 4641; x_wconf 90' lang='lat' dir='ltr'><strong>istam</strong></span> <span class='ocrx_word' id='word_1_397' title='bbox 1028 4589 1208 4644; x_wconf 86' lang='lat' dir='ltr'><strong>multis</strong></span> <span class='ocrx_word' id='word_1_398' title='bbox 1241 4593 1484 4659; x_wconf 89' lang='lat' dir='ltr'><strong>periculis</strong></span> <span class='ocrx_word' id='word_1_399' title='bbox 1500 4605 1553 4649; x_wconf 91' lang='lat' dir='ltr'><strong>ct</strong></span> <span class='ocrx_word' id='word_1_400' title='bbox 1579 4597 1723 4652; x_wconf 91' lang='lat' dir='ltr'><strong>labo-</strong></span> 
     </span>
    </p>
   </div>
   <div class='ocr_carea' id='block_1_52' title="bbox 141 4677 1721 4747">
    <p class='ocr_par' dir='ltr' id='par_1_52' title="bbox 141 4677 1721 4747">
     <span class='ocr_line' id='line_1_52' title="bbox 141 4677 1721 4747; baseline 0.008 -16"><span class='ocrx_word' id='word_1_401' title='bbox 141 4678 288 4731; x_wconf 75' lang='lat' dir='ltr'><strong>ribus</strong></span> <span class='ocrx_word' id='word_1_402' title='bbox 315 4677 602 4740; x_wconf 77' lang='lat' dir='ltr'><strong>subditam,</strong></span> <span class='ocrx_word' id='word_1_403' title='bbox 646 4677 740 4731; x_wconf 91' lang='lat' dir='ltr'><strong>sed</strong></span> <span class='ocrx_word' id='word_1_404' title='bbox 783 4677 940 4731; x_wconf 88' lang='lat' dir='ltr'><strong>aliam</strong></span> <span class='ocrx_word' id='word_1_405' title='bbox 985 4680 1288 4747; x_wconf 82' lang='lat' dir='ltr'><strong>uieliorem,</strong></span> <span class='ocrx_word' id='word_1_406' title='bbox 1323 4683 1408 4737; x_wconf 90' lang='lat' dir='ltr'><strong>ubi</strong></span> <span class='ocrx_word' id='word_1_407' title='bbox 1462 4688 1721 4744; x_wconf 90' lang='lat' dir='ltr'><strong>securitas</strong></span> 
     </span>
    </p>
   </div>
   <div class='ocr_carea' id='block_1_53' title="bbox 137 4767 1720 4839">
    <p class='ocr_par' dir='ltr' id='par_1_53' title="bbox 137 4767 1720 4839">
     <span class='ocr_line' id='line_1_53' title="bbox 137 4767 1720 4839; baseline 0.008 -18"><span class='ocrx_word' id='word_1_408' title='bbox 137 4781 346 4822; x_wconf 87' lang='lat' dir='ltr'><strong>summa</strong></span> <span class='ocrx_word' id='word_1_409' title='bbox 375 4778 479 4828; x_wconf 86' lang='lat' dir='ltr'><strong>est,</strong></span> <span class='ocrx_word' id='word_1_410' title='bbox 510 4767 790 4837; x_wconf 77' lang='lat' dir='ltr'><strong>diligamus</strong></span> <span class='ocrx_word' id='word_1_411' title='bbox 815 4778 868 4823; x_wconf 88' lang='lat' dir='ltr'><strong>et</strong></span> <span class='ocrx_word' id='word_1_412' title='bbox 906 4770 1296 4839; x_wconf 89' lang='lat' dir='ltr'><strong>desideremus,</strong></span> <span class='ocrx_word' id='word_1_413' title='bbox 1324 4783 1376 4828; x_wconf 90' lang='lat' dir='ltr'><strong>et</strong></span> <span class='ocrx_word' id='word_1_414' title='bbox 1405 4790 1522 4830; x_wconf 90' lang='lat' dir='ltr'><strong>eam</strong></span> <span class='ocrx_word' id='word_1_415' title='bbox 1568 4781 1720 4834; x_wconf 85' lang='lat' dir='ltr'><strong>nobis</strong></span> 
     </span>
    </p>
   </div>
   <div class='ocr_carea' id='block_1_54' title="bbox 140 4860 1717 4943">
    <p class='ocr_par' dir='ltr' id='par_1_54' title="bbox 140 4860 1717 4943">
     <span class='ocr_line' id='line_1_54' title="bbox 140 4860 1717 4943; baseline 0.011 -32"><span class='ocrx_word' id='word_1_416' title='bbox 140 4861 350 4930; x_wconf 87' lang='lat' dir='ltr'><strong>pietatis</strong></span> <span class='ocrx_word' id='word_1_417' title='bbox 380 4860 587 4914; x_wconf 89' lang='lat' dir='ltr'><strong>meritis</strong></span> <span class='ocrx_word' id='word_1_418' title='bbox 610 4874 995 4929; x_wconf 88' lang='lat' dir='ltr'><strong>comparemus.</strong></span> <span class='ocrx_word' id='word_1_419' title='bbox 1032 4864 1104 4918; x_wconf 89' lang='lat' dir='ltr'><strong>De</strong></span> <span class='ocrx_word' id='word_1_420' title='bbox 1130 4867 1413 4934; x_wconf 83' lang='lat' dir='ltr'><strong>superiluis</strong></span> <span class='ocrx_word' id='word_1_421' title='bbox 1439 4885 1565 4925; x_wconf 87' lang='lat' dir='ltr'><strong>vero</strong></span> <span class='ocrx_word' id='word_1_422' title='bbox 1591 4875 1717 4943; x_wconf 87' lang='lat' dir='ltr'><strong>quid</strong></span> 
     </span>
    </p>
   </div>
   <div class='ocr_carea' id='block_1_55' title="bbox 136 4949 1715 5033">
    <p class='ocr_par' dir='ltr' id='par_1_55' title="bbox 136 4949 1715 5033">
     <span class='ocr_line' id='line_1_55' title="bbox 136 4949 1715 5033; baseline 0.013 -33"><span class='ocrx_word' id='word_1_423' title='bbox 136 4949 287 5006; x_wconf 79' lang='lat' dir='ltr'><strong>nobis</strong></span> <span class='ocrx_word' id='word_1_424' title='bbox 311 4958 394 5004; x_wconf 86' lang='lat' dir='ltr'><strong>est</strong></span> <span class='ocrx_word' id='word_1_425' title='bbox 418 4949 775 5020; x_wconf 71' lang='lat' dir='ltr'><strong>qttmrerei‘Si</strong></span> <span class='ocrx_word' id='word_1_426' title='bbox 805 4952 895 5005; x_wconf 90' lang='lat' dir='ltr'><strong>tibi</strong></span> <span class='ocrx_word' id='word_1_427' title='bbox 912 4952 1155 5021; x_wconf 86' lang='lat' dir='ltr'><strong>displicet</strong></span> <span class='ocrx_word' id='word_1_428' title='bbox 1179 4957 1316 5026; x_wconf 89' lang='lat' dir='ltr'><strong>quod</strong></span> <span class='ocrx_word' id='word_1_429' title='bbox 1343 4973 1446 5013; x_wconf 93' lang='lat' dir='ltr'><strong>non</strong></span> <span class='ocrx_word' id='word_1_430' title='bbox 1473 4975 1715 5033; x_wconf 88' lang='lat' dir='ltr'><strong>prosunt,</strong></span> 
     </span>
    </p>
   </div>
   <div class='ocr_carea' id='block_1_56' title="bbox 139 5039 1714 5112">
    <p class='ocr_par' dir='ltr' id='par_1_56' title="bbox 139 5039 1714 5112">
     <span class='ocr_line' id='line_1_56' title="bbox 139 5039 1714 5112; baseline 0.015 -26"><span class='ocrx_word' id='word_1_431' title='bbox 139 5042 343 5110; x_wconf 66' lang='lat' dir='ltr'><strong>placeat</strong></span> <span class='ocrx_word' id='word_1_432' title='bbox 399 5039 540 5110; x_wconf 88' lang='lat' dir='ltr'><strong>quod</strong></span> <span class='ocrx_word' id='word_1_433' title='bbox 593 5055 695 5095; x_wconf 90' lang='lat' dir='ltr'><strong>non</strong></span> <span class='ocrx_word' id='word_1_434' title='bbox 747 5042 975 5107; x_wconf 88' lang='lat' dir='ltr'><strong>obsunt;</strong></span> <span class='ocrx_word' id='word_1_435' title='bbox 1016 5045 1134 5112; x_wconf 84' lang='lat' dir='ltr'><strong>quia</strong></span> <span class='ocrx_word' id='word_1_436' title='bbox 1166 5047 1264 5101; x_wconf 92' lang='lat' dir='ltr'><strong>etsi</strong></span> <span class='ocrx_word' id='word_1_437' title='bbox 1297 5048 1476 5105; x_wconf 92' lang='lat' dir='ltr'><strong>domui</strong></span> <span class='ocrx_word' id='word_1_438' title='bbox 1521 5063 1714 5109; x_wconf 79' lang='lat' dir='ltr'><strong>nostra:</strong></span> 
     </span>
    </p>
   </div>
   <div class='ocr_carea' id='block_1_57' title="bbox 134 5133 1712 5213">
    <p class='ocr_par' dir='ltr' id='par_1_57' title="bbox 134 5133 1712 5213">
     <span class='ocr_line' id='line_1_57' title="bbox 134 5133 1712 5213; baseline 0.012 -28"><span class='ocrx_word' id='word_1_439' title='bbox 134 5146 234 5186; x_wconf 89' lang='lat' dir='ltr'><strong>non</strong></span> <span class='ocrx_word' id='word_1_440' title='bbox 263 5141 390 5187; x_wconf 88' lang='lat' dir='ltr'><strong>sunt</strong></span> <span class='ocrx_word' id='word_1_441' title='bbox 410 5133 729 5199; x_wconf 87' lang='lat' dir='ltr'><strong>necessaria,</strong></span> <span class='ocrx_word' id='word_1_442' title='bbox 762 5133 841 5188; x_wconf 88' lang='lat' dir='ltr'><strong>eis</strong></span> <span class='ocrx_word' id='word_1_443' title='bbox 867 5143 1042 5189; x_wconf 86' lang='lat' dir='ltr'><strong>tamen</strong></span> <span class='ocrx_word' id='word_1_444' title='bbox 1089 5141 1384 5208; x_wconf 87' lang='lat' dir='ltr'><strong>completur</strong></span> <span class='ocrx_word' id='word_1_445' title='bbox 1422 5143 1574 5213; x_wconf 87' lang='lat' dir='ltr'><strong>hujus</strong></span> <span class='ocrx_word' id='word_1_446' title='bbox 1597 5149 1712 5203; x_wconf 86' lang='lat' dir='ltr'><strong>uni-</strong></span> 
     </span>
    </p>
   </div>
   <div class='ocr_carea' id='block_1_58' title="bbox 132 5223 1712 5304">
    <p class='ocr_par' dir='ltr' id='par_1_58' title="bbox 132 5223 1712 5304">
     <span class='ocr_line' id='line_1_58' title="bbox 132 5223 1712 5304; baseline 0.016 -32"><span class='ocrx_word' id='word_1_447' title='bbox 132 5224 399 5278; x_wconf 73' lang='lat' dir='ltr'><strong>vet-sitatis</strong></span> <span class='ocrx_word' id='word_1_448' title='bbox 422 5223 713 5294; x_wconf 79' lang='lat' dir='ltr'><strong>integritas,</strong></span> <span class='ocrx_word' id='word_1_449' title='bbox 737 5241 852 5294; x_wconf 73' lang='lat' dir='ltr'><strong>quae</strong></span> <span class='ocrx_word' id='word_1_450' title='bbox 874 5227 1040 5281; x_wconf 91' lang='lat' dir='ltr'><strong>multo</strong></span> <span class='ocrx_word' id='word_1_451' title='bbox 1065 5231 1233 5298; x_wconf 89' lang='lat' dir='ltr'><strong>major</strong></span> <span class='ocrx_word' id='word_1_452' title='bbox 1252 5244 1329 5287; x_wconf 92' lang='lat' dir='ltr'><strong>est</strong></span> <span class='ocrx_word' id='word_1_453' title='bbox 1348 5253 1504 5304; x_wconf 91' lang='lat' dir='ltr'><strong>quam</strong></span> <span class='ocrx_word' id='word_1_454' title='bbox 1523 5239 1712 5299; x_wconf 88' lang='lat' dir='ltr'><strong>domus</strong></span> 
     </span>
    </p>
   </div>
   <div class='ocr_carea' id='block_1_59' title="bbox 132 5314 1709 5388">
    <p class='ocr_par' dir='ltr' id='par_1_59' title="bbox 132 5314 1709 5388">
     <span class='ocr_line' id='line_1_59' title="bbox 132 5314 1709 5388; baseline 0.013 -20"><span class='ocrx_word' id='word_1_455' title='bbox 132 5324 314 5369; x_wconf 87' lang='lat' dir='ltr'><strong>nostra</strong></span> <span class='ocrx_word' id='word_1_456' title='bbox 343 5323 398 5368; x_wconf 87' lang='lat' dir='ltr'><strong>et</strong></span> <span class='ocrx_word' id='word_1_457' title='bbox 426 5314 590 5369; x_wconf 90' lang='lat' dir='ltr'><strong>multo</strong></span> <span class='ocrx_word' id='word_1_458' title='bbox 619 5316 824 5370; x_wconf 89' lang='lat' dir='ltr'><strong>melior.</strong></span> <span class='ocrx_word' id='word_1_459' title='bbox 850 5316 994 5372; x_wconf 89' lang='lat' dir='ltr'><strong>llanc</strong></span> <span class='ocrx_word' id='word_1_460' title='bbox 1029 5320 1171 5374; x_wconf 86' lang='lat' dir='ltr'><strong>enim</strong></span> <span class='ocrx_word' id='word_1_461' title='bbox 1202 5325 1365 5380; x_wconf 91' lang='lat' dir='ltr'><strong>multo</strong></span> <span class='ocrx_word' id='word_1_462' title='bbox 1391 5329 1580 5384; x_wconf 88' lang='lat' dir='ltr'><strong>melius</strong></span> <span class='ocrx_word' id='word_1_463' title='bbox 1617 5334 1709 5388; x_wconf 90' lang='lat' dir='ltr'><strong>ad-</strong></span> 
     </span>
    </p>
   </div>
   <div class='ocr_carea' id='block_1_60' title="bbox 130 5407 1704 5483">
    <p class='ocr_par' dir='ltr' id='par_1_60' title="bbox 130 5407 1704 5483">
     <span class='ocr_line' id='line_1_60' title="bbox 130 5407 1704 5483; baseline 0.012 -21"><span class='ocrx_word' id='word_1_464' title='bbox 130 5407 400 5462; x_wconf 87' lang='lat' dir='ltr'><strong>ministrat</strong></span> <span class='ocrx_word' id='word_1_465' title='bbox 446 5407 605 5474; x_wconf 89' lang='lat' dir='ltr'><strong>Deus,</strong></span> <span class='ocrx_word' id='word_1_466' title='bbox 646 5423 802 5477; x_wconf 88' lang='lat' dir='ltr'><strong>quam</strong></span> <span class='ocrx_word' id='word_1_467' title='bbox 842 5411 1196 5483; x_wconf 88' lang='lat' dir='ltr'><strong>unusquisque</strong></span> <span class='ocrx_word' id='word_1_468' title='bbox 1226 5427 1463 5475; x_wconf 88' lang='lat' dir='ltr'><strong>nostrum</strong></span> <span class='ocrx_word' id='word_1_469' title='bbox 1488 5421 1704 5482; x_wconf 91' lang='lat' dir='ltr'><strong>domum</strong></span> 
     </span>
    </p>
   </div>
   <div class='ocr_carea' id='block_1_61' title="bbox 131 5499 1706 5588">
    <p class='ocr_par' dir='ltr' id='par_1_61' title="bbox 131 5499 1706 5588">
     <span class='ocr_line' id='line_1_61' title="bbox 131 5499 1706 5588; baseline 0.015 -35"><span class='ocrx_word' id='word_1_470' title='bbox 131 5513 303 5554; x_wconf 81' lang='lat' dir='ltr'><strong>suam.</strong></span> <span class='ocrx_word' id='word_1_471' title='bbox 333 5499 538 5570; x_wconf 87' lang='lat' dir='ltr'><strong>Usurpa</strong></span> <span class='ocrx_word' id='word_1_472' title='bbox 583 5517 713 5572; x_wconf 76' lang='lat' dir='ltr'><strong>ergo</strong></span> <span class='ocrx_word' id='word_1_473' title='bbox 756 5502 925 5567; x_wconf 89' lang='lat' dir='ltr'><strong>utilia,</strong></span> <span class='ocrx_word' id='word_1_474' title='bbox 954 5520 1082 5560; x_wconf 87' lang='lat' dir='ltr'><strong>cave</strong></span> <span class='ocrx_word' id='word_1_475' title='bbox 1120 5509 1438 5580; x_wconf 89' lang='lat' dir='ltr'><strong>perniciosa,</strong></span> <span class='ocrx_word' id='word_1_476' title='bbox 1467 5516 1706 5588; x_wconf 88' lang='lat' dir='ltr'><strong>relinque</strong></span> 
     </span>
    </p>
   </div>
   <div class='ocr_carea' id='block_1_62' title="bbox 124 5594 1705 5679">
    <p class='ocr_par' dir='ltr' id='par_1_62' title="bbox 124 5594 1705 5679">
     <span class='ocr_line' id='line_1_62' title="bbox 124 5594 1705 5679; baseline 0.011 -25"><span class='ocrx_word' id='word_1_477' title='bbox 124 5594 418 5666; x_wconf 80' lang='lat' dir='ltr'><strong>superﬂua.</strong></span> <span class='ocrx_word' id='word_1_478' title='bbox 450 5595 508 5654; x_wconf 91' lang='lat' dir='ltr'><strong>ln</strong></span> <span class='ocrx_word' id='word_1_479' title='bbox 534 5595 786 5655; x_wconf 83' lang='lat' dir='ltr'><strong>omnibus</strong></span> <span class='ocrx_word' id='word_1_480' title='bbox 811 5604 986 5656; x_wconf 83' lang='lat' dir='ltr'><strong>tamen</strong></span> <span class='ocrx_word' id='word_1_481' title='bbox 1005 5614 1127 5659; x_wconf 89' lang='lat' dir='ltr'><strong>cum</strong></span> <span class='ocrx_word' id='word_1_482' title='bbox 1146 5618 1500 5679; x_wconf 84' lang='lat' dir='ltr'><strong>mensuras_et</strong></span> <span class='ocrx_word' id='word_1_483' title='bbox 1525 5626 1705 5672; x_wconf 85' lang='lat' dir='ltr'><strong>nume-</strong></span> 
     </span>
    </p>
   </div>
   <div class='ocr_carea' id='block_1_63' title="bbox 1910 363 3491 466">
    <p class='ocr_par' dir='ltr' id='par_1_63' title="bbox 1910 363 3491 466">
     <span class='ocr_line' id='line_1_63' title="bbox 1910 363 3491 466; baseline 0.027 -52"><span class='ocrx_word' id='word_1_484' title='bbox 1910 363 2113 433; x_wconf 82' lang='lat' dir='ltr'><strong>venies,</strong></span> <span class='ocrx_word' id='word_1_485' title='bbox 2136 367 2236 424; x_wconf 92' lang='lat' dir='ltr'><strong>nisi</strong></span> <span class='ocrx_word' id='word_1_486' title='bbox 2259 371 2345 426; x_wconf 82' lang='lat' dir='ltr'><strong>tibi</strong></span> <span class='ocrx_word' id='word_1_487' title='bbox 2366 387 2572 432; x_wconf 91' lang='lat' dir='ltr'><strong>summa</strong></span> <span class='ocrx_word' id='word_1_488' title='bbox 2595 395 2864 447; x_wconf 85' lang='lat' dir='ltr'><strong>mensura,</strong></span> <span class='ocrx_word' id='word_1_489' title='bbox 2887 394 2941 440; x_wconf 89' lang='lat' dir='ltr'><strong>et</strong></span> <span class='ocrx_word' id='word_1_490' title='bbox 2955 400 3193 446; x_wconf 83' lang='lat' dir='ltr'><strong>summus</strong></span> <span class='ocrx_word' id='word_1_491' title='bbox 3216 410 3491 466; x_wconf 87' lang='lat' dir='ltr'><strong>numerus,</strong></span> 
     </span>
    </p>
   </div>
   <div class='ocr_carea' id='block_1_64' title="bbox 1909 462 3496 553">
    <p class='ocr_par' dir='ltr' id='par_1_64' title="bbox 1909 462 3496 553">
     <span class='ocr_line' id='line_1_64' title="bbox 1909 462 3496 553; baseline 0.028 -46"><span class='ocrx_word' id='word_1_492' title='bbox 1909 462 1964 508; x_wconf 89' lang='lat' dir='ltr'><strong>et</strong></span> <span class='ocrx_word' id='word_1_493' title='bbox 2011 470 2251 516; x_wconf 90' lang='lat' dir='ltr'><strong>summus</strong></span> <span class='ocrx_word' id='word_1_494' title='bbox 2279 463 2412 519; x_wconf 91' lang='lat' dir='ltr'><strong>ordo</strong></span> <span class='ocrx_word' id='word_1_495' title='bbox 2437 477 2538 534; x_wconf 89' lang='lat' dir='ltr'><strong>est,</strong></span> <span class='ocrx_word' id='word_1_496' title='bbox 2571 469 2621 524; x_wconf 92' lang='lat' dir='ltr'><strong>id</strong></span> <span class='ocrx_word' id='word_1_497' title='bbox 2665 481 2748 527; x_wconf 90' lang='lat' dir='ltr'><strong>est</strong></span> <span class='ocrx_word' id='word_1_498' title='bbox 2779 474 2968 544; x_wconf 88' lang='lat' dir='ltr'><strong>Deum,</strong></span> <span class='ocrx_word' id='word_1_499' title='bbox 2996 479 3066 534; x_wconf 90' lang='lat' dir='ltr'><strong>de</strong></span> <span class='ocrx_word' id='word_1_500' title='bbox 3091 497 3198 553; x_wconf 90' lang='lat' dir='ltr'><strong>quo</strong></span> <span class='ocrx_word' id='word_1_501' title='bbox 3224 489 3496 550; x_wconf 81' lang='lat' dir='ltr'><strong>verissime</strong></span> 
     </span>
    </p>
   </div>
   <div class='ocr_carea' id='block_1_65' title="bbox 1906 544 3494 649">
    <p class='ocr_par' dir='ltr' id='par_1_65' title="bbox 1906 544 3494 649">
     <span class='ocr_line' id='line_1_65' title="bbox 1906 544 3494 649; baseline 0.026 -52"><span class='ocrx_word' id='word_1_502' title='bbox 1906 544 2103 602; x_wconf 90' lang='lat' dir='ltr'><strong>dictum</strong></span> <span class='ocrx_word' id='word_1_503' title='bbox 2156 561 2257 618; x_wconf 90' lang='lat' dir='ltr'><strong>est,</strong></span> <span class='ocrx_word' id='word_1_504' title='bbox 2313 556 2454 625; x_wconf 89' lang='lat' dir='ltr'><strong>quod</strong></span> <span class='ocrx_word' id='word_1_505' title='bbox 2494 562 2742 619; x_wconf 92' lang='lat' dir='ltr'><strong>omniain</strong></span> <span class='ocrx_word' id='word_1_506' title='bbox 2768 582 3032 633; x_wconf 87' lang='lat' dir='ltr'><strong>mensura,</strong></span> <span class='ocrx_word' id='word_1_507' title='bbox 3066 583 3120 628; x_wconf 90' lang='lat' dir='ltr'><strong>et</strong></span> <span class='ocrx_word' id='word_1_508' title='bbox 3167 592 3409 649; x_wconf 89' lang='lat' dir='ltr'><strong>numero,</strong></span> <span class='ocrx_word' id='word_1_509' title='bbox 3439 594 3494 640; x_wconf 88' lang='lat' dir='ltr'><strong>et</strong></span> 
     </span>
    </p>
   </div>
   <div class='ocr_carea' id='block_1_66' title="bbox 1904 641 3492 731">
    <p class='ocr_par' dir='ltr' id='par_1_66' title="bbox 1904 641 3492 731">
     <span class='ocr_line' id='line_1_66' title="bbox 1904 641 3492 731; baseline 0.026 -41"><span class='ocrx_word' id='word_1_510' title='bbox 1904 641 2142 706; x_wconf 89' lang='lat' dir='ltr'><strong>pondere</strong></span> <span class='ocrx_word' id='word_1_511' title='bbox 2167 642 2489 714; x_wconf 90' lang='lat' dir='ltr'><strong>disposuerit</strong></span> <span class='ocrx_word' id='word_1_512' title='bbox 2520 653 2538 723; x_wconf 96' lang='lat'><strong>(</strong></span> <span class='ocrx_word' id='word_1_513' title='bbox 2570 652 2698 723; x_wconf 90' lang='lat' dir='ltr'><strong>Sap.</strong></span> <span class='ocrx_word' id='word_1_514' title='bbox 2727 672 2804 724; x_wconf 74' lang='grc' dir='ltr'><strong>χι,</strong></span> <span class='ocrx_word' id='word_1_515' title='bbox 2830 658 2893 714; x_wconf 66' lang='grc' dir='ltr'><strong>ει</strong></span> <span class='ocrx_word' id='word_1_516' title='bbox 2917 661 2958 731; x_wconf 90' lang='grc'><strong>).</strong></span> <span class='ocrx_word' id='word_1_517' title='bbox 2980 662 3067 719; x_wconf 91' lang='lat' dir='ltr'><strong>Sic</strong></span> <span class='ocrx_word' id='word_1_518' title='bbox 3109 666 3334 726; x_wconf 87' lang='lat' dir='ltr'><strong>fortasse</strong></span> <span class='ocrx_word' id='word_1_519' title='bbox 3365 641 3492 730; x_wconf 78' lang='lat' dir='ltr'><strong>ube-</strong></span> 
     </span>
    </p>
   </div>
   <div class='ocr_carea' id='block_1_67' title="bbox 1901 730 3490 823">
    <p class='ocr_par' dir='ltr' id='par_1_67' title="bbox 1901 730 3490 823">
     <span class='ocr_line' id='line_1_67' title="bbox 1901 730 3490 823; baseline 0.025 -39"><span class='ocrx_word' id='word_1_520' title='bbox 1901 730 2096 787; x_wconf 90' lang='lat' dir='ltr'><strong>riorem</strong></span> <span class='ocrx_word' id='word_1_521' title='bbox 2120 737 2298 805; x_wconf 87' lang='lat' dir='ltr'><strong>capies</strong></span> <span class='ocrx_word' id='word_1_522' title='bbox 2321 738 2568 811; x_wconf 82' lang='lat' dir='ltr'><strong>fructum,</strong></span> <span class='ocrx_word' id='word_1_523' title='bbox 2591 763 2712 803; x_wconf 92' lang='lat' dir='ltr'><strong>eum</strong></span> <span class='ocrx_word' id='word_1_524' title='bbox 2740 751 2903 808; x_wconf 86' lang='lat' dir='ltr'><strong>Deum</strong></span> <span class='ocrx_word' id='word_1_525' title='bbox 2935 754 3116 813; x_wconf 90' lang='lat' dir='ltr'><strong>laudas</strong></span> <span class='ocrx_word' id='word_1_526' title='bbox 3140 759 3190 814; x_wconf 91' lang='lat' dir='ltr'><strong>in</strong></span> <span class='ocrx_word' id='word_1_527' title='bbox 3220 761 3490 823; x_wconf 90' lang='lat' dir='ltr'><strong>humilita-</strong></span> 
     </span>
    </p>
   </div>
   <div class='ocr_carea' id='block_1_68' title="bbox 1903 823 3486 930">
    <p class='ocr_par' dir='ltr' id='par_1_68' title="bbox 1903 823 3486 930">
     <span class='ocr_line' id='line_1_68' title="bbox 1903 823 3486 930; baseline 0.027 -56"><span class='ocrx_word' id='word_1_528' title='bbox 1903 828 1956 875; x_wconf 87' lang='lat' dir='ltr'><strong>te</strong></span> <span class='ocrx_word' id='word_1_529' title='bbox 1984 823 2242 894; x_wconf 66' lang='lat' dir='ltr'><strong>formicae,</strong></span> <span class='ocrx_word' id='word_1_530' title='bbox 2261 846 2418 900; x_wconf 89' lang='lat' dir='ltr'><strong>quam</strong></span> <span class='ocrx_word' id='word_1_531' title='bbox 2448 851 2568 893; x_wconf 89' lang='lat' dir='ltr'><strong>cum</strong></span> <span class='ocrx_word' id='word_1_532' title='bbox 2613 842 2810 898; x_wconf 88' lang='lat' dir='ltr'><strong>transis</strong></span> <span class='ocrx_word' id='word_1_533' title='bbox 2835 844 3054 905; x_wconf 80' lang='lat' dir='ltr'><strong>ﬂuvium</strong></span> <span class='ocrx_word' id='word_1_534' title='bbox 3077 852 3126 906; x_wconf 89' lang='lat' dir='ltr'><strong>in</strong></span> <span class='ocrx_word' id='word_1_535' title='bbox 3154 854 3376 928; x_wconf 89' lang='lat' dir='ltr'><strong>alicujus</strong></span> <span class='ocrx_word' id='word_1_536' title='bbox 3397 859 3486 930; x_wconf 92' lang='lat' dir='ltr'><strong>ju-</strong></span> 
     </span>
    </p>
   </div>
   <div class='ocr_carea' id='block_1_69' title="bbox 1899 916 2387 980">
    <p class='ocr_par' dir='ltr' id='par_1_69' title="bbox 1899 916 2387 980">
     <span class='ocr_line' id='line_1_69' title="bbox 1899 916 2387 980; baseline 0.027 -15"><span class='ocrx_word' id='word_1_537' title='bbox 1899 916 2060 970; x_wconf 92' lang='lat' dir='ltr'><strong>menti</strong></span> <span class='ocrx_word' id='word_1_538' title='bbox 2090 919 2387 980; x_wconf 88' lang='lat' dir='ltr'><strong>altitudine.</strong></span> 
     </span>
    </p>
   </div>
   <div class='ocr_carea' id='block_1_70' title="bbox 1895 1003 3482 1112">
    <p class='ocr_par' dir='ltr' id='par_1_70' title="bbox 1895 1003 3482 1112">
     <span class='ocr_line' id='line_1_70' title="bbox 1895 1003 3482 1112; baseline 0.026 -54"><span class='ocrx_word' id='word_1_539' title='bbox 1895 1003 2122 1063; x_wconf 85' lang='lat' dir='ltr'><strong>CAPUT</strong></span> <span class='ocrx_word' id='word_1_540' title='bbox 2162 1010 2414 1069; x_wconf 79' lang='lat' dir='ltr'><strong>XVll.-—</strong></span> <span class='ocrx_word' id='word_1_541' title='bbox 2446 1017 2515 1074; x_wconf 87' lang='lat' dir='ltr'><strong>Ut</strong></span> <span class='ocrx_word' id='word_1_542' title='bbox 2552 1021 2859 1096; x_wconf 80' lang='lat' dir='ltr'><strong>intelligitur</strong></span> <span class='ocrx_word' id='word_1_543' title='bbox 2878 1031 2947 1084; x_wconf 87' lang='lat' dir='ltr'><strong>ad</strong></span> <span class='ocrx_word' id='word_1_544' title='bbox 2972 1037 3242 1106; x_wconf 77' lang='lat' dir='ltr'><strong>imaginem</strong></span> <span class='ocrx_word' id='word_1_545' title='bbox 3283 1039 3377 1096; x_wconf 89' lang='lat' dir='ltr'><strong>Dei</strong></span> <span class='ocrx_word' id='word_1_546' title='bbox 3394 1044 3482 1112; x_wconf 80' lang='lat' dir='ltr'><strong>{a-</strong></span> 
     </span>
    </p>
   </div>
   <div class='ocr_carea' id='block_1_71' title="bbox 2337 1110 3068 1186">
    <p class='ocr_par' dir='ltr' id='par_1_71' title="bbox 2337 1110 3068 1186">
     <span class='ocr_line' id='line_1_71' title="bbox 2337 1110 3068 1186; baseline 0.029 -27"><span class='ocrx_word' id='word_1_547' title='bbox 2337 1117 2444 1163; x_wconf 87' lang='lat' dir='ltr'><strong>ctus</strong></span> <span class='ocrx_word' id='word_1_548' title='bbox 2464 1110 2634 1180; x_wconf 83' lang='lat' dir='ltr'><strong>homo,</strong></span> <span class='ocrx_word' id='word_1_549' title='bbox 2648 1116 2805 1186; x_wconf 72' lang='lat' dir='ltr'><strong>juxta</strong></span> <span class='ocrx_word' id='word_1_550' title='bbox 2827 1136 2954 1176; x_wconf 82' lang='lat' dir='ltr'><strong>vers.</strong></span> <span class='ocrx_word' id='word_1_551' title='bbox 2979 1123 3068 1180; x_wconf 72' lang='lat'><strong>26.</strong></span> 
     </span>
    </p>
   </div>
   <div class='ocr_carea' id='block_1_72' title="bbox 1958 1187 3470 1298">
    <p class='ocr_par' dir='ltr' id='par_1_72' title="bbox 1958 1187 3470 1298">
     <span class='ocr_line' id='line_1_72' title="bbox 1958 1187 3470 1298; baseline 0.028 -57"><span class='ocrx_word' id='word_1_552' title='bbox 1958 1187 2050 1243; x_wconf 78' lang='grc'><strong>27.</strong></span> <span class='ocrx_word' id='word_1_553' title='bbox 2075 1190 2141 1246; x_wconf 85' lang='lat' dir='ltr'><strong>Et</strong></span> <span class='ocrx_word' id='word_1_554' title='bbox 2167 1195 2294 1250; x_wconf 72' lang='lat' dir='ltr'><strong>dixit</strong></span> <span class='ocrx_word' id='word_1_555' title='bbox 2321 1198 2455 1256; x_wconf 86' lang='lat' dir='ltr'><strong>Deus</strong></span> <span class='ocrx_word' id='word_1_556' title='bbox 2486 1219 2505 1257; x_wconf 90' lang='lat'><strong><em>:</em></strong></span> <span class='ocrx_word' id='word_1_557' title='bbox 2535 1203 2809 1266; x_wconf 77' lang='lat' dir='ltr'><strong>Faciamus</strong></span> <span class='ocrx_word' id='word_1_558' title='bbox 2828 1213 3083 1273; x_wconf 78' lang='lat' dir='ltr'><strong>hominem</strong></span> <span class='ocrx_word' id='word_1_559' title='bbox 3111 1222 3179 1275; x_wconf 86' lang='lat' dir='ltr'><strong>ad</strong></span> <span class='ocrx_word' id='word_1_560' title='bbox 3202 1223 3470 1298; x_wconf 77' lang='lat' dir='ltr'><strong>imaginem</strong></span> 
     </span>
    </p>
   </div>
   <div class='ocr_carea' id='block_1_73' title="bbox 1890 1280 3468 1383">
    <p class='ocr_par' dir='ltr' id='par_1_73' title="bbox 1890 1280 3468 1383">
     <span class='ocr_line' id='line_1_73' title="bbox 1890 1280 3468 1383; baseline 0.028 -53"><span class='ocrx_word' id='word_1_561' title='bbox 1890 1286 1938 1331; x_wconf 90' lang='lat' dir='ltr'><strong>et</strong></span> <span class='ocrx_word' id='word_1_562' title='bbox 1956 1280 2335 1342; x_wconf 73' lang='lat' dir='ltr'><strong>similitudinem</strong></span> <span class='ocrx_word' id='word_1_563' title='bbox 2364 1302 2588 1358; x_wconf 88' lang='lat' dir='ltr'><strong>nostram</strong></span> <span class='ocrx_word' id='word_1_564' title='bbox 2612 1314 2632 1362; x_wconf 87' lang='lat'><em>;</em></span> <span class='ocrx_word' id='word_1_565' title='bbox 2662 1309 2707 1352; x_wconf 84' lang='lat' dir='ltr'><strong>et</strong></span> <span class='ocrx_word' id='word_1_566' title='bbox 2728 1302 2905 1357; x_wconf 80' lang='lat' dir='ltr'><strong>habeat</strong></span> <span class='ocrx_word' id='word_1_567' title='bbox 2931 1317 3227 1377; x_wconf 80' lang='lat' dir='ltr'><strong>potestatem</strong></span> <span class='ocrx_word' id='word_1_568' title='bbox 3251 1280 3468 1383; x_wconf 59' lang='lat' dir='ltr'><strong>piscium</strong></span> 
     </span>
    </p>
   </div>
   <div class='ocr_carea' id='block_1_74' title="bbox 1888 1374 3472 1478">
    <p class='ocr_par' dir='ltr' id='par_1_74' title="bbox 1888 1374 3472 1478">
     <span class='ocr_line' id='line_1_74' title="bbox 1888 1374 3472 1478; baseline 0.027 -57"><span class='ocrx_word' id='word_1_569' title='bbox 1888 1374 2043 1427; x_wconf 86' lang='lat' dir='ltr'><strong>maris</strong></span> <span class='ocrx_word' id='word_1_570' title='bbox 2061 1383 2106 1427; x_wconf 87' lang='lat' dir='ltr'><strong>et</strong></span> <span class='ocrx_word' id='word_1_571' title='bbox 2131 1378 2406 1434; x_wconf 84' lang='lat' dir='ltr'><strong>volatilium</strong></span> <span class='ocrx_word' id='word_1_572' title='bbox 2426 1387 2556 1452; x_wconf 71' lang='lat' dir='ltr'><strong>caeli,</strong></span> <span class='ocrx_word' id='word_1_573' title='bbox 2582 1396 2630 1440; x_wconf 92' lang='lat' dir='ltr'><strong>et</strong></span> <span class='ocrx_word' id='word_1_574' title='bbox 2651 1393 2875 1447; x_wconf 89' lang='lat' dir='ltr'><strong>omnium</strong></span> <span class='ocrx_word' id='word_1_575' title='bbox 2900 1413 3136 1465; x_wconf 85' lang='lat' dir='ltr'><strong>pecorum</strong></span> <span class='ocrx_word' id='word_1_576' title='bbox 3157 1413 3205 1457; x_wconf 88' lang='lat' dir='ltr'><strong>et</strong></span> <span class='ocrx_word' id='word_1_577' title='bbox 3225 1407 3472 1478; x_wconf 81' lang='lat' dir='ltr'><strong>ferarum,</strong></span> 
     </span>
    </p>
   </div>
   <div class='ocr_carea' id='block_1_75' title="bbox 1886 1467 3472 1563">
    <p class='ocr_par' dir='ltr' id='par_1_75' title="bbox 1886 1467 3472 1563">
     <span class='ocr_line' id='line_1_75' title="bbox 1886 1467 3472 1563; baseline 0.026 -49"><span class='ocrx_word' id='word_1_578' title='bbox 1886 1471 1932 1515; x_wconf 89' lang='lat' dir='ltr'><strong>et</strong></span> <span class='ocrx_word' id='word_1_579' title='bbox 1953 1467 2114 1519; x_wconf 87' lang='lat' dir='ltr'><strong>omnis</strong></span> <span class='ocrx_word' id='word_1_580' title='bbox 2144 1477 2307 1532; x_wconf 78' lang='lat' dir='ltr'><strong>teme,</strong></span> <span class='ocrx_word' id='word_1_581' title='bbox 2331 1483 2377 1526; x_wconf 89' lang='lat' dir='ltr'><strong>et</strong></span> <span class='ocrx_word' id='word_1_582' title='bbox 2402 1478 2623 1531; x_wconf 88' lang='lat' dir='ltr'><strong>omnium</strong></span> <span class='ocrx_word' id='word_1_583' title='bbox 2644 1484 2921 1552; x_wconf 86' lang='lat' dir='ltr'><strong>reptilium,</strong></span> <span class='ocrx_word' id='word_1_584' title='bbox 2957 1505 3071 1559; x_wconf 77' lang='lat' dir='ltr'><strong>qua:</strong></span> <span class='ocrx_word' id='word_1_585' title='bbox 3105 1509 3257 1563; x_wconf 83' lang='lat' dir='ltr'><strong>super</strong></span> <span class='ocrx_word' id='word_1_586' title='bbox 3283 1506 3472 1554; x_wconf 84' lang='lat' dir='ltr'><strong>terram</strong></span> 
     </span>
    </p>
   </div>
   <div class='ocr_carea' id='block_1_76' title="bbox 1884 1568 3473 1657">
    <p class='ocr_par' dir='ltr' id='par_1_76' title="bbox 1884 1568 3473 1657">
     <span class='ocr_line' id='line_1_76' title="bbox 1884 1568 3473 1657; baseline 0.026 -51"><span class='ocrx_word' id='word_1_587' title='bbox 1884 1568 2082 1626; x_wconf 82' lang='lat' dir='ltr'><strong>repunt,</strong></span> <span class='ocrx_word' id='word_1_588' title='bbox 2105 1568 2159 1614; x_wconf 91' lang='lat' dir='ltr'><strong>et</strong></span> <span class='ocrx_word' id='word_1_589' title='bbox 2178 1571 2366 1618; x_wconf 84' lang='lat' dir='ltr'><strong>caetera</strong></span> <span class='ocrx_word' id='word_1_590' title='bbox 2392 1581 2558 1638; x_wconf 87' lang='lat' dir='ltr'><strong>usque</strong></span> <span class='ocrx_word' id='word_1_591' title='bbox 2577 1570 2643 1626; x_wconf 88' lang='lat' dir='ltr'><strong>ad</strong></span> <span class='ocrx_word' id='word_1_592' title='bbox 2662 1589 2934 1645; x_wconf 82' lang='lat' dir='ltr'><strong>vesperam</strong></span> <span class='ocrx_word' id='word_1_593' title='bbox 2952 1591 3006 1636; x_wconf 90' lang='lat' dir='ltr'><strong>et</strong></span> <span class='ocrx_word' id='word_1_594' title='bbox 3029 1598 3183 1640; x_wconf 87' lang='lat' dir='ltr'><strong>mane</strong></span> <span class='ocrx_word' id='word_1_595' title='bbox 3197 1602 3302 1657; x_wconf 90' lang='lat' dir='ltr'><strong>quo</strong></span> <span class='ocrx_word' id='word_1_596' title='bbox 3324 1604 3445 1647; x_wconf 77' lang='lat' dir='ltr'><strong>com</strong></span> <span class='ocrx_word' id='word_1_597' title='bbox 3458 1622 3473 1637; x_wconf 82' lang='lat'><strong><em>-</em></strong></span> 
     </span>
    </p>
   </div>
   <div class='ocr_carea' id='block_1_77' title="bbox 1885 1647 3468 1741">
    <p class='ocr_par' dir='ltr' id='par_1_77' title="bbox 1885 1647 3468 1741">
     <span class='ocr_line' id='line_1_77' title="bbox 1885 1647 3468 1741; baseline 0.025 -42"><span class='ocrx_word' id='word_1_598' title='bbox 1885 1647 2054 1714; x_wconf 77' lang='lat' dir='ltr'><strong>pietur</strong></span> <span class='ocrx_word' id='word_1_599' title='bbox 2081 1650 2193 1708; x_wconf 88' lang='lat' dir='ltr'><strong>dies</strong></span> <span class='ocrx_word' id='word_1_600' title='bbox 2222 1664 2422 1712; x_wconf 89' lang='lat' dir='ltr'><strong>sextus.</strong></span> <span class='ocrx_word' id='word_1_601' title='bbox 2454 1659 2610 1716; x_wconf 87' lang='lat' dir='ltr'><strong>Istam</strong></span> <span class='ocrx_word' id='word_1_602' title='bbox 2644 1667 2873 1724; x_wconf 81' lang='lat' dir='ltr'><strong>maxime</strong></span> <span class='ocrx_word' id='word_1_603' title='bbox 2916 1676 3266 1741; x_wconf 67' lang='lat' dir='ltr'><strong>quaestionem</strong></span> <span class='ocrx_word' id='word_1_604' title='bbox 3292 1681 3468 1738; x_wconf 86' lang='lat' dir='ltr'><strong>solent</strong></span> 
     </span>
    </p>
   </div>
   <div class='ocr_carea' id='block_1_78' title="bbox 1881 1735 3460 1840">
    <p class='ocr_par' dir='ltr' id='par_1_78' title="bbox 1881 1735 3460 1840">
     <span class='ocr_line' id='line_1_78' title="bbox 1881 1735 3460 1840; baseline 0.025 -52"><span class='ocrx_word' id='word_1_605' title='bbox 1881 1735 2154 1796; x_wconf 69' lang='lat' dir='ltr'><strong>Manicbmi</strong></span> <span class='ocrx_word' id='word_1_606' title='bbox 2184 1743 2476 1814; x_wconf 89' lang='lat' dir='ltr'><strong>loquaciter</strong></span> <span class='ocrx_word' id='word_1_607' title='bbox 2502 1752 2724 1821; x_wconf 81' lang='lat' dir='ltr'><strong>agitare,</strong></span> <span class='ocrx_word' id='word_1_608' title='bbox 2754 1767 2808 1812; x_wconf 89' lang='lat' dir='ltr'><strong>et</strong></span> <span class='ocrx_word' id='word_1_609' title='bbox 2834 1735 3088 1819; x_wconf 79' lang='lat' dir='ltr'><strong>insultare</strong></span> <span class='ocrx_word' id='word_1_610' title='bbox 3120 1767 3274 1823; x_wconf 90' lang='lat' dir='ltr'><strong>nobis</strong></span> <span class='ocrx_word' id='word_1_611' title='bbox 3318 1772 3460 1840; x_wconf 91' lang='lat' dir='ltr'><strong>quod</strong></span> 
     </span>
    </p>
   </div>
   <div class='ocr_carea' id='block_1_79' title="bbox 1881 1824 3464 1922">
    <p class='ocr_par' dir='ltr' id='par_1_79' title="bbox 1881 1824 3464 1922">
     <span class='ocr_line' id='line_1_79' title="bbox 1881 1824 3464 1922; baseline 0.027 -43"><span class='ocrx_word' id='word_1_612' title='bbox 1881 1824 2148 1886; x_wconf 85' lang='lat' dir='ltr'><strong>hominem</strong></span> <span class='ocrx_word' id='word_1_613' title='bbox 2171 1836 2448 1895; x_wconf 82' lang='lat' dir='ltr'><strong>credamus</strong></span> <span class='ocrx_word' id='word_1_614' title='bbox 2475 1841 2666 1899; x_wconf 85' lang='lat' dir='ltr'><strong>factum</strong></span> <span class='ocrx_word' id='word_1_615' title='bbox 2687 1847 2752 1900; x_wconf 93' lang='lat' dir='ltr'><strong>ad</strong></span> <span class='ocrx_word' id='word_1_616' title='bbox 2775 1849 3054 1922; x_wconf 87' lang='lat' dir='ltr'><strong>imaginem</strong></span> <span class='ocrx_word' id='word_1_617' title='bbox 3075 1866 3130 1912; x_wconf 90' lang='lat' dir='ltr'><strong>et</strong></span> <span class='ocrx_word' id='word_1_618' title='bbox 3157 1824 3464 1921; x_wconf 51' lang='lat' dir='ltr'><strong>similit&#39;udi-</strong></span> 
     </span>
    </p>
   </div>
   <div class='ocr_carea' id='block_1_80' title="bbox 1878 1921 3466 2018">
    <p class='ocr_par' dir='ltr' id='par_1_80' title="bbox 1878 1921 3466 2018">
     <span class='ocr_line' id='line_1_80' title="bbox 1878 1921 3466 2018; baseline 0.025 -47"><span class='ocrx_word' id='word_1_619' title='bbox 1878 1933 2002 1974; x_wconf 91' lang='lat' dir='ltr'><strong>nem</strong></span> <span class='ocrx_word' id='word_1_620' title='bbox 2039 1921 2149 1978; x_wconf 89' lang='lat' dir='ltr'><strong>Dei.</strong></span> <span class='ocrx_word' id='word_1_621' title='bbox 2201 1927 2492 1987; x_wconf 82' lang='lat' dir='ltr'><strong>Attendunt</strong></span> <span class='ocrx_word' id='word_1_622' title='bbox 2516 1935 2657 1990; x_wconf 89' lang='lat' dir='ltr'><strong>enim</strong></span> <span class='ocrx_word' id='word_1_623' title='bbox 2687 1921 2907 2008; x_wconf 79' lang='lat' dir='ltr'><strong>ﬁguram</strong></span> <span class='ocrx_word' id='word_1_624' title='bbox 2935 1949 3173 2016; x_wconf 88' lang='lat' dir='ltr'><strong>corporis</strong></span> <span class='ocrx_word' id='word_1_625' title='bbox 3199 1955 3386 2018; x_wconf 88' lang='lat' dir='ltr'><strong>nostri,</strong></span> <span class='ocrx_word' id='word_1_626' title='bbox 3409 1965 3466 2011; x_wconf 89' lang='lat' dir='ltr'><strong>et</strong></span> 
     </span>
    </p>
   </div>
   <div class='ocr_carea' id='block_1_81' title="bbox 1877 2009 3462 2102">
    <p class='ocr_par' dir='ltr' id='par_1_81' title="bbox 1877 2009 3462 2102">
     <span class='ocr_line' id='line_1_81' title="bbox 1877 2009 3462 2102; baseline 0.026 -40"><span class='ocrx_word' id='word_1_627' title='bbox 1877 2009 2156 2067; x_wconf 83' lang='lat' dir='ltr'><strong>infeliciter</strong></span> <span class='ocrx_word' id='word_1_628' title='bbox 2183 2029 2429 2087; x_wconf 71' lang='lat' dir='ltr'><strong>quaerunt</strong></span> <span class='ocrx_word' id='word_1_629' title='bbox 2455 2032 2630 2080; x_wconf 89' lang='lat' dir='ltr'><strong>utrum</strong></span> <span class='ocrx_word' id='word_1_630' title='bbox 2658 2026 2851 2085; x_wconf 89' lang='lat' dir='ltr'><strong>habeat</strong></span> <span class='ocrx_word' id='word_1_631' title='bbox 2877 2009 3203 2096; x_wconf 44' lang='lat' dir='ltr'><strong>Deus-nares</strong></span> <span class='ocrx_word' id='word_1_632' title='bbox 3228 2050 3285 2097; x_wconf 88' lang='lat' dir='ltr'><strong>et</strong></span> <span class='ocrx_word' id='word_1_633' title='bbox 3330 2044 3462 2102; x_wconf 85' lang='lat' dir='ltr'><strong>den-</strong></span> 
     </span>
    </p>
   </div>
   <div class='ocr_carea' id='block_1_82' title="bbox 1877 2105 3454 2201">
    <p class='ocr_par' dir='ltr' id='par_1_82' title="bbox 1877 2105 3454 2201">
     <span class='ocr_line' id='line_1_82' title="bbox 1877 2105 3454 2201; baseline 0.024 -45"><span class='ocrx_word' id='word_1_634' title='bbox 1877 2110 1955 2158; x_wconf 90' lang='lat' dir='ltr'><strong>tes</strong></span> <span class='ocrx_word' id='word_1_635' title='bbox 1980 2113 2034 2159; x_wconf 89' lang='lat' dir='ltr'><strong>et</strong></span> <span class='ocrx_word' id='word_1_636' title='bbox 2058 2105 2296 2175; x_wconf 87' lang='lat' dir='ltr'><strong>barbam,</strong></span> <span class='ocrx_word' id='word_1_637' title='bbox 2329 2121 2382 2166; x_wconf 91' lang='lat' dir='ltr'><strong>et</strong></span> <span class='ocrx_word' id='word_1_638' title='bbox 2405 2117 2640 2173; x_wconf 89' lang='lat' dir='ltr'><strong>membra</strong></span> <span class='ocrx_word' id='word_1_639' title='bbox 2685 2122 2842 2178; x_wconf 90' lang='lat' dir='ltr'><strong>etiam</strong></span> <span class='ocrx_word' id='word_1_640' title='bbox 2872 2125 3144 2198; x_wconf 89' lang='lat' dir='ltr'><strong>interiora,</strong></span> <span class='ocrx_word' id='word_1_641' title='bbox 3173 2143 3238 2201; x_wconf 29' lang='lat' dir='ltr'><strong>let</strong></span> <span class='ocrx_word' id='word_1_642' title='bbox 3261 2145 3454 2193; x_wconf 65' lang='lat' dir='ltr'><strong>caetera</strong></span> 
     </span>
    </p>
   </div>
   <div class='ocr_carea' id='block_1_83' title="bbox 1872 2197 3453 2284">
    <p class='ocr_par' dir='ltr' id='par_1_83' title="bbox 1872 2197 3453 2284">
     <span class='ocr_line' id='line_1_83' title="bbox 1872 2197 3453 2284; baseline 0.025 -39"><span class='ocrx_word' id='word_1_643' title='bbox 1872 2209 1990 2264; x_wconf 66' lang='lat' dir='ltr'><strong>quae</strong></span> <span class='ocrx_word' id='word_1_644' title='bbox 2015 2197 2065 2251; x_wconf 94' lang='lat' dir='ltr'><strong>in</strong></span> <span class='ocrx_word' id='word_1_645' title='bbox 2094 2201 2244 2255; x_wconf 88' lang='lat' dir='ltr'><strong>nobis</strong></span> <span class='ocrx_word' id='word_1_646' title='bbox 2279 2214 2413 2264; x_wconf 77' lang='lat' dir='ltr'><strong>sunt</strong></span> <span class='ocrx_word' id='word_1_647' title='bbox 2436 2213 2755 2267; x_wconf 85' lang='lat' dir='ltr'><strong>necessaria.</strong></span> <span class='ocrx_word' id='word_1_648' title='bbox 2787 2214 2844 2270; x_wconf 87' lang='lat' dir='ltr'><strong>In</strong></span> <span class='ocrx_word' id='word_1_649' title='bbox 2883 2217 2992 2274; x_wconf 87' lang='lat' dir='ltr'><strong>Deo</strong></span> <span class='ocrx_word' id='word_1_650' title='bbox 3028 2197 3204 2279; x_wconf 84' lang='lat' dir='ltr'><strong>autem</strong></span> <span class='ocrx_word' id='word_1_651' title='bbox 3233 2227 3354 2282; x_wconf 88' lang='lat' dir='ltr'><strong>talia</strong></span> <span class='ocrx_word' id='word_1_652' title='bbox 3377 2231 3453 2284; x_wconf 90' lang='lat' dir='ltr'><strong>ri-</strong></span> 
     </span>
    </p>
   </div>
   <div class='ocr_carea' id='block_1_84' title="bbox 1869 2286 3450 2386">
    <p class='ocr_par' dir='ltr' id='par_1_84' title="bbox 1869 2286 3450 2386">
     <span class='ocr_line' id='line_1_84' title="bbox 1869 2286 3450 2386; baseline 0.023 -47"><span class='ocrx_word' id='word_1_653' title='bbox 1869 2286 2100 2344; x_wconf 87' lang='lat' dir='ltr'><strong>diculum</strong></span> <span class='ocrx_word' id='word_1_654' title='bbox 2131 2301 2231 2354; x_wconf 87' lang='lat' dir='ltr'><strong>est.</strong></span> <span class='ocrx_word' id='word_1_655' title='bbox 2263 2295 2370 2351; x_wconf 91' lang='lat' dir='ltr'><strong>imo</strong></span> <span class='ocrx_word' id='word_1_656' title='bbox 2396 2299 2615 2370; x_wconf 89' lang='lat' dir='ltr'><strong>impium</strong></span> <span class='ocrx_word' id='word_1_657' title='bbox 2638 2305 2875 2372; x_wconf 90' lang='lat' dir='ltr'><strong>credere,</strong></span> <span class='ocrx_word' id='word_1_658' title='bbox 2900 2319 2955 2364; x_wconf 91' lang='lat' dir='ltr'><strong>et</strong></span> <span class='ocrx_word' id='word_1_659' title='bbox 2975 2311 3095 2368; x_wconf 92' lang='lat' dir='ltr'><strong>ideo</strong></span> <span class='ocrx_word' id='word_1_660' title='bbox 3132 2327 3327 2386; x_wconf 78' lang='lat' dir='ltr'><strong>negant</strong></span> <span class='ocrx_word' id='word_1_661' title='bbox 3352 2319 3450 2376; x_wconf 91' lang='lat' dir='ltr'><strong>ho-</strong></span> 
     </span>
    </p>
   </div>
   <div class='ocr_carea' id='block_1_85' title="bbox 1868 2380 3450 2469">
    <p class='ocr_par' dir='ltr' id='par_1_85' title="bbox 1868 2380 3450 2469">
     <span class='ocr_line' id='line_1_85' title="bbox 1868 2380 3450 2469; baseline 0.025 -38"><span class='ocrx_word' id='word_1_662' title='bbox 1868 2380 2064 2436; x_wconf 90' lang='lat' dir='ltr'><strong>minem</strong></span> <span class='ocrx_word' id='word_1_663' title='bbox 2112 2382 2306 2441; x_wconf 83' lang='lat' dir='ltr'><strong>factum</strong></span> <span class='ocrx_word' id='word_1_664' title='bbox 2343 2404 2462 2446; x_wconf 89' lang='lat' dir='ltr'><strong>esse</strong></span> <span class='ocrx_word' id='word_1_665' title='bbox 2513 2393 2581 2448; x_wconf 90' lang='lat' dir='ltr'><strong>ad</strong></span> <span class='ocrx_word' id='word_1_666' title='bbox 2634 2395 2916 2466; x_wconf 81' lang='lat' dir='ltr'><strong>imaginem</strong></span> <span class='ocrx_word' id='word_1_667' title='bbox 2954 2412 3009 2458; x_wconf 90' lang='lat' dir='ltr'><strong>et</strong></span> <span class='ocrx_word' id='word_1_668' title='bbox 3049 2405 3450 2469; x_wconf 78' lang='lat' dir='ltr'><strong>similitudinem</strong></span> 
     </span>
    </p>
   </div>
   <div class='ocr_carea' id='block_1_86' title="bbox 1869 2473 3446 2567">
    <p class='ocr_par' dir='ltr' id='par_1_86' title="bbox 1869 2473 3446 2567">
     <span class='ocr_line' id='line_1_86' title="bbox 1869 2473 3446 2567; baseline 0.023 -41"><span class='ocrx_word' id='word_1_669' title='bbox 1869 2473 1981 2528; x_wconf 90' lang='lat' dir='ltr'><strong>Dei.</strong></span> <span class='ocrx_word' id='word_1_670' title='bbox 2017 2475 2220 2541; x_wconf 88' lang='lat' dir='ltr'><strong>Quibus</strong></span> <span class='ocrx_word' id='word_1_671' title='bbox 2250 2483 2656 2552; x_wconf 87' lang='lat' dir='ltr'><strong>respondemus,</strong></span> <span class='ocrx_word' id='word_1_672' title='bbox 2699 2492 2939 2549; x_wconf 89' lang='lat' dir='ltr'><strong>membra</strong></span> <span class='ocrx_word' id='word_1_673' title='bbox 2991 2498 3206 2567; x_wconf 92' lang='lat' dir='ltr'><strong>quidem</strong></span> <span class='ocrx_word' id='word_1_674' title='bbox 3245 2502 3343 2558; x_wconf 92' lang='lat' dir='ltr'><strong>ista</strong></span> <span class='ocrx_word' id='word_1_675' title='bbox 3391 2506 3446 2562; x_wconf 84' lang='lat' dir='ltr'><strong>in</strong></span> 
     </span>
    </p>
   </div>
   <div class='ocr_carea' id='block_1_87' title="bbox 1863 2562 3445 2652">
    <p class='ocr_par' dir='ltr' id='par_1_87' title="bbox 1863 2562 3445 2652">
     <span class='ocr_line' id='line_1_87' title="bbox 1863 2562 3445 2652; baseline 0.023 -37"><span class='ocrx_word' id='word_1_676' title='bbox 1863 2562 2149 2633; x_wconf 87' lang='lat' dir='ltr'><strong>Scripturis</strong></span> <span class='ocrx_word' id='word_1_677' title='bbox 2170 2569 2481 2642; x_wconf 86' lang='lat' dir='ltr'><strong>plerumque</strong></span> <span class='ocrx_word' id='word_1_678' title='bbox 2506 2579 2789 2645; x_wconf 84' lang='lat' dir='ltr'><strong>nominari,</strong></span> <span class='ocrx_word' id='word_1_679' title='bbox 2820 2599 2944 2640; x_wconf 88' lang='lat' dir='ltr'><strong>cum</strong></span> <span class='ocrx_word' id='word_1_680' title='bbox 2979 2587 3120 2645; x_wconf 89' lang='lat' dir='ltr'><strong>Deus</strong></span> <span class='ocrx_word' id='word_1_681' title='bbox 3145 2591 3445 2652; x_wconf 89' lang='lat' dir='ltr'><strong>insinuatur</strong></span> 
     </span>
    </p>
   </div>
   <div class='ocr_carea' id='block_1_88' title="bbox 1862 2655 3451 2743">
    <p class='ocr_par' dir='ltr' id='par_1_88' title="bbox 1862 2655 3451 2743">
     <span class='ocr_line' id='line_1_88' title="bbox 1862 2655 3451 2743; baseline 0.023 -36"><span class='ocrx_word' id='word_1_682' title='bbox 1862 2655 2200 2714; x_wconf 87' lang='lat' dir='ltr'><strong>audientibus</strong></span> <span class='ocrx_word' id='word_1_683' title='bbox 2247 2665 2512 2732; x_wconf 90' lang='lat' dir='ltr'><strong>parvulis;</strong></span> <span class='ocrx_word' id='word_1_684' title='bbox 2540 2676 2596 2722; x_wconf 88' lang='lat' dir='ltr'><strong>et</strong></span> <span class='ocrx_word' id='word_1_685' title='bbox 2633 2668 2732 2725; x_wconf 92' lang='lat' dir='ltr'><strong>hoc</strong></span> <span class='ocrx_word' id='word_1_686' title='bbox 2780 2688 2885 2728; x_wconf 91' lang='lat' dir='ltr'><strong>non</strong></span> <span class='ocrx_word' id='word_1_687' title='bbox 2929 2678 3100 2732; x_wconf 86' lang='lat' dir='ltr'><strong>solum</strong></span> <span class='ocrx_word' id='word_1_688' title='bbox 3152 2682 3202 2737; x_wconf 92' lang='lat' dir='ltr'><strong>in</strong></span> <span class='ocrx_word' id='word_1_689' title='bbox 3245 2685 3451 2743; x_wconf 86' lang='lat' dir='ltr'><strong>Veteris</strong></span> 
     </span>
    </p>
   </div>
   <div class='ocr_carea' id='block_1_89' title="bbox 1863 2747 3446 2834">
    <p class='ocr_par' dir='ltr' id='par_1_89' title="bbox 1863 2747 3446 2834">
     <span class='ocr_line' id='line_1_89' title="bbox 1863 2747 3446 2834; baseline 0.021 -34"><span class='ocrx_word' id='word_1_690' title='bbox 1863 2747 2186 2805; x_wconf 72' lang='lat' dir='ltr'><strong>Testamz-nti</strong></span> <span class='ocrx_word' id='word_1_691' title='bbox 2222 2753 2386 2819; x_wconf 91' lang='lat' dir='ltr'><strong>libris,</strong></span> <span class='ocrx_word' id='word_1_692' title='bbox 2432 2757 2524 2812; x_wconf 90' lang='lat' dir='ltr'><strong>sed</strong></span> <span class='ocrx_word' id='word_1_693' title='bbox 2572 2761 2730 2816; x_wconf 91' lang='lat' dir='ltr'><strong>etiam</strong></span> <span class='ocrx_word' id='word_1_694' title='bbox 2759 2764 2812 2820; x_wconf 89' lang='lat' dir='ltr'><strong>in</strong></span> <span class='ocrx_word' id='word_1_695' title='bbox 2865 2765 3016 2822; x_wconf 86' lang='lat' dir='ltr'><strong>Novi.</strong></span> <span class='ocrx_word' id='word_1_696' title='bbox 3049 2769 3178 2827; x_wconf 89' lang='lat' dir='ltr'><strong>Nam</strong></span> <span class='ocrx_word' id='word_1_697' title='bbox 3227 2785 3281 2830; x_wconf 90' lang='lat' dir='ltr'><strong>et</strong></span> <span class='ocrx_word' id='word_1_698' title='bbox 3306 2779 3446 2834; x_wconf 91' lang='lat' dir='ltr'><strong>oculi</strong></span> 
     </span>
    </p>
   </div>
   <div class='ocr_carea' id='block_1_90' title="bbox 1862 2841 3441 2934">
    <p class='ocr_par' dir='ltr' id='par_1_90' title="bbox 1862 2841 3441 2934">
     <span class='ocr_line' id='line_1_90' title="bbox 1862 2841 3441 2934; baseline 0.021 -41"><span class='ocrx_word' id='word_1_699' title='bbox 1862 2841 1953 2895; x_wconf 88' lang='lat' dir='ltr'><strong>Dei</strong></span> <span class='ocrx_word' id='word_1_700' title='bbox 1982 2855 2484 2914; x_wconf 83' lang='lat' dir='ltr'><strong>commemorantur,</strong></span> <span class='ocrx_word' id='word_1_701' title='bbox 2516 2861 2767 2919; x_wconf 89' lang='lat' dir='ltr'><strong>etaures,</strong></span> <span class='ocrx_word' id='word_1_702' title='bbox 2787 2864 2840 2912; x_wconf 91' lang='lat' dir='ltr'><strong>et</strong></span> <span class='ocrx_word' id='word_1_703' title='bbox 2861 2857 2996 2914; x_wconf 89' lang='lat' dir='ltr'><strong>labia</strong></span> <span class='ocrx_word' id='word_1_704' title='bbox 3029 2863 3068 2927; x_wconf 74' lang='grc' dir='ltr'><strong>ί,</strong></span> <span class='ocrx_word' id='word_1_705' title='bbox 3096 2874 3151 2919; x_wconf 89' lang='lat' dir='ltr'><strong>et</strong></span> <span class='ocrx_word' id='word_1_706' title='bbox 3180 2867 3359 2934; x_wconf 82' lang='lat' dir='ltr'><strong>pedes,</strong></span> <span class='ocrx_word' id='word_1_707' title='bbox 3384 2879 3441 2926; x_wconf 88' lang='lat' dir='ltr'><strong>et</strong></span> 
     </span>
    </p>
   </div>
   <div class='ocr_carea' id='block_1_91' title="bbox 1857 2931 3441 3022">
    <p class='ocr_par' dir='ltr' id='par_1_91' title="bbox 1857 2931 3441 3022">
     <span class='ocr_line' id='line_1_91' title="bbox 1857 2931 3441 3022; baseline 0.021 -38"><span class='ocrx_word' id='word_1_708' title='bbox 1857 2931 1922 2984; x_wconf 91' lang='lat' dir='ltr'><strong>ad</strong></span> <span class='ocrx_word' id='word_1_709' title='bbox 1945 2931 2215 2990; x_wconf 82' lang='lat' dir='ltr'><strong>dexteram</strong></span> <span class='ocrx_word' id='word_1_710' title='bbox 2264 2937 2355 2992; x_wconf 87' lang='lat' dir='ltr'><strong>Dei</strong></span> <span class='ocrx_word' id='word_1_711' title='bbox 2395 2939 2567 2996; x_wconf 89' lang='lat' dir='ltr'><strong>Patris</strong></span> <span class='ocrx_word' id='word_1_712' title='bbox 2611 2945 2800 3002; x_wconf 89' lang='lat' dir='ltr'><strong>sedere</strong></span> <span class='ocrx_word' id='word_1_713' title='bbox 2841 2931 3230 3022; x_wconf 80' lang='lat' dir='ltr'><strong>evangelizatur</strong></span> <span class='ocrx_word' id='word_1_714' title='bbox 3254 2959 3441 3017; x_wconf 83' lang='lat' dir='ltr'><strong>Filius.</strong></span> 
     </span>
    </p>
   </div>
   <div class='ocr_carea' id='block_1_92' title="bbox 1856 3019 3442 3121">
    <p class='ocr_par' dir='ltr' id='par_1_92' title="bbox 1856 3019 3442 3121">
     <span class='ocr_line' id='line_1_92' title="bbox 1856 3019 3442 3121; baseline 0.021 -47"><span class='ocrx_word' id='word_1_715' title='bbox 1856 3019 1918 3074; x_wconf 82' lang='lat' dir='ltr'><strong>Et</strong></span> <span class='ocrx_word' id='word_1_716' title='bbox 1946 3021 2058 3090; x_wconf 85' lang='lat' dir='ltr'><strong>ipse</strong></span> <span class='ocrx_word' id='word_1_717' title='bbox 2091 3025 2342 3082; x_wconf 85' lang='lat' dir='ltr'><strong>Dominus</strong></span> <span class='ocrx_word' id='word_1_718' title='bbox 2367 3029 2492 3086; x_wconf 83' lang='lat' dir='ltr'><strong>dicit</strong></span> <span class='ocrx_word' id='word_1_719' title='bbox 2522 3049 2535 3086; x_wconf 91' lang='lat'>:</span> <span class='ocrx_word' id='word_1_720' title='bbox 2571 3031 2745 3090; x_wconf 85' lang='lat' dir='ltr'><strong>Nolite</strong></span> <span class='ocrx_word' id='word_1_721' title='bbox 2769 3055 2858 3108; x_wconf 82' lang='lat' dir='ltr'><strong>per</strong></span> <span class='ocrx_word' id='word_1_722' title='bbox 2898 3019 3076 3098; x_wconf 65' lang='lat' dir='ltr'><strong>omium</strong></span> <span class='ocrx_word' id='word_1_723' title='bbox 3089 3047 3288 3118; x_wconf 86' lang='lat' dir='ltr'><strong>jurare,</strong></span> <span class='ocrx_word' id='word_1_724' title='bbox 3322 3054 3442 3121; x_wconf 84' lang='lat' dir='ltr'><strong>quia</strong></span> 
     </span>
    </p>
   </div>
   <div class='ocr_carea' id='block_1_93' title="bbox 1855 3113 3442 3213">
    <p class='ocr_par' dir='ltr' id='par_1_93' title="bbox 1855 3113 3442 3213">
     <span class='ocr_line' id='line_1_93' title="bbox 1855 3113 3442 3213; baseline 0.022 -49"><span class='ocrx_word' id='word_1_725' title='bbox 1855 3113 1994 3167; x_wconf 86' lang='lat' dir='ltr'><strong>sedes</strong></span> <span class='ocrx_word' id='word_1_726' title='bbox 2023 3113 2115 3182; x_wconf 76' lang='lat' dir='ltr'><strong>Dei</strong></span> <span class='ocrx_word' id='word_1_727' title='bbox 2155 3127 2225 3170; x_wconf 80' lang='lat' dir='ltr'><strong>cst</strong></span> <span class='ocrx_word' id='word_1_728' title='bbox 2252 3136 2272 3183; x_wconf 88' lang='lat'><strong><em>;</em></strong></span> <span class='ocrx_word' id='word_1_729' title='bbox 2298 3137 2452 3190; x_wconf 81' lang='lat' dir='ltr'><strong>neque</strong></span> <span class='ocrx_word' id='word_1_730' title='bbox 2475 3141 2563 3193; x_wconf 86' lang='lat' dir='ltr'><strong>per</strong></span> <span class='ocrx_word' id='word_1_731' title='bbox 2587 3135 2790 3192; x_wconf 88' lang='lat' dir='ltr'><strong>terram,</strong></span> <span class='ocrx_word' id='word_1_732' title='bbox 2818 3134 2935 3200; x_wconf 81' lang='lat' dir='ltr'><strong>quia</strong></span> <span class='ocrx_word' id='word_1_733' title='bbox 2961 3113 3232 3194; x_wconf 79' lang='lat' dir='ltr'><strong>scabellnm</strong></span> <span class='ocrx_word' id='word_1_734' title='bbox 3257 3145 3442 3213; x_wconf 88' lang='lat' dir='ltr'><strong>pedum</strong></span> 
     </span>
    </p>
   </div>
   <div class='ocr_carea' id='block_1_94' title="bbox 1855 3205 3436 3302">
    <p class='ocr_par' dir='ltr' id='par_1_94' title="bbox 1855 3205 3436 3302">
     <span class='ocr_line' id='line_1_94' title="bbox 1855 3205 3436 3302; baseline 0.024 -46"><span class='ocrx_word' id='word_1_735' title='bbox 1855 3205 1963 3274; x_wconf 84' lang='lat' dir='ltr'><strong>ejus</strong></span> <span class='ocrx_word' id='word_1_736' title='bbox 1990 3206 2313 3277; x_wconf 77' lang='lat' dir='ltr'><strong>eat(Mntth.</strong></span> <span class='ocrx_word' id='word_1_737' title='bbox 2342 3227 2396 3276; x_wconf 81' lang='grc' dir='ltr'><strong>ν,</strong></span> <span class='ocrx_word' id='word_1_738' title='bbox 2433 3214 2614 3280; x_wconf 79' lang='lat' dir='ltr'><strong>5l,55</strong></span> <span class='ocrx_word' id='word_1_739' title='bbox 2644 3217 2682 3282; x_wconf 90' lang='lat'><strong>).</strong></span> <span class='ocrx_word' id='word_1_740' title='bbox 2719 3219 2845 3276; x_wconf 88' lang='lat' dir='ltr'><strong>Item</strong></span> <span class='ocrx_word' id='word_1_741' title='bbox 2891 3225 3005 3292; x_wconf 85' lang='lat' dir='ltr'><strong>ipse</strong></span> <span class='ocrx_word' id='word_1_742' title='bbox 3051 3228 3176 3285; x_wconf 90' lang='lat' dir='ltr'><strong>dicit</strong></span> <span class='ocrx_word' id='word_1_743' title='bbox 3216 3205 3436 3302; x_wconf 75' lang='lat' dir='ltr'><strong>quodin</strong></span> 
     </span>
    </p>
   </div>
   <div class='ocr_carea' id='block_1_95' title="bbox 1851 3292 3436 3390">
    <p class='ocr_par' dir='ltr' id='par_1_95' title="bbox 1851 3292 3436 3390">
     <span class='ocr_line' id='line_1_95' title="bbox 1851 3292 3436 3390; baseline 0.026 -48"><span class='ocrx_word' id='word_1_744' title='bbox 1851 3292 2016 3362; x_wconf 77' lang='lat' dir='ltr'><strong>digito</strong></span> <span class='ocrx_word' id='word_1_745' title='bbox 2041 3295 2128 3351; x_wconf 85' lang='lat' dir='ltr'><strong>Dei</strong></span> <span class='ocrx_word' id='word_1_746' title='bbox 2157 3298 2400 3368; x_wconf 85' lang='lat' dir='ltr'><strong>ejiciehat</strong></span> <span class='ocrx_word' id='word_1_747' title='bbox 2421 3304 2678 3363; x_wconf 77' lang='lat' dir='ltr'><strong>dzrmonia</strong></span> <span class='ocrx_word' id='word_1_748' title='bbox 2705 3310 2867 3380; x_wconf 88' lang='lat' dir='ltr'><strong>(Luc.</strong></span> <span class='ocrx_word' id='word_1_749' title='bbox 2888 3332 2962 3379; x_wconf 84' lang='lat' dir='ltr'><strong>xt,</strong></span> <span class='ocrx_word' id='word_1_750' title='bbox 2981 3319 3050 3374; x_wconf 73' lang='grc'>20</span> <span class='ocrx_word' id='word_1_751' title='bbox 3066 3323 3106 3390; x_wconf 92' lang='grc'><strong>).</strong></span> <span class='ocrx_word' id='word_1_752' title='bbox 3129 3292 3436 3384; x_wconf 51' lang='grc' dir='ltr'><strong>δοθέυηιιωέ</strong></span> 
     </span>
    </p>
   </div>
   <div class='ocr_carea' id='block_1_96' title="bbox 1851 3387 3435 3475">
    <p class='ocr_par' dir='ltr' id='par_1_96' title="bbox 1851 3387 3435 3475">
     <span class='ocr_line' id='line_1_96' title="bbox 1851 3387 3435 3475; baseline 0.026 -40"><span class='ocrx_word' id='word_1_753' title='bbox 1851 3387 1937 3453; x_wconf 83' lang='lat' dir='ltr'><strong>qui</strong></span> <span class='ocrx_word' id='word_1_754' title='bbox 1965 3387 2307 3455; x_wconf 82' lang='lat' dir='ltr'><strong>spiritualiter</strong></span> <span class='ocrx_word' id='word_1_755' title='bbox 2333 3395 2631 3466; x_wconf 79' lang='lat' dir='ltr'><strong>intelligunt</strong></span> <span class='ocrx_word' id='word_1_756' title='bbox 2676 3401 2998 3475; x_wconf 86' lang='lat' dir='ltr'><strong>Scripturas,</strong></span> <span class='ocrx_word' id='word_1_757' title='bbox 3028 3387 3137 3466; x_wconf 83' lang='lat' dir='ltr'><strong>non</strong></span> <span class='ocrx_word' id='word_1_758' title='bbox 3196 3419 3435 3475; x_wconf 85' lang='lat' dir='ltr'><strong>membra</strong></span> 
     </span>
    </p>
   </div>
   <div class='ocr_carea' id='block_1_97' title="bbox 1849 3484 3436 3576">
    <p class='ocr_par' dir='ltr' id='par_1_97' title="bbox 1849 3484 3436 3576">
     <span class='ocr_line' id='line_1_97' title="bbox 1849 3484 3436 3576; baseline 0.023 -47"><span class='ocrx_word' id='word_1_759' title='bbox 1849 3491 2105 3546; x_wconf 88' lang='lat' dir='ltr'><strong>corporea</strong></span> <span class='ocrx_word' id='word_1_760' title='bbox 2139 3499 2231 3547; x_wconf 86' lang='lat' dir='ltr'><strong>per</strong></span> <span class='ocrx_word' id='word_1_761' title='bbox 2270 3484 2366 3540; x_wconf 87' lang='lat' dir='ltr'><strong>ista</strong></span> <span class='ocrx_word' id='word_1_762' title='bbox 2417 3491 2650 3557; x_wconf 90' lang='lat' dir='ltr'><strong>nomina,</strong></span> <span class='ocrx_word' id='word_1_763' title='bbox 2679 3496 2775 3550; x_wconf 86' lang='lat' dir='ltr'><strong>sed</strong></span> <span class='ocrx_word' id='word_1_764' title='bbox 2819 3501 3118 3567; x_wconf 88' lang='lat' dir='ltr'><strong>spirituales</strong></span> <span class='ocrx_word' id='word_1_765' title='bbox 3173 3513 3436 3576; x_wconf 91' lang='lat' dir='ltr'><strong>potentias</strong></span> 
     </span>
    </p>
   </div>
   <div class='ocr_carea' id='block_1_98' title="bbox 1847 3569 3433 3670">
    <p class='ocr_par' dir='ltr' id='par_1_98' title="bbox 1847 3569 3433 3670">
     <span class='ocr_line' id='line_1_98' title="bbox 1847 3569 3433 3670; baseline 0.023 -51"><span class='ocrx_word' id='word_1_766' title='bbox 1847 3569 2092 3636; x_wconf 87' lang='lat' dir='ltr'><strong>accipere</strong></span> <span class='ocrx_word' id='word_1_767' title='bbox 2117 3573 2436 3644; x_wconf 86' lang='lat' dir='ltr'><strong>didicerunt,</strong></span> <span class='ocrx_word' id='word_1_768' title='bbox 2487 3581 2625 3637; x_wconf 88' lang='lat' dir='ltr'><strong>sicut</strong></span> <span class='ocrx_word' id='word_1_769' title='bbox 2663 3588 2862 3656; x_wconf 78' lang='lat' dir='ltr'><strong>galeas,</strong></span> <span class='ocrx_word' id='word_1_770' title='bbox 2894 3602 2945 3646; x_wconf 91' lang='lat' dir='ltr'><strong>et</strong></span> <span class='ocrx_word' id='word_1_771' title='bbox 2985 3604 3211 3662; x_wconf 90' lang='lat' dir='ltr'><strong>scutum,</strong></span> <span class='ocrx_word' id='word_1_772' title='bbox 3239 3611 3291 3654; x_wconf 89' lang='lat' dir='ltr'><strong>et</strong></span> <span class='ocrx_word' id='word_1_773' title='bbox 3316 3602 3433 3670; x_wconf 83' lang='lat' dir='ltr'><strong>gla-</strong></span> 
     </span>
    </p>
   </div>
   <div class='ocr_carea' id='block_1_99' title="bbox 1847 3656 3432 3761">
    <p class='ocr_par' dir='ltr' id='par_1_99' title="bbox 1847 3656 3432 3761">
     <span class='ocr_line' id='line_1_99' title="bbox 1847 3656 3432 3761; baseline 0.021 -49"><span class='ocrx_word' id='word_1_774' title='bbox 1847 3656 1989 3713; x_wconf 90' lang='lat' dir='ltr'><strong>dium</strong></span> <span class='ocrx_word' id='word_1_775' title='bbox 2012 3660 2029 3732; x_wconf 94' lang='lat'><strong>(</strong></span> <span class='ocrx_word' id='word_1_776' title='bbox 2053 3659 2246 3729; x_wconf 82' lang='lat' dir='ltr'><strong>Eplies.</strong></span> <span class='ocrx_word' id='word_1_777' title='bbox 2301 3683 2375 3731; x_wconf 76' lang='lat' dir='ltr'><strong>vr.</strong></span> <span class='ocrx_word' id='word_1_778' title='bbox 2411 3671 2493 3733; x_wconf 89' lang='lat' dir='ltr'><strong>l6,</strong></span> <span class='ocrx_word' id='word_1_779' title='bbox 2522 3674 2586 3726; x_wconf 81' lang='lat' dir='ltr'><strong>l7</strong></span> <span class='ocrx_word' id='word_1_780' title='bbox 2614 3678 2657 3743; x_wconf 89' lang='lat'><strong>),</strong></span> <span class='ocrx_word' id='word_1_781' title='bbox 2687 3687 2741 3731; x_wconf 92' lang='lat' dir='ltr'><strong>et</strong></span> <span class='ocrx_word' id='word_1_782' title='bbox 2765 3680 2865 3734; x_wconf 90' lang='lat' dir='ltr'><strong>alia</strong></span> <span class='ocrx_word' id='word_1_783' title='bbox 2898 3684 3080 3739; x_wconf 91' lang='lat' dir='ltr'><strong>multa.</strong></span> <span class='ocrx_word' id='word_1_784' title='bbox 3102 3656 3280 3744; x_wconf 80' lang='lat' dir='ltr'><strong>Primo</strong></span> <span class='ocrx_word' id='word_1_785' title='bbox 3303 3656 3432 3761; x_wconf 69' lang='lat' dir='ltr'><strong>ergo</strong></span> 
     </span>
    </p>
   </div>
   <div class='ocr_carea' id='block_1_100' title="bbox 1845 3745 3427 3842">
    <p class='ocr_par' dir='ltr' id='par_1_100' title="bbox 1845 3745 3427 3842">
     <span class='ocr_line' id='line_1_100' title="bbox 1845 3745 3427 3842; baseline 0.023 -43"><span class='ocrx_word' id='word_1_786' title='bbox 1845 3745 1960 3802; x_wconf 90' lang='lat' dir='ltr'><strong>istis</strong></span> <span class='ocrx_word' id='word_1_787' title='bbox 1991 3749 2254 3808; x_wconf 80' lang='lat' dir='ltr'><strong>luereticis</strong></span> <span class='ocrx_word' id='word_1_788' title='bbox 2283 3755 2563 3813; x_wconf 88' lang='lat' dir='ltr'><strong>dicemtnm</strong></span> <span class='ocrx_word' id='word_1_789' title='bbox 2592 3773 2692 3829; x_wconf 90' lang='lat' dir='ltr'><strong>est,</strong></span> <span class='ocrx_word' id='word_1_790' title='bbox 2719 3783 2820 3834; x_wconf 82' lang='lat' dir='ltr'><strong>qua</strong></span> <span class='ocrx_word' id='word_1_791' title='bbox 2860 3770 3180 3842; x_wconf 82' lang='lat' dir='ltr'><strong>impudentia</strong></span> <span class='ocrx_word' id='word_1_792' title='bbox 3212 3778 3279 3832; x_wconf 89' lang='lat' dir='ltr'><strong>de</strong></span> <span class='ocrx_word' id='word_1_793' title='bbox 3305 3745 3427 3835; x_wconf 82' lang='lat' dir='ltr'><strong>tali-</strong></span> 
     </span>
    </p>
   </div>
   <div class='ocr_carea' id='block_1_101' title="bbox 1841 3835 3427 3934">
    <p class='ocr_par' dir='ltr' id='par_1_101' title="bbox 1841 3835 3427 3934">
     <span class='ocr_line' id='line_1_101' title="bbox 1841 3835 3427 3934; baseline 0.023 -43"><span class='ocrx_word' id='word_1_794' title='bbox 1841 3835 1942 3891; x_wconf 90' lang='lat' dir='ltr'><strong>bus</strong></span> <span class='ocrx_word' id='word_1_795' title='bbox 1984 3841 2160 3896; x_wconf 86' lang='lat' dir='ltr'><strong>verbis</strong></span> <span class='ocrx_word' id='word_1_796' title='bbox 2214 3843 2391 3901; x_wconf 85' lang='lat' dir='ltr'><strong>Veteri</strong></span> <span class='ocrx_word' id='word_1_797' title='bbox 2448 3849 2788 3911; x_wconf 85' lang='lat' dir='ltr'><strong>Testamento</strong></span> <span class='ocrx_word' id='word_1_798' title='bbox 2834 3861 3257 3934; x_wconf 76' lang='lat' dir='ltr'><strong>ealunmientnr,</strong></span> <span class='ocrx_word' id='word_1_799' title='bbox 3306 3886 3427 3928; x_wconf 91' lang='lat' dir='ltr'><strong>cum</strong></span> 
     </span>
    </p>
   </div>
   <div class='ocr_carea' id='block_1_102' title="bbox 1842 3927 3424 4019">
    <p class='ocr_par' dir='ltr' id='par_1_102' title="bbox 1842 3927 3424 4019">
     <span class='ocr_line' id='line_1_102' title="bbox 1842 3927 3424 4019; baseline 0.025 -39"><span class='ocrx_word' id='word_1_800' title='bbox 1842 3927 2000 3983; x_wconf 90' lang='lat' dir='ltr'><strong>etiam</strong></span> <span class='ocrx_word' id='word_1_801' title='bbox 2043 3932 2092 3984; x_wconf 94' lang='lat' dir='ltr'><strong>in</strong></span> <span class='ocrx_word' id='word_1_802' title='bbox 2144 3932 2294 3988; x_wconf 82' lang='lat' dir='ltr'><strong>Novo</strong></span> <span class='ocrx_word' id='word_1_803' title='bbox 2325 3935 2439 3992; x_wconf 83' lang='lat' dir='ltr'><strong>ha-c</strong></span> <span class='ocrx_word' id='word_1_804' title='bbox 2479 3943 2647 4009; x_wconf 86' lang='lat' dir='ltr'><strong>posita</strong></span> <span class='ocrx_word' id='word_1_805' title='bbox 2677 3947 2907 4015; x_wconf 89' lang='lat' dir='ltr'><strong>videant,</strong></span> <span class='ocrx_word' id='word_1_806' title='bbox 2935 3961 3029 4008; x_wconf 89' lang='lat' dir='ltr'><strong>aut</strong></span> <span class='ocrx_word' id='word_1_807' title='bbox 3071 3956 3293 4015; x_wconf 84' lang='lat' dir='ltr'><strong>fortasse</strong></span> <span class='ocrx_word' id='word_1_808' title='bbox 3319 3977 3424 4019; x_wconf 89' lang='lat' dir='ltr'><strong>non</strong></span> 
     </span>
    </p>
   </div>
   <div class='ocr_carea' id='block_1_103' title="bbox 1841 4018 2944 4100">
    <p class='ocr_par' dir='ltr' id='par_1_103' title="bbox 1841 4018 2944 4100">
     <span class='ocr_line' id='line_1_103' title="bbox 1841 4018 2944 4100; baseline 0.024 -31"><span class='ocrx_word' id='word_1_809' title='bbox 1841 4018 2074 4084; x_wconf 89' lang='lat' dir='ltr'><strong>videant,</strong></span> <span class='ocrx_word' id='word_1_810' title='bbox 2098 4023 2190 4076; x_wconf 89' lang='lat' dir='ltr'><strong>sed</strong></span> <span class='ocrx_word' id='word_1_811' title='bbox 2218 4039 2335 4079; x_wconf 91' lang='lat' dir='ltr'><strong>cum</strong></span> <span class='ocrx_word' id='word_1_812' title='bbox 2355 4029 2562 4100; x_wconf 84' lang='lat' dir='ltr'><strong>litigant</strong></span> <span class='ocrx_word' id='word_1_813' title='bbox 2587 4049 2944 4096; x_wconf 70' lang='lat' dir='ltr'><strong>excaacentur.</strong></span> 
     </span>
    </p>
   </div>
   <div class='ocr_carea' id='block_1_104' title="bbox 1908 4108 3415 4216">
    <p class='ocr_par' dir='ltr' id='par_1_104' title="bbox 1908 4108 3415 4216">
     <span class='ocr_line' id='line_1_104' title="bbox 1908 4108 3415 4216; baseline 0.029 -57"><span class='ocrx_word' id='word_1_814' title='bbox 1908 4108 1993 4164; x_wconf 69' lang='lat'><strong>‘28.</strong></span> <span class='ocrx_word' id='word_1_815' title='bbox 2025 4110 2129 4167; x_wconf 87' lang='lat' dir='ltr'><strong>Sed</strong></span> <span class='ocrx_word' id='word_1_816' title='bbox 2157 4125 2329 4171; x_wconf 82' lang='lat' dir='ltr'><strong>tanien</strong></span> <span class='ocrx_word' id='word_1_817' title='bbox 2355 4109 2600 4178; x_wconf 72' lang='lat' dir='ltr'><strong>noverint</strong></span> <span class='ocrx_word' id='word_1_818' title='bbox 2632 4127 2682 4181; x_wconf 91' lang='lat' dir='ltr'><strong>in</strong></span> <span class='ocrx_word' id='word_1_819' title='bbox 2707 4131 2964 4189; x_wconf 86' lang='lat' dir='ltr'><strong>catholica</strong></span> <span class='ocrx_word' id='word_1_820' title='bbox 2987 4136 3262 4209; x_wconf 59' lang='lat' dir='ltr'><strong>disciplina</strong></span> <span class='ocrx_word' id='word_1_821' title='bbox 3299 4148 3415 4216; x_wconf 84' lang='lat' dir='ltr'><strong>spi-</strong></span> 
     </span>
    </p>
   </div>
   <div class='ocr_carea' id='block_1_105' title="bbox 1836 4198 3418 4305">
    <p class='ocr_par' dir='ltr' id='par_1_105' title="bbox 1836 4198 3418 4305">
     <span class='ocr_line' id='line_1_105' title="bbox 1836 4198 3418 4305; baseline 0.028 -54"><span class='ocrx_word' id='word_1_822' title='bbox 1836 4198 2053 4256; x_wconf 86' lang='lat' dir='ltr'><strong>rituales</strong></span> <span class='ocrx_word' id='word_1_823' title='bbox 2099 4204 2279 4262; x_wconf 81' lang='lat' dir='ltr'><strong>ﬁdeles</strong></span> <span class='ocrx_word' id='word_1_824' title='bbox 2319 4226 2421 4266; x_wconf 90' lang='lat' dir='ltr'><strong>non</strong></span> <span class='ocrx_word' id='word_1_825' title='bbox 2467 4216 2690 4273; x_wconf 89' lang='lat' dir='ltr'><strong>credere</strong></span> <span class='ocrx_word' id='word_1_826' title='bbox 2741 4221 2908 4280; x_wconf 90' lang='lat' dir='ltr'><strong>Deum</strong></span> <span class='ocrx_word' id='word_1_827' title='bbox 2951 4227 3112 4283; x_wconf 88' lang='lat' dir='ltr'><strong>forma</strong></span> <span class='ocrx_word' id='word_1_828' title='bbox 3161 4249 3418 4305; x_wconf 85' lang='lat' dir='ltr'><strong>corporea</strong></span> 
     </span>
    </p>
   </div>
   <div class='ocr_carea' id='block_1_106' title="bbox 1835 4288 3418 4385">
    <p class='ocr_par' dir='ltr' id='par_1_106' title="bbox 1835 4288 3418 4385">
     <span class='ocr_line' id='line_1_106' title="bbox 1835 4288 3418 4385; baseline 0.027 -43"><span class='ocrx_word' id='word_1_829' title='bbox 1835 4288 2143 4360; x_wconf 82' lang='lat' dir='ltr'><strong>deﬁnitum;</strong></span> <span class='ocrx_word' id='word_1_830' title='bbox 2175 4308 2228 4352; x_wconf 89' lang='lat' dir='ltr'><strong>et</strong></span> <span class='ocrx_word' id='word_1_831' title='bbox 2257 4302 2397 4370; x_wconf 90' lang='lat' dir='ltr'><strong>quod</strong></span> <span class='ocrx_word' id='word_1_832' title='bbox 2427 4302 2587 4359; x_wconf 89' lang='lat' dir='ltr'><strong>homo</strong></span> <span class='ocrx_word' id='word_1_833' title='bbox 2622 4310 2688 4364; x_wconf 87' lang='lat' dir='ltr'><strong>ad</strong></span> <span class='ocrx_word' id='word_1_834' title='bbox 2717 4313 2998 4385; x_wconf 78' lang='lat' dir='ltr'><strong>imaginem</strong></span> <span class='ocrx_word' id='word_1_835' title='bbox 3028 4321 3118 4375; x_wconf 92' lang='lat' dir='ltr'><strong>Dei</strong></span> <span class='ocrx_word' id='word_1_836' title='bbox 3153 4288 3418 4384; x_wconf 30' lang='lat' dir='ltr'><strong>factus&#39;d&#39;iw-</strong></span> 
     </span>
    </p>
   </div>
   <div class='ocr_carea' id='block_1_107' title="bbox 1833 4382 3414 4475">
    <p class='ocr_par' dir='ltr' id='par_1_107' title="bbox 1833 4382 3414 4475">
     <span class='ocr_line' id='line_1_107' title="bbox 1833 4382 3414 4475; baseline 0.027 -41"><span class='ocrx_word' id='word_1_837' title='bbox 1833 4382 1992 4448; x_wconf 89' lang='lat' dir='ltr'><strong>citur,</strong></span> <span class='ocrx_word' id='word_1_838' title='bbox 2022 4389 2308 4444; x_wconf 88' lang='lat' dir='ltr'><strong>secundum</strong></span> <span class='ocrx_word' id='word_1_839' title='bbox 2333 4392 2638 4452; x_wconf 87' lang='lat' dir='ltr'><strong>interiorem</strong></span> <span class='ocrx_word' id='word_1_840' title='bbox 2661 4382 2931 4461; x_wconf 76' lang='lat' dir='ltr'><strong>hominem</strong></span> <span class='ocrx_word' id='word_1_841' title='bbox 2963 4410 3087 4472; x_wconf 82' lang='lat' dir='ltr'><strong>diei.</strong></span> <span class='ocrx_word' id='word_1_842' title='bbox 3110 4415 3194 4469; x_wconf 87' lang='lat' dir='ltr'><strong>ubi</strong></span> <span class='ocrx_word' id='word_1_843' title='bbox 3216 4427 3299 4472; x_wconf 87' lang='lat' dir='ltr'><strong>est</strong></span> <span class='ocrx_word' id='word_1_844' title='bbox 3324 4435 3414 4475; x_wconf 88' lang='lat' dir='ltr'><strong>ra-</strong></span> 
     </span>
    </p>
   </div>
   <div class='ocr_carea' id='block_1_108' title="bbox 1833 4473 3390 4580">
    <p class='ocr_par' dir='ltr' id='par_1_108' title="bbox 1833 4473 3390 4580">
     <span class='ocr_line' id='line_1_108' title="bbox 1833 4473 3390 4580; baseline 0.028 -57"><span class='ocrx_word' id='word_1_845' title='bbox 1833 4473 1906 4525; x_wconf 91' lang='lat' dir='ltr'><strong>tio</strong></span> <span class='ocrx_word' id='word_1_846' title='bbox 1931 4484 1983 4527; x_wconf 91' lang='lat' dir='ltr'><strong>et</strong></span> <span class='ocrx_word' id='word_1_847' title='bbox 2008 4476 2342 4535; x_wconf 89' lang='lat' dir='ltr'><strong>intellectus:</strong></span> <span class='ocrx_word' id='word_1_848' title='bbox 2373 4486 2511 4540; x_wconf 88' lang='lat' dir='ltr'><strong>unde</strong></span> <span class='ocrx_word' id='word_1_849' title='bbox 2562 4491 2719 4546; x_wconf 88' lang='lat' dir='ltr'><strong>etiam</strong></span> <span class='ocrx_word' id='word_1_850' title='bbox 2771 4494 2926 4552; x_wconf 91' lang='lat' dir='ltr'><strong>habet</strong></span> <span class='ocrx_word' id='word_1_851' title='bbox 2980 4512 3291 4568; x_wconf 88' lang='lat' dir='ltr'><strong>potestatem</strong></span> <span class='ocrx_word' id='word_1_852' title='bbox 3339 4512 3390 4580; x_wconf 91' lang='lat' dir='ltr'><strong>pi</strong></span> 
     </span>
    </p>
   </div>
   <div class='ocr_carea' id='block_1_109' title="bbox 1830 4565 3407 4666">
    <p class='ocr_par' dir='ltr' id='par_1_109' title="bbox 1830 4565 3407 4666">
     <span class='ocr_line' id='line_1_109' title="bbox 1830 4565 3407 4666; baseline 0.026 -50"><span class='ocrx_word' id='word_1_853' title='bbox 1830 4565 1996 4619; x_wconf 86' lang='lat' dir='ltr'><strong>scium</strong></span> <span class='ocrx_word' id='word_1_854' title='bbox 2023 4570 2207 4635; x_wconf 90' lang='lat' dir='ltr'><strong>maris,</strong></span> <span class='ocrx_word' id='word_1_855' title='bbox 2239 4582 2292 4650; x_wconf 83' lang='lat' dir='ltr'><strong>et</strong></span> <span class='ocrx_word' id='word_1_856' title='bbox 2312 4575 2599 4633; x_wconf 89' lang='lat' dir='ltr'><strong>volatilium</strong></span> <span class='ocrx_word' id='word_1_857' title='bbox 2625 4584 2766 4649; x_wconf 75' lang='lat' dir='ltr'><strong>emli,</strong></span> <span class='ocrx_word' id='word_1_858' title='bbox 2813 4596 2868 4642; x_wconf 92' lang='lat' dir='ltr'><strong>et</strong></span> <span class='ocrx_word' id='word_1_859' title='bbox 2893 4592 3129 4648; x_wconf 90' lang='lat' dir='ltr'><strong>omnium</strong></span> <span class='ocrx_word' id='word_1_860' title='bbox 3154 4612 3407 4666; x_wconf 82' lang='lat' dir='ltr'><strong>pecorum</strong></span> 
     </span>
    </p>
   </div>
   <div class='ocr_carea' id='block_1_110' title="bbox 1828 4655 3408 4758">
    <p class='ocr_par' dir='ltr' id='par_1_110' title="bbox 1828 4655 3408 4758">
     <span class='ocr_line' id='line_1_110' title="bbox 1828 4655 3408 4758; baseline 0.026 -50"><span class='ocrx_word' id='word_1_861' title='bbox 1828 4663 1882 4709; x_wconf 90' lang='lat' dir='ltr'><strong>et</strong></span> <span class='ocrx_word' id='word_1_862' title='bbox 1909 4655 2166 4725; x_wconf 86' lang='lat' dir='ltr'><strong>ferarum,</strong></span> <span class='ocrx_word' id='word_1_863' title='bbox 2217 4672 2272 4717; x_wconf 88' lang='lat' dir='ltr'><strong>et</strong></span> <span class='ocrx_word' id='word_1_864' title='bbox 2310 4667 2484 4723; x_wconf 89' lang='lat' dir='ltr'><strong>omnis</strong></span> <span class='ocrx_word' id='word_1_865' title='bbox 2528 4679 2707 4738; x_wconf 73' lang='lat' dir='ltr'><strong>terrm,</strong></span> <span class='ocrx_word' id='word_1_866' title='bbox 2738 4687 2791 4731; x_wconf 91' lang='lat' dir='ltr'><strong>et</strong></span> <span class='ocrx_word' id='word_1_867' title='bbox 2843 4683 3081 4739; x_wconf 90' lang='lat' dir='ltr'><strong>omnium</strong></span> <span class='ocrx_word' id='word_1_868' title='bbox 3109 4694 3408 4758; x_wconf 81' lang='lat' dir='ltr'><strong>repentiqu</strong></span> 
     </span>
    </p>
   </div>
   <div class='ocr_carea' id='block_1_111' title="bbox 1827 4759 3404 4844">
    <p class='ocr_par' dir='ltr' id='par_1_111' title="bbox 1827 4759 3404 4844">
     <span class='ocr_line' id='line_1_111' title="bbox 1827 4759 3404 4844; baseline 0.027 -47"><span class='ocrx_word' id='word_1_869' title='bbox 1827 4759 1944 4815; x_wconf 75' lang='lat' dir='ltr'><strong>qua:</strong></span> <span class='ocrx_word' id='word_1_870' title='bbox 1972 4761 2163 4818; x_wconf 89' lang='lat' dir='ltr'><strong>repunt</strong></span> <span class='ocrx_word' id='word_1_871' title='bbox 2183 4768 2342 4822; x_wconf 90' lang='lat' dir='ltr'><strong>super</strong></span> <span class='ocrx_word' id='word_1_872' title='bbox 2360 4766 2577 4815; x_wconf 90' lang='lat' dir='ltr'><strong>terram.</strong></span> <span class='ocrx_word' id='word_1_873' title='bbox 2601 4762 2732 4819; x_wconf 88' lang='lat' dir='ltr'><strong>Cum</strong></span> <span class='ocrx_word' id='word_1_874' title='bbox 2754 4769 2896 4824; x_wconf 92' lang='lat' dir='ltr'><strong>enim</strong></span> <span class='ocrx_word' id='word_1_875' title='bbox 2920 4773 3164 4844; x_wconf 80' lang='lat' dir='ltr'><strong>dixisset,</strong></span> <span class='ocrx_word' id='word_1_876' title='bbox 3210 4780 3404 4838; x_wconf 78' lang='lat' dir='ltr'><strong>Facia-</strong></span> 
     </span>
    </p>
   </div>
   <div class='ocr_carea' id='block_1_112' title="bbox 1826 4839 3410 4940">
    <p class='ocr_par' dir='ltr' id='par_1_112' title="bbox 1826 4839 3410 4940">
     <span class='ocr_line' id='line_1_112' title="bbox 1826 4839 3410 4940; baseline 0.027 -52"><span class='ocrx_word' id='word_1_877' title='bbox 1826 4853 1936 4892; x_wconf 85' lang='lat' dir='ltr'><strong>mus</strong></span> <span class='ocrx_word' id='word_1_878' title='bbox 1960 4839 2209 4896; x_wconf 79' lang='lat' dir='ltr'><strong>hominem</strong></span> <span class='ocrx_word' id='word_1_879' title='bbox 2258 4848 2327 4900; x_wconf 89' lang='lat' dir='ltr'><strong>ad</strong></span> <span class='ocrx_word' id='word_1_880' title='bbox 2359 4849 2626 4921; x_wconf 85' lang='lat' dir='ltr'><strong>imaginem</strong></span> <span class='ocrx_word' id='word_1_881' title='bbox 2656 4865 2702 4909; x_wconf 84' lang='lat' dir='ltr'><strong>et</strong></span> <span class='ocrx_word' id='word_1_882' title='bbox 2726 4860 3106 4922; x_wconf 82' lang='lat' dir='ltr'><strong>similitudinem</strong></span> <span class='ocrx_word' id='word_1_883' title='bbox 3143 4876 3410 4940; x_wconf 71' lang='lat' dir='ltr'><strong>nostrain;</strong></span> 
     </span>
    </p>
   </div>
   <div class='ocr_carea' id='block_1_113' title="bbox 1823 4926 3408 5025">
    <p class='ocr_par' dir='ltr' id='par_1_113' title="bbox 1823 4926 3408 5025">
     <span class='ocr_line' id='line_1_113' title="bbox 1823 4926 3408 5025; baseline 0.026 -46"><span class='ocrx_word' id='word_1_884' title='bbox 1823 4926 2021 4982; x_wconf 89' lang='lat' dir='ltr'><strong>addidit</strong></span> <span class='ocrx_word' id='word_1_885' title='bbox 2053 4935 2323 5000; x_wconf 93' lang='lat' dir='ltr'><strong>continuo,</strong></span> <span class='ocrx_word' id='word_1_886' title='bbox 2361 4937 2427 4992; x_wconf 89' lang='lat' dir='ltr'><strong>Et</strong></span> <span class='ocrx_word' id='word_1_887' title='bbox 2450 4941 2630 4998; x_wconf 83' lang='lat' dir='ltr'><strong>habeat</strong></span> <span class='ocrx_word' id='word_1_888' title='bbox 2660 4957 2953 5016; x_wconf 84' lang='lat' dir='ltr'><strong>potestatem</strong></span> <span class='ocrx_word' id='word_1_889' title='bbox 2981 4960 3192 5025; x_wconf 78' lang='lat' dir='ltr'><strong>piscium</strong></span> <span class='ocrx_word' id='word_1_890' title='bbox 3254 4967 3408 5020; x_wconf 87' lang='lat' dir='ltr'><strong>maris</strong></span> 
     </span>
    </p>
   </div>
   <div class='ocr_carea' id='block_1_114' title="bbox 1821 5021 3399 5118">
    <p class='ocr_par' dir='ltr' id='par_1_114' title="bbox 1821 5021 3399 5118">
     <span class='ocr_line' id='line_1_114' title="bbox 1821 5021 3399 5118; baseline 0.026 -49"><span class='ocrx_word' id='word_1_891' title='bbox 1821 5025 1868 5070; x_wconf 85' lang='lat' dir='ltr'><strong>et</strong></span> <span class='ocrx_word' id='word_1_892' title='bbox 1914 5021 2191 5077; x_wconf 85' lang='lat' dir='ltr'><strong>volatilium</strong></span> <span class='ocrx_word' id='word_1_893' title='bbox 2241 5029 2372 5095; x_wconf 69' lang='lat' dir='ltr'><strong>caeli,</strong></span> <span class='ocrx_word' id='word_1_894' title='bbox 2402 5041 2453 5085; x_wconf 89' lang='lat' dir='ltr'><strong>et</strong></span> <span class='ocrx_word' id='word_1_895' title='bbox 2490 5045 2720 5092; x_wconf 66' lang='lat' dir='ltr'><strong>caetera:</strong></span> <span class='ocrx_word' id='word_1_896' title='bbox 2753 5052 2810 5096; x_wconf 92' lang='lat' dir='ltr'><strong>ut</strong></span> <span class='ocrx_word' id='word_1_897' title='bbox 2854 5021 3268 5118; x_wconf 83' lang='lat' dir='ltr'><strong>intelligeretnus</strong></span> <span class='ocrx_word' id='word_1_898' title='bbox 3295 5071 3399 5110; x_wconf 91' lang='lat' dir='ltr'><strong>non</strong></span> 
     </span>
    </p>
   </div>
   <div class='ocr_carea' id='block_1_115' title="bbox 1822 5119 3398 5212">
    <p class='ocr_par' dir='ltr' id='par_1_115' title="bbox 1822 5119 3398 5212">
     <span class='ocr_line' id='line_1_115' title="bbox 1822 5119 3398 5212; baseline 0.028 -52"><span class='ocrx_word' id='word_1_899' title='bbox 1822 5119 2038 5179; x_wconf 88' lang='lat' dir='ltr'><strong>propter</strong></span> <span class='ocrx_word' id='word_1_900' title='bbox 2081 5129 2274 5186; x_wconf 90' lang='lat' dir='ltr'><strong>corpus</strong></span> <span class='ocrx_word' id='word_1_901' title='bbox 2321 5120 2424 5176; x_wconf 93' lang='lat' dir='ltr'><strong>dici</strong></span> <span class='ocrx_word' id='word_1_902' title='bbox 2458 5123 2724 5184; x_wconf 89' lang='lat' dir='ltr'><strong>hominem</strong></span> <span class='ocrx_word' id='word_1_903' title='bbox 2774 5131 2974 5191; x_wconf 84' lang='lat' dir='ltr'><strong>factum</strong></span> <span class='ocrx_word' id='word_1_904' title='bbox 3014 5139 3080 5194; x_wconf 89' lang='lat' dir='ltr'><strong>ad</strong></span> <span class='ocrx_word' id='word_1_905' title='bbox 3112 5142 3398 5212; x_wconf 69' lang='lat' dir='ltr'><strong>imaginem</strong></span> 
     </span>
    </p>
   </div>
   <div class='ocr_carea' id='block_1_116' title="bbox 1820 5199 3399 5302">
    <p class='ocr_par' dir='ltr' id='par_1_116' title="bbox 1820 5199 3399 5302">
     <span class='ocr_line' id='line_1_116' title="bbox 1820 5199 3399 5302; baseline 0.025 -49"><span class='ocrx_word' id='word_1_906' title='bbox 1820 5199 1934 5263; x_wconf 89' lang='lat' dir='ltr'><strong>Dei,</strong></span> <span class='ocrx_word' id='word_1_907' title='bbox 1965 5203 2057 5259; x_wconf 86' lang='lat' dir='ltr'><strong>sed</strong></span> <span class='ocrx_word' id='word_1_908' title='bbox 2085 5218 2302 5277; x_wconf 87' lang='lat' dir='ltr'><strong>propter</strong></span> <span class='ocrx_word' id='word_1_909' title='bbox 2326 5228 2442 5269; x_wconf 89' lang='lat' dir='ltr'><strong>eam</strong></span> <span class='ocrx_word' id='word_1_910' title='bbox 2485 5227 2798 5286; x_wconf 88' lang='lat' dir='ltr'><strong>potestatem</strong></span> <span class='ocrx_word' id='word_1_911' title='bbox 2830 5243 2932 5296; x_wconf 91' lang='lat' dir='ltr'><strong>qua</strong></span> <span class='ocrx_word' id='word_1_912' title='bbox 2977 5224 3174 5284; x_wconf 87' lang='lat' dir='ltr'><strong>omnia</strong></span> <span class='ocrx_word' id='word_1_913' title='bbox 3207 5199 3399 5302; x_wconf 77' lang='lat' dir='ltr'><strong>pecora</strong></span> 
     </span>
    </p>
   </div>
   <div class='ocr_carea' id='block_1_117' title="bbox 1817 5300 3402 5394">
    <p class='ocr_par' dir='ltr' id='par_1_117' title="bbox 1817 5300 3402 5394">
     <span class='ocr_line' id='line_1_117' title="bbox 1817 5300 3402 5394; baseline 0.026 -48"><span class='ocrx_word' id='word_1_914' title='bbox 1817 5307 2048 5364; x_wconf 87' lang='lat' dir='ltr'><strong>superat.</strong></span> <span class='ocrx_word' id='word_1_915' title='bbox 2075 5300 2260 5357; x_wconf 83' lang='lat' dir='ltr'><strong>Omnia</strong></span> <span class='ocrx_word' id='word_1_916' title='bbox 2307 5309 2447 5362; x_wconf 89' lang='lat' dir='ltr'><strong>enitn</strong></span> <span class='ocrx_word' id='word_1_917' title='bbox 2494 5314 2740 5371; x_wconf 88' lang='lat' dir='ltr'><strong>animalia</strong></span> <span class='ocrx_word' id='word_1_918' title='bbox 2779 5330 2970 5376; x_wconf 70' lang='lat' dir='ltr'><strong>caetera</strong></span> <span class='ocrx_word' id='word_1_919' title='bbox 3011 5325 3247 5394; x_wconf 88' lang='lat' dir='ltr'><strong>subjecta</strong></span> <span class='ocrx_word' id='word_1_920' title='bbox 3276 5342 3402 5389; x_wconf 89' lang='lat' dir='ltr'><strong>sunt</strong></span> 
     </span>
    </p>
   </div>
   <div class='ocr_carea' id='block_1_118' title="bbox 1824 5382 3392 5490">
    <p class='ocr_par' dir='ltr' id='par_1_118' title="bbox 1824 5382 3392 5490">
     <span class='ocr_line' id='line_1_118' title="bbox 1824 5382 3392 5490; baseline 0.027 -54"><span class='ocrx_word' id='word_1_921' title='bbox 1824 5382 2043 5453; x_wconf 87' lang='lat' dir='ltr'><strong>homini,</strong></span> <span class='ocrx_word' id='word_1_922' title='bbox 2069 5405 2176 5446; x_wconf 87' lang='lat' dir='ltr'><strong>non</strong></span> <span class='ocrx_word' id='word_1_923' title='bbox 2201 5407 2414 5466; x_wconf 75' lang='lat' dir='ltr'><strong>promer</strong></span> <span class='ocrx_word' id='word_1_924' title='bbox 2440 5415 2634 5470; x_wconf 87' lang='lat' dir='ltr'><strong>corpus</strong></span> <span class='ocrx_word' id='word_1_925' title='bbox 2652 5447 2666 5470; x_wconf 94' lang='lat'><strong>,</strong></span> <span class='ocrx_word' id='word_1_926' title='bbox 2698 5407 2788 5462; x_wconf 87' lang='lat' dir='ltr'><strong>scd</strong></span> <span class='ocrx_word' id='word_1_927' title='bbox 2819 5414 3392 5490; x_wconf 88' lang='lat' dir='ltr'><strong>propteriutellectum,</strong></span> 
     </span>
    </p>
   </div>
   <div class='ocr_carea' id='block_1_119' title="bbox 1813 5481 3398 5577">
    <p class='ocr_par' dir='ltr' id='par_1_119' title="bbox 1813 5481 3398 5577">
     <span class='ocr_line' id='line_1_119' title="bbox 1813 5481 3398 5577; baseline 0.026 -51"><span class='ocrx_word' id='word_1_928' title='bbox 1813 5490 1969 5545; x_wconf 88' lang='lat' dir='ltr'><strong>quem</strong></span> <span class='ocrx_word' id='word_1_929' title='bbox 2016 5495 2110 5534; x_wconf 92' lang='lat' dir='ltr'><strong>nos</strong></span> <span class='ocrx_word' id='word_1_930' title='bbox 2158 5481 2433 5552; x_wconf 85' lang='lat' dir='ltr'><strong>habemus,</strong></span> <span class='ocrx_word' id='word_1_931' title='bbox 2479 5501 2532 5545; x_wconf 92' lang='lat' dir='ltr'><strong>et</strong></span> <span class='ocrx_word' id='word_1_932' title='bbox 2581 5495 2667 5548; x_wconf 89' lang='lat' dir='ltr'><strong>illa</strong></span> <span class='ocrx_word' id='word_1_933' title='bbox 2715 5511 2821 5551; x_wconf 90' lang='lat' dir='ltr'><strong>non</strong></span> <span class='ocrx_word' id='word_1_934' title='bbox 2870 5497 3111 5557; x_wconf 85' lang='lat' dir='ltr'><strong>habent:</strong></span> <span class='ocrx_word' id='word_1_935' title='bbox 3149 5481 3398 5577; x_wconf 77' lang='lat' dir='ltr'><strong>quamvis</strong></span> 
     </span>
    </p>
   </div>
   <div class='ocr_carea' id='block_1_120' title="bbox 1808 5589 3394 5705">
    <p class='ocr_par' dir='ltr' id='par_1_120' title="bbox 1808 5589 3394 5705">
     <span class='ocr_line' id='line_1_120' title="bbox 1808 5589 3394 5705; baseline 0.038 -74"><span class='ocrx_word' id='word_1_936' title='bbox 1808 5653 1855 5704; x_wconf 51' lang='grc' dir='ltr'><strong>α</strong></span> <span class='ocrx_word' id='word_1_937' title='bbox 2075 5601 2120 5643; x_wconf 87' lang='lat' dir='ltr'><strong>et</strong></span> <span class='ocrx_word' id='word_1_938' title='bbox 2141 5593 2267 5648; x_wconf 77' lang='lat' dir='ltr'><strong>labia</strong></span> <span class='ocrx_word' id='word_1_939' title='bbox 2302 5607 2346 5652; x_wconf 82' lang='lat' dir='ltr'><strong>et</strong></span> <span class='ocrx_word' id='word_1_940' title='bbox 2369 5600 2532 5655; x_wconf 72' lang='grc' dir='ltr'><strong>άειυεε</strong></span> <span class='ocrx_word' id='word_1_941' title='bbox 2555 5610 2602 5657; x_wconf 75' lang='grc' dir='ltr'><strong>ει</strong></span> <span class='ocrx_word' id='word_1_942' title='bbox 2621 5607 2786 5671; x_wconf 66' lang='lat' dir='ltr'><strong>pedes.</strong></span> <span class='ocrx_word' id='word_1_943' title='bbox 2807 5617 2928 5676; x_wconf 67' lang='grc' dir='ltr'><strong>οωά</strong></span> <span class='ocrx_word' id='word_1_944' title='bbox 2951 5615 3040 5666; x_wconf 80' lang='lat' dir='ltr'><strong>sed</strong></span> <span class='ocrx_word' id='word_1_945' title='bbox 3060 5630 3090 5669; x_wconf 82' lang='lat' dir='ltr'><strong>a</strong></span> <span class='ocrx_word' id='word_1_946' title='bbox 3105 5625 3214 5673; x_wconf 63' lang='grc' dir='ltr'><strong>διεδ.</strong></span> <span class='ocrx_word' id='word_1_947' title='bbox 3234 5624 3394 5689; x_wconf 67' lang='lat' dir='ltr'><strong>abest.</strong></span> 
     </span>
    </p>
   </div>
  </div>
