3906 6308
409 1211 427 1258 Β

409 1261 428 1289 ι.

457 187 556 247 187

455 301 614 366 etiam
656 311 853 379 corpus
903 302 1147 362 nostrum
1191 291 1270 348 sic
1298 290 1610 346 fabricatum
1638 287 1725 349 sit,
1755 294 1812 340 ut
1841 282 2036 338 indicet

455 407 554 449 nos
583 375 830 450 meliores
859 405 978 458 esse
1025 402 1185 457 quam
1213 385 1429 448 bestias,
1453 392 1506 438 et
1527 392 1805 454 propterea
1839 375 1946 432 Deo
1971 375 2045 431 si-

458 488 632 552 miles.
660 461 906 548 omnium
935 481 1076 537 enim
1101 479 1410 534 animalium
1434 491 1680 546 corpora,
1710 473 1823 528 sive
1843 487 1961 541 qum
1989 470 2042 524 in

456 578 630 652 aquis,
659 578 768 632 sive
789 591 906 652 qua:
939 574 990 636 in
1023 583 1160 628 terra
1191 571 1391 635 vivunt,
1428 569 1541 626 sive
1578 581 1696 637 qum
1727 565 1777 618 in
1803 579 1929 618 aere
1957 575 2046 616 vo-

465 672 636 736 litant,
660 668 906 730 inclinata
936 672 1061 726 sunt
1085 662 1149 726 ad
1171 672 1389 726 terram,
1405 670 1456 715 et
1474 674 1576 714 non
1594 664 1717 711 sunt
1741 665 1917 712 erecta
1942 654 2046 708 sic—

461 773 520 819 ut
549 762 779 818 hominis
822 773 1035 830 corpus.
1069 756 1187 828 Quo
1228 754 1572 825 signiﬁcatur,
1605 751 1763 806 etiam
1812 747 2047 802 animum

461 863 700 908 nostrum
724 850 776 904 in
808 862 1036 921 superna
1057 861 1150 900 sua
1184 846 1225 912 ¹,
1259 843 1308 898 id
1330 851 1410 897 est
1432 842 1482 896 in
1509 851 1707 895 mterna
1731 835 2044 910 spiritualia,

397 965 402 972 ·
459 952 698 1004 erectum
729 954 852 998 esse
871 938 1090 992 debere.
1120 935 1195 989 Ita
1226 934 1540 1008 intelligitur
1558 947 1653 1000 per
1682 931 1916 986 animum
1935 942 2051 982 ma-

402 1061 405 1063 -
460 1035 626 1095 xime,
678 1038 965 1086 attestante
1007 1027 1165 1082 etiam
1192 1036 1370 1083 erecta
1397 1023 1637 1094 corporis
1668 1020 1857 1086 forma,
1889 1020 2049 1074 homo

459 1121 626 1190 factus
654 1121 719 1175 ad
750 1121 1030 1191 imaginem
1057 1126 1110 1173 ct
1130 1116 1526 1172 similitudinem
1561 1115 1672 1172 Dei.

585 1211 812 1269 CAPUT
852 1207 1035 1270 XVIII.
1065 1238 1138 1250 —-
1165 1207 1398 1264 Potestas
1425 1207 1640 1260 hominis
1667 1207 1717 1258 in
1739 1205 1938 1262 bestias.

534 1303 624 1360 29.
659 1302 955 1374 Aliquando
972 1302 1128 1356 etiam
1157 1302 1330 1357 solent
1350 1301 1530 1354 dicere
1561 1319 1572 1351 ε
1603 1297 1881 1366 Quomodo
1901 1312 2053 1353 acce-

461 1395 539 1468 pit
567 1395 724 1456 homo
755 1401 1070 1472 potestatem
1092 1392 1312 1462 piscium
1333 1393 1495 1446 maris
1522 1400 1576 1445 et
1607 1388 1897 1452 volatilinm
1929 1388 2050 1444 caeli

461 1499 517 1544 et
539 1489 778 1551 omnium
831 1502 1084 1557 pecorum
1132 1494 1185 1540 ct
1232 1484 1487 1550 ferarum,
1541 1499 1661 1538 cum
1694 1483 1970 1538 videamus
2019 1497 2050 1535 a

462 1583 645 1644 multis
663 1582 787 1642 feris
809 1580 1051 1636 homines
1074 1578 1262 1644 occidi,
1291 1587 1342 1631 et
1366 1593 1395 1631 a
1427 1576 1608 1632 multis
1637 1575 1934 1630 volatilibus
1957 1587 2050 1627 no-

465 1675 548 1734 bis
574 1675 780 1741 noceri,
809 1691 926 1745 qua:
955 1674 1203 1728 volumus
1230 1671 1313 1730 vel
1347 1671 1515 1726 vitare
1535 1669 1617 1722 vel
1647 1683 1839 1736 capere
1855 1675 1908 1724 et
1935 1667 2050 1737 plc-

466 1781 692 1838 rumque
719 1779 822 1820 non
859 1762 1187 1834 possumus?
1215 1761 1484 1832 quomodo
1514 1775 1641 1836 ergo
1673 1759 1726 1814 in
1773 1758 1885 1812 haec
1909 1771 2054 1812 accc-

466 1858 642 1929 pimus
669 1855 1025 1930 potcstatem?
1056 1855 1149 1909 llic
1178 1853 1281 1908 illis
1311 1851 1481 1922 pritno
1502 1849 1785 1906 dicendum
1810 1856 1892 1903 est
1910 1845 2053 1917 quod

466 1935 689 2011 multum
736 1955 918 2008 errent
941 1946 1029 2017 qui
1057 1955 1175 2016 post
1201 1950 1476 2016 peccatum
1499 1940 1842 1996 considerant
1886 1937 2054 1996 homi-

473 2056 612 2107 nem,
643 2056 762 2102 eum
793 2040 842 2094 in
871 2039 1028 2107 hujus
1056 2037 1174 2090 vita:
1216 2035 1594 2089 mortalitatem
1624 2031 1905 2090 damnatus
1949 2037 2052 2096 est,

467 2140 521 2186 et
548 2131 724 2192 amisit
752 2129 1130 2202 perfectionem
1159 2127 1302 2180 illam
1334 2140 1435 2196 qua
1461 2123 1629 2178 laetus
1659 2131 1742 2177 est
1770 2122 1835 2176 ad
1870 2119 2056 2194 imagi-

476 2235 596 2276 nem
633 2221 742 2284 Dei.
770 2219 872 2274 Sed
895 2220 936 2276 si
959 2217 1230 2272 damnatio
1256 2217 1276 2247 ⁸
1305 2215 1640 2286 ejustantnm
1669 2212 1826 2278 valet,
1860 2222 1917 2264 ttt
1947 2221 2054 2270 tam

470 2310 649 2368 muttis
681 2309 959 2379 pecoribus
984 2308 1206 2378 imperet
1237 2324 1250 2360 :
1281 2305 1520 2374 quamvis
1547 2303 1690 2358 enim
1722 2317 1748 2355 a
1781 2302 1960 2356 multis
1983 2300 2060 2356 fe-

471 2402 544 2455 ris
575 2408 790 2470 propter
820 2397 1154 2468 fragilitatem
1182 2393 1424 2464 corporis
1465 2394 1631 2465 possit
1656 2393 1847 2459 ocz'idi,
1877 2410 1905 2446 a
1938 2393 2054 2447 nul-

469 2493 537 2548 lis
558 2501 732 2548 tamen
753 2488 957 2543 domari
989 2497 1180 2558 potest,
1213 2503 1331 2541 cum
1355 2487 1470 2562 ipse
1500 2493 1608 2540 tam
1635 2485 1827 2538 multas
1847 2491 1900 2538 et
1928 2498 2059 2554 pro-

469 2598 537 2646 pe
557 2599 741 2642 omnes
765 2582 944 2636 domet
975 2599 987 2634 :
1020 2579 1063 2634 si
1087 2595 1216 2652 ergo
1247 2577 1360 2636 ltmc
1395 2578 1630 2633 hominis
1650 2576 1922 2632 damnatio
1945 2585 2060 2629 tan-

470 2684 579 2730 tum
609 2673 765 2735 valet,
799 2671 923 2743 quid
967 2671 1036 2740 de
1064 2671 1230 2750 regno
1274 2671 1390 2744 ejus
1424 2667 1765 2742 cogitandum
1791 2676 1892 2744 est,
1917 2665 2060 2740 quod

469 2765 518 2822 ei
548 2774 799 2821 renovato
825 2775 879 2820 et
899 2763 1120 2822 liberato
1135 2763 1308 2817 divina
1331 2777 1460 2817 voce
1489 2761 1848 2836 promittitur?

467 2857 695 2916 CAPUT
735 2855 876 2917 XIX.
901 2885 970 2897 -—
1013 2853 1080 2911 Ut
1105 2855 1438 2926 spiritualiter
1461 2853 1785 2923 accipiendas
1811 2869 1938 2906 vers.
1965 2850 2058 2910 28.

539 2947 631 3003 50.
663 2947 813 3018 ρωιά
838 2957 1014 3002 autem
1038 2945 1294 3018 scriptum
1318 2953 1421 3012 est,
1447 2941 1502 2998 ΔΙ
1510 2944 1738 2998 osculum
1751 2954 1794 2995 et
1813 2943 2058 3016 feminam

470 3040 589 3112 fecit
611 3037 766 3109 illos;
799 3047 845 3092 ct
866 3037 1114 3093 benediin
1144 3052 1229 3090 eos
1254 3034 1386 3089 Deus
1405 3035 1598 3100 dicens,
1623 3032 1840 3087 Crescite
1864 3042 1908 3087 et
1930 3032 2062 3086 mul-

476 3129 797 3202 tiplicamini,
831 3139 878 3184 et
920 3139 1172 3200 generate,
1205 3138 1252 3185 et
1298 3126 1484 3200 replete
1510 3137 1736 3192 terram;
1763 3126 2061 3182 reetissime

470 3225 723 3294 qumrilttr
749 3221 1196 3294 quemadmodum
1217 3218 1520 3289 accipienda
1539 3219 1606 3274 sit
1631 3218 1933 3288 conjtmrtio
1951 3233 2061 3271 nta-

469 3318 604 3382 sculi
637 3327 689 3371 ct
720 3315 930 3372 lemina:
959 3325 1080 3370 ante
1109 3323 1404 3384 peccatum,
1436 3320 1492 3368 et
1513 3313 1612 3367 ista
1644 3311 2061 3381 benedictioqua

469 3409 666 3465 dictum
693 3416 792 3471 est,
833 3406 1047 3464 Crescite
1071 3415 1117 3460 et
1161 3405 1591 3476 multiplicamini,
1622 3413 1666 3458 et
1711 3412 1965 3476 generate,
2013 3411 2060 3456 et

469 3503 657 3574 replete
675 3511 860 3555 terram
890 3515 908 3554 :
939 3508 1111 3554 utrum
1140 3499 1443 3565 carnaliter,
1467 3513 1532 3552 an
1552 3495 1894 3566 spiritualitcr
1919 3493 2061 3548 acci-

477 3594 666 3666 pienda
711 3593 797 3648 sit.
840 3591 987 3647 Licet
1031 3591 1171 3645 enim
1205 3589 1358 3644 nobis
1383 3605 1499 3644 cam
1526 3591 1684 3643 etiam
1715 3588 2062 3658 Spiritualitcr

471 3665 736 3756 accipere,
767 3695 818 3738 ut
841 3683 894 3738 in
925 3682 1193 3741 carnalem
1224 3680 1599 3736 fecunditatem
1629 3665 1748 3752 post
1788 3688 2060 3749 peccatum

467 3790 724 3833 conversa
749 3789 869 3830 esse
891 3773 1141 3827 credatur
1167 3769 1265 3842 (a).
1293 3771 1416 3826 Erat
1437 3772 1576 3824 enim
1597 3771 1742 3848 prius
1762 3780 1903 3824 casta
1927 3785 2062 3824 eon-

466 3865 673 3939 iunctio
703 3865 920 3920 masculi
943 3871 1000 3918 et
1026 3862 1234 3920 femina:
1263 3879 1278 3926 ;
1312 3861 1468 3930 hujus
1487 3861 1552 3916 ad
1580 3860 1891 3931 regendum,
1923 3860 2062 3914 illius

468 3956 536 4011 ad
561 3955 1031 4023 obtemperandum
1061 3953 1457 4010 accommodata
1492 3970 1504 4006 :
1534 3965 1586 4007 et
1612 3954 1897 4028 spiritualis
1923 3951 2063 4008 fetus

472 4048 878 4128 intelligibilium
903 4056 959 4102 et
989 4045 1365 4101 immortalium
1397 4046 1704 4116 gaudiorum
1733 4048 1944 4116 replens
1961 4055 2060 4099 ter-

473 4155 612 4204 ram,
644 4139 693 4194 id
733 4148 836 4204 est,
878 4137 1152 4192 viviﬁcans
1193 4151 1408 4206 corpus,
1439 4148 1487 4190 ct
1517 4137 1793 4191 dominans
1823 4137 1975 4205 ejus;
2009 4136 2061 4192 id

471 4242 576 4314 est,
607 4231 674 4288 ita
707 4231 1004 4301 subjectum
1037 4229 1259 4296 habens,
1295 4239 1350 4284 nt
1380 4228 1572 4284 nullam
1595 4244 1658 4284 ex
1679 4245 1743 4283 eo
1767 4227 2062 4282 adversita-

473 4323 825 4390 tem,nullam
847 4322 1141 4378 molestiam
1175 4329 1461 4394 pateretur.
1488 4319 1636 4390 Quod
1668 4319 1788 4378 ideo
1837 4322 1916 4375 sic
1943 4335 2063 4375 cre-

474 4415 706 4474 dentium
732 4425 834 4482 cst,
861 4415 981 4486 quia
1014 4414 1246 4468 ncndutn
1271 4422 1421 4468 crant
1452 4412 1542 4466 lilii
1571 4413 1749 4468 διιιειιιί
1779 4413 1939 4486 hujus
1957 4427 2060 4468 an-

475 4515 687 4578 tequam
720 4515 1020 4575 pcecarent.
1054 4504 1169 4558 Filii
1200 4505 1340 4558 enim
1387 4503 1565 4557 saeculi
1611 4502 1766 4573 bujns
1803 4513 2064 4580 generant

471 4608 529 4656 et
552 4607 896 4674 generantur,
928 4599 1066 4670 sicut
1093 4598 1347 4652 Dominus
1364 4596 1515 4668 dicit,
1542 4611 1663 4650 cum
1693 4599 1742 4650 in
1778 4612 2060 4670 compara.-

475 4695 621 4749 tione
664 4694 852 4748 futura:
905 4693 1024 4750 vita:
1068 4707 1186 4765 qua:
1227 4690 1380 4746 nobis
1425 4689 1772 4763 promittitur,
1791 4692 2060 4748 carnalem

473 4787 630 4842 istam
651 4784 1049 4860 generationem
1069 4781 1518 4855 contemnendam
1567 4796 1689 4838 esse
1732 4781 2062 4840 demonstrat

475 4875 495 4949 (
521 4874 648 4938 Luc.
681 4891 773 4949 ss,
800 4875 968 4940 55-56
991 4876 1036 4946 ).

545 4965 776 5030 CAPUT
815 4963 933 5022 XX.
963 4995 1032 5012 -ν-
1061 4963 1242 5035 Bestiis
1261 4964 1534 5027 dominari,
1565 4981 1655 5034 per
1673 4965 1986 5036 allegoriam.

541 5061 639 5130 51.
661 5059 725 5116 Et
754 5057 894 5130 quod
929 5057 1008 5124 eis
1025 5057 1226 5126 dictum
1259 5065 1360 5128 est,
1410 5055 1602 5112 Habeto
1640 5068 1928 5126 potestatem
1979 5060 2063 5131 pi-

475 5153 636 5210 scium
658 5151 834 5226 maris,
856 5160 902 5208 et
945 5148 1229 5222 volatilia»;
1267 5146 1402 5214 caeli,
1430 5157 1475 5208 et
1520 5150 1800 5218 repentium
1839 5151 2064 5218 omnium

475 5257 590 5314 qua:
604 5251 785 5322 repunt
806 5256 961 5318 super
981 5248 1166 5302 terram
1189 5253 1210 5296 ξ
1230 5239 1381 5294 salvo
1405 5238 1619 5308 quidem
1648 5240 1939 5306 intellectu,
1957 5257 2064 5312 quo

481 5350 572 5390 ma
583 5335 836 5392 nil’estum
863 5341 949 5390 est
975 5330 1222 5392 omnibus
1241 5330 1322 5391 bis
1342 5331 1658 5387 animalibus
1682 5331 1954 5402 hominem
1977 5349 2064 5392 ra-

536 5432 682 5516 ξ
701 5431 1052 5516 canentum,
1072 5443 1185 5492 sua,
1215 5441 1278 5490 ex
1301 5426 1557 5490 duodecim
1589 5433 1846 5490 Mss.,qua:
1879 5441 1975 5486 vox
2011 5429 2063 5482 in

476 5491 684 5556 Vulgatts
702 5495 876 5543 omissa
901 5504 992 5543 est.
1168 5491 1175 5492 7

477 5618 490 5629 .
540 5557 702 5629 ξωίιε
724 5556 800 5629 hic:
822 5564 874 5605 α
901 5555 1048 5629 tam?
1084 5562 1211 5629 wsb
1233 5552 1552 5629 άοῖηίηαέίρέ
1570 5559 1912 5629 ueterem?
1949 5559 2061 5629 ‘4,"-

475 5618 643 5692 habet,
664 5613 927 5692 dominari.
952 5618 1043 5667 sed
1059 5613 1400 5681 corrigendum
1421 5616 1481 5665 ad
1626 5613 1844 5674 codices,
1861 5614 2065 5666 datm-

474 5683 542 5733 tio
567 5692 619 5733 et
641 5682 848 5732 donmri.

541 5747 616 5810 (α)
639 5752 657 5795 t
681 5750 884 5793 Retract.
907 5755 1015 5805 cap.
1036 5740 1114 5801 10,
1139 5754 1188 5789 ιι.
1211 5739 1259 5790 2.

1299 171 1389 228 DE
1421 165 1665 226 GENESI
1693 165 1970 223 CONTRA
2009 165 2312 231 MANlCH.,
2349 165 2408 222 S.
2450 165 2815 224 AUCUSTINI

3633 168 3744 227 188

2143 281 2289 337 tione
2303 279 2562 335 dominari
2583 297 2596 346 ;
2624 289 2767 336 recte
2790 289 2964 336 tamen
2987 281 3299 352 intelligitur
3311 281 3474 338 etiam
3489 280 3745 350 spiritua-

2150 373 2291 441 liter,
2321 384 2377 429 ut
2402 390 2588 430 omnes
2609 375 2914 430 affectiones
2933 385 2987 430 et
3013 385 3188 430 motus
3214 374 3398 437 animi,
3420 389 3555 445 quos
3576 373 3744 429 habe-

2153 483 2270 521 mus
2295 466 2412 520 istis
2441 467 2758 521 animalibus
2786 467 3008 532 similes,
3053 465 3295 522 subditos
3326 463 3660 530 haberemus,
3687 474 3747 522 et

2150 573 2335 614 eormn
2362 557 2757 613 dominarentur
2780 574 2874 634 per
2901 563 3304 628 temperantiam
3326 571 3377 614 et
3402 559 3742 614 modestiam.

2151 650 2285 706 Cum
2311 651 2452 705 enim
2485 666 2588 704 non
2617 661 2872 721 reguntur
2893 652 2976 705 isti
3006 663 3202 718 motus,
3230 664 3514 726 erumpunt
3534 661 3589 708 et
3620 668 3746 722 per-

2151 753 2285 813 gunt
2337 742 2389 797 in
2435 742 2752 797 ftedissimas
2797 744 3227 811 c0nsuelttdines,
3259 755 3313 799 et
3363 761 3459 814 per
3499 745 3744 801 dim-mas

2154 835 2582 906 peritici'osasqnc
2631 835 3011 890 delectationes
3055 850 3152 891 nos
3179 836 3409 906 rapiunt,
3440 845 3493 890 et
3542 835 3750 893 faciunt

2153 927 2354 982 similes
2381 927 2525 981 omni
2553 927 2732 996 generi
2775 926 3084 980 bestiarum.
3115 925 3246 980 Cum
3273 937 3452 982 autem
3480 936 3748 996 reguntur

2153 1028 2202 1073 et
2255 1018 2626 1089 subjiciuntur,
2679 1019 2896 1072 omnino
2952 1031 3326 1073 mansuescunt
3368 1029 3425 1074 et
3469 1020 3747 1074 nobiscum

2154 1111 2488 1166 concorditer
2514 1111 2716 1168 vivunt.
2741 1111 2853 1165 Non
2880 1112 3022 1166 enim
3045 1127 3074 1165 a
3104 1112 3253 1166 nobis
3281 1112 3442 1165 alieni
3471 1123 3593 1166 sunt
3620 1127 3744 1166 mo-

2156 1212 2240 1258 tus
2268 1204 2428 1257 animi
2459 1205 2644 1260 nostri.
2677 1205 2966 1259 Pascuntur
2989 1205 3148 1260 etiam
3172 1205 3444 1260 nobiscum
3470 1207 3739 1276 cognitio-

2157 1311 2223 1349 ne
2254 1294 2517 1349 rationnm
2545 1305 2598 1349 et
2625 1311 2833 1349 morum
2870 1298 3213 1366 optimorum,
3257 1307 3311 1350 ct
3339 1297 3460 1351 vitae
3490 1306 3730 1364 aeternas,

2159 1394 2404 1455 tanquam
2431 1385 2608 1441 herbis
2636 1387 2981 1441 scminalibus
3003 1395 3055 1441 et
3073 1387 3224 1458 lignis
3246 1387 3533 1443 fructiferis
3552 1399 3605 1442 et
3620 1388 3726 1444 hec

2158 1477 2237 1532 bis
2258 1478 2535 1532 viridibus.
2587 1478 2654 1533 Et
2679 1477 2795 1533 ha-c
2840 1487 2923 1534 est
2969 1479 3198 1533 hominis
3239 1479 3344 1532 vita
3393 1479 3543 1534 beata
3586 1490 3750 1550 atquo

2157 1580 2236 1625 ιη
2261 1570 2454 1640 tquilla,
2485 1585 2606 1625 cum
2649 1584 2835 1624 onmes
2873 1579 3047 1624 motus
3074 1569 3190 1639 ejus
3215 1569 3403 1624 rationi
3430 1569 3749 1640 veritatique

2156 1663 2493 1717 consentiunt
2519 1678 2534 1729 ;
2565 1670 2620 1717 et
2649 1671 2903 1717 vocantur
2933 1662 3142 1732 gaudia,
3192 1672 3246 1717 et
3295 1676 3505 1716 amores
3548 1661 3745 1730 sancti,

2157 1764 2212 1811 et
2239 1757 2370 1811 casti
2394 1757 2612 1814 ctboni.
2637 1756 2693 1813 Si
2731 1769 2909 1812 autem
2953 1773 3058 1812 non
3096 1756 3454 1822 consentiunt,
3480 1754 3750 1811 nihilomi-

2160 1864 2258 1902 nus
2289 1849 2305 1880 ³
2333 1847 2458 1902 dum
2491 1850 2816 1922 negligenter
2833 1857 3109 1920 geruntur.
3133 1849 3488 1905 conscindunt
3505 1857 3559 1903 et
3577 1847 3747 1903 dissi-

2161 1950 2283 2009 pant
2299 1941 2552 2004 animmn,
2572 1951 2626 1996 ct
2648 1923 2842 1996 faciunt
2867 1942 3027 1995 vitam
3045 1939 3399 1995 miserrimam
3423 1954 3439 2004 ;
3465 1949 3519 1995 et
3543 1955 3746 1996 vocan-

2163 2039 2247 2086 tur
2268 2032 2709 2102 perturbationes,
2733 2041 2787 2089 et
2807 2032 3074 2097 libidines,
3101 2041 3154 2086 et
3174 2032 3620 2100 concupiscentia:
3637 2045 3751 2086 ma-

2160 2122 2245 2178 lae.
2279 2124 2352 2180 De
2374 2123 2688 2194 quihusjam
2715 2125 2868 2180 nobis
2889 2125 3208 2195 praecipitur,
3234 2132 3291 2178 ut
3308 2139 3398 2178 cas
3412 2138 3532 2179 cum
3549 2135 3749 2195 quanto

2163 2230 2444 2284 possumus
2468 2217 2650 2272 labore
2676 2218 3048 2286 cruciﬂgamus
3073 2216 3127 2270 in
3153 2216 3326 2281 nobis,
3352 2216 3525 2272 donec
3546 2217 3748 2273 absor-

2162 2305 2348 2360 beatur
2373 2321 2516 2360 mors
2544 2304 2596 2360 in
2625 2307 2898 2360 victoriam
2924 2306 2978 2378 (I
3005 2304 3145 2371 Con,
3177 2306 3359 2371 “.54
3379 2306 3420 2376 ).
3441 2307 3575 2362 Dicit
3600 2309 3750 2362 enim

2165 2398 2452 2466 Apostolus
2483 2414 2494 2450 :
2531 2397 2632 2462 Qui
2655 2408 2823 2450 autem
2848 2395 2973 2452 .Iesu
2999 2395 3186 2452 Christi
3205 2405 3342 2464 sunt,
3372 2414 3575 2451 carnem
3603 2414 3752 2452 suam

2163 2490 2522 2558 cruci/iterant
2567 2505 2680 2542 cum
2731 2488 3187 2558 perturbationibus
3237 2498 3285 2542 et
3328 2487 3751 2558 concupiscentiis

2169 2581 2187 2655 (
2213 2581 2384 2637 Gulat.
2407 2599 2459 2646 v,
2493 2580 2566 2637 24
2590 2582 2630 2653 ).
2658 2581 2750 2637 Vel
2777 2580 2901 2636 hinc
2925 2581 3065 2635 enim
3097 2581 3271 2649 quivis
3299 2580 3573 2636 admoneri
3596 2582 3754 2637 debet

2164 2693 2269 2731 non
2301 2676 2585 2731 carnaliter
2610 2674 2722 2729 haec
2750 2690 2872 2730 esse
2910 2674 3273 2744 intelligenda,
3320 2673 3442 2745 quia
3472 2673 3657 2728 herbae
3681 2673 3753 2727 vi-

2164 2768 2309 2823 rides
2333 2777 2382 2822 ct
2431 2768 2568 2838 ligna
2615 2767 2884 2821 fructifera
2929 2767 3074 2818 omni
3118 2764 3302 2835 generi
3357 2764 3669 2832 bestiarum,
3699 2771 3753 2819 et

2164 2859 2411 2912 omnibus
2433 2857 2734 2911 volatilibus
2758 2865 2812 2910 et
2835 2855 3084 2910 onmibus
3106 2855 3444 2924 serpentibus
3469 2855 3525 2909 i
3556 2854 3752 2910 Genesi

2163 2948 2356 3003 dantur
2373 2948 2439 3001 ad
2459 2949 2656 3008 cibum.
2687 2963 2806 3002 cum
2830 2947 3102 3000 videamus
3129 2945 3328 3008 leones,
3361 2956 3416 3000 ct
3444 2946 3746 3016 accipitres,

2164 3050 2219 3094 et
2249 3040 2460 3103 milvos,
2485 3049 2536 3093 et
2552 3039 2755 3109 aquilas
2786 3054 2890 3091 non
2918 3038 3061 3110 pasci
3095 3036 3194 3091 nisi
3216 3037 3484 3102 carnibus,
3509 3048 3560 3091 et
3589 3038 3750 3092 inter-

2165 3131 2391 3185 fectione
2417 3130 2640 3182 aliorum
2671 3130 3000 3183 animalium.
3033 3127 3184 3197 Quod
3221 3129 3379 3182 etiam
3410 3126 3477 3182 de
3516 3129 3750 3182 nonnul-

2167 3222 2232 3276 lis
2253 3223 2587 3291 serpentibus
2611 3221 2794 3286 credo,
2824 3222 2909 3290 qui
2932 3232 3057 3274 sunt
3097 3221 3149 3275 in
3177 3221 3418 3276 arenosis
3447 3232 3500 3275 et
3526 3219 3754 3276 desertis

2165 3314 2318 3376 locis,
2344 3314 2430 3367 tibi
2460 3315 2769 3381 neclignum
2790 3328 2886 3368 nec
2916 3313 3079 3368 herba
3110 3315 3344 3368 nascitur
3369 3314 3466 3386 (α).

2165 3404 2391 3460 CAPUT
2430 3404 2648 3460 XXl.——
2675 3403 2740 3458 In
2770 3421 2898 3459 vers.
2927 3405 3016 3470 5|,
3038 3421 3128 3459 cur
3158 3404 3371 3472 dicitur,
3407 3406 3548 3460 Bona
3569 3405 3748 3460 valde.

2236 3497 2324 3550 5‘2.
2355 3496 2496 3552 Sane
2526 3512 2629 3550 non
2661 3505 2743 3551 est
2778 3496 3106 3566 negligenter
3145 3497 3569 3567 praetereundum
3619 3495 3752 3567 quod

2167 3590 2365 3644 dictum
2395 3599 2499 3656 est,
2534 3589 2597 3644 Et
2623 3591 2745 3642 uidit
2774 3589 2911 3645 Deus
2938 3592 3107 3644 omnia
3133 3607 3454 3663 quiscumque
3478 3592 3621 3661 fecit,
3651 3607 3751 3646 esse

2166 3681 2295 3734 bona
2334 3681 2497 3734 valde.
2540 3680 2672 3735 Cum
2722 3682 2863 3734 enim
2913 3681 2980 3736 de
3022 3682 3245 3751 singulis
3282 3691 3498 3756 ageret,
3547 3683 3753 3738 dicebat

2167 3783 2412 3840 tantum,
2454 3772 2586 3826 Vidit
2616 3771 2758 3828 Deus
2795 3774 2911 3842 quia
2950 3771 3134 3827 bonum
3177 3781 3247 3828 est
3288 3789 3308 3828 :
3334 3790 3454 3828 cum
3484 3782 3662 3829 autem
3689 3773 3752 3828 de

2175 3863 2424 3917 omnibus
2451 3863 2753 3930 diceretur,
2784 3881 2968 3934 parum
2999 3864 3096 3918 fuit
3134 3865 3314 3920 dicere
3341 3867 3505 3933 bona,
3538 3867 3640 3920 nisi
3665 3863 3752 3918 ad.

2167 3963 2385 4013 deretur
2411 3970 2463 4012 et
2492 3958 2656 4010 valde.
2691 3957 2748 4011 Si
2771 3961 2910 4012 enim
2939 3958 3141 4027 singula
3174 3973 3334 4032 opera
3365 3959 3455 4012 Dei
3482 3974 3605 4012 cum
3632 3973 3751 4012 con-

2168 4050 2474 4104 siderantur
2503 4066 2531 4102 a
2565 4050 2913 4119 prudentibus
2933 4092 2948 4116 ,
2981 4050 3320 4105 inveniuntur
3347 4052 3542 4106 habere
3569 4050 3749 4105 lauda-

2168 4142 2308 4196 biles
2338 4156 2616 4198 mensuras
2645 4151 2698 4196 et
2722 4159 2974 4195 numeros
3004 4154 3057 4197 ct
3087 4144 3302 4197 ordines
3329 4142 3380 4195 in
3409 4157 3506 4196 suo
3532 4154 3748 4213 quasque

2166 4250 2364 4306 genere
2389 4235 2711 4300 constituta;
2752 4243 2950 4305 quanto
2981 4236 3146 4304 magis
3171 4235 3346 4289 omnia
3374 4235 3564 4300 simul,
3598 4237 3644 4289 id
3673 4242 3748 4288 est

2169 4330 2282 4400 ipsa
2312 4330 2627 4382 universitas
2651 4369 2666 4394 ,
2698 4346 2816 4397 qua:
2855 4329 2968 4381 istis
2995 4329 3217 4398 singulis
3247 4329 3296 4382 in
3327 4345 3490 4382 unum
3521 4325 3746 4384 collectis

2168 4419 2455 4489 impletur?
2482 4420 2666 4473 Omnis
2694 4421 2833 4473 enim
2863 4421 3199 4490 pulchritudo
3225 4437 3342 4490 quae
3373 4423 3606 4490 partibus
3633 4434 3746 4474 conv

2169 4519 2294 4576 stat,
2326 4511 2493 4565 multo
2519 4518 2603 4565 est
2627 4510 2944 4566 laudabilior
2972 4513 3022 4565 in
3051 4521 3163 4566 toto
3185 4529 3344 4583 quam
3372 4513 3423 4566 in
3454 4509 3746 4583 parlezsic-

2170 4605 2303 4658 utin
2361 4618 2590 4672 corpore
2625 4603 2876 4667 humano,
2911 4605 2953 4657 si
2997 4604 3273 4660 laudamus
3303 4606 3486 4659 oculos
3513 4605 3672 4666 solos,
3701 4599 3742 4654 si

2169 4711 2354 4750 nasum
2381 4695 2578 4761 solum,
2604 4695 2646 4748 si
2673 4695 2813 4751 solas
2837 4711 3019 4764 genas,
3047 4707 3136 4749 aut
3161 4696 3332 4749 solum
3358 4710 3534 4766 caput,
3557 4705 3641 4750 aut
3663 4705 3742 4746 so-

2171 4787 2248 4842 las
2275 4803 2486 4852 manus,
2507 4795 2598 4839 aut
2627 4789 2771 4840 solos
2799 4787 2980 4856 pedes,
3009 4797 3064 4841 et
3097 4796 3286 4842 castora
3326 4788 3369 4841 si
3400 4789 3612 4856 pulchra
3637 4783 3740 4837 sin—

2168 4881 2288 4951 gula
2318 4888 2373 4935 et
2411 4880 2524 4934 sola
2555 4879 2863 4945 laudamus;
2891 4889 3091 4948 quanto
3121 4879 3286 4951 magis
3321 4889 3490 4934 totum
3519 4890 3704 4946 corpus
3724 4913 3739 4937 ,

2168 4972 2252 5027 cui
2282 4971 2460 5024 omnia
2500 4970 2736 5025 membra
2755 5011 2772 5036 ,
2805 4986 2922 5040 qua:
2949 4971 3151 5040 singula
3192 4971 3411 5042 pulchra
3439 4981 3590 5033 sunt,
3618 4983 3739 5021 eun.

2169 5065 2346 5118 ferunt
2377 5063 2825 5133 pulchritudinem
2864 5080 3012 5118 suam
3048 5082 3061 5116 :
3090 5065 3160 5120 ita
3194 5076 3248 5118 ut
3277 5080 3465 5118 manus
3495 5062 3700 5134 pulchra
3725 5097 3738 5122 ,

2170 5171 2288 5226 qua:
2316 5157 2475 5210 etiam
2511 5157 2621 5210 sola
2665 5155 2978 5210 laudabatur
3009 5157 3060 5211 in
3109 5171 3366 5228 corpore,
3401 5158 3446 5212 si
3476 5161 3740 5228 separetur

2169 5263 2200 5301 a
2229 5262 2450 5317 corpore
2471 5289 2486 5313 ,
2521 5257 2574 5302 ct
2603 5248 2713 5316 ipsa
2753 5249 2959 5302 amittat
2994 5249 3217 5320 gratiam
3261 5256 3411 5303 suam
3439 5291 3451 5313 ,
3484 5257 3536 5302 et
3561 5253 3739 5302 cretera

2171 5339 2284 5392 sine
2313 5338 2399 5392 illa
2432 5339 2710 5392 inhonesta
2737 5339 2888 5393 sint?
2916 5338 3087 5392 Tanta
3117 5349 3199 5393 est
3225 5341 3304 5394 vis
3333 5348 3387 5394 et
3415 5338 3639 5410 potentia
3662 5332 3737 5386 in—

2171 5433 2433 5505 tegritatis
2472 5441 2526 5487 et
2552 5433 2768 5487 unitatis
2791 5474 2806 5497 ,
2837 5441 2894 5488 ut
2935 5435 3095 5488 etiam
3134 5449 3252 5503 qua:
3279 5433 3440 5488 multa
3470 5442 3591 5489 sunt
3615 5430 3740 5483 bona

2236 5617 2253 5647 ί
2286 5623 2390 5665 Mss.
2418 5622 2611 5678 septem
2634 5628 2729 5664 non
2753 5616 2952 5674 habent,
2978 5613 3299 5668 nihilominus.
3325 5615 3474 5670 Etalil
3494 5625 3594 5669 tres
3613 5603 3740 5677 Γυιὶο

2171 5685 2279 5744 post
2293 5691 2390 5744 pro
2412 5691 2483 5741 get
2499 5685 2658 5735 untur,
2678 5679 2992 5744 substituunt,
3015 5685 3264 5744 reguntur.

2240 5740 2310 5800 (α)
2345 5746 2362 5787 t
2385 5739 2588 5790 n’etract.
2613 5753 2718 5802 cap.
2745 5740 2822 5798 10,
2845 5754 2894 5787 n.
2914 5739 2962 5788 9..
