3906 6320
230 308 333 369 ωδ

241 420 498 481 ritualiter
536 415 793 490 pascitur
818 421 1115 471 sanctarum
1151 407 1545 479 Scripturarum
1585 404 1852 459 alimentis

250 530 300 574 et
324 517 435 582 lege
459 512 647 568 divina
678 530 691 565 :
722 510 913 582 partim
941 506 1006 561 ad
1037 500 1437 573 concipiendam
1478 496 1855 553 fecunditatem

247 610 513 665 rationum
539 614 707 673 atque
733 613 1073 662 sermonum,
1100 605 1348 664 tanquam
1375 590 1552 645 herbis
1579 586 1856 643 seminali-

250 698 380 763 bus;
399 696 586 768 partim
613 694 682 748 ad
712 692 988 746 utilitatem
1006 701 1212 742 morum
1234 682 1651 739 conversationis
1680 679 1856 732 huma-

252 805 347 846 na
370 830 385 855 ,
439 796 695 856 tanquam
754 781 909 852 lignis
949 778 1260 842 fructiferis;
1298 774 1487 846 partim
1519 770 1586 827 ad
1620 771 1855 841 vigorem

256 883 408 948 ﬁdei,
431 879 543 951 spei
586 885 642 933 et
684 874 959 932 charitatis
1002 871 1055 925 in
1098 870 1257 923 vitam
1287 876 1577 931 aeternam,
1606 873 1855 932 tanquam

256 972 447 1029 herbis
490 968 783 1031 viridibus,
810 964 864 1019 id
897 972 981 1019 est
1015 960 1345 1031 vigentibus,
1376 972 1494 1027 quae
1536 955 1679 1011 nullo
1723 960 1857 1008 testu

255 1063 663 1119 tribulationum
690 1057 895 1128 possint
913 1068 1176 1109 arescere.
1200 1050 1304 1105 Sed
1328 1047 1619 1119 spiritualis
1640 1046 1719 1100 sic
1741 1045 1857 1099 istis

256 1156 530 1212 alimentis
552 1152 806 1222 pascitur,
831 1155 887 1201 ut
910 1146 1074 1200 mtdta
1098 1142 1386 1211 intelligat;
1408 1138 1636 1193 carnalis
1655 1146 1854 1199 autem,

256 1249 314 1305 id
360 1260 442 1303 eet
496 1243 751 1315 parvulus
791 1242 843 1294 in
892 1238 1137 1302 Christo,
1169 1245 1416 1303 tanquam
1462 1244 1623 1301 pecus
1648 1228 1771 1293 Dei,
1802 1234 1859 1282 ut

255 1341 432 1396 multa
464 1337 649 1393 credat
676 1349 795 1405 quae
826 1331 1120 1399 intelligere
1159 1324 1393 1381 nondum
1440 1331 1650 1392 potest:
1680 1328 1857 1374 tamen

256 1435 479 1491 eosdem
508 1430 657 1486 cibos
685 1441 871 1482 omnes
894 1422 1109 1477 habent.

334 1526 424 1580 M.
447 1522 503 1576 7'
520 1535 687 1577 amis.
712 1517 877 1586 llujus
900 1525 1076 1569 autem
1104 1509 1275 1564 aetatis
1301 1505 1453 1577 quasi
1477 1519 1719 1574 vespera,
1740 1517 1859 1574 qua:

264 1616 470 1671 utinam
499 1626 717 1667 nosnon
750 1605 1001 1667 inveniat,
1025 1604 1068 1657 si
1090 1610 1265 1655 tamen
1292 1597 1525 1653 nondum
1554 1596 1735 1664 crepit,
1770 1594 1860 1647 illa

259 1718 347 1762 est
361 1706 428 1760 de
440 1720 546 1774 qua
576 1700 829 1755 Dominus
842 1695 969 1750 dicit
988 1712 1001 1747 :
1028 1692 1184 1746 Putas
1201 1706 1315 1744 cum
1338 1688 1491 1742 veniet
1513 1685 1679 1739 Filius
1695 1686 1856 1749 ltom.,

262 1798 483 1855 inveniet
511 1795 664 1865 ﬁdem
692 1806 841 1863 super
870 1800 1053 1843 terram
1080 1783 1228 1856 (Luc.
1262 1795 1412 1847 xvm,
1436 1779 1530 1850 8)?
1560 1779 1683 1834 Post
1704 1778 1860 1832 istam

261 1902 547 1959 vesperam
576 1884 665 1938 fiet
693 1895 872 1946 mane,
900 1894 1021 1933 cum
1071 1878 1184 1946 ipse
1225 1871 1479 1927 Dominus
1528 1869 1579 1923 in
1620 1868 1861 1959 claritate

262 1957 521 2037 venturus
550 1985 632 2032 est
660 1993 673 2029 :
702 1983 825 2028 tunc
853 1968 1189 2038 requiescent
1217 1979 1336 2017 cum
1358 1960 1570 2016 Christo
1595 1958 1663 2012 ab
1686 1957 1861 2011 omni-

263 2075 367 2129 bus
388 2068 640 2141 operibus
665 2065 777 2120 suis
806 2063 843 2117 ii
865 2061 1055 2132 quibus
1074 2057 1272 2112 dictum
1302 2062 1405 2114 est.
1431 2051 1603 2106 Estote
1633 2050 1859 2121 perfecti,

264 2168 395 2222 sicut
427 2164 582 2217 Pater
607 2167 765 2214 vester
782 2156 868 2227 qui
895 2155 948 2208 in
975 2152 1112 2205 caelis
1136 2159 1209 2204 est
1240 2145 1453 2218 (Matth.
1482 2160 1532 2209 v,
1564 2144 1679 2213 48).
1704 2142 1863 2196 Tales

264 2260 410 2314 enim
461 2254 661 2308 faciunt
731 2261 895 2319 opera
968 2245 1106 2299 bona
1152 2239 1327 2294 valde.
1383 2237 1509 2325 Post
1553 2235 1695 2290 enim
1742 2234 1864 2288 talia

265 2363 431 2419 Opera
456 2342 717 2415 speranda
743 2348 825 2395 est
851 2336 1062 2406 requies
1087 2334 1139 2387 in
1164 2333 1251 2387 die
1272 2329 1501 2400 septimo
1518 2369 1533 2391 ,
1565 2328 1654 2397 qui
1680 2342 1865 2393 veSpe-

266 2456 385 2496 ram
412 2452 521 2492 non
553 2433 729 2488 habet.
771 2429 925 2485 Nullo
954 2440 1081 2496 ergo
1122 2423 1280 2478 modo
1321 2421 1498 2475 verbis
1543 2419 1643 2472 diei
1692 2425 1867 2487 potest

269 2527 725 2603 quemadmodum
769 2522 907 2577 Deus
947 2518 1160 2583 fecerit,
1192 2523 1247 2569 et
1270 2510 1565 2603 condiderit
1592 2511 1783 2603 ccelnm
1814 2517 1869 2563 et

270 2601 471 2679 terram
502 2628 558 2675 et
582 2630 797 2672 omnem
823 2622 1122 2668 creaturam
1159 2622 1315 2675 quam
1343 2602 1621 2659 condidit:
1645 2601 1738 2653 ενα
1770 2603 1868 2653 ista

270 2712 539 2784 expositio
576 2724 670 2780 per
715 2705 957 2762 ordinem
1006 2700 1213 2755 dierum
1254 2696 1331 2751 sic
1378 2694 1573 2748 indicat
1616 2701 1869 2761 tanquam

274 2805 555 2862 historiam
584 2815 764 2857 rerum
790 2797 1078 2861 factarum,
1102 2801 1158 2845 ut
1187 2788 1618 2861 praedicationem
1662 2784 1870 2839 futuro-

274 2916 394 2956 rum
422 2896 653 2951 maxime
675 2892 947 2947 observet.

350 3007 578 3067 CAPUT
618 3002 881 3060 XXIV.—
900 2996 973 3057 ΑΞ
980 3007 1103 3051 tates
1132 2993 1307 3048 mundi
1333 3008 1489 3065 quare
1505 2987 1800 3062 inaequales.

351 3101 439 3157 42.
483 3099 541 3154 Si
569 3107 748 3151 autem
771 3092 998 3162 aliquem
1030 3097 1205 3141 movet
1234 3084 1373 3155 quod
1412 3084 1462 3135 in
1494 3081 1611 3135 istis
1634 3078 1876 3133 aetatibus

281 3191 463 3248 saecuii
507 3189 641 3245 duas
687 3193 871 3240 :etates
913 3181 1115 3253 primas
1139 3176 1291 3232 denis
1315 3171 1748 3245 generationibus
1778 3170 1876 3223 ad—

286 3283 542 3340 vertimus
567 3274 842 3348 explicari,
870 3283 977 3328 tres
1024 3280 1202 3325 autem
1229 3273 1615 3334 consequentes
1654 3262 1879 3332 singula:

284 3374 693 3449 quatuordecim
716 3367 1148 3441 generationibus
1169 3370 1550 3425 contexuntur,
1573 3368 1723 3414 sexta
1750 3372 1879 3413 vero

288 3473 389 3526 ista
418 3468 567 3524 nullo
594 3463 996 3537 generationum
1016 3474 1236 3514 numero
1256 3454 1471 3510 delinita
1502 3462 1582 3507 est
1604 3452 1813 3525 (Matth.
1836 3467 1877 3517 ι,

293 3563 346 3641 1)
370 3584 385 3632 ;
416 3560 567 3620 facile
587 3566 672 3617 est
686 3557 892 3621 videre,
916 3554 1074 3609 ctiam
1102 3552 1154 3604 in
1177 3561 1495 3617 uanuoque
1518 3546 1729 3598 homine
1748 3544 1882 3598 duas

294 3637 496 3731 primas
516 3663 723 3720 :etates,
748 3649 1020 3705 infantiam
1044 3654 1096 3699 et
1122 3642 1422 3715 pueritiam,
1451 3637 1690 3709 corporis
1713 3637 1883 3737 sensi-

293 3755 395 3809 bus
425 3751 704 3806 inhazrere.
735 3743 834 3811 Qui
870 3755 1058 3796 sensus
1087 3736 1328 3805 corporis
1355 3734 1587 3804 quinque
1615 3739 1770 3795 sunt,
1804 3734 1883 3782 vi-

295 3860 423 3909 sus,
454 3839 701 3905 auditus,
754 3834 977 3889 olfactus
1001 3871 1016 3894 ,
1052 3838 1237 3900 gustus
1281 3837 1336 3881 et
1375 3834 1545 3878 tactus
1570 3840 1583 3875 :
1611 3822 1885 3892 quinarius

295 3944 474 3989 autem
499 3941 749 3985 numerus
769 3922 1069 3995 duplicatus
1087 3960 1103 3985 ,
1130 3916 1380 3988 quoniam
1411 3916 1607 3983 duplex
1627 3925 1708 3968 est
1729 3927 1887 3966 sexus

297 4029 587 4088 humanus,
615 4020 755 4076 unde
780 4015 1150 4088 generationes
1180 4011 1314 4064 tales
1338 4011 1607 4071 existunt,
1633 4005 1887 4059 masculi-

299 4135 402 4175 nus
423 4128 478 4173 et
508 4112 821 4174 femininus;
856 4106 1127 4179 quinarius
1155 4119 1314 4172 ergo,
1346 4111 1399 4155 ut
1430 4102 1567 4163 dixi,
1591 4099 1891 4167 duplicatus

300 4210 580 4267 denarium
628 4214 905 4257 numerum
951 4196 1090 4251 facit.
1136 4194 1385 4249 Jamvero
1432 4192 1498 4245 ab
1535 4188 1891 4242 adolescentia

302 4315 359 4361 et
378 4303 653 4368 deinceps,
680 4295 769 4350 ubi
794 4292 925 4347 ratio
941 4291 1048 4359 jatn
1073 4287 1249 4356 incipit
1272 4286 1324 4339 3n
1348 4283 1559 4337 homine
1584 4282 1888 4350 pnevalere,

303 4397 511 4454 accedit
536 4394 769 4463 quinque
789 4386 1034 4442 sensibus
1054 4380 1283 4452 cogniio
1309 4386 1365 4433 et
1387 4378 1545 4441 actio,
1576 4374 1765 4443 quibus
1788 4373 1894 4425 vita

307 4498 508 4562 regitur
533 4497 588 4542 et
617 4482 1110 4538 administratur,ut
1133 4474 1242 4543 jant
1282 4470 1616 4541 septenarius
1644 4478 1896 4566 numerus

307 4557 527 4653 incipiat
550 4594 671 4634 esse
699 4593 712 4630 :
737 4572 827 4645 qui
856 4571 1097 4625 similiter
1123 4566 1420 4635 duplicatus
1438 4602 1453 4624 ,
1480 4568 1695 4653 propter
1717 4557 1894 4626 dupli-

307 4652 427 4733 ccnt
454 4687 676 4734 sexum,
709 4669 760 4722 in
791 4660 1189 4736 quatuordecim
1234 4652 1664 4725 generatimtibus
1701 4653 1900 4704 eminet.

308 4773 643 4838 etapparet,
678 4775 812 4831 quas
860 4756 1052 4811 habent
1099 4760 1210 4806 tres
1251 4756 1435 4802 aetates
1476 4749 1897 4845 consequimtes,

310 4831 565 4932 tanquam
594 4851 979 4913 adolescentis,
1008 4854 1059 4901 et
1079 4842 1289 4913 juvenis
1307 4879 1322 4905 ,
1351 4847 1403 4893 et
1444 4835 1689 4890 senioris.
1730 4831 1898 4887 Sene—

310 4955 473 5011 ctntis
501 4966 627 5006 vero
664 4957 793 5002 tetas
819 4944 955 4999 sicut
982 4941 1035 4993 in
1062 4937 1214 4991 nobis
1240 4932 1383 4988 nullo
1421 4938 1616 4985 statuto
1640 4940 1899 4981 annorum

314 5058 559 5115 tempore
580 5041 849 5098 delinitur,
874 5032 967 5088 sed
990 5040 1107 5103 post
1134 5027 1369 5120 quinque
1390 5024 1503 5077 illas
1529 5031 1711 5120 tetates
1737 5035 1902 5120 quan-

318 5113 440 5191 tnm
477 5134 698 5204 quisque
742 5128 962 5185 vixerit,
1007 5117 1267 5175 senectuti
1310 5113 1731 5183 deputaturzsic
1766 5119 1819 5212 et
1848 5113 1900 5162 in

319 5230 419 5281 ista
452 5234 607 5280 aetate
638 5219 816 5276 saeculi
845 5231 949 5270 non
976 5217 1232 5282 apparent
1257 5207 1647 5278 generationes,
1667 5214 1721 5255 ut
1745 5207 1902 5256 etiam

320 5319 569 5375 occultus
614 5316 681 5368 sit
730 5311 944 5365 ultimus
969 5305 1103 5368 dies,
1136 5316 1291 5372 quem
1325 5298 1522 5353 utiliter
1555 5295 1805 5350 Dominus
1830 5293 1906 5346 la-

324 5421 442 5465 tere
467 5414 715 5476 oportere
735 5399 1113 5456 demonStravit
1143 5393 1250 5466 (Id.
1280 5406 1429 5456 xmv,
1460 5386 1570 5457 56).

396 5497 625 5555 CAPUT
666 5492 904 5549 XX\'.—
926 5490 1127 5557 Septem
1167 5486 1360 5539 dierum
1398 5481 1550 5534 attior
1570 5478 1835 5548 allegoria.

399 5594 491 5653 ιδ.
536 5592 709 5649 Habet
759 5588 919 5645 etiam
960 5585 1324 5657 unusquisque
1366 5589 1607 5637 nostrum
1652 5578 1709 5634 in
1753 5578 1905 5635 bonis

1640 288 1843 345 LIBER
1882 283 2148 344 PRDIUS.

3440 291 3546 351 ιοι

1963 402 2211 471 operibus
2248 406 2302 457 et
2339 408 2486 458 recta
2525 399 2629 457 vita
2677 408 2924 475 tanquam
2974 401 3250 461 distinctos
3278 405 3407 461 istos
3447 422 3543 466 sex

1962 495 2097 561 dies,
2130 504 2251 564 post
2270 510 2401 565 quos
2427 495 2585 549 debet
2607 496 2835 565 quietem
2875 511 3110 565 sperare.
3142 497 3318 551 Primo
3347 499 3434 553 die
3457 498 3541 553 lu-

1962 603 2076 643 cem
2123 588 2240 643 fidei
2263 629 2276 651 ,
2317 588 2526 659 quando
2552 590 2697 658 prius
2735 590 3029 644 visibiltbus
3056 591 3224 645 credit
3255 594 3293 655 ι,
3324 604 3545 662 propter

1962 694 2119 749 quam
2172 679 2326 735 fidem
2380 681 2633 737 Dominus
2673 682 2949 736 visibiliter
3002 699 3257 753 apparere
3299 686 3544 754 dignatus

1961 782 2063 827 est.
2092 771 2337 827 Secundo
2364 772 2449 827 die
2490 782 2739 843 tanquam
2785 774 3173 829 firmamentum
3220 775 3544 845 disciplinae,

1961 878 2069 934 quo
2099 863 2355 918 discernit
2383 864 2521 920 inter
2547 866 2777 920 carnalia
2803 876 2858 922 et
2876 867 3167 937 spiritualia
3188 909 3203 935 ,
3234 869 3368 923 sicut
3410 869 3550 925 inter

1962 971 2128 1027 aquas
2157 956 2434 1012 inferiores
2477 967 2531 1013 et
2573 960 2893 1029 superiores.
2922 958 3101 1013 Tertio
3131 960 3235 1025 die,
3263 976 3368 1031 quo
3395 976 3547 1015 men-

1963 1058 2072 1105 tem
2118 1064 2268 1104 suam
2313 1050 2378 1105 ad
2429 1049 2675 1106 ferendos
2734 1051 2993 1107 bonorum
3041 1068 3260 1121 operum
3306 1052 3546 1122 fructus,

1964 1154 1994 1193 a
2024 1139 2141 1194 labe
2180 1150 2233 1193 et
2274 1138 2525 1196 ﬂuctibus
2564 1143 2910 1196 tentationum
2950 1144 3274 1209 carnalium.
3300 1155 3548 1214 tanquam

1963 1232 2166 1285 aridam
2198 1242 2391 1286 terram
2427 1248 2456 1286 a
2485 1233 2970 1303 perturbationibus
3010 1236 3171 1289 maris
3205 1235 3464 1302 secernit,
3493 1245 3551 1291 ut

1958 1324 2067 1393 jam
2093 1327 2259 1395 possit
2283 1326 2491 1401 dicere,
2528 1325 2697 1379 Mente
2724 1329 2881 1381 servio
2916 1328 3012 1399 legi
3040 1327 3163 1394 Dei,
3190 1345 3340 1383 carne
3382 1339 3551 1383 autem

1965 1417 2063 1487 lcgt’
2088 1418 2281 1487 peccati
2310 1415 2484 1488 (Rom.
2512 1432 2605 1479 vn,
2632 1417 2746 1487 ‘25).
2766 1419 2964 1485 Quarto
2989 1419 3095 1483 die,
3118 1436 3222 1489 quo
3247 1420 3355 1489 jam
3384 1419 3435 1474 in
3460 1420 3553 1476 illo

1965 1507 2300 1561 firmamento
2324 1506 2618 1577 disciplinae
2644 1509 2944 1577 spirituales
2968 1509 3347 1581 intelligentias
3365 1526 3556 1580 opera-

1966 1607 2053 1651 tur
2072 1609 2227 1669 atqne
2249 1598 2540 1669 distinguit,
2570 1600 2716 1655 videt
2743 1618 2860 1671 qute
2890 1601 2959 1655 sit
2990 1601 3436 1658 incommutabilis
3463 1618 3555 1659 ve-

1966 1690 2115 1754 ιίικε,
2144 1708 2259 1762 quae
2287 1702 2532 1762 tanquam
2577 1695 2653 1748 sol
2701 1693 2864 1765 fulget
2902 1695 2951 1749 in
2989 1695 3192 1763 anima;
3221 1707 3274 1751 et
3296 1698 3554 1768 quemad-

1966 1783 2183 1837 modum
2210 1784 2384 1839 anima
2407 1786 2570 1854 ipsius
2589 1787 2829 1841 veritatis
2851 1787 3111 1859 particeps
3128 1790 3246 1854 fiat,
3274 1799 3327 1845 et
3345 1792 3555 1860 corpori

1967 1875 2207 1930 ordinem
2254 1886 2309 1931 et
2353 1878 2794 1947 pulchritudinem
2853 1888 3098 1948 praestet,
3143 1890 3389 1952 tanquam
3432 1883 3555 1937 luna

1968 1966 2275 2022 illuminans
2306 1977 2552 2032 noctem;
2583 1979 2635 2023 et
2662 1972 3106 2039 quemadmodum
3136 1972 3302 2026 stellae
3331 1988 3515 2028 omnes
3536 2016 3551 2037 ,

1969 2060 2174 2113 scilicet
2200 2059 2556 2130 intelligentiae
2586 2062 2916 2130 spirituales,
2948 2063 2997 2116 in
3026 2063 3182 2133 hujus
3213 2064 3331 2118 vitae
3366 2065 3557 2120 obscu-

1970 2152 2125 2206 ritate
2153 2160 2400 2222 tanquam
2442 2153 2492 2206 in
2538 2162 2692 2207 nocte
2734 2153 2933 2207 micent
2958 2164 3011 2208 et
3036 2155 3287 2223 fulgeant.
3317 2158 3553 2223 Quarum

1970 2257 2149 2297 rerum
2195 2243 2380 2298 notitia
2427 2244 2613 2298 fortior
2657 2244 2880 2298 ell'ectus
2919 2245 3136 2315 incipiat
3176 2248 3359 2316 quinto
3388 2246 3475 2302 die
3504 2248 3557 2302 iu

1972 2336 2266 2390 actionibus
2299 2337 2733 2391 turbulentissimi
2784 2338 2994 2402 saeculi,
3031 2348 3275 2407 tanquam
3317 2340 3367 2393 in
3406 2341 3559 2410 aquis

1973 2427 2135 2482 maris
2163 2430 2404 2497 operari,
2435 2440 2650 2498 propter
2688 2430 2969 2485 utilitatem
2998 2429 3241 2485 fratcrnte
3262 2433 3558 2499 societatis;

1975 2530 2029 2574 et
2073 2519 2138 2573 de
2181 2521 2544 2589 corporalibus
2571 2522 2865 2575 actionibus
2891 2524 2939 2588 ',
2971 2539 3087 2592 qme
3113 2523 3178 2577 ad
3211 2524 3380 2593 ipsum
3416 2540 3564 2581 mare

1978 2614 2262 2681 pertinent,
2292 2613 2341 2665 id
2367 2623 2448 2666 est
2473 2614 2538 2666 ad
2569 2614 2704 2667 hanc
2729 2615 2887 2668 vitam
2907 2654 2923 2680 ,
2948 2616 3240 2683 producere
3266 2618 3563 2673 animarum

1978 2704 2218 2757 vivarum
2248 2704 2478 2773 reptilia,
2509 2703 2559 2758 id
2584 2716 2659 2758 est
2691 2719 2851 2774 Opera
2883 2721 3000 2775 qua:
3031 2707 3231 2775 prosint
3263 2709 3455 2763 animis
3481 2709 3564 2763 vi-

1977 2796 2093 2860 vis;
2135 2805 2190 2849 et
2233 2806 2383 2851 cetos
2444 2812 2701 2867 magnos,
2730 2797 2781 2851 id
2827 2806 2910 2852 est
2949 2796 3264 2854 fortissimas
3305 2800 3564 2869 actiones,

1979 2888 2172 2959 quibus
2206 2889 2399 2942 ﬂuctus
2433 2888 2611 2942 Steculi
2650 2889 3022 2958 dirumpuntur
3046 2898 3101 2944 et
3128 2901 3562 2958 contemnuntur,

1980 2989 2037 3034 et
2060 2980 2289 3034 volatilia
2316 2980 2472 3045 cceli,
2516 2979 2566 3034 id
2610 2988 2693 3034 est
2731 2995 2889 3035 voces
2922 2980 3153 3036 cmlestia
3198 2980 3565 3051 praedicantes.

1981 3071 2143 3128 Sexto
2169 3083 2344 3126 autem
2375 3072 2460 3126 die
2481 3072 2737 3143 producat
2763 3071 2831 3128 de
2860 3082 2997 3127 terra
3025 3073 3253 3127 animam
3282 3074 3454 3129 vivam
3475 3115 3489 3140 ,
3515 3072 3568 3129 id

1981 3175 2066 3219 est
2090 3163 2158 3217 de
2199 3163 2308 3233 ipsa
2350 3164 2634 3219 stabilitate
2671 3164 2864 3218 mentis
2890 3178 2999 3219 sum
3026 3165 3111 3218 ubi
3142 3165 3441 3234 spirituales
3471 3166 3568 3219 ha-

1985 3255 2075 3309 bet
2103 3255 2331 3319 fructus,
2375 3254 2425 3308 id
2469 3265 2551 3309 est
2584 3256 2749 3311 bonas
2778 3256 3122 3326 cogitationes
3142 3299 3156 3323 ,
3188 3268 3362 3312 motus
3385 3272 3573 3314 omnes

1987 3346 2149 3398 anitni
2177 3347 2257 3399 sui
2285 3355 2449 3414 regal,
2475 3353 2532 3398 ut
2557 3346 2624 3399 sit
2646 3346 2696 3399 in
2722 3346 2810 3401 illo
2835 3348 3008 3401 anima
3038 3348 3175 3413 viva,
3207 3348 3357 3404 idest
3382 3350 3572 3405 rationi

1987 3443 2041 3488 ct
2064 3435 2282 3503 jllSliliiU
2311 3436 2569 3501 serviens,
2600 3452 2702 3490 non
2738 3438 3019 3491 temeritati
3049 3449 3205 3508 atque
3238 3451 3469 3509 peccato.
3500 3441 3573 3496 lta

1990 3526 2078 3578 fiat
2122 3527 2278 3579 etiam
2309 3527 2467 3579 homo
2497 3526 2561 3579 ad
2595 3527 2875 3597 imaginem
2915 3538 2968 3583 et
3010 3531 3407 3587 similitudinem
3447 3535 3575 3602 Dei,

1989 3618 2258 3670 masculus
2284 3628 2334 3669 et
2367 3618 2559 3670 femina
2581 3660 2595 3684 ,
2631 3619 2678 3671 id
2721 3629 2801 3673 est
2841 3621 3139 3674 intellectus
3167 3633 3212 3676 et
3242 3625 3411 3686 actio.
3443 3642 3575 3695 quo-

1992 3722 2107 3759 rum
2139 3707 2474 3775 mpnlatione
2512 3708 2801 3777 spiritualis
2830 3710 2964 3764 fetus
2998 3722 3189 3765 tet-ram
3233 3715 3479 3782 impleat,
3522 3716 3574 3771 id

1991 3809 2072 3852 est
2124 3813 2336 3852 carnem
2385 3799 2647 3868 subjiciat,
2671 3810 2725 3853 et
2762 3813 2951 3855 altera
2978 3819 3096 3873 quae
3125 3804 3233 3873 jam
3273 3807 3322 3859 in
3348 3807 3576 3864 hominis

1997 3889 2319 3958 perfectione
2356 3892 2600 3957 superius
2643 3892 2779 3945 dicta
2819 3902 2963 3947 sunt.
3007 3895 3060 3948 ltt
3103 3896 3214 3950 istis
3251 3907 3425 3952 autem
3457 3909 3577 3954 tan-

1994 3996 2150 4050 quam
2176 3980 2363 4034 diebus
2387 3997 2607 4051 vespera
2644 3993 2725 4037 est
2766 3984 2816 4036 in
2854 3984 2963 4052 ipsa
2995 3986 3313 4054 perfectione
3340 3989 3580 4059 singulo-

1968 4088 2111 4125 ~rum
2134 4087 2356 4142 operum
2378 4113 2391 4136 ,
2414 4081 2467 4126 et
2491 4089 2645 4128 mane
2677 4075 2725 4127 in
2759 4075 3092 4131 inchoatione
3117 4082 3577 4145 consequentium.

1998 4165 2123 4219 Post
2147 4166 2364 4219 istorum
2396 4166 2546 4235 quasi
2572 4181 2661 4221 sex
2690 4167 2896 4221 dierum
2919 4184 3077 4238 opera
3107 4169 3240 4223 bona
3264 4172 3436 4239 Valde,
3460 4189 3584 4243 spe-

1997 4268 2081 4311 rct
2120 4256 2279 4309 homo
2320 4258 2547 4326 quietem
2596 4267 2933 4327 perpetuam,
2964 4269 3016 4312 et
3044 4258 3292 4331 intelligat
3327 4264 3447 4331 quid
3476 4266 3580 4332 sit,

2001 4348 2259 4416 qunimt
2299 4346 2435 4401 Dens
2474 4350 2682 4419 septimo
2708 4350 2790 4402 die
2817 4352 2877 4402 ab
2905 4351 3130 4404 omnibus
3169 4352 3398 4421 operibus
3438 4356 3585 4411 suis:

2002 4438 2121 4507 quia
2152 4447 2205 4491 et
2235 4439 2344 4506 ipse
2368 4439 2416 4489 in
2449 4438 2597 4491 nohis
2626 4438 2741 4493 ha-c
2780 4440 2914 4495 bona
2940 4452 3212 4509 Operatur,
3247 4444 3333 4511 qni
3367 4455 3417 4497 ut
3453 4462 3585 4515 ope-

2003 4530 2388 4598 retnurjuhet;
2413 4540 2467 4583 et
2508 4531 2620 4598 ipse
2665 4540 2808 4585 recte
2850 4533 3185 4601 requiescere
3218 4535 3433 4603 ὡρίων,
3464 4539 3585 4605 quia

2003 4632 2123 4690 post
2155 4621 2266 4673 inec
2302 4620 2477 4674 omnia
2506 4636 2665 4690 opera
2705 4622 2938 4692 requiem
2968 4624 3119 4678 nobis
3155 4626 3266 4696 ipse
3297 4631 3583 4697 pra-stabit.

2004 4715 2282 4781 Quomodo
2322 4716 2461 4768 enim
2509 4725 2650 4769 recte
2693 4715 2884 4770 dicitur
2914 4720 3286 4787 paterfamilias
3325 4722 3588 4777 a-diticare

2006 4809 2221 4864 domum
2244 4852 2258 4875 ,
2282 4824 2403 4863 cum
2445 4807 2547 4863 hoc
2586 4826 2690 4862 non
2717 4825 2880 4878 opere
2924 4827 3021 4867 suo
3067 4813 3251 4875 faciat,
3276 4814 3367 4868 sed
3404 4832 3587 4869 emunt

2007 4902 2199 4972 quibus
2240 4901 2599 4956 servientibus
2642 4903 2901 4972 imperat;
2930 4906 3005 4958 sic
3048 4919 3191 4961 recte
3226 4906 3416 4961 dicitur
3442 4917 3495 4961 et
3525 4909 3591 4961 ab

2007 4992 2260 5062 operibus
2283 4994 2634 5061 requiescere,
2655 5008 2776 5047 cum
2809 5004 2925 5063 post
2952 4996 3327 5064 perfectionem
3356 4998 3589 5062 fabrieaz,

2011 5085 2116 5139 iiiis
2142 5084 2333 5154 quibus
2362 5085 2653 5156 imperabat
2683 5088 2939 5155 permittit
2964 5100 3017 5141 ut
3051 5097 3265 5153 vacent,
3288 5098 3340 5142 et
3359 5090 3593 5159 jucu..do

2011 5178 2122 5232 otio
2149 5177 2506 5248 perfruantur.

2077 5359 2094 5388 ι
2110 5363 2241 5415 t.ov.,
2256 5353 2564 5425 intisibilibm
2579 5355 2861 5425 credit._sed_
2881 5354 3309 5425 meliusfrasmus,
3331 5362 3505 5425 Regius
3528 5378 3600 5413 ro-

2011 5420 2129 5477 dex,
2153 5429 2203 5467 et
2225 5419 2302 5467 alii
2323 5431 2425 5467 .oss.
2449 5419 2639 5475 decem,
2674 5415 2929 5477 visibiliwa
2949 5418 3120 5469 credit.

2075 5483 2225 5593 Ense.
2245 5488 2365 5538 tres,
2385 5476 2962 5542 ugnitioaitmsd’auloque
2978 5490 3087 5541 post
3104 5482 3304 5544 habent,
3318 5486 3599 5549 fortissima

2012 5555 2074 5593 aa
2146 5555 2290 5592 tones.

2043 5555 2290 5609 gnum.
