  <div class='ocr_page' id='page_1' title='image "/cluster/home/n/w/nwhite01/storage/ocr_20150623/34/uva.x000826574/110.png"; bbox 0 0 3906 6324; ppageno 0'>
   <div class='ocr_carea' id='block_1_1' title="bbox 218 334 1831 398">
    <p class='ocr_par' dir='ltr' id='par_1_1' title="bbox 218 334 1831 398">
     <span class='ocr_line' id='line_1_1' title="bbox 218 334 1831 398; baseline -0.004 -2"><span class='ocrx_word' id='word_1_1' title='bbox 218 339 311 398; x_wconf 67' lang='grc'><strong><em>197</em></strong></span> <span class='ocrx_word' id='word_1_2' title='bbox 1572 334 1773 391; x_wconf 69' lang='lat' dir='ltr'><strong><em>LIBER</em></strong></span> <span class='ocrx_word' id='word_1_3' title='bbox 1816 338 1831 388; x_wconf 68' lang='grc' dir='ltr'>ἓ</span> 
     </span>
    </p>
   </div>
   <div class='ocr_carea' id='block_1_2' title="bbox 1944 334 2191 398">
    <p class='ocr_par' dir='ltr' id='par_1_2' title="bbox 1951 338 2191 394">
     <span class='ocr_line' id='line_1_2' title="bbox 1951 338 2191 394; baseline 0.013 -3"><span class='ocrx_word' id='word_1_4' title='bbox 1951 338 2191 394; x_wconf 72' lang='lat' dir='ltr'><strong><em>UNDUS.</em></strong></span> 
     </span>
    </p>
   </div>
   <div class='ocr_carea' id='block_1_3' title="bbox 229 451 1828 517">
    <p class='ocr_par' dir='ltr' id='par_1_3' title="bbox 229 451 1828 517">
     <span class='ocr_line' id='line_1_3' title="bbox 229 451 1828 517; baseline -0.001 -12"><span class='ocrx_word' id='word_1_5' title='bbox 229 453 380 511; x_wconf 75' lang='lat' dir='ltr'><strong><em>Adam</em></strong></span> <span class='ocrx_word' id='word_1_6' title='bbox 409 468 426 505; x_wconf 91' lang='lat'><strong><em>:</em></strong></span> <span class='ocrx_word' id='word_1_7' title='bbox 458 451 599 517; x_wconf 84' lang='lat' dir='ltr'><strong><em>Quia</em></strong></span> <span class='ocrx_word' id='word_1_8' title='bbox 621 454 816 509; x_wconf 84' lang='lat' dir='ltr'><strong><em>audisti</em></strong></span> <span class='ocrx_word' id='word_1_9' title='bbox 842 468 1008 508; x_wconf 76' lang='lat' dir='ltr'><strong><em>uocem</em></strong></span> <span class='ocrx_word' id='word_1_10' title='bbox 1034 451 1260 507; x_wconf 74' lang='lat' dir='ltr'><strong><em>mulieris</em></strong></span> <span class='ocrx_word' id='word_1_11' title='bbox 1291 461 1409 517; x_wconf 76' lang='lat' dir='ltr'><strong><em>tute,</em></strong></span> <span class='ocrx_word' id='word_1_12' title='bbox 1437 460 1485 505; x_wconf 90' lang='lat' dir='ltr'><strong><em>et</em></strong></span> <span class='ocrx_word' id='word_1_13' title='bbox 1508 452 1828 505; x_wconf 86' lang='lat' dir='ltr'><strong><em>mauducasti</em></strong></span> 
     </span>
    </p>
   </div>
   <div class='ocr_carea' id='block_1_4' title="bbox 233 544 1823 615">
    <p class='ocr_par' dir='ltr' id='par_1_4' title="bbox 233 544 1823 615">
     <span class='ocr_line' id='line_1_4' title="bbox 233 544 1823 615; baseline -0.002 -17"><span class='ocrx_word' id='word_1_14' title='bbox 233 548 289 598; x_wconf 69' lang='grc' dir='ltr'><em>ἀι</em></span> <span class='ocrx_word' id='word_1_15' title='bbox 320 548 453 614; x_wconf 72' lang='lat' dir='ltr'><strong><em>ligno</em></strong></span> <span class='ocrx_word' id='word_1_16' title='bbox 475 546 538 598; x_wconf 80' lang='lat' dir='ltr'><strong><em>de</em></strong></span> <span class='ocrx_word' id='word_1_17' title='bbox 561 563 670 614; x_wconf 83' lang='lat' dir='ltr'><strong><em>quo</em></strong></span> <span class='ocrx_word' id='word_1_18' title='bbox 700 562 1038 615; x_wconf 63' lang='lat' dir='ltr'><strong><em>praeceperant</em></strong></span> <span class='ocrx_word' id='word_1_19' title='bbox 1055 546 1165 609; x_wconf 81' lang='lat' dir='ltr'><strong><em>tibi,</em></strong></span> <span class='ocrx_word' id='word_1_20' title='bbox 1189 562 1251 598; x_wconf 80' lang='lat' dir='ltr'><strong><em>ea:</em></strong></span> <span class='ocrx_word' id='word_1_21' title='bbox 1277 546 1367 597; x_wconf 86' lang='lat' dir='ltr'><strong><em>illo</em></strong></span> <span class='ocrx_word' id='word_1_22' title='bbox 1405 544 1514 597; x_wconf 91' lang='lat' dir='ltr'><strong><em>solo</em></strong></span> <span class='ocrx_word' id='word_1_23' title='bbox 1540 560 1603 596; x_wconf 88' lang='lat' dir='ltr'><strong><em>ne</em></strong></span> <span class='ocrx_word' id='word_1_24' title='bbox 1629 544 1823 607; x_wconf 84' lang='lat' dir='ltr'><strong><em>ederes,</em></strong></span> 
     </span>
    </p>
   </div>
   <div class='ocr_carea' id='block_1_5' title="bbox 230 638 1831 708">
    <p class='ocr_par' dir='ltr' id='par_1_5' title="bbox 230 638 1831 708">
     <span class='ocr_line' id='line_1_5' title="bbox 230 638 1831 708; baseline -0.002 -17"><span class='ocrx_word' id='word_1_25' title='bbox 230 639 499 691; x_wconf 74' lang='lat' dir='ltr'><strong><em>maledicta</em></strong></span> <span class='ocrx_word' id='word_1_26' title='bbox 525 650 664 692; x_wconf 84' lang='lat' dir='ltr'><strong><em>terra</em></strong></span> <span class='ocrx_word' id='word_1_27' title='bbox 702 640 796 691; x_wconf 86' lang='lat' dir='ltr'><strong><em>erit</em></strong></span> <span class='ocrx_word' id='word_1_28' title='bbox 826 638 911 691; x_wconf 83' lang='lat' dir='ltr'><strong><em>tibi</em></strong></span> <span class='ocrx_word' id='word_1_29' title='bbox 948 639 1000 691; x_wconf 87' lang='lat' dir='ltr'><strong><em>in</em></strong></span> <span class='ocrx_word' id='word_1_30' title='bbox 1038 638 1270 692; x_wconf 86' lang='lat' dir='ltr'><strong><em>omnibus</em></strong></span> <span class='ocrx_word' id='word_1_31' title='bbox 1294 639 1527 708; x_wconf 74' lang='lat' dir='ltr'><strong><em>operibus</em></strong></span> <span class='ocrx_word' id='word_1_32' title='bbox 1553 638 1674 701; x_wconf 87' lang='lat' dir='ltr'><strong><em>tuis,</em></strong></span> <span class='ocrx_word' id='word_1_33' title='bbox 1704 648 1748 689; x_wconf 90' lang='lat' dir='ltr'><strong><em>et</em></strong></span> <span class='ocrx_word' id='word_1_34' title='bbox 1777 638 1831 688; x_wconf 89' lang='lat' dir='ltr'><strong><em>in</em></strong></span> 
     </span>
    </p>
   </div>
   <div class='ocr_carea' id='block_1_6' title="bbox 236 729 1832 801">
    <p class='ocr_par' dir='ltr' id='par_1_6' title="bbox 236 729 1832 801">
     <span class='ocr_line' id='line_1_6' title="bbox 236 729 1832 801; baseline -0.001 -19"><span class='ocrx_word' id='word_1_35' title='bbox 236 730 437 784; x_wconf 58' lang='lat' dir='ltr'><strong><em>tristitia</em></strong></span> <span class='ocrx_word' id='word_1_36' title='bbox 465 740 509 783; x_wconf 82' lang='lat' dir='ltr'><strong><em>et</em></strong></span> <span class='ocrx_word' id='word_1_37' title='bbox 538 732 732 801; x_wconf 78' lang='lat' dir='ltr'><strong><em>gemitu</em></strong></span> <span class='ocrx_word' id='word_1_38' title='bbox 766 739 852 783; x_wconf 91' lang='lat' dir='ltr'><strong><em>tuo</em></strong></span> <span class='ocrx_word' id='word_1_39' title='bbox 878 731 1203 783; x_wconf 83' lang='lat' dir='ltr'><strong><em>mautlucabis</em></strong></span> <span class='ocrx_word' id='word_1_40' title='bbox 1232 747 1294 783; x_wconf 74' lang='lat' dir='ltr'><strong><em>ex</em></strong></span> <span class='ocrx_word' id='word_1_41' title='bbox 1321 747 1380 784; x_wconf 89' lang='lat' dir='ltr'><strong><em>ea</em></strong></span> <span class='ocrx_word' id='word_1_42' title='bbox 1408 730 1635 783; x_wconf 77' lang='lat' dir='ltr'><strong><em>omnibus</em></strong></span> <span class='ocrx_word' id='word_1_43' title='bbox 1659 729 1832 782; x_wconf 77' lang='lat' dir='ltr'><strong><em>diebus</em></strong></span> 
     </span>
    </p>
   </div>
   <div class='ocr_carea' id='block_1_7' title="bbox 231 820 1830 901">
    <p class='ocr_par' dir='ltr' id='par_1_7' title="bbox 231 820 1830 901">
     <span class='ocr_line' id='line_1_7' title="bbox 231 820 1830 901; baseline -0.001 -25"><span class='ocrx_word' id='word_1_44' title='bbox 231 823 355 876; x_wconf 63' lang='lat' dir='ltr'><strong><em>vim</em></strong></span> <span class='ocrx_word' id='word_1_45' title='bbox 376 833 490 874; x_wconf 75' lang='lat' dir='ltr'><strong><em>tute.</em></strong></span> <span class='ocrx_word' id='word_1_46' title='bbox 522 820 720 890; x_wconf 84' lang='lat' dir='ltr'><strong><em>Spinas</em></strong></span> <span class='ocrx_word' id='word_1_47' title='bbox 749 833 794 875; x_wconf 87' lang='lat' dir='ltr'><strong><em>et</em></strong></span> <span class='ocrx_word' id='word_1_48' title='bbox 820 820 1027 874; x_wconf 84' lang='lat' dir='ltr'><strong><em>tributos</em></strong></span> <span class='ocrx_word' id='word_1_49' title='bbox 1058 822 1355 891; x_wconf 76' lang='lat' dir='ltr'><strong><em>germinabit</em></strong></span> <span class='ocrx_word' id='word_1_50' title='bbox 1384 820 1492 885; x_wconf 84' lang='lat' dir='ltr'><strong><em>tibi,</em></strong></span> <span class='ocrx_word' id='word_1_51' title='bbox 1523 831 1569 901; x_wconf 77' lang='lat' dir='ltr'><strong><em>et</em></strong></span> <span class='ocrx_word' id='word_1_52' title='bbox 1591 823 1705 874; x_wconf 81' lang='lat' dir='ltr'><strong><em>edes</em></strong></span> <span class='ocrx_word' id='word_1_53' title='bbox 1735 837 1830 890; x_wconf 82' lang='lat' dir='ltr'><strong><em>pa-</em></strong></span> 
     </span>
    </p>
   </div>
   <div class='ocr_carea' id='block_1_8' title="bbox 236 912 1828 985">
    <p class='ocr_par' dir='ltr' id='par_1_8' title="bbox 236 912 1828 985">
     <span class='ocr_line' id='line_1_8' title="bbox 236 912 1828 985; baseline -0.003 -14"><span class='ocrx_word' id='word_1_54' title='bbox 236 917 413 971; x_wconf 66' lang='lat' dir='ltr'><strong><em>bulum</em></strong></span> <span class='ocrx_word' id='word_1_55' title='bbox 453 916 563 985; x_wconf 74' lang='lat' dir='ltr'><strong><em>agri</em></strong></span> <span class='ocrx_word' id='word_1_56' title='bbox 588 917 680 967; x_wconf 88' lang='lat' dir='ltr'><strong><em>tui.</em></strong></span> <span class='ocrx_word' id='word_1_57' title='bbox 718 912 783 967; x_wconf 87' lang='lat' dir='ltr'><strong><em>In</em></strong></span> <span class='ocrx_word' id='word_1_58' title='bbox 804 914 986 968; x_wconf 78' lang='lat' dir='ltr'><strong><em>sudore</em></strong></span> <span class='ocrx_word' id='word_1_59' title='bbox 1021 916 1187 968; x_wconf 79' lang='lat' dir='ltr'><strong><em>uultus</em></strong></span> <span class='ocrx_word' id='word_1_60' title='bbox 1212 914 1286 967; x_wconf 88' lang='lat' dir='ltr'><strong><em>tui</em></strong></span> <span class='ocrx_word' id='word_1_61' title='bbox 1313 914 1431 968; x_wconf 88' lang='lat' dir='ltr'><strong><em>edes</em></strong></span> <span class='ocrx_word' id='word_1_62' title='bbox 1458 930 1637 985; x_wconf 84' lang='lat' dir='ltr'><strong><em>ponent</em></strong></span> <span class='ocrx_word' id='word_1_63' title='bbox 1659 924 1828 977; x_wconf 87' lang='lat' dir='ltr'><strong><em>tuum,</em></strong></span> 
     </span>
    </p>
   </div>
   <div class='ocr_carea' id='block_1_9' title="bbox 235 1004 1833 1075">
    <p class='ocr_par' dir='ltr' id='par_1_9' title="bbox 235 1004 1833 1075">
     <span class='ocr_line' id='line_1_9' title="bbox 235 1004 1833 1075; baseline -0.002 -16"><span class='ocrx_word' id='word_1_64' title='bbox 235 1006 400 1061; x_wconf 72' lang='lat' dir='ltr'><strong><em>donec</em></strong></span> <span class='ocrx_word' id='word_1_65' title='bbox 428 1005 695 1060; x_wconf 64' lang='lat' dir='ltr'><strong><em>&quot;caloris</em></strong></span> <span class='ocrx_word' id='word_1_66' title='bbox 740 1006 793 1058; x_wconf 86' lang='lat' dir='ltr'><strong><em>in</em></strong></span> <span class='ocrx_word' id='word_1_67' title='bbox 854 1016 1068 1068; x_wconf 86' lang='lat' dir='ltr'><strong><em>terram,</em></strong></span> <span class='ocrx_word' id='word_1_68' title='bbox 1097 1005 1160 1057; x_wconf 87' lang='lat' dir='ltr'><strong><em>de</em></strong></span> <span class='ocrx_word' id='word_1_69' title='bbox 1187 1021 1287 1075; x_wconf 76' lang='lat' dir='ltr'><strong><em>qua</em></strong></span> <span class='ocrx_word' id='word_1_70' title='bbox 1313 1014 1543 1073; x_wconf 85' lang='lat' dir='ltr'><strong><em>sumptus</em></strong></span> <span class='ocrx_word' id='word_1_71' title='bbox 1589 1021 1673 1069; x_wconf 85' lang='lat' dir='ltr'><strong><em>es;</em></strong></span> <span class='ocrx_word' id='word_1_72' title='bbox 1715 1004 1833 1074; x_wconf 86' lang='lat' dir='ltr'><strong><em>quia</em></strong></span> 
     </span>
    </p>
   </div>
   <div class='ocr_carea' id='block_1_10' title="bbox 235 1095 1833 1163">
    <p class='ocr_par' dir='ltr' id='par_1_10' title="bbox 235 1095 1833 1163">
     <span class='ocr_line' id='line_1_10' title="bbox 235 1095 1833 1163; baseline -0.001 -12"><span class='ocrx_word' id='word_1_73' title='bbox 235 1109 374 1151; x_wconf 84' lang='lat' dir='ltr'><strong><em>terra</em></strong></span> <span class='ocrx_word' id='word_1_74' title='bbox 404 1113 457 1151; x_wconf 85' lang='lat' dir='ltr'><strong><em>es</em></strong></span> <span class='ocrx_word' id='word_1_75' title='bbox 476 1132 491 1162; x_wconf 84' lang='lat'><strong><em>,</em></strong></span> <span class='ocrx_word' id='word_1_76' title='bbox 531 1108 576 1150; x_wconf 89' lang='lat' dir='ltr'><strong><em>et</em></strong></span> <span class='ocrx_word' id='word_1_77' title='bbox 606 1098 658 1150; x_wconf 81' lang='lat' dir='ltr'><strong><em>in</em></strong></span> <span class='ocrx_word' id='word_1_78' title='bbox 689 1108 872 1150; x_wconf 84' lang='lat' dir='ltr'><strong><em>terram</em></strong></span> <span class='ocrx_word' id='word_1_79' title='bbox 913 1097 1026 1150; x_wconf 84' lang='lat' dir='ltr'><strong><em>ibis.</em></strong></span> <span class='ocrx_word' id='word_1_80' title='bbox 1060 1095 1126 1149; x_wconf 84' lang='lat' dir='ltr'><strong><em>Et</em></strong></span> <span class='ocrx_word' id='word_1_81' title='bbox 1153 1106 1274 1150; x_wconf 84' lang='lat' dir='ltr'><strong><em>tunc</em></strong></span> <span class='ocrx_word' id='word_1_82' title='bbox 1300 1097 1463 1150; x_wconf 81' lang='lat' dir='ltr'><strong><em>Adam</em></strong></span> <span class='ocrx_word' id='word_1_83' title='bbox 1488 1098 1722 1163; x_wconf 88' lang='lat' dir='ltr'><strong><em>imposuit</em></strong></span> <span class='ocrx_word' id='word_1_84' title='bbox 1742 1113 1833 1150; x_wconf 81' lang='lat' dir='ltr'><strong><em>no-</em></strong></span> 
     </span>
    </p>
   </div>
   <div class='ocr_carea' id='block_1_11' title="bbox 234 1185 1831 1256">
    <p class='ocr_par' dir='ltr' id='par_1_11' title="bbox 234 1185 1831 1256">
     <span class='ocr_line' id='line_1_11' title="bbox 234 1185 1831 1256; baseline -0.001 -16"><span class='ocrx_word' id='word_1_85' title='bbox 234 1204 355 1240; x_wconf 59' lang='lat' dir='ltr'><strong><em>men</em></strong></span> <span class='ocrx_word' id='word_1_86' title='bbox 386 1188 536 1240; x_wconf 72' lang='lat' dir='ltr'><strong><em>uari</em></strong></span> <span class='ocrx_word' id='word_1_87' title='bbox 562 1201 702 1252; x_wconf 65' lang='lat' dir='ltr'><strong><em>sua,</em></strong></span> <span class='ocrx_word' id='word_1_88' title='bbox 738 1185 853 1239; x_wconf 74' lang='lat' dir='ltr'><strong><em>Vita</em></strong></span> <span class='ocrx_word' id='word_1_89' title='bbox 869 1202 889 1250; x_wconf 70' lang='grc' dir='ltr'><em>ς</em></span> <span class='ocrx_word' id='word_1_90' title='bbox 912 1187 1032 1256; x_wconf 77' lang='lat' dir='ltr'><strong><em>quia</em></strong></span> <span class='ocrx_word' id='word_1_91' title='bbox 1057 1197 1216 1240; x_wconf 85' lang='lat' dir='ltr'><strong><em>mater</em></strong></span> <span class='ocrx_word' id='word_1_92' title='bbox 1236 1196 1306 1240; x_wconf 83' lang='lat' dir='ltr'><strong><em>est</em></strong></span> <span class='ocrx_word' id='word_1_93' title='bbox 1333 1188 1559 1240; x_wconf 87' lang='lat' dir='ltr'><strong><em>onmiuut</em></strong></span> <span class='ocrx_word' id='word_1_94' title='bbox 1586 1189 1831 1239; x_wconf 78' lang='lat' dir='ltr'><strong><em>vivorum.</em></strong></span> 
     </span>
    </p>
   </div>
   <div class='ocr_carea' id='block_1_12' title="bbox 244 1276 1833 1350">
    <p class='ocr_par' dir='ltr' id='par_1_12' title="bbox 244 1276 1833 1350">
     <span class='ocr_line' id='line_1_12' title="bbox 244 1276 1833 1350; baseline 0 -20"><span class='ocrx_word' id='word_1_95' title='bbox 244 1277 309 1330; x_wconf 67' lang='lat' dir='ltr'><strong><em>Et</em></strong></span> <span class='ocrx_word' id='word_1_96' title='bbox 335 1288 452 1331; x_wconf 75' lang='lat' dir='ltr'><strong><em>tunc</em></strong></span> <span class='ocrx_word' id='word_1_97' title='bbox 473 1279 588 1350; x_wconf 60' lang='lat' dir='ltr'><strong><em>[ait</em></strong></span> <span class='ocrx_word' id='word_1_98' title='bbox 620 1277 864 1330; x_wconf 82' lang='lat' dir='ltr'><strong><em>Dominus</em></strong></span> <span class='ocrx_word' id='word_1_99' title='bbox 894 1276 1028 1330; x_wconf 82' lang='lat' dir='ltr'><strong><em>Deus</em></strong></span> <span class='ocrx_word' id='word_1_100' title='bbox 1057 1276 1185 1331; x_wconf 71' lang='lat' dir='ltr'><strong><em>Ada.’</em></strong></span> <span class='ocrx_word' id='word_1_101' title='bbox 1206 1287 1251 1330; x_wconf 90' lang='lat' dir='ltr'><strong><em>et</em></strong></span> <span class='ocrx_word' id='word_1_102' title='bbox 1278 1277 1474 1330; x_wconf 83' lang='lat' dir='ltr'><strong><em>mulieri</em></strong></span> <span class='ocrx_word' id='word_1_103' title='bbox 1504 1278 1613 1346; x_wconf 78' lang='lat' dir='ltr'><strong><em>ejus</em></strong></span> <span class='ocrx_word' id='word_1_104' title='bbox 1640 1278 1833 1330; x_wconf 83' lang='lat' dir='ltr'><strong><em>tunicas</em></strong></span> 
     </span>
    </p>
   </div>
   <div class='ocr_carea' id='block_1_13' title="bbox 239 1368 1834 1441">
    <p class='ocr_par' dir='ltr' id='par_1_13' title="bbox 239 1368 1834 1441">
     <span class='ocr_line' id='line_1_13' title="bbox 239 1368 1834 1441; baseline 0.001 -20"><span class='ocrx_word' id='word_1_105' title='bbox 239 1370 515 1439; x_wconf 71' lang='lat' dir='ltr'><strong><em>peliireas,</em></strong></span> <span class='ocrx_word' id='word_1_106' title='bbox 549 1380 594 1422; x_wconf 80' lang='lat' dir='ltr'><strong><em>et</em></strong></span> <span class='ocrx_word' id='word_1_107' title='bbox 634 1369 796 1421; x_wconf 86' lang='lat' dir='ltr'><strong><em>induit</em></strong></span> <span class='ocrx_word' id='word_1_108' title='bbox 844 1368 980 1422; x_wconf 83' lang='lat' dir='ltr'><strong><em>illos.</em></strong></span> <span class='ocrx_word' id='word_1_109' title='bbox 1022 1368 1085 1422; x_wconf 75' lang='lat' dir='ltr'><strong><em>Et</em></strong></span> <span class='ocrx_word' id='word_1_110' title='bbox 1127 1369 1294 1423; x_wconf 78' lang='lat' dir='ltr'><strong><em>dixit:</em></strong></span> <span class='ocrx_word' id='word_1_111' title='bbox 1325 1368 1454 1423; x_wconf 81' lang='lat' dir='ltr'><strong><em>Ecce</em></strong></span> <span class='ocrx_word' id='word_1_112' title='bbox 1479 1370 1642 1421; x_wconf 82' lang='lat' dir='ltr'><strong><em>Adam</em></strong></span> <span class='ocrx_word' id='word_1_113' title='bbox 1671 1371 1834 1441; x_wconf 73' lang='lat' dir='ltr'><strong><em>frictus</em></strong></span> 
     </span>
    </p>
   </div>
   <div class='ocr_carea' id='block_1_14' title="bbox 238 1458 1834 1529">
    <p class='ocr_par' dir='ltr' id='par_1_14' title="bbox 238 1458 1834 1529">
     <span class='ocr_line' id='line_1_14' title="bbox 238 1458 1834 1529; baseline 0.001 -18"><span class='ocrx_word' id='word_1_114' title='bbox 238 1469 321 1512; x_wconf 76' lang='lat' dir='ltr'><strong><em>ut</em></strong></span> <span class='ocrx_word' id='word_1_115' title='bbox 371 1472 616 1529; x_wconf 72' lang='lat' dir='ltr'><strong><em>tauquam</em></strong></span> <span class='ocrx_word' id='word_1_116' title='bbox 656 1475 786 1511; x_wconf 73' lang='lat' dir='ltr'><strong><em>uirus</em></strong></span> <span class='ocrx_word' id='word_1_117' title='bbox 817 1474 880 1513; x_wconf 79' lang='lat' dir='ltr'><strong><em>ea:</em></strong></span> <span class='ocrx_word' id='word_1_118' title='bbox 918 1460 1091 1522; x_wconf 80' lang='lat' dir='ltr'><strong><em>nobis,</em></strong></span> <span class='ocrx_word' id='word_1_119' title='bbox 1124 1458 1193 1512; x_wconf 85' lang='lat' dir='ltr'><strong><em>ad</em></strong></span> <span class='ocrx_word' id='word_1_120' title='bbox 1216 1458 1477 1512; x_wconf 85' lang='lat' dir='ltr'><strong><em>scientiam</em></strong></span> <span class='ocrx_word' id='word_1_121' title='bbox 1505 1459 1834 1528; x_wconf 72' lang='lat' dir='ltr'><strong><em>cognoscendi</em></strong></span> 
     </span>
    </p>
   </div>
   <div class='ocr_carea' id='block_1_15' title="bbox 237 1547 1834 1619">
    <p class='ocr_par' dir='ltr' id='par_1_15' title="bbox 237 1547 1834 1619">
     <span class='ocr_line' id='line_1_15' title="bbox 237 1547 1834 1619; baseline -0.001 -16"><span class='ocrx_word' id='word_1_122' title='bbox 237 1547 431 1603; x_wconf 63' lang='lat' dir='ltr'><strong><em>bonum</em></strong></span> <span class='ocrx_word' id='word_1_123' title='bbox 474 1557 522 1602; x_wconf 84' lang='lat' dir='ltr'><strong><em>et</em></strong></span> <span class='ocrx_word' id='word_1_124' title='bbox 555 1548 764 1601; x_wconf 84' lang='lat' dir='ltr'><strong><em>malum.</em></strong></span> <span class='ocrx_word' id='word_1_125' title='bbox 806 1547 870 1601; x_wconf 77' lang='lat' dir='ltr'><strong><em>Et</em></strong></span> <span class='ocrx_word' id='word_1_126' title='bbox 902 1559 1020 1602; x_wconf 79' lang='lat' dir='ltr'><strong><em>tunc</em></strong></span> <span class='ocrx_word' id='word_1_127' title='bbox 1049 1565 1111 1601; x_wconf 88' lang='lat' dir='ltr'><strong><em>ne</em></strong></span> <span class='ocrx_word' id='word_1_128' title='bbox 1138 1548 1413 1619; x_wconf 75' lang='lat' dir='ltr'><strong><em>porrigeret</em></strong></span> <span class='ocrx_word' id='word_1_129' title='bbox 1454 1564 1662 1602; x_wconf 86' lang='lat' dir='ltr'><strong><em>manum</em></strong></span> <span class='ocrx_word' id='word_1_130' title='bbox 1690 1565 1834 1603; x_wconf 83' lang='lat' dir='ltr'><strong><em>suout</em></strong></span> 
     </span>
    </p>
   </div>
   <div class='ocr_carea' id='block_1_16' title="bbox 236 1639 1831 1706">
    <p class='ocr_par' dir='ltr' id='par_1_16' title="bbox 236 1639 1831 1706">
     <span class='ocr_line' id='line_1_16' title="bbox 236 1639 1831 1706; baseline -0.001 -11"><span class='ocrx_word' id='word_1_131' title='bbox 236 1639 407 1695; x_wconf 69' lang='lat' dir='ltr'><strong><em>Adam</em></strong></span> <span class='ocrx_word' id='word_1_132' title='bbox 437 1640 507 1693; x_wconf 83' lang='lat' dir='ltr'><strong><em>ad</em></strong></span> <span class='ocrx_word' id='word_1_133' title='bbox 529 1640 757 1693; x_wconf 70' lang='lat' dir='ltr'><strong><em>arborem</em></strong></span> <span class='ocrx_word' id='word_1_134' title='bbox 782 1642 894 1693; x_wconf 70' lang='lat' dir='ltr'><strong><em>vita:</em></strong></span> <span class='ocrx_word' id='word_1_135' title='bbox 909 1650 953 1693; x_wconf 88' lang='lat' dir='ltr'><strong><em>et</em></strong></span> <span class='ocrx_word' id='word_1_136' title='bbox 976 1650 1192 1694; x_wconf 82' lang='lat' dir='ltr'><strong><em>sumeret</em></strong></span> <span class='ocrx_word' id='word_1_137' title='bbox 1211 1639 1306 1694; x_wconf 70' lang='lat' dir='ltr'><strong><em>sibi</em></strong></span> <span class='ocrx_word' id='word_1_138' title='bbox 1335 1640 1454 1694; x_wconf 81' lang='lat' dir='ltr'><strong><em>inde</em></strong></span> <span class='ocrx_word' id='word_1_139' title='bbox 1475 1682 1489 1706; x_wconf 95' lang='lat'><strong><em>,</em></strong></span> <span class='ocrx_word' id='word_1_140' title='bbox 1519 1650 1565 1693; x_wconf 82' lang='lat' dir='ltr'><strong><em>et</em></strong></span> <span class='ocrx_word' id='word_1_141' title='bbox 1592 1641 1755 1694; x_wconf 83' lang='lat' dir='ltr'><strong><em>ederet</em></strong></span> <span class='ocrx_word' id='word_1_142' title='bbox 1784 1650 1831 1694; x_wconf 90' lang='lat' dir='ltr'><strong><em>et</em></strong></span> 
     </span>
    </p>
   </div>
   <div class='ocr_carea' id='block_1_17' title="bbox 237 1732 1831 1803">
    <p class='ocr_par' dir='ltr' id='par_1_17' title="bbox 237 1732 1831 1803">
     <span class='ocr_line' id='line_1_17' title="bbox 237 1732 1831 1803; baseline 0.002 -18"><span class='ocrx_word' id='word_1_143' title='bbox 237 1734 429 1787; x_wconf 65' lang='lat' dir='ltr'><strong><em>viveret</em></strong></span> <span class='ocrx_word' id='word_1_144' title='bbox 462 1733 519 1786; x_wconf 85' lang='lat' dir='ltr'><strong><em>in</em></strong></span> <span class='ocrx_word' id='word_1_145' title='bbox 559 1742 835 1798; x_wconf 71' lang='lat' dir='ltr'><strong><em>attentum,</em></strong></span> <span class='ocrx_word' id='word_1_146' title='bbox 866 1732 1054 1786; x_wconf 87' lang='lat' dir='ltr'><strong><em>dimisit</em></strong></span> <span class='ocrx_word' id='word_1_147' title='bbox 1081 1750 1192 1786; x_wconf 85' lang='lat' dir='ltr'><strong><em>euut</em></strong></span> <span class='ocrx_word' id='word_1_148' title='bbox 1220 1732 1469 1787; x_wconf 86' lang='lat' dir='ltr'><strong><em>Dominus</em></strong></span> <span class='ocrx_word' id='word_1_149' title='bbox 1499 1733 1633 1788; x_wconf 85' lang='lat' dir='ltr'><strong><em>Deus</em></strong></span> <span class='ocrx_word' id='word_1_150' title='bbox 1652 1736 1713 1787; x_wconf 87' lang='lat' dir='ltr'><strong><em>de</em></strong></span> <span class='ocrx_word' id='word_1_151' title='bbox 1736 1750 1831 1803; x_wconf 85' lang='lat' dir='ltr'><strong><em>pa-</em></strong></span> 
     </span>
    </p>
   </div>
   <div class='ocr_carea' id='block_1_18' title="bbox 236 1824 1834 1895">
    <p class='ocr_par' dir='ltr' id='par_1_18' title="bbox 236 1824 1834 1895">
     <span class='ocr_line' id='line_1_18' title="bbox 236 1824 1834 1895; baseline 0.002 -19"><span class='ocrx_word' id='word_1_152' title='bbox 236 1825 411 1877; x_wconf 86' lang='lat' dir='ltr'><strong><em>radiso</em></strong></span> <span class='ocrx_word' id='word_1_153' title='bbox 428 1824 713 1889; x_wconf 82' lang='lat' dir='ltr'><strong><em>sum-itatis,</em></strong></span> <span class='ocrx_word' id='word_1_154' title='bbox 742 1834 793 1876; x_wconf 91' lang='lat' dir='ltr'><strong><em>ut</em></strong></span> <span class='ocrx_word' id='word_1_155' title='bbox 810 1834 1105 1891; x_wconf 75' lang='lat' dir='ltr'><strong><em>operaretur</em></strong></span> <span class='ocrx_word' id='word_1_156' title='bbox 1126 1836 1310 1877; x_wconf 80' lang='lat' dir='ltr'><strong><em>terrain</em></strong></span> <span class='ocrx_word' id='word_1_157' title='bbox 1330 1824 1395 1879; x_wconf 85' lang='lat' dir='ltr'><strong><em>de</em></strong></span> <span class='ocrx_word' id='word_1_158' title='bbox 1418 1841 1518 1893; x_wconf 88' lang='lat' dir='ltr'><strong><em>qua</em></strong></span> <span class='ocrx_word' id='word_1_159' title='bbox 1536 1834 1580 1878; x_wconf 87' lang='lat' dir='ltr'><strong><em>et</em></strong></span> <span class='ocrx_word' id='word_1_160' title='bbox 1604 1836 1834 1895; x_wconf 83' lang='lat' dir='ltr'><strong><em>sumptus</em></strong></span> 
     </span>
    </p>
   </div>
   <div class='ocr_carea' id='block_1_19' title="bbox 236 1912 1833 1986">
    <p class='ocr_par' dir='ltr' id='par_1_19' title="bbox 236 1912 1833 1986">
     <span class='ocr_line' id='line_1_19' title="bbox 236 1912 1833 1986; baseline 0.001 -19"><span class='ocrx_word' id='word_1_161' title='bbox 236 1918 433 1985; x_wconf 75' lang='lat' dir='ltr'><strong><em>fuerat.</em></strong></span> <span class='ocrx_word' id='word_1_162' title='bbox 470 1912 536 1966; x_wconf 83' lang='lat' dir='ltr'><strong><em>Et</em></strong></span> <span class='ocrx_word' id='word_1_163' title='bbox 564 1916 751 1984; x_wconf 87' lang='lat' dir='ltr'><strong><em>ejectns</em></strong></span> <span class='ocrx_word' id='word_1_164' title='bbox 776 1918 915 1986; x_wconf 81' lang='lat' dir='ltr'><strong><em>[oras</em></strong></span> <span class='ocrx_word' id='word_1_165' title='bbox 944 1916 1007 1968; x_wconf 88' lang='lat' dir='ltr'><strong><em>de</em></strong></span> <span class='ocrx_word' id='word_1_166' title='bbox 1027 1916 1285 1984; x_wconf 76' lang='lat' dir='ltr'><strong><em>paradiso,</em></strong></span> <span class='ocrx_word' id='word_1_167' title='bbox 1320 1925 1540 1969; x_wconf 88' lang='lat' dir='ltr'><strong><em>moratus</em></strong></span> <span class='ocrx_word' id='word_1_168' title='bbox 1560 1927 1628 1969; x_wconf 81' lang='lat' dir='ltr'><strong><em>est</em></strong></span> <span class='ocrx_word' id='word_1_169' title='bbox 1657 1928 1833 1971; x_wconf 88' lang='lat' dir='ltr'><strong><em>contra</em></strong></span> 
     </span>
    </p>
   </div>
   <div class='ocr_carea' id='block_1_20' title="bbox 244 2004 1832 2079">
    <p class='ocr_par' dir='ltr' id='par_1_20' title="bbox 244 2004 1832 2079">
     <span class='ocr_line' id='line_1_20' title="bbox 244 2004 1832 2079; baseline 0.005 -24"><span class='ocrx_word' id='word_1_170' title='bbox 244 2004 547 2073; x_wconf 76' lang='lat' dir='ltr'><strong><em>panidisum</em></strong></span> <span class='ocrx_word' id='word_1_171' title='bbox 574 2007 865 2074; x_wconf 76' lang='lat' dir='ltr'><strong><em>voluptatis.</em></strong></span> <span class='ocrx_word' id='word_1_172' title='bbox 896 2006 963 2059; x_wconf 78' lang='lat' dir='ltr'><strong><em>Et</em></strong></span> <span class='ocrx_word' id='word_1_173' title='bbox 990 2007 1257 2060; x_wconf 80' lang='lat' dir='ltr'><strong><em>(.‘Iterubint</em></strong></span> <span class='ocrx_word' id='word_1_174' title='bbox 1295 2017 1341 2061; x_wconf 88' lang='lat' dir='ltr'><strong><em>et</em></strong></span> <span class='ocrx_word' id='word_1_175' title='bbox 1363 2008 1503 2061; x_wconf 85' lang='lat' dir='ltr'><strong><em>illam</em></strong></span> <span class='ocrx_word' id='word_1_176' title='bbox 1543 2011 1832 2079; x_wconf 79' lang='lat' dir='ltr'><strong><em>ﬂammeam</em></strong></span> 
     </span>
    </p>
   </div>
   <div class='ocr_carea' id='block_1_21' title="bbox 236 2098 1833 2169">
    <p class='ocr_par' dir='ltr' id='par_1_21' title="bbox 236 2098 1833 2169">
     <span class='ocr_line' id='line_1_21' title="bbox 236 2098 1833 2169; baseline 0.005 -20"><span class='ocrx_word' id='word_1_177' title='bbox 236 2099 493 2168; x_wconf 78' lang='lat' dir='ltr'><strong><em>frameam</em></strong></span> <span class='ocrx_word' id='word_1_178' title='bbox 538 2116 652 2167; x_wconf 73' lang='lat' dir='ltr'><strong><em>qua:</em></strong></span> <span class='ocrx_word' id='word_1_179' title='bbox 680 2110 936 2165; x_wconf 76' lang='lat' dir='ltr'><strong><em>versatur,</em></strong></span> <span class='ocrx_word' id='word_1_180' title='bbox 994 2102 1159 2169; x_wconf 80' lang='lat' dir='ltr'><strong><em>posuit</em></strong></span> <span class='ocrx_word' id='word_1_181' title='bbox 1200 2098 1340 2155; x_wconf 86' lang='lat' dir='ltr'><strong><em>Deus</em></strong></span> <span class='ocrx_word' id='word_1_182' title='bbox 1362 2101 1431 2155; x_wconf 77' lang='lat' dir='ltr'><strong><em>ad</em></strong></span> <span class='ocrx_word' id='word_1_183' title='bbox 1456 2104 1833 2157; x_wconf 71' lang='lat' dir='ltr'><strong><em>custodiendam</em></strong></span> 
     </span>
    </p>
   </div>
   <div class='ocr_carea' id='block_1_22' title="bbox 236 2187 750 2242">
    <p class='ocr_par' dir='ltr' id='par_1_22' title="bbox 236 2187 750 2242">
     <span class='ocr_line' id='line_1_22' title="bbox 236 2187 750 2242; baseline 0.004 -2"><span class='ocrx_word' id='word_1_184' title='bbox 236 2187 373 2240; x_wconf 66' lang='lat' dir='ltr'><strong><em>viam</em></strong></span> <span class='ocrx_word' id='word_1_185' title='bbox 403 2190 597 2242; x_wconf 85' lang='lat' dir='ltr'><strong><em>arboris</em></strong></span> <span class='ocrx_word' id='word_1_186' title='bbox 620 2190 750 2242; x_wconf 76' lang='lat' dir='ltr'><strong><em>uiue.</em></strong></span> 
     </span>
    </p>
   </div>
   <div class='ocr_carea' id='block_1_23' title="bbox 308 2278 1773 2356">
    <p class='ocr_par' dir='ltr' id='par_1_23' title="bbox 308 2278 1773 2356">
     <span class='ocr_line' id='line_1_23' title="bbox 308 2278 1773 2356; baseline 0.004 -22"><span class='ocrx_word' id='word_1_187' title='bbox 308 2278 539 2335; x_wconf 75' lang='lat' dir='ltr'><strong><em>CAPUT</em></strong></span> <span class='ocrx_word' id='word_1_188' title='bbox 568 2281 632 2335; x_wconf 90' lang='lat' dir='ltr'><strong><em>ll.</em></strong></span> <span class='ocrx_word' id='word_1_189' title='bbox 660 2311 730 2324; x_wconf 90' lang='lat'><strong><em>-</em></strong></span> <span class='ocrx_word' id='word_1_190' title='bbox 756 2280 963 2336; x_wconf 79' lang='lat' dir='ltr'><strong><em>Genesis</em></strong></span> <span class='ocrx_word' id='word_1_191' title='bbox 983 2282 1049 2334; x_wconf 91' lang='lat' dir='ltr'><strong><em>ad</em></strong></span> <span class='ocrx_word' id='word_1_192' title='bbox 1064 2283 1283 2337; x_wconf 85' lang='lat' dir='ltr'><strong><em>litteram</em></strong></span> <span class='ocrx_word' id='word_1_193' title='bbox 1301 2282 1481 2356; x_wconf 79' lang='lat' dir='ltr'><strong><em>ubique</em></strong></span> <span class='ocrx_word' id='word_1_194' title='bbox 1494 2294 1595 2339; x_wconf 72' lang='lat' dir='ltr'><strong><em>non</em></strong></span> <span class='ocrx_word' id='word_1_195' title='bbox 1614 2291 1773 2356; x_wconf 70' lang='lat' dir='ltr'><strong><em>potest</em></strong></span> 
     </span>
    </p>
   </div>
   <div class='ocr_carea' id='block_1_24' title="bbox 936 2375 1138 2446">
    <p class='ocr_par' dir='ltr' id='par_1_24' title="bbox 936 2375 1138 2446">
     <span class='ocr_line' id='line_1_24' title="bbox 936 2375 1138 2446; baseline 0 -18"><span class='ocrx_word' id='word_1_196' title='bbox 936 2375 1138 2446; x_wconf 77' lang='lat' dir='ltr'><strong><em>exponi.</em></strong></span> 
     </span>
    </p>
   </div>
   <div class='ocr_carea' id='block_1_25' title="bbox 313 2463 1831 2536">
    <p class='ocr_par' dir='ltr' id='par_1_25' title="bbox 313 2463 1831 2536">
     <span class='ocr_line' id='line_1_25' title="bbox 313 2463 1831 2536; baseline 0.003 -16"><span class='ocrx_word' id='word_1_197' title='bbox 313 2465 368 2520; x_wconf 76' lang='grc' dir='ltr'><strong><em>ὅ.</em></strong></span> <span class='ocrx_word' id='word_1_198' title='bbox 414 2463 541 2519; x_wconf 76' lang='lat' dir='ltr'><strong><em>Haec</em></strong></span> <span class='ocrx_word' id='word_1_199' title='bbox 576 2474 781 2520; x_wconf 82' lang='lat' dir='ltr'><strong><em>secreta</em></strong></span> <span class='ocrx_word' id='word_1_200' title='bbox 831 2467 1114 2519; x_wconf 79' lang='lat' dir='ltr'><strong><em>verborum</em></strong></span> <span class='ocrx_word' id='word_1_201' title='bbox 1163 2465 1209 2521; x_wconf 87' lang='lat' dir='ltr'><strong><em>si</em></strong></span> <span class='ocrx_word' id='word_1_202' title='bbox 1247 2481 1353 2521; x_wconf 91' lang='lat' dir='ltr'><strong><em>non</em></strong></span> <span class='ocrx_word' id='word_1_203' title='bbox 1381 2466 1831 2536; x_wconf 78' lang='lat' dir='ltr'><strong><em>reprehendentes</em></strong></span> 
     </span>
    </p>
   </div>
   <div class='ocr_carea' id='block_1_26' title="bbox 236 2557 1831 2626">
    <p class='ocr_par' dir='ltr' id='par_1_26' title="bbox 236 2557 1831 2626">
     <span class='ocr_line' id='line_1_26' title="bbox 236 2557 1831 2626; baseline 0.002 -14"><span class='ocrx_word' id='word_1_204' title='bbox 236 2565 301 2612; x_wconf 74' lang='lat' dir='ltr'><strong><em>et</em></strong></span> <span class='ocrx_word' id='word_1_205' title='bbox 327 2569 664 2621; x_wconf 71' lang='lat' dir='ltr'><strong><em>accusantes,</em></strong></span> <span class='ocrx_word' id='word_1_206' title='bbox 696 2557 787 2612; x_wconf 82' lang='lat' dir='ltr'><strong><em>sed</em></strong></span> <span class='ocrx_word' id='word_1_207' title='bbox 811 2566 1111 2626; x_wconf 63' lang='lat' dir='ltr'><strong><em>quarrentes</em></strong></span> <span class='ocrx_word' id='word_1_208' title='bbox 1155 2567 1210 2612; x_wconf 91' lang='lat' dir='ltr'><strong><em>et</em></strong></span> <span class='ocrx_word' id='word_1_209' title='bbox 1240 2570 1544 2613; x_wconf 88' lang='lat' dir='ltr'><strong><em>reverentes</em></strong></span> <span class='ocrx_word' id='word_1_210' title='bbox 1558 2559 1831 2615; x_wconf 67' lang='lat' dir='ltr'><strong><em>ilanieltazi</em></strong></span> 
     </span>
    </p>
   </div>
   <div class='ocr_carea' id='block_1_27' title="bbox 237 2648 1831 2721">
    <p class='ocr_par' dir='ltr' id='par_1_27' title="bbox 237 2648 1831 2721">
     <span class='ocr_line' id='line_1_27' title="bbox 237 2648 1831 2721; baseline 0.003 -18"><span class='ocrx_word' id='word_1_211' title='bbox 237 2648 464 2703; x_wconf 81' lang='lat' dir='ltr'><strong><em>mallent</em></strong></span> <span class='ocrx_word' id='word_1_212' title='bbox 509 2649 798 2715; x_wconf 72' lang='lat' dir='ltr'><strong><em>discutere,</em></strong></span> <span class='ocrx_word' id='word_1_213' title='bbox 831 2665 937 2703; x_wconf 89' lang='lat' dir='ltr'><strong><em>non</em></strong></span> <span class='ocrx_word' id='word_1_214' title='bbox 962 2658 1143 2704; x_wconf 76' lang='lat' dir='ltr'><strong><em>essent</em></strong></span> <span class='ocrx_word' id='word_1_215' title='bbox 1176 2652 1353 2721; x_wconf 89' lang='lat' dir='ltr'><strong><em>utique</em></strong></span> <span class='ocrx_word' id='word_1_216' title='bbox 1380 2651 1683 2717; x_wconf 81' lang='lat' dir='ltr'><strong><em>Manieha-i;</em></strong></span> <span class='ocrx_word' id='word_1_217' title='bbox 1736 2653 1831 2707; x_wconf 83' lang='lat' dir='ltr'><strong><em>sed</em></strong></span> 
     </span>
    </p>
   </div>
   <div class='ocr_carea' id='block_1_28' title="bbox 239 2739 1835 2814">
    <p class='ocr_par' dir='ltr' id='par_1_28' title="bbox 239 2739 1835 2814">
     <span class='ocr_line' id='line_1_28' title="bbox 239 2739 1835 2814; baseline 0.003 -21"><span class='ocrx_word' id='word_1_218' title='bbox 239 2739 464 2795; x_wconf 77' lang='lat' dir='ltr'><strong><em>daretur</em></strong></span> <span class='ocrx_word' id='word_1_219' title='bbox 492 2742 821 2810; x_wconf 84' lang='lat' dir='ltr'><strong><em>petentibus,</em></strong></span> <span class='ocrx_word' id='word_1_220' title='bbox 851 2751 905 2795; x_wconf 89' lang='lat' dir='ltr'><strong><em>et</em></strong></span> <span class='ocrx_word' id='word_1_221' title='bbox 945 2752 1245 2811; x_wconf 76' lang='lat' dir='ltr'><strong><em>quaerentes</em></strong></span> <span class='ocrx_word' id='word_1_222' title='bbox 1292 2743 1609 2807; x_wconf 77' lang='lat' dir='ltr'><strong><em>invenirent,</em></strong></span> <span class='ocrx_word' id='word_1_223' title='bbox 1637 2753 1691 2798; x_wconf 88' lang='lat' dir='ltr'><strong><em>et</em></strong></span> <span class='ocrx_word' id='word_1_224' title='bbox 1718 2744 1835 2814; x_wconf 79' lang='lat' dir='ltr'><strong><em>pul-</em></strong></span> 
     </span>
    </p>
   </div>
   <div class='ocr_carea' id='block_1_29' title="bbox 237 2834 1831 2904">
    <p class='ocr_par' dir='ltr' id='par_1_29' title="bbox 237 2834 1831 2904">
     <span class='ocr_line' id='line_1_29' title="bbox 237 2834 1831 2904; baseline 0.001 -16"><span class='ocrx_word' id='word_1_225' title='bbox 237 2836 486 2890; x_wconf 75' lang='lat' dir='ltr'><strong><em>Santihus</em></strong></span> <span class='ocrx_word' id='word_1_226' title='bbox 533 2836 849 2904; x_wconf 83' lang='lat' dir='ltr'><strong><em>aperiretur.</em></strong></span> <span class='ocrx_word' id='word_1_227' title='bbox 893 2834 1078 2888; x_wconf 82' lang='lat' dir='ltr'><strong><em>Plures</em></strong></span> <span class='ocrx_word' id='word_1_228' title='bbox 1108 2836 1249 2888; x_wconf 86' lang='lat' dir='ltr'><strong><em>enim</em></strong></span> <span class='ocrx_word' id='word_1_229' title='bbox 1298 2836 1692 2904; x_wconf 61' lang='lat' dir='ltr'><strong><em>quaesdonesin</em></strong></span> <span class='ocrx_word' id='word_1_230' title='bbox 1732 2835 1831 2890; x_wconf 87' lang='lat' dir='ltr'><strong><em>hoc</em></strong></span> 
     </span>
    </p>
   </div>
   <div class='ocr_carea' id='block_1_30' title="bbox 239 2924 1829 2995">
    <p class='ocr_par' dir='ltr' id='par_1_30' title="bbox 239 2924 1829 2995">
     <span class='ocr_line' id='line_1_30' title="bbox 239 2924 1829 2995; baseline -0.001 -16"><span class='ocrx_word' id='word_1_231' title='bbox 239 2937 491 2979; x_wconf 67' lang='lat' dir='ltr'><strong><em>ﬁerinam:</em></strong></span> <span class='ocrx_word' id='word_1_232' title='bbox 520 2932 840 2993; x_wconf 87' lang='lat' dir='ltr'><strong><em>proponunt,</em></strong></span> <span class='ocrx_word' id='word_1_233' title='bbox 868 2924 953 2992; x_wconf 86' lang='lat' dir='ltr'><strong><em>qui</em></strong></span> <span class='ocrx_word' id='word_1_234' title='bbox 980 2924 1245 2994; x_wconf 73' lang='lat' dir='ltr'><strong><em>diligentia</em></strong></span> <span class='ocrx_word' id='word_1_235' title='bbox 1270 2925 1351 2993; x_wconf 88' lang='lat' dir='ltr'><strong><em>pia</em></strong></span> <span class='ocrx_word' id='word_1_236' title='bbox 1384 2934 1645 2993; x_wconf 72' lang='lat' dir='ltr'><strong><em>quaerunt,</em></strong></span> <span class='ocrx_word' id='word_1_237' title='bbox 1672 2941 1829 2995; x_wconf 82' lang='lat' dir='ltr'><strong><em>quam</em></strong></span> 
     </span>
    </p>
   </div>
   <div class='ocr_carea' id='block_1_31' title="bbox 239 3015 1830 3086">
    <p class='ocr_par' dir='ltr' id='par_1_31' title="bbox 239 3015 1830 3086">
     <span class='ocr_line' id='line_1_31' title="bbox 239 3015 1830 3086; baseline -0.001 -15"><span class='ocrx_word' id='word_1_238' title='bbox 239 3015 333 3071; x_wconf 79' lang='lat' dir='ltr'><strong><em>isti</em></strong></span> <span class='ocrx_word' id='word_1_239' title='bbox 371 3017 555 3072; x_wconf 65' lang='lat' dir='ltr'><strong><em>miseri</em></strong></span> <span class='ocrx_word' id='word_1_240' title='bbox 600 3025 759 3086; x_wconf 65' lang='lat' dir='ltr'><strong><em>aulae</em></strong></span> <span class='ocrx_word' id='word_1_241' title='bbox 805 3017 947 3085; x_wconf 81' lang='lat' dir='ltr'><strong><em>impii</em></strong></span> <span class='ocrx_word' id='word_1_242' title='bbox 980 3035 993 3069; x_wconf 91' lang='lat'><strong>:</strong></span> <span class='ocrx_word' id='word_1_243' title='bbox 1023 3016 1117 3070; x_wconf 84' lang='lat' dir='ltr'><strong><em>sed</em></strong></span> <span class='ocrx_word' id='word_1_244' title='bbox 1161 3015 1265 3070; x_wconf 88' lang='lat' dir='ltr'><strong><em>hoc</em></strong></span> <span class='ocrx_word' id='word_1_245' title='bbox 1306 3018 1544 3081; x_wconf 84' lang='lat' dir='ltr'><strong><em>interest,</em></strong></span> <span class='ocrx_word' id='word_1_246' title='bbox 1577 3017 1716 3086; x_wconf 88' lang='lat' dir='ltr'><strong><em>quod</em></strong></span> <span class='ocrx_word' id='word_1_247' title='bbox 1758 3018 1830 3071; x_wconf 90' lang='lat' dir='ltr'><strong><em>illi</em></strong></span> 
     </span>
    </p>
   </div>
   <div class='ocr_carea' id='block_1_32' title="bbox 240 3106 1830 3177">
    <p class='ocr_par' dir='ltr' id='par_1_32' title="bbox 240 3106 1830 3177">
     <span class='ocr_line' id='line_1_32' title="bbox 240 3106 1830 3177; baseline 0.003 -19"><span class='ocrx_word' id='word_1_248' title='bbox 240 3118 485 3177; x_wconf 60' lang='lat' dir='ltr'><strong><em>qua&#39;runt</em></strong></span> <span class='ocrx_word' id='word_1_249' title='bbox 516 3117 572 3162; x_wconf 91' lang='lat' dir='ltr'><strong><em>ut</em></strong></span> <span class='ocrx_word' id='word_1_250' title='bbox 602 3109 904 3168; x_wconf 86' lang='lat' dir='ltr'><strong><em>inveniant,</em></strong></span> <span class='ocrx_word' id='word_1_251' title='bbox 955 3106 1041 3161; x_wconf 83' lang='lat' dir='ltr'><strong><em>isti</em></strong></span> <span class='ocrx_word' id='word_1_252' title='bbox 1088 3106 1216 3160; x_wconf 86' lang='lat' dir='ltr'><strong><em>nihil</em></strong></span> <span class='ocrx_word' id='word_1_253' title='bbox 1250 3107 1524 3172; x_wconf 87' lang='lat' dir='ltr'><strong><em>laborant,</em></strong></span> <span class='ocrx_word' id='word_1_254' title='bbox 1572 3107 1670 3161; x_wconf 82' lang='lat' dir='ltr'><strong><em>nisi</em></strong></span> <span class='ocrx_word' id='word_1_255' title='bbox 1727 3123 1830 3162; x_wconf 85' lang='lat' dir='ltr'><strong><em>non</em></strong></span> 
     </span>
    </p>
   </div>
   <div class='ocr_carea' id='block_1_33' title="bbox 241 3198 1824 3270">
    <p class='ocr_par' dir='ltr' id='par_1_33' title="bbox 241 3198 1824 3270">
     <span class='ocr_line' id='line_1_33' title="bbox 241 3198 1824 3270; baseline -0.001 -16"><span class='ocrx_word' id='word_1_256' title='bbox 241 3198 487 3255; x_wconf 70' lang='lat' dir='ltr'><strong><em>invenire</em></strong></span> <span class='ocrx_word' id='word_1_257' title='bbox 528 3200 670 3270; x_wconf 88' lang='lat' dir='ltr'><strong><em>quod</em></strong></span> <span class='ocrx_word' id='word_1_258' title='bbox 716 3208 978 3270; x_wconf 69' lang='lat' dir='ltr'><strong><em>quaerunt.</em></strong></span> <span class='ocrx_word' id='word_1_259' title='bbox 1012 3199 1109 3253; x_wconf 89' lang='lat' dir='ltr'><strong><em>llic</em></strong></span> <span class='ocrx_word' id='word_1_260' title='bbox 1128 3214 1256 3269; x_wconf 86' lang='lat' dir='ltr'><strong><em>ergo</em></strong></span> <span class='ocrx_word' id='word_1_261' title='bbox 1283 3210 1423 3252; x_wconf 80' lang='lat' dir='ltr'><strong><em>totus</em></strong></span> <span class='ocrx_word' id='word_1_262' title='bbox 1446 3215 1621 3252; x_wconf 75' lang='lat' dir='ltr'><strong><em>sermo</em></strong></span> <span class='ocrx_word' id='word_1_263' title='bbox 1650 3200 1824 3268; x_wconf 86' lang='lat' dir='ltr'><strong><em>primo</em></strong></span> 
     </span>
    </p>
   </div>
   <div class='ocr_carea' id='block_1_34' title="bbox 240 3289 1827 3356">
    <p class='ocr_par' dir='ltr' id='par_1_34' title="bbox 240 3289 1827 3356">
     <span class='ocr_line' id='line_1_34' title="bbox 240 3289 1827 3356; baseline -0.004 -7"><span class='ocrx_word' id='word_1_264' title='bbox 240 3294 541 3349; x_wconf 63' lang='lat' dir='ltr'><strong><em>“cundum</em></strong></span> <span class='ocrx_word' id='word_1_265' title='bbox 572 3291 845 3345; x_wconf 77' lang='lat' dir='ltr'><strong><em>historiam</em></strong></span> <span class='ocrx_word' id='word_1_266' title='bbox 872 3291 1236 3346; x_wconf 74' lang='lat' dir='ltr'><strong><em>diseaitiendus</em></strong></span> <span class='ocrx_word' id='word_1_267' title='bbox 1279 3299 1382 3356; x_wconf 63' lang='lat' dir='ltr'><strong><em>est,</em></strong></span> <span class='ocrx_word' id='word_1_268' title='bbox 1412 3289 1603 3344; x_wconf 82' lang='lat' dir='ltr'><strong><em>deinde</em></strong></span> <span class='ocrx_word' id='word_1_269' title='bbox 1633 3305 1827 3345; x_wconf 87' lang='lat' dir='ltr'><strong><em>secun-</em></strong></span> 
     </span>
    </p>
   </div>
   <div class='ocr_carea' id='block_1_35' title="bbox 239 3380 1827 3453">
    <p class='ocr_par' dir='ltr' id='par_1_35' title="bbox 239 3380 1827 3453">
     <span class='ocr_line' id='line_1_35' title="bbox 239 3380 1827 3453; baseline -0.003 -13"><span class='ocrx_word' id='word_1_270' title='bbox 239 3380 370 3440; x_wconf 60' lang='lat' dir='ltr'><strong><em>ﬂum</em></strong></span> <span class='ocrx_word' id='word_1_271' title='bbox 395 3384 748 3453; x_wconf 74' lang='lat' dir='ltr'><strong><em>prophetiam.</em></strong></span> <span class='ocrx_word' id='word_1_272' title='bbox 766 3381 1064 3436; x_wconf 87' lang='lat' dir='ltr'><strong><em>Secundum</em></strong></span> <span class='ocrx_word' id='word_1_273' title='bbox 1082 3382 1356 3435; x_wconf 83' lang='lat' dir='ltr'><strong><em>historiam</em></strong></span> <span class='ocrx_word' id='word_1_274' title='bbox 1378 3382 1507 3434; x_wconf 77' lang='lat' dir='ltr'><strong><em>facta</em></strong></span> <span class='ocrx_word' id='word_1_275' title='bbox 1532 3391 1827 3449; x_wconf 83' lang='lat' dir='ltr'><strong><em>narrantur,</em></strong></span> 
     </span>
    </p>
   </div>
   <div class='ocr_carea' id='block_1_36' title="bbox 242 3474 1833 3546">
    <p class='ocr_par' dir='ltr' id='par_1_36' title="bbox 242 3474 1833 3546">
     <span class='ocr_line' id='line_1_36' title="bbox 242 3474 1833 3546; baseline -0.002 -13"><span class='ocrx_word' id='word_1_276' title='bbox 242 3477 538 3533; x_wconf 79' lang='lat' dir='ltr'><strong><em>Iecuttdunt</em></strong></span> <span class='ocrx_word' id='word_1_277' title='bbox 597 3475 925 3546; x_wconf 81' lang='lat' dir='ltr'><strong><em>prophetiam</em></strong></span> <span class='ocrx_word' id='word_1_278' title='bbox 971 3475 1146 3529; x_wconf 81' lang='lat' dir='ltr'><strong><em>futura</em></strong></span> <span class='ocrx_word' id='word_1_279' title='bbox 1207 3474 1643 3543; x_wconf 68' lang='lat' dir='ltr'><strong><em>prtenuntiantur.</em></strong></span> <span class='ocrx_word' id='word_1_280' title='bbox 1694 3474 1833 3530; x_wconf 85' lang='lat' dir='ltr'><strong><em>Sane</em></strong></span> 
     </span>
    </p>
   </div>
   <div class='ocr_carea' id='block_1_37' title="bbox 241 3566 1834 3639">
    <p class='ocr_par' dir='ltr' id='par_1_37' title="bbox 241 3566 1834 3639">
     <span class='ocr_line' id='line_1_37' title="bbox 241 3566 1834 3639; baseline -0.001 -19"><span class='ocrx_word' id='word_1_281' title='bbox 241 3570 487 3639; x_wconf 70' lang='lat' dir='ltr'><strong><em>quisquis</em></strong></span> <span class='ocrx_word' id='word_1_282' title='bbox 511 3568 732 3622; x_wconf 82' lang='lat' dir='ltr'><strong><em>voluerit</em></strong></span> <span class='ocrx_word' id='word_1_283' title='bbox 761 3568 937 3621; x_wconf 85' lang='lat' dir='ltr'><strong><em>otnnia</em></strong></span> <span class='ocrx_word' id='word_1_284' title='bbox 963 3582 1079 3636; x_wconf 67' lang='lat' dir='ltr'><strong><em>qua:</em></strong></span> <span class='ocrx_word' id='word_1_285' title='bbox 1105 3566 1242 3621; x_wconf 85' lang='lat' dir='ltr'><strong><em>dicta</em></strong></span> <span class='ocrx_word' id='word_1_286' title='bbox 1269 3575 1409 3630; x_wconf 85' lang='lat' dir='ltr'><strong><em>sunt,</em></strong></span> <span class='ocrx_word' id='word_1_287' title='bbox 1429 3566 1718 3621; x_wconf 84' lang='lat' dir='ltr'><strong><em>secundum</em></strong></span> <span class='ocrx_word' id='word_1_288' title='bbox 1750 3567 1834 3620; x_wconf 88' lang='lat' dir='ltr'><strong><em>Iit-</em></strong></span> 
     </span>
    </p>
   </div>
   <div class='ocr_carea' id='block_1_38' title="bbox 242 3658 1831 3728">
    <p class='ocr_par' dir='ltr' id='par_1_38' title="bbox 242 3658 1831 3728">
     <span class='ocr_line' id='line_1_38' title="bbox 242 3658 1831 3728; baseline -0.001 -15"><span class='ocrx_word' id='word_1_289' title='bbox 242 3665 418 3713; x_wconf 67' lang='lat' dir='ltr'><strong><em>teram</em></strong></span> <span class='ocrx_word' id='word_1_290' title='bbox 463 3658 741 3728; x_wconf 78' lang='lat' dir='ltr'><strong><em>accipere,</em></strong></span> <span class='ocrx_word' id='word_1_291' title='bbox 792 3658 842 3711; x_wconf 87' lang='lat' dir='ltr'><strong><em>id</em></strong></span> <span class='ocrx_word' id='word_1_292' title='bbox 886 3667 969 3712; x_wconf 90' lang='lat' dir='ltr'><strong><em>est</em></strong></span> <span class='ocrx_word' id='word_1_293' title='bbox 1006 3674 1109 3711; x_wconf 89' lang='lat' dir='ltr'><strong><em>non</em></strong></span> <span class='ocrx_word' id='word_1_294' title='bbox 1158 3658 1313 3712; x_wconf 86' lang='lat' dir='ltr'><strong><em>aliter</em></strong></span> <span class='ocrx_word' id='word_1_295' title='bbox 1355 3658 1644 3728; x_wconf 75' lang='lat' dir='ltr'><strong><em>intelligere</em></strong></span> <span class='ocrx_word' id='word_1_296' title='bbox 1675 3674 1831 3727; x_wconf 84' lang='lat' dir='ltr'><strong><em>quam</em></strong></span> 
     </span>
    </p>
   </div>
   <div class='ocr_carea' id='block_1_39' title="bbox 243 3750 1831 3820">
    <p class='ocr_par' dir='ltr' id='par_1_39' title="bbox 243 3750 1831 3820">
     <span class='ocr_line' id='line_1_39' title="bbox 243 3750 1831 3820; baseline -0.002 -14"><span class='ocrx_word' id='word_1_297' title='bbox 243 3751 420 3807; x_wconf 76' lang='lat' dir='ltr'><strong><em>littera</em></strong></span> <span class='ocrx_word' id='word_1_298' title='bbox 438 3763 675 3817; x_wconf 81' lang='lat' dir='ltr'><strong><em>sunat,et</em></strong></span> <span class='ocrx_word' id='word_1_299' title='bbox 698 3752 923 3820; x_wconf 85' lang='lat' dir='ltr'><strong><em>potuerit</em></strong></span> <span class='ocrx_word' id='word_1_300' title='bbox 948 3750 1147 3804; x_wconf 79' lang='lat' dir='ltr'><strong><em>evitare</em></strong></span> <span class='ocrx_word' id='word_1_301' title='bbox 1173 3750 1549 3818; x_wconf 77' lang='lat' dir='ltr'><strong><em>blasphemias,</em></strong></span> <span class='ocrx_word' id='word_1_302' title='bbox 1577 3760 1630 3803; x_wconf 86' lang='lat' dir='ltr'><strong><em>et.</em></strong></span> <span class='ocrx_word' id='word_1_303' title='bbox 1655 3751 1831 3804; x_wconf 84' lang='lat' dir='ltr'><strong><em>omnia</em></strong></span> 
     </span>
    </p>
   </div>
   <div class='ocr_carea' id='block_1_40' title="bbox 241 3839 1833 3913">
    <p class='ocr_par' dir='ltr' id='par_1_40' title="bbox 241 3839 1833 3913">
     <span class='ocr_line' id='line_1_40' title="bbox 241 3839 1833 3913; baseline -0.003 -15"><span class='ocrx_word' id='word_1_304' title='bbox 241 3843 593 3913; x_wconf 77' lang='lat' dir='ltr'><strong><em>congruentia</em></strong></span> <span class='ocrx_word' id='word_1_305' title='bbox 629 3840 749 3895; x_wconf 81' lang='lat' dir='ltr'><strong><em>ﬁdei</em></strong></span> <span class='ocrx_word' id='word_1_306' title='bbox 789 3841 1063 3895; x_wconf 81' lang='lat' dir='ltr'><strong><em>catholicae</em></strong></span> <span class='ocrx_word' id='word_1_307' title='bbox 1092 3839 1401 3909; x_wconf 67' lang='lat' dir='ltr'><strong><em>przedicare,</em></strong></span> <span class='ocrx_word' id='word_1_308' title='bbox 1447 3854 1554 3893; x_wconf 89' lang='lat' dir='ltr'><strong><em>non</em></strong></span> <span class='ocrx_word' id='word_1_309' title='bbox 1583 3841 1753 3895; x_wconf 86' lang='lat' dir='ltr'><strong><em>solum</em></strong></span> <span class='ocrx_word' id='word_1_310' title='bbox 1784 3841 1833 3894; x_wconf 89' lang='lat' dir='ltr'><strong><em>ei</em></strong></span> 
     </span>
    </p>
   </div>
   <div class='ocr_carea' id='block_1_41' title="bbox 244 3930 1836 4001">
    <p class='ocr_par' dir='ltr' id='par_1_41' title="bbox 244 3930 1836 4001">
     <span class='ocr_line' id='line_1_41' title="bbox 244 3930 1836 4001; baseline -0.001 -13"><span class='ocrx_word' id='word_1_311' title='bbox 244 3948 356 3988; x_wconf 86' lang='lat' dir='ltr'><strong><em>non</em></strong></span> <span class='ocrx_word' id='word_1_312' title='bbox 386 3942 468 3986; x_wconf 89' lang='lat' dir='ltr'><strong><em>est</em></strong></span> <span class='ocrx_word' id='word_1_313' title='bbox 500 3931 863 3995; x_wconf 87' lang='lat' dir='ltr'><strong><em>invidendum,</em></strong></span> <span class='ocrx_word' id='word_1_314' title='bbox 897 3930 994 3985; x_wconf 85' lang='lat' dir='ltr'><strong><em>sed</em></strong></span> <span class='ocrx_word' id='word_1_315' title='bbox 1031 3930 1329 4001; x_wconf 75' lang='lat' dir='ltr'><strong><em>pnucipuus</em></strong></span> <span class='ocrx_word' id='word_1_316' title='bbox 1360 3931 1685 3999; x_wconf 88' lang='lat' dir='ltr'><strong><em>multumque</em></strong></span> <span class='ocrx_word' id='word_1_317' title='bbox 1722 3932 1836 3985; x_wconf 83' lang='lat' dir='ltr'><strong><em>lau-</em></strong></span> 
     </span>
    </p>
   </div>
   <div class='ocr_carea' id='block_1_42' title="bbox 243 4021 1837 4079">
    <p class='ocr_par' dir='ltr' id='par_1_42' title="bbox 243 4021 1837 4079">
     <span class='ocr_line' id='line_1_42' title="bbox 243 4021 1837 4079; baseline -0.001 0"><span class='ocrx_word' id='word_1_318' title='bbox 243 4023 442 4079; x_wconf 75' lang='lat' dir='ltr'><strong><em>dabilis</em></strong></span> <span class='ocrx_word' id='word_1_319' title='bbox 464 4024 759 4077; x_wconf 85' lang='lat' dir='ltr'><strong><em>intellector</em></strong></span> <span class='ocrx_word' id='word_1_320' title='bbox 780 4022 1055 4077; x_wconf 86' lang='lat' dir='ltr'><strong><em>habendus</em></strong></span> <span class='ocrx_word' id='word_1_321' title='bbox 1074 4029 1174 4077; x_wconf 87' lang='lat' dir='ltr'><strong><em>est.</em></strong></span> <span class='ocrx_word' id='word_1_322' title='bbox 1201 4021 1258 4076; x_wconf 88' lang='lat' dir='ltr'><strong><em>Si</em></strong></span> <span class='ocrx_word' id='word_1_323' title='bbox 1283 4030 1458 4075; x_wconf 87' lang='lat' dir='ltr'><strong><em>autem</em></strong></span> <span class='ocrx_word' id='word_1_324' title='bbox 1476 4021 1650 4075; x_wconf 92' lang='lat' dir='ltr'><strong><em>nullus</em></strong></span> <span class='ocrx_word' id='word_1_325' title='bbox 1666 4023 1837 4077; x_wconf 80' lang='lat' dir='ltr'><strong><em>exitus</em></strong></span> 
     </span>
    </p>
   </div>
   <div class='ocr_carea' id='block_1_43' title="bbox 244 4111 1833 4185">
    <p class='ocr_par' dir='ltr' id='par_1_43' title="bbox 244 4111 1833 4185">
     <span class='ocr_line' id='line_1_43' title="bbox 244 4111 1833 4185; baseline -0.004 -14"><span class='ocrx_word' id='word_1_326' title='bbox 244 4114 427 4181; x_wconf 71' lang='lat' dir='ltr'><strong><em>datur,</em></strong></span> <span class='ocrx_word' id='word_1_327' title='bbox 459 4126 510 4167; x_wconf 89' lang='lat' dir='ltr'><strong><em>ut</em></strong></span> <span class='ocrx_word' id='word_1_328' title='bbox 540 4115 624 4185; x_wconf 89' lang='lat' dir='ltr'><strong><em>pie</em></strong></span> <span class='ocrx_word' id='word_1_329' title='bbox 640 4126 693 4167; x_wconf 90' lang='lat' dir='ltr'><strong><em>et</em></strong></span> <span class='ocrx_word' id='word_1_330' title='bbox 718 4114 875 4183; x_wconf 81' lang='lat' dir='ltr'><strong><em>digne</em></strong></span> <span class='ocrx_word' id='word_1_331' title='bbox 904 4113 1011 4167; x_wconf 88' lang='lat' dir='ltr'><strong><em>Deo</em></strong></span> <span class='ocrx_word' id='word_1_332' title='bbox 1033 4128 1150 4182; x_wconf 73' lang='lat' dir='ltr'><strong><em>qua:</em></strong></span> <span class='ocrx_word' id='word_1_333' title='bbox 1171 4111 1370 4181; x_wconf 89' lang='lat' dir='ltr'><strong><em>scripta</em></strong></span> <span class='ocrx_word' id='word_1_334' title='bbox 1397 4121 1520 4165; x_wconf 86' lang='lat' dir='ltr'><strong><em>sunt</em></strong></span> <span class='ocrx_word' id='word_1_335' title='bbox 1538 4112 1833 4181; x_wconf 83' lang='lat' dir='ltr'><strong><em>intelligan-</em></strong></span> 
     </span>
    </p>
   </div>
   <div class='ocr_carea' id='block_1_44' title="bbox 246 4203 1835 4275">
    <p class='ocr_par' dir='ltr' id='par_1_44' title="bbox 246 4203 1835 4275">
     <span class='ocr_line' id='line_1_44' title="bbox 246 4203 1835 4275; baseline -0.004 -15"><span class='ocrx_word' id='word_1_336' title='bbox 246 4206 495 4265; x_wconf 52' lang='lat' dir='ltr'><strong><em>summisi</em></strong></span> <span class='ocrx_word' id='word_1_337' title='bbox 527 4208 745 4275; x_wconf 76' lang='lat' dir='ltr'><strong><em>ﬁgurate</em></strong></span> <span class='ocrx_word' id='word_1_338' title='bbox 774 4214 933 4273; x_wconf 86' lang='lat' dir='ltr'><strong><em>atque</em></strong></span> <span class='ocrx_word' id='word_1_339' title='bbox 964 4204 1017 4257; x_wconf 86' lang='lat' dir='ltr'><strong><em>in</em></strong></span> <span class='ocrx_word' id='word_1_340' title='bbox 1045 4203 1412 4273; x_wconf 74' lang='lat' dir='ltr'><strong><em>azttigtnatibus</em></strong></span> <span class='ocrx_word' id='word_1_341' title='bbox 1443 4203 1707 4271; x_wconf 79' lang='lat' dir='ltr'><strong><em>proposita</em></strong></span> <span class='ocrx_word' id='word_1_342' title='bbox 1736 4204 1835 4256; x_wconf 84' lang='lat' dir='ltr'><strong><em>ista</em></strong></span> 
     </span>
    </p>
   </div>
   <div class='ocr_carea' id='block_1_45' title="bbox 243 4294 1835 4365">
    <p class='ocr_par' dir='ltr' id='par_1_45' title="bbox 243 4294 1835 4365">
     <span class='ocr_line' id='line_1_45' title="bbox 243 4294 1835 4365; baseline -0.005 -9"><span class='ocrx_word' id='word_1_343' title='bbox 243 4299 565 4363; x_wconf 79' lang='lat' dir='ltr'><strong><em>credamus;</em></strong></span> <span class='ocrx_word' id='word_1_344' title='bbox 596 4299 849 4354; x_wconf 78' lang='lat' dir='ltr'><strong><em>habentes</em></strong></span> <span class='ocrx_word' id='word_1_345' title='bbox 878 4296 1245 4350; x_wconf 87' lang='lat' dir='ltr'><strong><em>auctoritatem</em></strong></span> <span class='ocrx_word' id='word_1_346' title='bbox 1274 4295 1644 4365; x_wconf 87' lang='lat' dir='ltr'><strong><em>apostolicam,</em></strong></span> <span class='ocrx_word' id='word_1_347' title='bbox 1673 4310 1703 4348; x_wconf 86' lang='lat' dir='ltr'><strong><em>a</em></strong></span> <span class='ocrx_word' id='word_1_348' title='bbox 1724 4294 1835 4364; x_wconf 88' lang='lat' dir='ltr'><strong><em>qui-</em></strong></span> 
     </span>
    </p>
   </div>
   <div class='ocr_carea' id='block_1_46' title="bbox 246 4386 1834 4445">
    <p class='ocr_par' dir='ltr' id='par_1_46' title="bbox 246 4386 1834 4445">
     <span class='ocr_line' id='line_1_46' title="bbox 246 4386 1834 4445; baseline -0.003 0"><span class='ocrx_word' id='word_1_349' title='bbox 246 4390 353 4445; x_wconf 82' lang='lat' dir='ltr'><strong><em>bus</em></strong></span> <span class='ocrx_word' id='word_1_350' title='bbox 377 4400 480 4444; x_wconf 89' lang='lat' dir='ltr'><strong><em>tam</em></strong></span> <span class='ocrx_word' id='word_1_351' title='bbox 514 4390 675 4444; x_wconf 84' lang='lat' dir='ltr'><strong><em>tnnlta</em></strong></span> <span class='ocrx_word' id='word_1_352' title='bbox 702 4390 769 4443; x_wconf 88' lang='lat' dir='ltr'><strong><em>de</em></strong></span> <span class='ocrx_word' id='word_1_353' title='bbox 798 4389 945 4442; x_wconf 78' lang='lat' dir='ltr'><strong><em>libris</em></strong></span> <span class='ocrx_word' id='word_1_354' title='bbox 975 4387 1178 4441; x_wconf 71' lang='lat' dir='ltr'><strong><em>Veteris</em></strong></span> <span class='ocrx_word' id='word_1_355' title='bbox 1208 4386 1530 4442; x_wconf 86' lang='lat' dir='ltr'><strong><em>Testamenti</em></strong></span> <span class='ocrx_word' id='word_1_356' title='bbox 1559 4389 1834 4441; x_wconf 86' lang='lat' dir='ltr'><strong><em>solvuntur</em></strong></span> 
     </span>
    </p>
   </div>
   <div class='ocr_carea' id='block_1_47' title="bbox 247 4479 1830 4553">
    <p class='ocr_par' dir='ltr' id='par_1_47' title="bbox 247 4479 1830 4553">
     <span class='ocr_line' id='line_1_47' title="bbox 247 4479 1830 4553; baseline -0.001 -16"><span class='ocrx_word' id='word_1_357' title='bbox 247 4484 554 4553; x_wconf 66' lang='lat' dir='ltr'><strong><em>aenigmata,</em></strong></span> <span class='ocrx_word' id='word_1_358' title='bbox 590 4481 802 4535; x_wconf 90' lang='lat' dir='ltr'><strong><em>modum</em></strong></span> <span class='ocrx_word' id='word_1_359' title='bbox 820 4496 975 4549; x_wconf 85' lang='lat' dir='ltr'><strong><em>quem</em></strong></span> <span class='ocrx_word' id='word_1_360' title='bbox 996 4479 1314 4534; x_wconf 87' lang='lat' dir='ltr'><strong><em>intendimus</em></strong></span> <span class='ocrx_word' id='word_1_361' title='bbox 1353 4490 1649 4545; x_wconf 86' lang='lat' dir='ltr'><strong><em>teneamus,</em></strong></span> <span class='ocrx_word' id='word_1_362' title='bbox 1674 4481 1830 4551; x_wconf 86' lang='lat' dir='ltr'><strong><em>adju-</em></strong></span> 
     </span>
    </p>
   </div>
   <div class='ocr_carea' id='block_1_48' title="bbox 249 4571 1837 4641">
    <p class='ocr_par' dir='ltr' id='par_1_48' title="bbox 249 4571 1837 4641">
     <span class='ocr_line' id='line_1_48' title="bbox 249 4571 1837 4641; baseline -0.002 -14"><span class='ocrx_word' id='word_1_363' title='bbox 249 4583 411 4628; x_wconf 80' lang='lat' dir='ltr'><strong><em>vante</em></strong></span> <span class='ocrx_word' id='word_1_364' title='bbox 441 4574 530 4625; x_wconf 90' lang='lat' dir='ltr'><strong><em>illo</em></strong></span> <span class='ocrx_word' id='word_1_365' title='bbox 560 4571 647 4641; x_wconf 89' lang='lat' dir='ltr'><strong><em>qui</em></strong></span> <span class='ocrx_word' id='word_1_366' title='bbox 692 4586 791 4625; x_wconf 78' lang='lat' dir='ltr'><strong><em>nos</em></strong></span> <span class='ocrx_word' id='word_1_367' title='bbox 822 4581 1024 4640; x_wconf 85' lang='lat' dir='ltr'><strong><em>petere,</em></strong></span> <span class='ocrx_word' id='word_1_368' title='bbox 1050 4586 1287 4639; x_wconf 69' lang='lat' dir='ltr'><strong><em>quarrere</em></strong></span> <span class='ocrx_word' id='word_1_369' title='bbox 1314 4580 1365 4624; x_wconf 90' lang='lat' dir='ltr'><strong><em>ct</em></strong></span> <span class='ocrx_word' id='word_1_370' title='bbox 1386 4571 1597 4639; x_wconf 85' lang='lat' dir='ltr'><strong><em>pulsare</em></strong></span> <span class='ocrx_word' id='word_1_371' title='bbox 1639 4571 1837 4625; x_wconf 83' lang='lat' dir='ltr'><strong><em>adhor-</em></strong></span> 
     </span>
    </p>
   </div>
   <div class='ocr_carea' id='block_1_49' title="bbox 250 4660 1835 4735">
    <p class='ocr_par' dir='ltr' id='par_1_49' title="bbox 250 4660 1835 4735">
     <span class='ocr_line' id='line_1_49' title="bbox 250 4660 1835 4735; baseline -0.001 -17"><span class='ocrx_word' id='word_1_372' title='bbox 250 4660 723 4735; x_wconf 69' lang='lat' dir='ltr'><strong><em>tatur(Jluttlt.vu,</em></strong></span> <span class='ocrx_word' id='word_1_373' title='bbox 758 4661 845 4733; x_wconf 82' lang='lat'><strong><em>7);</em></strong></span> <span class='ocrx_word' id='word_1_374' title='bbox 877 4670 935 4715; x_wconf 91' lang='lat' dir='ltr'><strong><em>ut</em></strong></span> <span class='ocrx_word' id='word_1_375' title='bbox 961 4675 1146 4716; x_wconf 86' lang='lat' dir='ltr'><strong><em>omnes</em></strong></span> <span class='ocrx_word' id='word_1_376' title='bbox 1174 4661 1299 4713; x_wconf 76' lang='lat' dir='ltr'><strong><em>istas</em></strong></span> <span class='ocrx_word' id='word_1_377' title='bbox 1322 4662 1513 4730; x_wconf 73' lang='lat' dir='ltr'><strong><em>ﬁguras</em></strong></span> <span class='ocrx_word' id='word_1_378' title='bbox 1539 4678 1715 4715; x_wconf 88' lang='lat' dir='ltr'><strong><em>rerum</em></strong></span> <span class='ocrx_word' id='word_1_379' title='bbox 1744 4677 1835 4717; x_wconf 87' lang='lat' dir='ltr'><strong><em>se-</em></strong></span> 
     </span>
    </p>
   </div>
   <div class='ocr_carea' id='block_1_50' title="bbox 249 4752 1835 4821">
    <p class='ocr_par' dir='ltr' id='par_1_50' title="bbox 249 4752 1835 4821">
     <span class='ocr_line' id='line_1_50' title="bbox 249 4752 1835 4821; baseline -0.003 -10"><span class='ocrx_word' id='word_1_380' title='bbox 249 4756 485 4811; x_wconf 73' lang='lat' dir='ltr'><strong><em>candum</em></strong></span> <span class='ocrx_word' id='word_1_381' title='bbox 530 4754 843 4809; x_wconf 84' lang='lat' dir='ltr'><strong><em>catholicam</em></strong></span> <span class='ocrx_word' id='word_1_382' title='bbox 895 4753 1085 4816; x_wconf 83' lang='lat' dir='ltr'><strong><em>iidem,</em></strong></span> <span class='ocrx_word' id='word_1_383' title='bbox 1130 4752 1241 4806; x_wconf 87' lang='lat' dir='ltr'><strong><em>sive</em></strong></span> <span class='ocrx_word' id='word_1_384' title='bbox 1279 4768 1396 4821; x_wconf 74' lang='lat' dir='ltr'><strong><em>qua:</em></strong></span> <span class='ocrx_word' id='word_1_385' title='bbox 1435 4753 1497 4806; x_wconf 85' lang='lat' dir='ltr'><strong><em>ad</em></strong></span> <span class='ocrx_word' id='word_1_386' title='bbox 1540 4752 1835 4818; x_wconf 79' lang='lat' dir='ltr'><strong><em>historiam,</em></strong></span> 
     </span>
    </p>
   </div>
   <div class='ocr_carea' id='block_1_51' title="bbox 249 4844 1836 4917">
    <p class='ocr_par' dir='ltr' id='par_1_51' title="bbox 249 4844 1836 4917">
     <span class='ocr_line' id='line_1_51' title="bbox 249 4844 1836 4917; baseline -0.001 -14"><span class='ocrx_word' id='word_1_387' title='bbox 249 4849 369 4903; x_wconf 85' lang='lat' dir='ltr'><strong><em>sive</em></strong></span> <span class='ocrx_word' id='word_1_388' title='bbox 406 4863 527 4917; x_wconf 77' lang='lat' dir='ltr'><strong><em>qua:</em></strong></span> <span class='ocrx_word' id='word_1_389' title='bbox 565 4846 629 4899; x_wconf 87' lang='lat' dir='ltr'><strong><em>ad</em></strong></span> <span class='ocrx_word' id='word_1_390' title='bbox 661 4847 989 4915; x_wconf 77' lang='lat' dir='ltr'><strong><em>prophetiam</em></strong></span> <span class='ocrx_word' id='word_1_391' title='bbox 1020 4846 1309 4912; x_wconf 85' lang='lat' dir='ltr'><strong><em>pertinent,</em></strong></span> <span class='ocrx_word' id='word_1_392' title='bbox 1338 4844 1696 4913; x_wconf 76' lang='lat' dir='ltr'><strong><em>explicemus,</em></strong></span> <span class='ocrx_word' id='word_1_393' title='bbox 1732 4862 1836 4901; x_wconf 82' lang='lat' dir='ltr'><strong><em>non</em></strong></span> 
     </span>
    </p>
   </div>
   <div class='ocr_carea' id='block_1_52' title="bbox 253 4938 1837 5013">
    <p class='ocr_par' dir='ltr' id='par_1_52' title="bbox 253 4938 1837 5013">
     <span class='ocr_line' id='line_1_52' title="bbox 253 4938 1837 5013; baseline -0.001 -19"><span class='ocrx_word' id='word_1_394' title='bbox 253 4942 662 5013; x_wconf 69' lang='lat' dir='ltr'><strong><em>prmjmlicantes</em></strong></span> <span class='ocrx_word' id='word_1_395' title='bbox 703 4939 908 4994; x_wconf 81' lang='lat' dir='ltr'><strong><em>meliori</em></strong></span> <span class='ocrx_word' id='word_1_396' title='bbox 953 4938 1380 5008; x_wconf 76' lang='lat' dir='ltr'><strong><em>diligentiorique</em></strong></span> <span class='ocrx_word' id='word_1_397' title='bbox 1429 4938 1690 5001; x_wconf 69' lang='lat' dir='ltr'><strong><em>tractatui,</em></strong></span> <span class='ocrx_word' id='word_1_398' title='bbox 1726 4940 1837 4993; x_wconf 83' lang='lat' dir='ltr'><strong><em>sive</em></strong></span> 
     </span>
    </p>
   </div>
   <div class='ocr_carea' id='block_1_53' title="bbox 251 5030 1836 5107">
    <p class='ocr_par' dir='ltr' id='par_1_53' title="bbox 251 5030 1836 5107">
     <span class='ocr_line' id='line_1_53' title="bbox 251 5030 1836 5107; baseline -0.001 -18"><span class='ocrx_word' id='word_1_399' title='bbox 251 5050 352 5107; x_wconf 82' lang='lat' dir='ltr'><strong><em>per</em></strong></span> <span class='ocrx_word' id='word_1_400' title='bbox 404 5049 501 5088; x_wconf 86' lang='lat' dir='ltr'><strong><em>nos</em></strong></span> <span class='ocrx_word' id='word_1_401' title='bbox 528 5074 545 5099; x_wconf 96' lang='lat'><strong><em>,</em></strong></span> <span class='ocrx_word' id='word_1_402' title='bbox 580 5034 691 5089; x_wconf 88' lang='lat' dir='ltr'><strong><em>sive</em></strong></span> <span class='ocrx_word' id='word_1_403' title='bbox 735 5046 833 5103; x_wconf 86' lang='lat' dir='ltr'><strong><em>per</em></strong></span> <span class='ocrx_word' id='word_1_404' title='bbox 877 5033 1009 5085; x_wconf 88' lang='lat' dir='ltr'><strong><em>alios</em></strong></span> <span class='ocrx_word' id='word_1_405' title='bbox 1056 5032 1249 5101; x_wconf 87' lang='lat' dir='ltr'><strong><em>quibus</em></strong></span> <span class='ocrx_word' id='word_1_406' title='bbox 1294 5030 1546 5086; x_wconf 86' lang='lat' dir='ltr'><strong><em>Dominus</em></strong></span> <span class='ocrx_word' id='word_1_407' title='bbox 1595 5031 1836 5087; x_wconf 84' lang='lat' dir='ltr'><strong><em>revelare</em></strong></span> 
     </span>
    </p>
   </div>
   <div class='ocr_carea' id='block_1_54' title="bbox 251 5126 525 5195">
    <p class='ocr_par' dir='ltr' id='par_1_54' title="bbox 251 5126 525 5195">
     <span class='ocr_line' id='line_1_54' title="bbox 251 5126 525 5195; baseline -0.004 -15"><span class='ocrx_word' id='word_1_408' title='bbox 251 5126 525 5195; x_wconf 71' lang='lat' dir='ltr'><strong><em>dignatur.</em></strong></span> 
     </span>
    </p>
   </div>
   <div class='ocr_carea' id='block_1_55' title="bbox 252 5212 1835 5285">
    <p class='ocr_par' dir='ltr' id='par_1_55' title="bbox 252 5212 1835 5285">
     <span class='ocr_line' id='line_1_55' title="bbox 252 5212 1835 5285; baseline -0.003 -13"><span class='ocrx_word' id='word_1_409' title='bbox 252 5216 483 5272; x_wconf 70' lang='lat' dir='ltr'><strong><em>CAPUT</em></strong></span> <span class='ocrx_word' id='word_1_410' title='bbox 504 5214 589 5269; x_wconf 83' lang='lat' dir='ltr'><strong><em>lli.</em></strong></span> <span class='ocrx_word' id='word_1_411' title='bbox 612 5245 684 5256; x_wconf 91' lang='lat'><strong><em>-—</em></strong></span> <span class='ocrx_word' id='word_1_412' title='bbox 712 5213 884 5269; x_wconf 76' lang='lat' dir='ltr'><strong><em>i’iride</em></strong></span> <span class='ocrx_word' id='word_1_413' title='bbox 906 5212 1018 5285; x_wconf 88' lang='lat' dir='ltr'><strong><em>agri</em></strong></span> <span class='ocrx_word' id='word_1_414' title='bbox 1042 5212 1162 5281; x_wconf 89' lang='lat' dir='ltr'><strong><em>quid</em></strong></span> <span class='ocrx_word' id='word_1_415' title='bbox 1182 5212 1428 5281; x_wconf 78' lang='lat' dir='ltr'><strong><em>designat,</em></strong></span> <span class='ocrx_word' id='word_1_416' title='bbox 1454 5228 1578 5266; x_wconf 81' lang='lat' dir='ltr'><strong><em>vers.</em></strong></span> <span class='ocrx_word' id='word_1_417' title='bbox 1599 5214 1653 5278; x_wconf 82' lang='lat'><strong><em>5,</em></strong></span> <span class='ocrx_word' id='word_1_418' title='bbox 1677 5214 1835 5284; x_wconf 51' lang='lat' dir='ltr'><strong><em>cap?“</em></strong></span> 
     </span>
    </p>
   </div>
   <div class='ocr_carea' id='block_1_56' title="bbox 327 5304 1839 5376">
    <p class='ocr_par' dir='ltr' id='par_1_56' title="bbox 327 5304 1839 5376">
     <span class='ocr_line' id='line_1_56' title="bbox 327 5304 1839 5376; baseline -0.002 -13"><span class='ocrx_word' id='word_1_419' title='bbox 327 5309 381 5363; x_wconf 70' lang='grc'><strong><em>4.</em></strong></span> <span class='ocrx_word' id='word_1_420' title='bbox 417 5307 609 5361; x_wconf 78' lang='lat' dir='ltr'><strong><em>Factus</em></strong></span> <span class='ocrx_word' id='word_1_421' title='bbox 636 5318 709 5360; x_wconf 87' lang='lat' dir='ltr'><strong><em>est</em></strong></span> <span class='ocrx_word' id='word_1_422' title='bbox 734 5324 852 5376; x_wconf 86' lang='lat' dir='ltr'><strong><em>ergo</em></strong></span> <span class='ocrx_word' id='word_1_423' title='bbox 873 5307 1001 5368; x_wconf 88' lang='lat' dir='ltr'><strong><em>dies,</em></strong></span> <span class='ocrx_word' id='word_1_424' title='bbox 1032 5321 1131 5375; x_wconf 89' lang='lat' dir='ltr'><strong><em>quo</em></strong></span> <span class='ocrx_word' id='word_1_425' title='bbox 1157 5306 1239 5357; x_wconf 85' lang='lat' dir='ltr'><strong><em>die</em></strong></span> <span class='ocrx_word' id='word_1_426' title='bbox 1275 5306 1391 5373; x_wconf 66' lang='lat' dir='ltr'><strong><em>fecit</em></strong></span> <span class='ocrx_word' id='word_1_427' title='bbox 1414 5304 1551 5358; x_wconf 88' lang='lat' dir='ltr'><strong><em>Deus</em></strong></span> <span class='ocrx_word' id='word_1_428' title='bbox 1576 5307 1753 5359; x_wconf 77' lang='lat' dir='ltr'><strong><em>cadum</em></strong></span> <span class='ocrx_word' id='word_1_429' title='bbox 1793 5318 1839 5360; x_wconf 92' lang='lat' dir='ltr'><strong><em>et</em></strong></span> 
     </span>
    </p>
   </div>
   <div class='ocr_carea' id='block_1_57' title="bbox 255 5396 1842 5468">
    <p class='ocr_par' dir='ltr' id='par_1_57' title="bbox 255 5396 1842 5468">
     <span class='ocr_line' id='line_1_57' title="bbox 255 5396 1842 5468; baseline -0.003 -13"><span class='ocrx_word' id='word_1_430' title='bbox 255 5409 470 5462; x_wconf 83' lang='lat' dir='ltr'><strong><em>terram,</em></strong></span> <span class='ocrx_word' id='word_1_431' title='bbox 499 5410 547 5453; x_wconf 88' lang='lat' dir='ltr'><strong><em>et</em></strong></span> <span class='ocrx_word' id='word_1_432' title='bbox 569 5415 717 5452; x_wconf 88' lang='lat' dir='ltr'><strong><em>omne</em></strong></span> <span class='ocrx_word' id='word_1_433' title='bbox 742 5398 899 5452; x_wconf 79' lang='lat' dir='ltr'><strong><em>viride</em></strong></span> <span class='ocrx_word' id='word_1_434' title='bbox 922 5396 1052 5466; x_wconf 85' lang='lat' dir='ltr'><strong><em>agri.</em></strong></span> <span class='ocrx_word' id='word_1_435' title='bbox 1081 5407 1349 5465; x_wconf 82' lang='lat' dir='ltr'><strong><em>antequam</em></strong></span> <span class='ocrx_word' id='word_1_436' title='bbox 1391 5406 1553 5450; x_wconf 84' lang='lat' dir='ltr'><strong><em>essent</em></strong></span> <span class='ocrx_word' id='word_1_437' title='bbox 1574 5415 1723 5468; x_wconf 82' lang='lat' dir='ltr'><strong><em>super</em></strong></span> <span class='ocrx_word' id='word_1_438' title='bbox 1743 5408 1842 5451; x_wconf 86' lang='lat' dir='ltr'><strong><em>ter-</em></strong></span> 
     </span>
    </p>
   </div>
   <div class='ocr_carea' id='block_1_58' title="bbox 255 5489 1842 5561">
    <p class='ocr_par' dir='ltr' id='par_1_58' title="bbox 255 5489 1842 5561">
     <span class='ocr_line' id='line_1_58' title="bbox 255 5489 1842 5561; baseline 0 -14"><span class='ocrx_word' id='word_1_439' title='bbox 255 5508 369 5547; x_wconf 78' lang='lat' dir='ltr'><strong><em>ram</em></strong></span> <span class='ocrx_word' id='word_1_440' title='bbox 398 5494 437 5559; x_wconf 77' lang='grc'>³,</span> <span class='ocrx_word' id='word_1_441' title='bbox 464 5504 511 5547; x_wconf 84' lang='lat' dir='ltr'><strong><em>et</em></strong></span> <span class='ocrx_word' id='word_1_442' title='bbox 541 5508 688 5545; x_wconf 83' lang='lat' dir='ltr'><strong><em>omne</em></strong></span> <span class='ocrx_word' id='word_1_443' title='bbox 714 5490 956 5561; x_wconf 82' lang='lat' dir='ltr'><strong><em>pabulum</em></strong></span> <span class='ocrx_word' id='word_1_444' title='bbox 1005 5494 1134 5560; x_wconf 77' lang='lat' dir='ltr'><strong><em>agri.</em></strong></span> <span class='ocrx_word' id='word_1_445' title='bbox 1180 5489 1437 5559; x_wconf 85' lang='lat' dir='ltr'><strong><em>Superius</em></strong></span> <span class='ocrx_word' id='word_1_446' title='bbox 1474 5501 1677 5559; x_wconf 83' lang='lat' dir='ltr'><strong><em>septem</em></strong></span> <span class='ocrx_word' id='word_1_447' title='bbox 1726 5493 1842 5548; x_wconf 90' lang='lat' dir='ltr'><strong><em>dies</em></strong></span> 
     </span>
    </p>
   </div>
   <div class='ocr_carea' id='block_1_59' title="bbox 254 5583 1845 5652">
    <p class='ocr_par' dir='ltr' id='par_1_59' title="bbox 254 5583 1845 5652">
     <span class='ocr_line' id='line_1_59' title="bbox 254 5583 1845 5652; baseline 0.001 -11"><span class='ocrx_word' id='word_1_448' title='bbox 254 5597 631 5649; x_wconf 77' lang='lat' dir='ltr'><strong><em>numerantur,</em></strong></span> <span class='ocrx_word' id='word_1_449' title='bbox 662 5600 798 5639; x_wconf 86' lang='lat' dir='ltr'><strong><em>nunc</em></strong></span> <span class='ocrx_word' id='word_1_450' title='bbox 819 5598 956 5638; x_wconf 87' lang='lat' dir='ltr'><strong><em>unus</em></strong></span> <span class='ocrx_word' id='word_1_451' title='bbox 976 5584 1163 5635; x_wconf 83' lang='lat' dir='ltr'><strong><em>dicitur</em></strong></span> <span class='ocrx_word' id='word_1_452' title='bbox 1182 5583 1315 5647; x_wconf 79' lang='lat' dir='ltr'><strong><em>dies,</em></strong></span> <span class='ocrx_word' id='word_1_453' title='bbox 1330 5600 1434 5652; x_wconf 86' lang='lat' dir='ltr'><strong><em>quo</em></strong></span> <span class='ocrx_word' id='word_1_454' title='bbox 1460 5586 1544 5639; x_wconf 80' lang='lat' dir='ltr'><strong><em>die</em></strong></span> <span class='ocrx_word' id='word_1_455' title='bbox 1563 5586 1681 5639; x_wconf 78' lang='lat' dir='ltr'><strong><em>fecit</em></strong></span> <span class='ocrx_word' id='word_1_456' title='bbox 1708 5588 1845 5643; x_wconf 83' lang='lat' dir='ltr'><strong><em>Deus</em></strong></span> 
     </span>
    </p>
   </div>
   <div class='ocr_carea' id='block_1_60' title="bbox 254 5674 1830 5748">
    <p class='ocr_par' dir='ltr' id='par_1_60' title="bbox 254 5674 1830 5748">
     <span class='ocr_line' id='line_1_60' title="bbox 254 5674 1830 5748; baseline -0.001 -14"><span class='ocrx_word' id='word_1_457' title='bbox 254 5676 457 5734; x_wconf 65' lang='lat' dir='ltr'><strong><em>omium</em></strong></span> <span class='ocrx_word' id='word_1_458' title='bbox 495 5687 551 5733; x_wconf 86' lang='lat' dir='ltr'><strong><em>et</em></strong></span> <span class='ocrx_word' id='word_1_459' title='bbox 578 5686 859 5743; x_wconf 78' lang='lat' dir='ltr'><strong><em>termm,et</em></strong></span> <span class='ocrx_word' id='word_1_460' title='bbox 884 5692 1040 5728; x_wconf 87' lang='lat' dir='ltr'><strong><em>omne</em></strong></span> <span class='ocrx_word' id='word_1_461' title='bbox 1070 5674 1236 5729; x_wconf 84' lang='lat' dir='ltr'><strong><em>viride</em></strong></span> <span class='ocrx_word' id='word_1_462' title='bbox 1265 5676 1397 5744; x_wconf 83' lang='lat' dir='ltr'><strong><em>agri,</em></strong></span> <span class='ocrx_word' id='word_1_463' title='bbox 1416 5685 1469 5729; x_wconf 88' lang='lat' dir='ltr'><strong><em>et</em></strong></span> <span class='ocrx_word' id='word_1_464' title='bbox 1498 5692 1653 5732; x_wconf 89' lang='lat' dir='ltr'><strong><em>omne</em></strong></span> <span class='ocrx_word' id='word_1_465' title='bbox 1674 5681 1830 5748; x_wconf 84' lang='lat' dir='ltr'><strong><em>pabu-</em></strong></span> 
     </span>
    </p>
   </div>
   <div class='ocr_carea' id='block_1_61' title="bbox 324 5790 1468 5853">
    <p class='ocr_par' dir='ltr' id='par_1_61' title="bbox 324 5790 1468 5853">
     <span class='ocr_line' id='line_1_61' title="bbox 324 5790 1468 5853; baseline -0.002 -12"><span class='ocrx_word' id='word_1_466' title='bbox 324 5790 1343 5853; x_wconf 54' lang='lat' dir='ltr'><strong><em>‘vcauntmuessetsupsrterrm</em></strong></span> <span class='ocrx_word' id='word_1_467' title='bbox 1402 5794 1468 5839; x_wconf 72' lang='grc' dir='ltr'>Ι.</span> 
     </span>
    </p>
   </div>
   <div class='ocr_carea' id='block_1_62' title="bbox 3405 354 3506 417">
    <p class='ocr_par' dir='ltr' id='par_1_62' title="bbox 3405 354 3506 417">
     <span class='ocr_line' id='line_1_62' title="bbox 3405 354 3506 417; baseline 0.04 -4"><span class='ocrx_word' id='word_1_468' title='bbox 3405 354 3506 417; x_wconf 74' lang='grc'><strong><em>198</em></strong></span> 
     </span>
    </p>
   </div>
   <div class='ocr_carea' id='block_1_63' title="bbox 1937 449 3505 538">
    <p class='ocr_par' dir='ltr' id='par_1_63' title="bbox 1937 449 3505 538">
     <span class='ocr_line' id='line_1_63' title="bbox 1937 449 3505 538; baseline 0.019 -36"><span class='ocrx_word' id='word_1_469' title='bbox 1937 449 2064 514; x_wconf 90' lang='lat' dir='ltr'><strong><em>lum,</em></strong></span> <span class='ocrx_word' id='word_1_470' title='bbox 2095 454 2247 519; x_wconf 88' lang='lat' dir='ltr'><strong><em>cujus</em></strong></span> <span class='ocrx_word' id='word_1_471' title='bbox 2268 452 2372 509; x_wconf 91' lang='lat' dir='ltr'><strong><em>diei</em></strong></span> <span class='ocrx_word' id='word_1_472' title='bbox 2394 456 2610 515; x_wconf 86' lang='lat' dir='ltr'><strong><em>nomine</em></strong></span> <span class='ocrx_word' id='word_1_473' title='bbox 2641 463 2800 517; x_wconf 77' lang='lat' dir='ltr'><strong><em>Omne</em></strong></span> <span class='ocrx_word' id='word_1_474' title='bbox 2826 471 3037 535; x_wconf 79' lang='lat' dir='ltr'><strong><em>tempus</em></strong></span> <span class='ocrx_word' id='word_1_475' title='bbox 3062 467 3344 538; x_wconf 72' lang='lat' dir='ltr'><strong><em>signiﬁcari</em></strong></span> <span class='ocrx_word' id='word_1_476' title='bbox 3371 473 3505 532; x_wconf 81' lang='lat' dir='ltr'><strong><em>bene</em></strong></span> 
     </span>
    </p>
   </div>
   <div class='ocr_carea' id='block_1_64' title="bbox 1936 542 3505 629">
    <p class='ocr_par' dir='ltr' id='par_1_64' title="bbox 1936 542 3505 629">
     <span class='ocr_line' id='line_1_64' title="bbox 1936 542 3505 629; baseline 0.016 -33"><span class='ocrx_word' id='word_1_477' title='bbox 1936 542 2265 615; x_wconf 77' lang='lat' dir='ltr'><strong><em>intelligitur.</em></strong></span> <span class='ocrx_word' id='word_1_478' title='bbox 2294 546 2441 602; x_wconf 85' lang='lat' dir='ltr'><strong><em>Fecit</em></strong></span> <span class='ocrx_word' id='word_1_479' title='bbox 2459 550 2598 604; x_wconf 89' lang='lat' dir='ltr'><strong><em>enim</em></strong></span> <span class='ocrx_word' id='word_1_480' title='bbox 2630 552 2766 607; x_wconf 86' lang='lat' dir='ltr'><strong><em>Deus</em></strong></span> <span class='ocrx_word' id='word_1_481' title='bbox 2792 568 2951 612; x_wconf 83' lang='lat' dir='ltr'><strong><em>omne</em></strong></span> <span class='ocrx_word' id='word_1_482' title='bbox 2974 568 3180 629; x_wconf 80' lang='lat' dir='ltr'><strong><em>tempus</em></strong></span> <span class='ocrx_word' id='word_1_483' title='bbox 3200 562 3358 618; x_wconf 77' lang='lat' dir='ltr'><strong><em>simul</em></strong></span> <span class='ocrx_word' id='word_1_484' title='bbox 3382 574 3505 622; x_wconf 79' lang='lat' dir='ltr'><strong><em>cum</em></strong></span> 
     </span>
    </p>
   </div>
   <div class='ocr_carea' id='block_1_65' title="bbox 1934 639 3511 720">
    <p class='ocr_par' dir='ltr' id='par_1_65' title="bbox 1934 639 3511 720">
     <span class='ocr_line' id='line_1_65' title="bbox 1934 639 3511 720; baseline 0.018 -32"><span class='ocrx_word' id='word_1_485' title='bbox 1934 639 2180 692; x_wconf 86' lang='lat' dir='ltr'><strong><em>omnibus</em></strong></span> <span class='ocrx_word' id='word_1_486' title='bbox 2208 643 2466 697; x_wconf 80' lang='lat' dir='ltr'><strong><em>creaturis</em></strong></span> <span class='ocrx_word' id='word_1_487' title='bbox 2486 644 2883 715; x_wconf 81' lang='lat' dir='ltr'><strong><em>temporalibus,</em></strong></span> <span class='ocrx_word' id='word_1_488' title='bbox 2902 662 3021 720; x_wconf 62' lang='lat' dir='ltr'><strong><em>quas</em></strong></span> <span class='ocrx_word' id='word_1_489' title='bbox 3044 650 3302 711; x_wconf 59' lang='lat' dir='ltr'><strong><em>creatura,</em></strong></span> <span class='ocrx_word' id='word_1_490' title='bbox 3332 661 3511 715; x_wconf 73' lang='lat' dir='ltr'><strong><em>t&#39;isibi-</em></strong></span> 
     </span>
    </p>
   </div>
   <div class='ocr_carea' id='block_1_66' title="bbox 1940 726 3510 809">
    <p class='ocr_par' dir='ltr' id='par_1_66' title="bbox 1940 726 3510 809">
     <span class='ocr_line' id='line_1_66' title="bbox 1940 726 3510 809; baseline 0.018 -29"><span class='ocrx_word' id='word_1_491' title='bbox 1940 726 2018 781; x_wconf 90' lang='lat' dir='ltr'><strong><em>les</em></strong></span> <span class='ocrx_word' id='word_1_492' title='bbox 2045 730 2165 783; x_wconf 64' lang='lat' dir='ltr'><strong><em>coeli</em></strong></span> <span class='ocrx_word' id='word_1_493' title='bbox 2196 743 2248 785; x_wconf 90' lang='lat' dir='ltr'><strong><em>et</em></strong></span> <span class='ocrx_word' id='word_1_494' title='bbox 2278 742 2431 787; x_wconf 74' lang='lat' dir='ltr'><strong><em>terra:</em></strong></span> <span class='ocrx_word' id='word_1_495' title='bbox 2460 737 2674 791; x_wconf 82' lang='lat' dir='ltr'><strong><em>nomine</em></strong></span> <span class='ocrx_word' id='word_1_496' title='bbox 2699 738 3076 809; x_wconf 72' lang='lat' dir='ltr'><strong><em>signiﬁcantur.</em></strong></span> <span class='ocrx_word' id='word_1_497' title='bbox 3112 745 3320 803; x_wconf 73' lang='lat' dir='ltr'><strong><em>Movere</em></strong></span> <span class='ocrx_word' id='word_1_498' title='bbox 3334 758 3510 807; x_wconf 77' lang='lat' dir='ltr'><strong><em>autem</em></strong></span> 
     </span>
    </p>
   </div>
   <div class='ocr_carea' id='block_1_67' title="bbox 1936 820 3511 911">
    <p class='ocr_par' dir='ltr' id='par_1_67' title="bbox 1936 820 3511 911">
     <span class='ocr_line' id='line_1_67' title="bbox 1936 820 3511 911; baseline 0.017 -38"><span class='ocrx_word' id='word_1_499' title='bbox 1936 830 2037 874; x_wconf 79' lang='lat' dir='ltr'><strong><em>nos</em></strong></span> <span class='ocrx_word' id='word_1_500' title='bbox 2062 820 2220 875; x_wconf 85' lang='lat' dir='ltr'><strong><em>debet</em></strong></span> <span class='ocrx_word' id='word_1_501' title='bbox 2245 824 2311 877; x_wconf 85' lang='lat' dir='ltr'><strong><em>ad</em></strong></span> <span class='ocrx_word' id='word_1_502' title='bbox 2340 828 2704 895; x_wconf 72' lang='lat' dir='ltr'><strong><em>quiteretidutn,</em></strong></span> <span class='ocrx_word' id='word_1_503' title='bbox 2738 833 2877 900; x_wconf 86' lang='lat' dir='ltr'><strong><em>quod</em></strong></span> <span class='ocrx_word' id='word_1_504' title='bbox 2904 846 3027 889; x_wconf 84' lang='lat' dir='ltr'><strong><em>eum</em></strong></span> <span class='ocrx_word' id='word_1_505' title='bbox 3051 838 3209 899; x_wconf 80' lang='lat' dir='ltr'><strong><em>diem.</em></strong></span> <span class='ocrx_word' id='word_1_506' title='bbox 3230 833 3317 911; x_wconf 86' lang='lat' dir='ltr'><strong><em>qui</em></strong></span> <span class='ocrx_word' id='word_1_507' title='bbox 3344 836 3511 900; x_wconf 75' lang='lat' dir='ltr'><strong><em>laetus</em></strong></span> 
     </span>
    </p>
   </div>
   <div class='ocr_carea' id='block_1_68' title="bbox 1936 913 3509 999">
    <p class='ocr_par' dir='ltr' id='par_1_68' title="bbox 1936 913 3509 999">
     <span class='ocr_line' id='line_1_68' title="bbox 1936 913 3509 999; baseline 0.017 -35"><span class='ocrx_word' id='word_1_508' title='bbox 1936 921 2037 974; x_wconf 71' lang='grc' dir='ltr'><strong><em>εει,</em></strong></span> <span class='ocrx_word' id='word_1_509' title='bbox 2062 913 2342 979; x_wconf 74' lang='lat' dir='ltr'><strong><em>etcmlum,</em></strong></span> <span class='ocrx_word' id='word_1_510' title='bbox 2375 926 2640 972; x_wconf 89' lang='lat' dir='ltr'><strong><em>ctterram</em></strong></span> <span class='ocrx_word' id='word_1_511' title='bbox 2685 922 3015 980; x_wconf 81' lang='lat' dir='ltr'><strong><em>nominasset</em></strong></span> <span class='ocrx_word' id='word_1_512' title='bbox 3040 930 3055 960; x_wconf 85' lang='grc'>¹</span> <span class='ocrx_word' id='word_1_513' title='bbox 3090 929 3285 999; x_wconf 86' lang='lat' dir='ltr'><strong><em>adjecit</em></strong></span> <span class='ocrx_word' id='word_1_514' title='bbox 3327 936 3509 999; x_wconf 82' lang='lat' dir='ltr'><strong><em>etiam,</em></strong></span> 
     </span>
    </p>
   </div>
   <div class='ocr_carea' id='block_1_69' title="bbox 1934 1001 3507 1090">
    <p class='ocr_par' dir='ltr' id='par_1_69' title="bbox 1934 1001 3507 1090">
     <span class='ocr_line' id='line_1_69' title="bbox 1934 1001 3507 1090; baseline 0.019 -38"><span class='ocrx_word' id='word_1_515' title='bbox 1934 1001 2092 1055; x_wconf 72' lang='lat' dir='ltr'><strong><em>viride</em></strong></span> <span class='ocrx_word' id='word_1_516' title='bbox 2109 1006 2240 1073; x_wconf 87' lang='lat' dir='ltr'><strong><em>agri,</em></strong></span> <span class='ocrx_word' id='word_1_517' title='bbox 2265 1014 2309 1058; x_wconf 70' lang='grc' dir='ltr'><strong><em>α</em></strong></span> <span class='ocrx_word' id='word_1_518' title='bbox 2329 1020 2477 1063; x_wconf 80' lang='lat' dir='ltr'><strong><em>omne</em></strong></span> <span class='ocrx_word' id='word_1_519' title='bbox 2507 1012 2768 1078; x_wconf 68' lang='lat' dir='ltr'><strong><em>pabulum.</em></strong></span> <span class='ocrx_word' id='word_1_520' title='bbox 2792 1013 2908 1069; x_wconf 74' lang='lat' dir='ltr'><strong><em>Non</em></strong></span> <span class='ocrx_word' id='word_1_521' title='bbox 2924 1018 3066 1072; x_wconf 86' lang='lat' dir='ltr'><strong><em>enim</em></strong></span> <span class='ocrx_word' id='word_1_522' title='bbox 3077 1018 3286 1090; x_wconf 76' lang='lat' dir='ltr'><strong><em>quando</em></strong></span> <span class='ocrx_word' id='word_1_523' title='bbox 3308 1026 3507 1081; x_wconf 84' lang='lat' dir='ltr'><strong><em>dictum</em></strong></span> 
     </span>
    </p>
   </div>
   <div class='ocr_carea' id='block_1_70' title="bbox 1935 1092 3515 1175">
    <p class='ocr_par' dir='ltr' id='par_1_70' title="bbox 1935 1092 3515 1175">
     <span class='ocr_line' id='line_1_70' title="bbox 1935 1092 3515 1175; baseline 0.019 -31"><span class='ocrx_word' id='word_1_524' title='bbox 1935 1100 2039 1155; x_wconf 81' lang='lat' dir='ltr'><strong><em>est,</em></strong></span> <span class='ocrx_word' id='word_1_525' title='bbox 2069 1092 2137 1147; x_wconf 87' lang='lat' dir='ltr'><strong><em>In</em></strong></span> <span class='ocrx_word' id='word_1_526' title='bbox 2162 1097 2413 1167; x_wconf 74' lang='lat' dir='ltr'><strong><em>principio</em></strong></span> <span class='ocrx_word' id='word_1_527' title='bbox 2447 1101 2568 1169; x_wconf 80' lang='lat' dir='ltr'><strong><em>fecit</em></strong></span> <span class='ocrx_word' id='word_1_528' title='bbox 2593 1100 2929 1159; x_wconf 68' lang='lat' dir='ltr'><strong><em>Haliartum</em></strong></span> <span class='ocrx_word' id='word_1_529' title='bbox 2954 1119 3001 1162; x_wconf 74' lang='lat' dir='ltr'><strong><em>et</em></strong></span> <span class='ocrx_word' id='word_1_530' title='bbox 3043 1120 3247 1175; x_wconf 78' lang='lat' dir='ltr'><strong><em>terram,</em></strong></span> <span class='ocrx_word' id='word_1_531' title='bbox 3279 1124 3404 1172; x_wconf 80' lang='lat' dir='ltr'><strong><em>tune</em></strong></span> <span class='ocrx_word' id='word_1_532' title='bbox 3437 1115 3515 1173; x_wconf 82' lang='lat' dir='ltr'><strong><em>di-</em></strong></span> 
     </span>
    </p>
   </div>
   <div class='ocr_carea' id='block_1_71' title="bbox 1933 1186 3510 1274">
    <p class='ocr_par' dir='ltr' id='par_1_71' title="bbox 1933 1186 3510 1274">
     <span class='ocr_line' id='line_1_71' title="bbox 1933 1186 3510 1274; baseline 0.02 -39"><span class='ocrx_word' id='word_1_533' title='bbox 1933 1191 2077 1236; x_wconf 86' lang='lat' dir='ltr'><strong><em>ctum</em></strong></span> <span class='ocrx_word' id='word_1_534' title='bbox 2104 1195 2206 1253; x_wconf 81' lang='lat' dir='ltr'><strong><em>est,</em></strong></span> <span class='ocrx_word' id='word_1_535' title='bbox 2237 1186 2432 1242; x_wconf 79' lang='lat' dir='ltr'><strong><em>factum</em></strong></span> <span class='ocrx_word' id='word_1_536' title='bbox 2476 1205 2596 1246; x_wconf 77' lang='lat' dir='ltr'><strong><em>esse</em></strong></span> <span class='ocrx_word' id='word_1_537' title='bbox 2623 1194 2781 1249; x_wconf 83' lang='lat' dir='ltr'><strong><em>omne</em></strong></span> <span class='ocrx_word' id='word_1_538' title='bbox 2806 1198 2974 1253; x_wconf 77' lang='lat' dir='ltr'><strong><em>viride</em></strong></span> <span class='ocrx_word' id='word_1_539' title='bbox 3004 1203 3113 1271; x_wconf 78' lang='lat' dir='ltr'><strong><em>agri</em></strong></span> <span class='ocrx_word' id='word_1_540' title='bbox 3140 1213 3195 1257; x_wconf 82' lang='lat' dir='ltr'><strong><em>et</em></strong></span> <span class='ocrx_word' id='word_1_541' title='bbox 3221 1202 3464 1274; x_wconf 61' lang='lat' dir='ltr'><strong><em>ptbttluut</em></strong></span> <span class='ocrx_word' id='word_1_542' title='bbox 3494 1230 3510 1267; x_wconf 89' lang='lat'><strong>:</strong></span> 
     </span>
    </p>
   </div>
   <div class='ocr_carea' id='block_1_72' title="bbox 1936 1274 3514 1355">
    <p class='ocr_par' dir='ltr' id='par_1_72' title="bbox 1936 1274 3514 1355">
     <span class='ocr_line' id='line_1_72' title="bbox 1936 1274 3514 1355; baseline 0.019 -30"><span class='ocrx_word' id='word_1_543' title='bbox 1936 1274 2211 1329; x_wconf 76' lang='lat' dir='ltr'><strong><em>manifeste</em></strong></span> <span class='ocrx_word' id='word_1_544' title='bbox 2259 1279 2400 1331; x_wconf 81' lang='lat' dir='ltr'><strong><em>enim</em></strong></span> <span class='ocrx_word' id='word_1_545' title='bbox 2432 1279 2641 1349; x_wconf 75' lang='lat' dir='ltr'><strong><em>legitur,</em></strong></span> <span class='ocrx_word' id='word_1_546' title='bbox 2671 1283 2814 1354; x_wconf 80' lang='lat' dir='ltr'><strong><em>quod</em></strong></span> <span class='ocrx_word' id='word_1_547' title='bbox 2863 1290 3020 1343; x_wconf 67' lang='lat' dir='ltr'><strong><em>tertio</em></strong></span> <span class='ocrx_word' id='word_1_548' title='bbox 3061 1290 3148 1348; x_wconf 74' lang='lat' dir='ltr'><strong><em>die</em></strong></span> <span class='ocrx_word' id='word_1_549' title='bbox 3202 1294 3395 1352; x_wconf 59' lang='lat' dir='ltr'><strong><em>factum</em></strong></span> <span class='ocrx_word' id='word_1_550' title='bbox 3434 1304 3514 1355; x_wconf 82' lang='lat' dir='ltr'><strong><em>est</em></strong></span> 
     </span>
    </p>
   </div>
   <div class='ocr_carea' id='block_1_73' title="bbox 1933 1368 3511 1455">
    <p class='ocr_par' dir='ltr' id='par_1_73' title="bbox 1933 1368 3511 1455">
     <span class='ocr_line' id='line_1_73' title="bbox 1933 1368 3511 1455; baseline 0.018 -37"><span class='ocrx_word' id='word_1_551' title='bbox 1933 1378 2092 1419; x_wconf 69' lang='lat' dir='ltr'><strong><em>mune</em></strong></span> <span class='ocrx_word' id='word_1_552' title='bbox 2114 1368 2278 1423; x_wconf 82' lang='lat' dir='ltr'><strong><em>viride</em></strong></span> <span class='ocrx_word' id='word_1_553' title='bbox 2298 1379 2353 1424; x_wconf 91' lang='lat' dir='ltr'><strong><em>et</em></strong></span> <span class='ocrx_word' id='word_1_554' title='bbox 2379 1371 2626 1439; x_wconf 85' lang='lat' dir='ltr'><strong><em>pabulum</em></strong></span> <span class='ocrx_word' id='word_1_555' title='bbox 2646 1378 2776 1446; x_wconf 76' lang='lat' dir='ltr'><strong><em>agri.</em></strong></span> <span class='ocrx_word' id='word_1_556' title='bbox 2798 1378 2948 1445; x_wconf 78' lang='lat' dir='ltr'><strong><em>Quod</em></strong></span> <span class='ocrx_word' id='word_1_557' title='bbox 2976 1394 3157 1440; x_wconf 71' lang='lat' dir='ltr'><strong><em>mem</em></strong></span> <span class='ocrx_word' id='word_1_558' title='bbox 3184 1387 3383 1443; x_wconf 74' lang='lat' dir='ltr'><strong><em>dicsmn</em></strong></span> <span class='ocrx_word' id='word_1_559' title='bbox 3410 1402 3511 1455; x_wconf 76' lang='lat' dir='ltr'><strong><em>est,</em></strong></span> 
     </span>
    </p>
   </div>
   <div class='ocr_carea' id='block_1_74' title="bbox 1935 1456 3512 1549">
    <p class='ocr_par' dir='ltr' id='par_1_74' title="bbox 1935 1456 3512 1549">
     <span class='ocr_line' id='line_1_74' title="bbox 1935 1456 3512 1549; baseline 0.019 -40"><span class='ocrx_word' id='word_1_560' title='bbox 1935 1456 2001 1511; x_wconf 76' lang='lat' dir='ltr'><strong><em>in</em></strong></span> <span class='ocrx_word' id='word_1_561' title='bbox 2023 1460 2271 1530; x_wconf 74' lang='lat' dir='ltr'><strong><em>principio</em></strong></span> <span class='ocrx_word' id='word_1_562' title='bbox 2286 1462 2403 1532; x_wconf 76' lang='lat' dir='ltr'><strong><em>fuit</em></strong></span> <span class='ocrx_word' id='word_1_563' title='bbox 2432 1463 2564 1520; x_wconf 75' lang='lat' dir='ltr'><strong><em>om</em></strong></span> <span class='ocrx_word' id='word_1_564' title='bbox 2589 1468 2768 1523; x_wconf 73' lang='lat' dir='ltr'><strong><em>etclam</em></strong></span> <span class='ocrx_word' id='word_1_565' title='bbox 2787 1482 2839 1525; x_wconf 75' lang='lat' dir='ltr'><strong><em>et</em></strong></span> <span class='ocrx_word' id='word_1_566' title='bbox 2856 1474 3061 1541; x_wconf 67' lang='lat' dir='ltr'><strong><em>terram,</em></strong></span> <span class='ocrx_word' id='word_1_567' title='bbox 3082 1490 3186 1533; x_wconf 79' lang='lat' dir='ltr'><strong><em>non</em></strong></span> <span class='ocrx_word' id='word_1_568' title='bbox 3209 1478 3434 1549; x_wconf 78' lang='lat' dir='ltr'><strong><em>pertinet</em></strong></span> <span class='ocrx_word' id='word_1_569' title='bbox 3447 1485 3512 1539; x_wconf 86' lang='lat' dir='ltr'><strong><em>ad</em></strong></span> 
     </span>
    </p>
   </div>
   <div class='ocr_carea' id='block_1_75' title="bbox 1939 1549 3510 1631">
    <p class='ocr_par' dir='ltr' id='par_1_75' title="bbox 1939 1549 3510 1631">
     <span class='ocr_line' id='line_1_75' title="bbox 1939 1549 3510 1631; baseline 0.018 -28"><span class='ocrx_word' id='word_1_570' title='bbox 1939 1549 2168 1619; x_wconf 80' lang='lat' dir='ltr'><strong><em>aliquem</em></strong></span> <span class='ocrx_word' id='word_1_571' title='bbox 2192 1554 2399 1609; x_wconf 74' lang='lat' dir='ltr'><strong><em>dierum</em></strong></span> <span class='ocrx_word' id='word_1_572' title='bbox 2444 1570 2511 1612; x_wconf 65' lang='lat' dir='ltr'><strong><em>ex</em></strong></span> <span class='ocrx_word' id='word_1_573' title='bbox 2559 1560 2659 1613; x_wconf 77' lang='lat' dir='ltr'><strong><em>iiiis</em></strong></span> <span class='ocrx_word' id='word_1_574' title='bbox 2683 1572 2885 1631; x_wconf 73' lang='lat' dir='ltr'><strong><em>septem</em></strong></span> <span class='ocrx_word' id='word_1_575' title='bbox 2914 1566 3127 1625; x_wconf 61' lang='lat' dir='ltr'><strong><em>diebus;</em></strong></span> <span class='ocrx_word' id='word_1_576' title='bbox 3165 1572 3345 1630; x_wconf 76' lang='lat' dir='ltr'><strong><em>Adhuc</em></strong></span> <span class='ocrx_word' id='word_1_577' title='bbox 3371 1578 3510 1631; x_wconf 84' lang='lat' dir='ltr'><strong><em>enim</em></strong></span> 
     </span>
    </p>
   </div>
   <div class='ocr_carea' id='block_1_76' title="bbox 1936 1641 3514 1730">
    <p class='ocr_par' dir='ltr' id='par_1_76' title="bbox 1936 1641 3514 1730">
     <span class='ocr_line' id='line_1_76' title="bbox 1936 1641 3514 1730; baseline 0.02 -37"><span class='ocrx_word' id='word_1_578' title='bbox 1936 1641 2020 1694; x_wconf 77' lang='lat' dir='ltr'><strong><em>vel</em></strong></span> <span class='ocrx_word' id='word_1_579' title='bbox 2045 1646 2318 1699; x_wconf 64' lang='lat' dir='ltr'><strong><em>uictoriam</em></strong></span> <span class='ocrx_word' id='word_1_580' title='bbox 2346 1647 2513 1715; x_wconf 74' lang='lat' dir='ltr'><strong><em>ipsum</em></strong></span> <span class='ocrx_word' id='word_1_581' title='bbox 2544 1651 2683 1707; x_wconf 70' lang='lat' dir='ltr'><strong><em>unde</em></strong></span> <span class='ocrx_word' id='word_1_582' title='bbox 2714 1654 2850 1710; x_wconf 71' lang='lat' dir='ltr'><strong><em>facta</em></strong></span> <span class='ocrx_word' id='word_1_583' title='bbox 2886 1654 3011 1712; x_wconf 73' lang='lat' dir='ltr'><strong><em>sunt</em></strong></span> <span class='ocrx_word' id='word_1_584' title='bbox 3046 1664 3221 1717; x_wconf 79' lang='lat' dir='ltr'><strong><em>omnia</em></strong></span> <span class='ocrx_word' id='word_1_585' title='bbox 3241 1706 3257 1730; x_wconf 92' lang='lat'><strong><em>,</em></strong></span> <span class='ocrx_word' id='word_1_586' title='bbox 3302 1662 3421 1723; x_wconf 63' lang='lat' dir='ltr'><strong><em>eali</em></strong></span> <span class='ocrx_word' id='word_1_587' title='bbox 3461 1680 3514 1725; x_wconf 84' lang='lat' dir='ltr'><strong><em>et</em></strong></span> 
     </span>
    </p>
   </div>
   <div class='ocr_carea' id='block_1_77' title="bbox 1932 1738 3514 1822">
    <p class='ocr_par' dir='ltr' id='par_1_77' title="bbox 1932 1738 3514 1822">
     <span class='ocr_line' id='line_1_77' title="bbox 1932 1738 3514 1822; baseline 0.017 -34"><span class='ocrx_word' id='word_1_588' title='bbox 1932 1740 2093 1790; x_wconf 75' lang='lat' dir='ltr'><strong><em>terra:</em></strong></span> <span class='ocrx_word' id='word_1_589' title='bbox 2120 1738 2330 1793; x_wconf 86' lang='lat' dir='ltr'><strong><em>nomine</em></strong></span> <span class='ocrx_word' id='word_1_590' title='bbox 2360 1742 2694 1813; x_wconf 77' lang='lat' dir='ltr'><strong><em>mincnpabat</em></strong></span> <span class='ocrx_word' id='word_1_591' title='bbox 2720 1765 2733 1801; x_wconf 91' lang='lat'><strong>:</strong></span> <span class='ocrx_word' id='word_1_592' title='bbox 2759 1748 2845 1803; x_wconf 66' lang='lat' dir='ltr'><strong><em>Vel</em></strong></span> <span class='ocrx_word' id='word_1_593' title='bbox 2863 1760 3006 1806; x_wconf 83' lang='lat' dir='ltr'><strong><em>certe</em></strong></span> <span class='ocrx_word' id='word_1_594' title='bbox 3026 1756 3167 1822; x_wconf 66' lang='lat' dir='ltr'><strong><em>prius</em></strong></span> <span class='ocrx_word' id='word_1_595' title='bbox 3185 1763 3345 1812; x_wconf 77' lang='lat' dir='ltr'><strong><em>tutam</em></strong></span> <span class='ocrx_word' id='word_1_596' title='bbox 3364 1768 3514 1815; x_wconf 83' lang='lat' dir='ltr'><strong><em>crea-</em></strong></span> 
     </span>
    </p>
   </div>
   <div class='ocr_carea' id='block_1_78' title="bbox 1936 1826 3511 1917">
    <p class='ocr_par' dir='ltr' id='par_1_78' title="bbox 1936 1826 3511 1917">
     <span class='ocr_line' id='line_1_78' title="bbox 1936 1826 3511 1917; baseline 0.018 -37"><span class='ocrx_word' id='word_1_597' title='bbox 1936 1826 2127 1891; x_wconf 82' lang='lat' dir='ltr'><strong><em>tnram,</em></strong></span> <span class='ocrx_word' id='word_1_598' title='bbox 2161 1831 2279 1886; x_wconf 66' lang='lat' dir='ltr'><strong><em>coeli</em></strong></span> <span class='ocrx_word' id='word_1_599' title='bbox 2306 1838 2361 1890; x_wconf 79' lang='lat' dir='ltr'><strong><em>et</em></strong></span> <span class='ocrx_word' id='word_1_600' title='bbox 2385 1844 2538 1890; x_wconf 77' lang='lat' dir='ltr'><strong><em>terra:</em></strong></span> <span class='ocrx_word' id='word_1_601' title='bbox 2555 1841 2769 1895; x_wconf 85' lang='lat' dir='ltr'><strong><em>nomine</em></strong></span> <span class='ocrx_word' id='word_1_602' title='bbox 2798 1848 3141 1912; x_wconf 77' lang='lat' dir='ltr'><strong><em>proposuerat</em></strong></span> <span class='ocrx_word' id='word_1_603' title='bbox 3168 1846 3411 1917; x_wconf 76' lang='lat' dir='ltr'><strong><em>dicendo,</em></strong></span> <span class='ocrx_word' id='word_1_604' title='bbox 3446 1853 3511 1909; x_wconf 77' lang='lat' dir='ltr'><strong><em>In</em></strong></span> 
     </span>
    </p>
   </div>
   <div class='ocr_carea' id='block_1_79' title="bbox 1936 1922 3515 2013">
    <p class='ocr_par' dir='ltr' id='par_1_79' title="bbox 1936 1922 3515 2013">
     <span class='ocr_line' id='line_1_79' title="bbox 1936 1922 3515 2013; baseline 0.019 -42"><span class='ocrx_word' id='word_1_605' title='bbox 1936 1922 2184 2013; x_wconf 71' lang='lat' dir='ltr'><strong><em>principio</em></strong></span> <span class='ocrx_word' id='word_1_606' title='bbox 2206 1926 2323 1995; x_wconf 80' lang='lat' dir='ltr'><strong><em>[erit</em></strong></span> <span class='ocrx_word' id='word_1_607' title='bbox 2350 1922 2488 1982; x_wconf 80' lang='lat' dir='ltr'><strong><em>Deus</em></strong></span> <span class='ocrx_word' id='word_1_608' title='bbox 2511 1930 2688 1984; x_wconf 71' lang='lat' dir='ltr'><strong><em>eretum</em></strong></span> <span class='ocrx_word' id='word_1_609' title='bbox 2714 1942 2762 1986; x_wconf 81' lang='lat' dir='ltr'><strong><em>et</em></strong></span> <span class='ocrx_word' id='word_1_610' title='bbox 2783 1942 3000 2001; x_wconf 83' lang='lat' dir='ltr'><strong><em>terram;</em></strong></span> <span class='ocrx_word' id='word_1_611' title='bbox 3020 1948 3071 1992; x_wconf 85' lang='lat' dir='ltr'><strong><em>ct</em></strong></span> <span class='ocrx_word' id='word_1_612' title='bbox 3091 1946 3269 2009; x_wconf 73' lang='lat' dir='ltr'><strong><em>poSlea</em></strong></span> <span class='ocrx_word' id='word_1_613' title='bbox 3290 1948 3515 2013; x_wconf 84' lang='lat' dir='ltr'><strong><em>particu-</em></strong></span> 
     </span>
    </p>
   </div>
   <div class='ocr_carea' id='block_1_80' title="bbox 1936 2010 3516 2107">
    <p class='ocr_par' dir='ltr' id='par_1_80' title="bbox 1936 2010 3516 2107">
     <span class='ocr_line' id='line_1_80' title="bbox 1936 2010 3516 2107; baseline 0.018 -42"><span class='ocrx_word' id='word_1_614' title='bbox 1936 2010 2088 2107; x_wconf 79' lang='lat' dir='ltr'><strong><em>latim</em></strong></span> <span class='ocrx_word' id='word_1_615' title='bbox 2115 2030 2206 2107; x_wconf 86' lang='lat' dir='ltr'><strong><em>per</em></strong></span> <span class='ocrx_word' id='word_1_616' title='bbox 2229 2017 2469 2074; x_wconf 84' lang='lat' dir='ltr'><strong><em>ordinem</em></strong></span> <span class='ocrx_word' id='word_1_617' title='bbox 2518 2021 2722 2077; x_wconf 87' lang='lat' dir='ltr'><strong><em>dierum</em></strong></span> <span class='ocrx_word' id='word_1_618' title='bbox 2769 2028 2905 2082; x_wconf 85' lang='lat' dir='ltr'><strong><em>sicut</em></strong></span> <span class='ocrx_word' id='word_1_619' title='bbox 2950 2033 3249 2101; x_wconf 85' lang='lat' dir='ltr'><strong><em>oportebat,</em></strong></span> <span class='ocrx_word' id='word_1_620' title='bbox 3290 2010 3516 2107; x_wconf 76' lang='lat' dir='ltr'><strong><em>propter</em></strong></span> 
     </span>
    </p>
   </div>
   <div class='ocr_carea' id='block_1_81' title="bbox 1939 2104 3513 2197">
    <p class='ocr_par' dir='ltr' id='par_1_81' title="bbox 1939 2104 3513 2197">
     <span class='ocr_line' id='line_1_81' title="bbox 1939 2104 3513 2197; baseline 0.017 -41"><span class='ocrx_word' id='word_1_621' title='bbox 1939 2104 2295 2173; x_wconf 79' lang='lat' dir='ltr'><strong><em>prophetiam,</em></strong></span> <span class='ocrx_word' id='word_1_622' title='bbox 2326 2122 2482 2178; x_wconf 83' lang='lat' dir='ltr'><strong><em>quam</em></strong></span> <span class='ocrx_word' id='word_1_623' title='bbox 2521 2114 2572 2167; x_wconf 86' lang='lat' dir='ltr'><strong><em>in</em></strong></span> <span class='ocrx_word' id='word_1_624' title='bbox 2604 2116 2775 2182; x_wconf 87' lang='lat' dir='ltr'><strong><em>primo</em></strong></span> <span class='ocrx_word' id='word_1_625' title='bbox 2800 2118 2935 2172; x_wconf 87' lang='lat' dir='ltr'><strong><em>libro</em></strong></span> <span class='ocrx_word' id='word_1_626' title='bbox 2960 2104 3513 2197; x_wconf 66' lang='lat' dir='ltr'><strong><em>commemoravimus,</em></strong></span> 
     </span>
    </p>
   </div>
   <div class='ocr_carea' id='block_1_82' title="bbox 1940 2197 3516 2290">
    <p class='ocr_par' dir='ltr' id='par_1_82' title="bbox 1940 2197 3516 2290">
     <span class='ocr_line' id='line_1_82' title="bbox 1940 2197 3516 2290; baseline 0.015 -39"><span class='ocrx_word' id='word_1_627' title='bbox 1940 2197 2032 2251; x_wconf 82' lang='lat' dir='ltr'><strong><em>Dei</em></strong></span> <span class='ocrx_word' id='word_1_628' title='bbox 2054 2212 2213 2268; x_wconf 82' lang='lat' dir='ltr'><strong><em>opera</em></strong></span> <span class='ocrx_word' id='word_1_629' title='bbox 2238 2212 2517 2259; x_wconf 70' lang='lat' dir='ltr'><strong><em>exseéutus</em></strong></span> <span class='ocrx_word' id='word_1_630' title='bbox 2542 2209 2803 2275; x_wconf 81' lang='lat' dir='ltr'><strong><em>exposuit.</em></strong></span> <span class='ocrx_word' id='word_1_631' title='bbox 2823 2210 2959 2277; x_wconf 82' lang='lat' dir='ltr'><strong><em>Quid</em></strong></span> <span class='ocrx_word' id='word_1_632' title='bbox 2982 2213 3081 2268; x_wconf 83' lang='lat' dir='ltr'><strong><em>sibi</em></strong></span> <span class='ocrx_word' id='word_1_633' title='bbox 3104 2230 3229 2285; x_wconf 83' lang='lat' dir='ltr'><strong><em>ergo</em></strong></span> <span class='ocrx_word' id='word_1_634' title='bbox 3257 2219 3516 2290; x_wconf 87' lang='lat' dir='ltr'><strong><em>vultquod</em></strong></span> 
     </span>
    </p>
   </div>
   <div class='ocr_carea' id='block_1_83' title="bbox 1942 2294 3517 2382">
    <p class='ocr_par' dir='ltr' id='par_1_83' title="bbox 1942 2294 3517 2382">
     <span class='ocr_line' id='line_1_83' title="bbox 1942 2294 3517 2382; baseline 0.017 -41"><span class='ocrx_word' id='word_1_635' title='bbox 1942 2298 2082 2344; x_wconf 87' lang='lat' dir='ltr'><strong><em>nunc</em></strong></span> <span class='ocrx_word' id='word_1_636' title='bbox 2124 2294 2397 2349; x_wconf 84' lang='lat' dir='ltr'><strong><em>nominato</em></strong></span> <span class='ocrx_word' id='word_1_637' title='bbox 2440 2296 2580 2352; x_wconf 64' lang='grc' dir='ltr'><strong><em>ωηο</em></strong></span> <span class='ocrx_word' id='word_1_638' title='bbox 2616 2304 2670 2352; x_wconf 88' lang='lat' dir='ltr'><strong><em>et</em></strong></span> <span class='ocrx_word' id='word_1_639' title='bbox 2714 2306 2872 2366; x_wconf 84' lang='lat' dir='ltr'><strong><em>terra,</em></strong></span> <span class='ocrx_word' id='word_1_640' title='bbox 2896 2303 3119 2373; x_wconf 84' lang='lat' dir='ltr'><strong><em>addidit,</em></strong></span> <span class='ocrx_word' id='word_1_641' title='bbox 3159 2308 3316 2362; x_wconf 71' lang='lat' dir='ltr'><strong><em>uiride</em></strong></span> <span class='ocrx_word' id='word_1_642' title='bbox 3336 2312 3446 2382; x_wconf 80' lang='lat' dir='ltr'><strong><em>agri</em></strong></span> <span class='ocrx_word' id='word_1_643' title='bbox 3472 2325 3517 2367; x_wconf 87' lang='lat' dir='ltr'><strong><em>et</em></strong></span> 
     </span>
    </p>
   </div>
   <div class='ocr_carea' id='block_1_84' title="bbox 1947 2382 3507 2467">
    <p class='ocr_par' dir='ltr' id='par_1_84' title="bbox 1947 2382 3507 2467">
     <span class='ocr_line' id='line_1_84' title="bbox 1947 2382 3507 2467; baseline 0.018 -35"><span class='ocrx_word' id='word_1_644' title='bbox 1947 2382 2203 2449; x_wconf 84' lang='lat' dir='ltr'><strong><em>pabulum,</em></strong></span> <span class='ocrx_word' id='word_1_645' title='bbox 2235 2392 2289 2439; x_wconf 91' lang='lat' dir='ltr'><strong><em>et</em></strong></span> <span class='ocrx_word' id='word_1_646' title='bbox 2341 2388 2502 2441; x_wconf 79' lang='lat' dir='ltr'><strong><em>tacuit</em></strong></span> <span class='ocrx_word' id='word_1_647' title='bbox 2529 2396 2718 2444; x_wconf 66' lang='lat' dir='ltr'><strong><em>Caetera</em></strong></span> <span class='ocrx_word' id='word_1_648' title='bbox 2748 2402 2848 2446; x_wconf 82' lang='lat' dir='ltr'><strong><em>tam</em></strong></span> <span class='ocrx_word' id='word_1_649' title='bbox 2882 2396 3044 2450; x_wconf 90' lang='lat' dir='ltr'><strong><em>multa</em></strong></span> <span class='ocrx_word' id='word_1_650' title='bbox 3068 2440 3082 2463; x_wconf 94' lang='lat'><strong><em>,</em></strong></span> <span class='ocrx_word' id='word_1_651' title='bbox 3124 2412 3240 2467; x_wconf 68' lang='lat' dir='ltr'><strong><em>quae</em></strong></span> <span class='ocrx_word' id='word_1_652' title='bbox 3280 2408 3403 2458; x_wconf 88' lang='lat' dir='ltr'><strong><em>sunt</em></strong></span> <span class='ocrx_word' id='word_1_653' title='bbox 3456 2403 3507 2460; x_wconf 88' lang='lat' dir='ltr'><strong><em>in</em></strong></span> 
     </span>
    </p>
   </div>
   <div class='ocr_carea' id='block_1_85' title="bbox 1944 2473 3517 2561">
    <p class='ocr_par' dir='ltr' id='par_1_85' title="bbox 1944 2473 3517 2561">
     <span class='ocr_line' id='line_1_85' title="bbox 1944 2473 3517 2561; baseline 0.017 -37"><span class='ocrx_word' id='word_1_654' title='bbox 1944 2473 2083 2526; x_wconf 63' lang='lat' dir='ltr'><strong><em>cudo</em></strong></span> <span class='ocrx_word' id='word_1_655' title='bbox 2135 2486 2187 2528; x_wconf 90' lang='lat' dir='ltr'><strong><em>et</em></strong></span> <span class='ocrx_word' id='word_1_656' title='bbox 2218 2476 2268 2529; x_wconf 91' lang='lat' dir='ltr'><strong><em>in</em></strong></span> <span class='ocrx_word' id='word_1_657' title='bbox 2300 2482 2457 2544; x_wconf 79' lang='lat' dir='ltr'><strong><em>terra,</em></strong></span> <span class='ocrx_word' id='word_1_658' title='bbox 2489 2481 2566 2533; x_wconf 83' lang='lat' dir='ltr'><strong><em>vel</em></strong></span> <span class='ocrx_word' id='word_1_659' title='bbox 2597 2481 2756 2537; x_wconf 88' lang='lat' dir='ltr'><strong><em>etiam</em></strong></span> <span class='ocrx_word' id='word_1_660' title='bbox 2804 2483 2855 2539; x_wconf 92' lang='lat' dir='ltr'><strong><em>in</em></strong></span> <span class='ocrx_word' id='word_1_661' title='bbox 2880 2488 3043 2553; x_wconf 87' lang='lat' dir='ltr'><strong><em>mari;</em></strong></span> <span class='ocrx_word' id='word_1_662' title='bbox 3074 2491 3172 2543; x_wconf 87' lang='lat' dir='ltr'><strong><em>nisi</em></strong></span> <span class='ocrx_word' id='word_1_663' title='bbox 3203 2494 3322 2561; x_wconf 82' lang='lat' dir='ltr'><strong><em>quia</em></strong></span> <span class='ocrx_word' id='word_1_664' title='bbox 3350 2486 3517 2553; x_wconf 80' lang='lat' dir='ltr'><strong><em>viride</em></strong></span> 
     </span>
    </p>
   </div>
   <div class='ocr_carea' id='block_1_86' title="bbox 1944 2565 3518 2653">
    <p class='ocr_par' dir='ltr' id='par_1_86' title="bbox 1944 2565 3518 2653">
     <span class='ocr_line' id='line_1_86' title="bbox 1944 2565 3518 2653; baseline 0.018 -36"><span class='ocrx_word' id='word_1_665' title='bbox 1944 2565 2052 2634; x_wconf 68' lang='lat' dir='ltr'><strong><em>tigri</em></strong></span> <span class='ocrx_word' id='word_1_666' title='bbox 2103 2566 2418 2624; x_wconf 83' lang='lat' dir='ltr'><strong><em>iuvisihilem</em></strong></span> <span class='ocrx_word' id='word_1_667' title='bbox 2472 2585 2768 2629; x_wconf 82' lang='lat' dir='ltr'><strong><em>creaturam</em></strong></span> <span class='ocrx_word' id='word_1_668' title='bbox 2809 2581 2919 2633; x_wconf 81' lang='lat' dir='ltr'><strong><em>vult</em></strong></span> <span class='ocrx_word' id='word_1_669' title='bbox 2967 2582 3215 2653; x_wconf 78' lang='lat' dir='ltr'><strong><em>intelligi,</em></strong></span> <span class='ocrx_word' id='word_1_670' title='bbox 3263 2588 3398 2642; x_wconf 88' lang='lat' dir='ltr'><strong><em>sicut</em></strong></span> <span class='ocrx_word' id='word_1_671' title='bbox 3435 2600 3518 2647; x_wconf 87' lang='lat' dir='ltr'><strong><em>est</em></strong></span> 
     </span>
    </p>
   </div>
   <div class='ocr_carea' id='block_1_87' title="bbox 1938 2658 3517 2746">
    <p class='ocr_par' dir='ltr' id='par_1_87' title="bbox 1938 2658 3517 2746">
     <span class='ocr_line' id='line_1_87' title="bbox 1938 2658 3517 2746; baseline 0.017 -37"><span class='ocrx_word' id='word_1_672' title='bbox 1938 2658 2150 2712; x_wconf 86' lang='lat' dir='ltr'><strong><em>anima?</em></strong></span> <span class='ocrx_word' id='word_1_673' title='bbox 2187 2662 2325 2731; x_wconf 74' lang='lat' dir='ltr'><strong><em>Ager</em></strong></span> <span class='ocrx_word' id='word_1_674' title='bbox 2350 2664 2489 2718; x_wconf 85' lang='lat' dir='ltr'><strong><em>enim</em></strong></span> <span class='ocrx_word' id='word_1_675' title='bbox 2513 2667 2651 2721; x_wconf 85' lang='lat' dir='ltr'><strong><em>solet</em></strong></span> <span class='ocrx_word' id='word_1_676' title='bbox 2674 2669 2723 2721; x_wconf 91' lang='lat' dir='ltr'><strong><em>in</em></strong></span> <span class='ocrx_word' id='word_1_677' title='bbox 2748 2669 3031 2740; x_wconf 83' lang='lat' dir='ltr'><strong><em>Scripturis</em></strong></span> <span class='ocrx_word' id='word_1_678' title='bbox 3052 2676 3269 2746; x_wconf 76' lang='lat' dir='ltr'><strong><em>ﬁgurate</em></strong></span> <span class='ocrx_word' id='word_1_679' title='bbox 3294 2682 3517 2737; x_wconf 89' lang='lat' dir='ltr'><strong><em>mundus</em></strong></span> 
     </span>
    </p>
   </div>
   <div class='ocr_carea' id='block_1_88' title="bbox 1938 2750 3513 2841">
    <p class='ocr_par' dir='ltr' id='par_1_88' title="bbox 1938 2750 3513 2841">
     <span class='ocr_line' id='line_1_88' title="bbox 1938 2750 3513 2841; baseline 0.016 -41"><span class='ocrx_word' id='word_1_680' title='bbox 1938 2750 2212 2818; x_wconf 76' lang='lat' dir='ltr'><strong><em>appellari.</em></strong></span> <span class='ocrx_word' id='word_1_681' title='bbox 2256 2751 2383 2806; x_wconf 88' lang='lat' dir='ltr'><strong><em>Nam</em></strong></span> <span class='ocrx_word' id='word_1_682' title='bbox 2411 2768 2458 2809; x_wconf 89' lang='lat' dir='ltr'><strong><em>et</em></strong></span> <span class='ocrx_word' id='word_1_683' title='bbox 2486 2756 2594 2824; x_wconf 87' lang='lat' dir='ltr'><strong><em>ipse</em></strong></span> <span class='ocrx_word' id='word_1_684' title='bbox 2621 2756 2890 2825; x_wconf 85' lang='lat' dir='ltr'><strong><em>Dominus,</em></strong></span> <span class='ocrx_word' id='word_1_685' title='bbox 2916 2762 3049 2834; x_wconf 78' lang='lat' dir='ltr'><strong><em>Ager</em></strong></span> <span class='ocrx_word' id='word_1_686' title='bbox 3076 2776 3147 2820; x_wconf 84' lang='lat' dir='ltr'><strong><em>est</em></strong></span> <span class='ocrx_word' id='word_1_687' title='bbox 3176 2768 3276 2836; x_wconf 82' lang='lat' dir='ltr'><strong><em>hic,</em></strong></span> <span class='ocrx_word' id='word_1_688' title='bbox 3326 2772 3513 2841; x_wconf 88' lang='lat' dir='ltr'><strong><em>inquit,</em></strong></span> 
     </span>
    </p>
   </div>
   <div class='ocr_carea' id='block_1_89' title="bbox 1943 2844 3514 2935">
    <p class='ocr_par' dir='ltr' id='par_1_89' title="bbox 1943 2844 3514 2935">
     <span class='ocr_line' id='line_1_89' title="bbox 1943 2844 3514 2935; baseline 0.017 -42"><span class='ocrx_word' id='word_1_689' title='bbox 1943 2844 2157 2896; x_wconf 81' lang='lat' dir='ltr'><strong><em>mundus</em></strong></span> <span class='ocrx_word' id='word_1_690' title='bbox 2185 2845 2395 2914; x_wconf 65' lang='lat' dir='ltr'><strong><em>(Matth.</em></strong></span> <span class='ocrx_word' id='word_1_691' title='bbox 2424 2856 2534 2915; x_wconf 68' lang='grc' dir='ltr'><strong>χιιι,</strong></span> <span class='ocrx_word' id='word_1_692' title='bbox 2565 2850 2675 2917; x_wconf 79' lang='grc'><strong><em>58),</em></strong></span> <span class='ocrx_word' id='word_1_693' title='bbox 2703 2864 2820 2905; x_wconf 89' lang='lat' dir='ltr'><strong><em>cum</em></strong></span> <span class='ocrx_word' id='word_1_694' title='bbox 2850 2853 2989 2908; x_wconf 86' lang='lat' dir='ltr'><strong><em>illam</em></strong></span> <span class='ocrx_word' id='word_1_695' title='bbox 3014 2859 3313 2926; x_wconf 77' lang='lat' dir='ltr'><strong><em>parabolatn</em></strong></span> <span class='ocrx_word' id='word_1_696' title='bbox 3348 2870 3514 2935; x_wconf 80' lang='lat' dir='ltr'><strong><em>expo-</em></strong></span> 
     </span>
    </p>
   </div>
   <div class='ocr_carea' id='block_1_90' title="bbox 1938 2936 3518 3012">
    <p class='ocr_par' dir='ltr' id='par_1_90' title="bbox 1938 2936 3518 3012">
     <span class='ocr_line' id='line_1_90' title="bbox 1938 2936 3518 3012; baseline 0.015 -25"><span class='ocrx_word' id='word_1_697' title='bbox 1938 2940 2111 2999; x_wconf 82' lang='lat' dir='ltr'><strong><em>neret,</em></strong></span> <span class='ocrx_word' id='word_1_698' title='bbox 2143 2936 2228 2988; x_wconf 82' lang='lat' dir='ltr'><strong><em>ubi</em></strong></span> <span class='ocrx_word' id='word_1_699' title='bbox 2261 2937 2398 2992; x_wconf 78' lang='lat' dir='ltr'><strong><em>[iuno</em></strong></span> <span class='ocrx_word' id='word_1_700' title='bbox 2426 2942 2612 2994; x_wconf 87' lang='lat' dir='ltr'><strong><em>semini</em></strong></span> <span class='ocrx_word' id='word_1_701' title='bbox 2643 2950 2765 2996; x_wconf 89' lang='lat' dir='ltr'><strong><em>sunt</em></strong></span> <span class='ocrx_word' id='word_1_702' title='bbox 2780 2946 3063 3000; x_wconf 78' lang='lat' dir='ltr'><strong><em>commixta</em></strong></span> <span class='ocrx_word' id='word_1_703' title='bbox 3086 2948 3301 3005; x_wconf 71' lang='lat' dir='ltr'><strong><em>tizania.</em></strong></span> <span class='ocrx_word' id='word_1_704' title='bbox 3340 2953 3518 3012; x_wconf 74' lang='lat' dir='ltr'><strong><em>Viride</em></strong></span> 
     </span>
    </p>
   </div>
   <div class='ocr_carea' id='block_1_91' title="bbox 1939 3033 3515 3118">
    <p class='ocr_par' dir='ltr' id='par_1_91' title="bbox 1939 3033 3515 3118">
     <span class='ocr_line' id='line_1_91' title="bbox 1939 3033 3515 3118; baseline 0.014 -36"><span class='ocrx_word' id='word_1_705' title='bbox 1939 3034 2066 3099; x_wconf 84' lang='lat' dir='ltr'><strong><em>ergo</em></strong></span> <span class='ocrx_word' id='word_1_706' title='bbox 2081 3033 2189 3099; x_wconf 80' lang='lat' dir='ltr'><strong><em>agri</em></strong></span> <span class='ocrx_word' id='word_1_707' title='bbox 2215 3034 2536 3101; x_wconf 79' lang='lat' dir='ltr'><strong><em>spiritnalctn</em></strong></span> <span class='ocrx_word' id='word_1_708' title='bbox 2554 3046 2708 3106; x_wconf 84' lang='lat' dir='ltr'><strong><em>atque</em></strong></span> <span class='ocrx_word' id='word_1_709' title='bbox 2731 3039 3044 3096; x_wconf 79' lang='lat' dir='ltr'><strong><em>invisibilem</em></strong></span> <span class='ocrx_word' id='word_1_710' title='bbox 3062 3046 3356 3101; x_wconf 78' lang='lat' dir='ltr'><strong><em>creaturam</em></strong></span> <span class='ocrx_word' id='word_1_711' title='bbox 3370 3049 3515 3118; x_wconf 85' lang='lat' dir='ltr'><strong><em>dicit,</em></strong></span> 
     </span>
    </p>
   </div>
   <div class='ocr_carea' id='block_1_92' title="bbox 1939 3124 3519 3213">
    <p class='ocr_par' dir='ltr' id='par_1_92' title="bbox 1939 3124 3519 3213">
     <span class='ocr_line' id='line_1_92' title="bbox 1939 3124 3519 3213; baseline 0.017 -41"><span class='ocrx_word' id='word_1_712' title='bbox 1939 3131 2155 3190; x_wconf 83' lang='lat' dir='ltr'><strong><em>propter</em></strong></span> <span class='ocrx_word' id='word_1_713' title='bbox 2178 3124 2410 3193; x_wconf 77' lang='lat' dir='ltr'><strong><em>vigorem</em></strong></span> <span class='ocrx_word' id='word_1_714' title='bbox 2429 3128 2569 3194; x_wconf 71' lang='lat' dir='ltr'><strong><em>vitm,</em></strong></span> <span class='ocrx_word' id='word_1_715' title='bbox 2587 3138 2638 3183; x_wconf 86' lang='lat' dir='ltr'><strong><em>et</em></strong></span> <span class='ocrx_word' id='word_1_716' title='bbox 2666 3132 2879 3185; x_wconf 87' lang='lat' dir='ltr'><strong><em>nomine</em></strong></span> <span class='ocrx_word' id='word_1_717' title='bbox 2908 3135 3082 3203; x_wconf 86' lang='lat' dir='ltr'><strong><em>pabuli</em></strong></span> <span class='ocrx_word' id='word_1_718' title='bbox 3109 3138 3287 3210; x_wconf 87' lang='lat' dir='ltr'><strong><em>utique</em></strong></span> <span class='ocrx_word' id='word_1_719' title='bbox 3305 3148 3519 3213; x_wconf 76' lang='lat' dir='ltr'><strong><em>pmpter</em></strong></span> 
     </span>
    </p>
   </div>
   <div class='ocr_carea' id='block_1_93' title="bbox 1938 3214 3148 3301">
    <p class='ocr_par' dir='ltr' id='par_1_93' title="bbox 1938 3214 3148 3301">
     <span class='ocr_line' id='line_1_93' title="bbox 1938 3214 3148 3301; baseline 0.016 -38"><span class='ocrx_word' id='word_1_720' title='bbox 1938 3214 2098 3265; x_wconf 60' lang='lat' dir='ltr'><strong><em>sitam</em></strong></span> <span class='ocrx_word' id='word_1_721' title='bbox 2129 3214 2263 3269; x_wconf 85' lang='lat' dir='ltr'><strong><em>bene</em></strong></span> <span class='ocrx_word' id='word_1_722' title='bbox 2294 3215 2395 3270; x_wconf 85' lang='lat' dir='ltr'><strong><em>hoc</em></strong></span> <span class='ocrx_word' id='word_1_723' title='bbox 2419 3218 2586 3286; x_wconf 82' lang='lat' dir='ltr'><strong><em>ipsum</em></strong></span> <span class='ocrx_word' id='word_1_724' title='bbox 2611 3219 3021 3292; x_wconf 86' lang='lat' dir='ltr'><strong><em>interpretamur</em></strong></span> <span class='ocrx_word' id='word_1_725' title='bbox 3054 3222 3148 3301; x_wconf 80' lang='grc' dir='ltr'><strong><em>(α).</em></strong></span> 
     </span>
    </p>
   </div>
   <div class='ocr_carea' id='block_1_94' title="bbox 2011 3303 3508 3392">
    <p class='ocr_par' dir='ltr' id='par_1_94' title="bbox 2011 3303 3508 3392">
     <span class='ocr_line' id='line_1_94' title="bbox 2011 3303 3508 3392; baseline 0.016 -35"><span class='ocrx_word' id='word_1_726' title='bbox 2011 3303 2063 3357; x_wconf 77' lang='grc'><strong><em>5.</em></strong></span> <span class='ocrx_word' id='word_1_727' title='bbox 2108 3303 2307 3359; x_wconf 78' lang='lat' dir='ltr'><strong><em>Deinde</em></strong></span> <span class='ocrx_word' id='word_1_728' title='bbox 2332 3306 2472 3375; x_wconf 81' lang='lat' dir='ltr'><strong><em>quod</em></strong></span> <span class='ocrx_word' id='word_1_729' title='bbox 2493 3309 2711 3376; x_wconf 84' lang='lat' dir='ltr'><strong><em>addidit,</em></strong></span> <span class='ocrx_word' id='word_1_730' title='bbox 2743 3324 3009 3384; x_wconf 79' lang='lat' dir='ltr'><strong><em>antequam</em></strong></span> <span class='ocrx_word' id='word_1_731' title='bbox 3044 3330 3202 3375; x_wconf 77' lang='lat' dir='ltr'><strong><em>essent</em></strong></span> <span class='ocrx_word' id='word_1_732' title='bbox 3229 3328 3380 3392; x_wconf 71' lang='lat' dir='ltr'><strong><em>super</em></strong></span> <span class='ocrx_word' id='word_1_733' title='bbox 3409 3320 3508 3380; x_wconf 85' lang='lat' dir='ltr'><strong><em>ter-</em></strong></span> 
     </span>
    </p>
   </div>
   <div class='ocr_carea' id='block_1_95' title="bbox 1938 3394 3514 3478">
    <p class='ocr_par' dir='ltr' id='par_1_95' title="bbox 1938 3394 3514 3478">
     <span class='ocr_line' id='line_1_95' title="bbox 1938 3394 3514 3478; baseline 0.019 -35"><span class='ocrx_word' id='word_1_734' title='bbox 1938 3396 2069 3458; x_wconf 75' lang='lat' dir='ltr'><strong><em>ram,</em></strong></span> <span class='ocrx_word' id='word_1_735' title='bbox 2103 3394 2410 3466; x_wconf 83' lang='lat' dir='ltr'><strong><em>intelligitur</em></strong></span> <span class='ocrx_word' id='word_1_736' title='bbox 2442 3406 2723 3471; x_wconf 82' lang='lat' dir='ltr'><strong><em>antequam</em></strong></span> <span class='ocrx_word' id='word_1_737' title='bbox 2767 3406 2939 3461; x_wconf 87' lang='lat' dir='ltr'><strong><em>anima</em></strong></span> <span class='ocrx_word' id='word_1_738' title='bbox 2971 3416 3232 3478; x_wconf 62' lang='lat' dir='ltr'><strong><em>peccaret.</em></strong></span> <span class='ocrx_word' id='word_1_739' title='bbox 3265 3412 3514 3474; x_wconf 82' lang='lat' dir='ltr'><strong><em>Terrenis</em></strong></span> 
     </span>
    </p>
   </div>
   <div class='ocr_carea' id='block_1_96' title="bbox 1939 3486 3514 3575">
    <p class='ocr_par' dir='ltr' id='par_1_96' title="bbox 1939 3486 3514 3575">
     <span class='ocr_line' id='line_1_96' title="bbox 1939 3486 3514 3575; baseline 0.017 -36"><span class='ocrx_word' id='word_1_740' title='bbox 1939 3487 2081 3540; x_wconf 86' lang='lat' dir='ltr'><strong><em>enim</em></strong></span> <span class='ocrx_word' id='word_1_741' title='bbox 2110 3486 2484 3557; x_wconf 81' lang='lat' dir='ltr'><strong><em>cupiditatibus</em></strong></span> <span class='ocrx_word' id='word_1_742' title='bbox 2517 3494 2802 3561; x_wconf 77' lang='lat' dir='ltr'><strong><em>sordidata,</em></strong></span> <span class='ocrx_word' id='word_1_743' title='bbox 2847 3504 3095 3570; x_wconf 83' lang='lat' dir='ltr'><strong><em>tanquam</em></strong></span> <span class='ocrx_word' id='word_1_744' title='bbox 3136 3514 3295 3575; x_wconf 80' lang='lat' dir='ltr'><strong><em>Super</em></strong></span> <span class='ocrx_word' id='word_1_745' title='bbox 3322 3516 3514 3566; x_wconf 83' lang='lat' dir='ltr'><strong><em>terram</em></strong></span> 
     </span>
    </p>
   </div>
   <div class='ocr_carea' id='block_1_97' title="bbox 1936 3578 3511 3669">
    <p class='ocr_par' dir='ltr' id='par_1_97' title="bbox 1936 3578 3511 3669">
     <span class='ocr_line' id='line_1_97' title="bbox 1936 3578 3511 3669; baseline 0.02 -44"><span class='ocrx_word' id='word_1_746' title='bbox 1936 3584 2077 3669; x_wconf 74' lang='lat' dir='ltr'><strong><em>nata,</em></strong></span> <span class='ocrx_word' id='word_1_747' title='bbox 2098 3578 2179 3669; x_wconf 77' lang='lat' dir='ltr'><strong><em>vel</em></strong></span> <span class='ocrx_word' id='word_1_748' title='bbox 2202 3580 2363 3649; x_wconf 73' lang='lat' dir='ltr'><strong><em>super</em></strong></span> <span class='ocrx_word' id='word_1_749' title='bbox 2390 3591 2581 3636; x_wconf 84' lang='lat' dir='ltr'><strong><em>terram</em></strong></span> <span class='ocrx_word' id='word_1_750' title='bbox 2604 3598 2740 3650; x_wconf 84' lang='lat' dir='ltr'><strong><em>esse,</em></strong></span> <span class='ocrx_word' id='word_1_751' title='bbox 2767 3598 2908 3644; x_wconf 81' lang='lat' dir='ltr'><strong><em>recte</em></strong></span> <span class='ocrx_word' id='word_1_752' title='bbox 2925 3591 3116 3647; x_wconf 86' lang='lat' dir='ltr'><strong><em>dicitur</em></strong></span> <span class='ocrx_word' id='word_1_753' title='bbox 3139 3611 3151 3646; x_wconf 93' lang='lat'><strong>:</strong></span> <span class='ocrx_word' id='word_1_754' title='bbox 3178 3595 3402 3669; x_wconf 88' lang='lat' dir='ltr'><strong><em>ideoque</em></strong></span> <span class='ocrx_word' id='word_1_755' title='bbox 3419 3601 3511 3655; x_wconf 83' lang='lat' dir='ltr'><strong><em>ad-</em></strong></span> 
     </span>
    </p>
   </div>
   <div class='ocr_carea' id='block_1_98' title="bbox 1937 3665 3312 3752">
    <p class='ocr_par' dir='ltr' id='par_1_98' title="bbox 1937 3665 3312 3752">
     <span class='ocr_line' id='line_1_98' title="bbox 1937 3665 3312 3752; baseline 0.014 -31"><span class='ocrx_word' id='word_1_756' title='bbox 1937 3665 2088 3732; x_wconf 83' lang='lat' dir='ltr'><strong><em>didit,</em></strong></span> <span class='ocrx_word' id='word_1_757' title='bbox 2117 3668 2359 3724; x_wconf 80' lang='lat' dir='ltr'><strong><em>Nondum</em></strong></span> <span class='ocrx_word' id='word_1_758' title='bbox 2389 3676 2519 3726; x_wconf 80' lang='lat' dir='ltr'><strong><em>enim</em></strong></span> <span class='ocrx_word' id='word_1_759' title='bbox 2546 3676 2745 3743; x_wconf 84' lang='lat' dir='ltr'><strong><em>pluerat</em></strong></span> <span class='ocrx_word' id='word_1_760' title='bbox 2774 3678 2912 3734; x_wconf 83' lang='lat' dir='ltr'><strong><em>Deus</em></strong></span> <span class='ocrx_word' id='word_1_761' title='bbox 2931 3696 3084 3752; x_wconf 81' lang='lat' dir='ltr'><strong><em>supra</em></strong></span> <span class='ocrx_word' id='word_1_762' title='bbox 3110 3688 3312 3741; x_wconf 77' lang='lat' dir='ltr'><strong><em>terram.</em></strong></span> 
     </span>
    </p>
   </div>
   <div class='ocr_carea' id='block_1_99' title="bbox 1938 3758 3515 3849">
    <p class='ocr_par' dir='ltr' id='par_1_99' title="bbox 1938 3758 3515 3849">
     <span class='ocr_line' id='line_1_99' title="bbox 1938 3758 3515 3849; baseline 0.016 -36"><span class='ocrx_word' id='word_1_763' title='bbox 1938 3758 2164 3815; x_wconf 80' lang='lat' dir='ltr'><strong>CAPUT</strong></span> <span class='ocrx_word' id='word_1_764' title='bbox 2204 3762 2291 3816; x_wconf 84' lang='lat' dir='ltr'><strong><em>IV.</em></strong></span> <span class='ocrx_word' id='word_1_765' title='bbox 2321 3784 2392 3801; x_wconf 66' lang='lat'><strong><em>-&#39;—-</em></strong></span> <span class='ocrx_word' id='word_1_766' title='bbox 2420 3764 2555 3829; x_wconf 82' lang='lat' dir='ltr'><strong><em>Quid</em></strong></span> <span class='ocrx_word' id='word_1_767' title='bbox 2595 3768 2689 3831; x_wconf 82' lang='lat' dir='ltr'><strong><em>sit,</em></strong></span> <span class='ocrx_word' id='word_1_768' title='bbox 2720 3766 2965 3825; x_wconf 86' lang='lat' dir='ltr'><strong><em>Nondum</em></strong></span> <span class='ocrx_word' id='word_1_769' title='bbox 2988 3772 3195 3843; x_wconf 79' lang='lat' dir='ltr'><strong><em>pluerat</em></strong></span> <span class='ocrx_word' id='word_1_770' title='bbox 3217 3791 3379 3849; x_wconf 89' lang='lat' dir='ltr'><strong><em>super</em></strong></span> <span class='ocrx_word' id='word_1_771' title='bbox 3407 3789 3515 3837; x_wconf 82' lang='lat' dir='ltr'><strong><em>ter-</em></strong></span> 
     </span>
    </p>
   </div>
   <div class='ocr_carea' id='block_1_100' title="bbox 2538 3861 2918 3924">
    <p class='ocr_par' dir='ltr' id='par_1_100' title="bbox 2538 3861 2918 3924">
     <span class='ocr_line' id='line_1_100' title="bbox 2538 3861 2918 3924; baseline 0.021 -15"><span class='ocrx_word' id='word_1_772' title='bbox 2538 3870 2651 3910; x_wconf 86' lang='lat' dir='ltr'><strong><em>ram</em></strong></span> <span class='ocrx_word' id='word_1_773' title='bbox 2668 3900 2683 3924; x_wconf 94' lang='lat'><strong><em>,</em></strong></span> <span class='ocrx_word' id='word_1_774' title='bbox 2707 3866 2834 3914; x_wconf 76' lang='lat' dir='ltr'><strong><em>vers.</em></strong></span> <span class='ocrx_word' id='word_1_775' title='bbox 2865 3861 2918 3917; x_wconf 88' lang='lat'><strong><em>5.</em></strong></span> 
     </span>
    </p>
   </div>
   <div class='ocr_carea' id='block_1_101' title="bbox 2008 3938 3518 4031">
    <p class='ocr_par' dir='ltr' id='par_1_101' title="bbox 2008 3938 3518 4031">
     <span class='ocr_line' id='line_1_101' title="bbox 2008 3938 3518 4031; baseline 0.018 -38"><span class='ocrx_word' id='word_1_776' title='bbox 2008 3938 2143 4011; x_wconf 80' lang='lat' dir='ltr'><strong><em>Quia</em></strong></span> <span class='ocrx_word' id='word_1_777' title='bbox 2189 3952 2242 3999; x_wconf 89' lang='lat' dir='ltr'><strong><em>et</em></strong></span> <span class='ocrx_word' id='word_1_778' title='bbox 2282 3956 2421 3999; x_wconf 84' lang='lat' dir='ltr'><strong><em>nunc</em></strong></span> <span class='ocrx_word' id='word_1_779' title='bbox 2446 3947 2612 4003; x_wconf 76' lang='lat' dir='ltr'><strong><em>viride</em></strong></span> <span class='ocrx_word' id='word_1_780' title='bbox 2638 3952 2746 4020; x_wconf 78' lang='lat' dir='ltr'><strong><em>agri</em></strong></span> <span class='ocrx_word' id='word_1_781' title='bbox 2778 3952 2912 4008; x_wconf 85' lang='lat' dir='ltr'><strong><em>Deus</em></strong></span> <span class='ocrx_word' id='word_1_782' title='bbox 2964 3954 3121 4023; x_wconf 79' lang='lat' dir='ltr'><strong><em>facit,</em></strong></span> <span class='ocrx_word' id='word_1_783' title='bbox 3166 3944 3261 4015; x_wconf 78' lang='lat' dir='ltr'><strong><em>sed</em></strong></span> <span class='ocrx_word' id='word_1_784' title='bbox 3290 3960 3518 4031; x_wconf 83' lang='lat' dir='ltr'><strong><em>pluendo</em></strong></span> 
     </span>
    </p>
   </div>
   <div class='ocr_carea' id='block_1_102' title="bbox 1943 4041 3520 4127">
    <p class='ocr_par' dir='ltr' id='par_1_102' title="bbox 1943 4041 3520 4127">
     <span class='ocr_line' id='line_1_102' title="bbox 1943 4041 3520 4127; baseline 0.014 -36"><span class='ocrx_word' id='word_1_785' title='bbox 1943 4042 2104 4108; x_wconf 70' lang='lat' dir='ltr'><strong><em>Super</em></strong></span> <span class='ocrx_word' id='word_1_786' title='bbox 2158 4048 2381 4104; x_wconf 82' lang='lat' dir='ltr'><strong><em>terram,</em></strong></span> <span class='ocrx_word' id='word_1_787' title='bbox 2425 4041 2475 4095; x_wconf 91' lang='lat' dir='ltr'><strong><em>id</em></strong></span> <span class='ocrx_word' id='word_1_788' title='bbox 2526 4052 2633 4108; x_wconf 72' lang='grc' dir='ltr'><strong><em>εει,</em></strong></span> <span class='ocrx_word' id='word_1_789' title='bbox 2674 4044 2798 4100; x_wconf 75' lang='lat' dir='ltr'><strong><em>facit</em></strong></span> <span class='ocrx_word' id='word_1_790' title='bbox 2844 4050 3048 4103; x_wconf 83' lang='lat' dir='ltr'><strong><em>animas</em></strong></span> <span class='ocrx_word' id='word_1_791' title='bbox 3077 4053 3399 4111; x_wconf 79' lang='lat' dir='ltr'><strong><em>revirescere</em></strong></span> <span class='ocrx_word' id='word_1_792' title='bbox 3426 4072 3520 4127; x_wconf 87' lang='lat' dir='ltr'><strong><em>per</em></strong></span> 
     </span>
    </p>
   </div>
   <div class='ocr_carea' id='block_1_103' title="bbox 1942 4131 3519 4214">
    <p class='ocr_par' dir='ltr' id='par_1_103' title="bbox 1942 4131 3519 4214">
     <span class='ocr_line' id='line_1_103' title="bbox 1942 4131 3519 4214; baseline 0.015 -32"><span class='ocrx_word' id='word_1_793' title='bbox 1942 4131 2161 4184; x_wconf 61' lang='lat' dir='ltr'><strong><em>Verbum</em></strong></span> <span class='ocrx_word' id='word_1_794' title='bbox 2206 4144 2392 4199; x_wconf 88' lang='lat' dir='ltr'><strong><em>suum;</em></strong></span> <span class='ocrx_word' id='word_1_795' title='bbox 2438 4134 2529 4187; x_wconf 86' lang='lat' dir='ltr'><strong><em>sed</em></strong></span> <span class='ocrx_word' id='word_1_796' title='bbox 2558 4136 2624 4191; x_wconf 86' lang='lat' dir='ltr'><strong><em>de</em></strong></span> <span class='ocrx_word' id='word_1_797' title='bbox 2656 4137 2881 4193; x_wconf 86' lang='lat' dir='ltr'><strong><em>nubibus</em></strong></span> <span class='ocrx_word' id='word_1_798' title='bbox 2907 4156 2996 4195; x_wconf 86' lang='lat' dir='ltr'><strong><em>eas</em></strong></span> <span class='ocrx_word' id='word_1_799' title='bbox 3023 4143 3225 4214; x_wconf 82' lang='lat' dir='ltr'><strong><em>irrigat,</em></strong></span> <span class='ocrx_word' id='word_1_800' title='bbox 3262 4145 3311 4201; x_wconf 89' lang='lat' dir='ltr'><strong><em>id</em></strong></span> <span class='ocrx_word' id='word_1_801' title='bbox 3337 4158 3421 4204; x_wconf 81' lang='lat' dir='ltr'><strong><em>est</em></strong></span> <span class='ocrx_word' id='word_1_802' title='bbox 3454 4151 3519 4206; x_wconf 89' lang='lat' dir='ltr'><strong><em>de</em></strong></span> 
     </span>
    </p>
   </div>
   <div class='ocr_carea' id='block_1_104' title="bbox 1938 4221 3515 4301">
    <p class='ocr_par' dir='ltr' id='par_1_104' title="bbox 1938 4221 3515 4301">
     <span class='ocr_line' id='line_1_104' title="bbox 1938 4221 3515 4301; baseline 0.013 -24"><span class='ocrx_word' id='word_1_803' title='bbox 1938 4221 2225 4294; x_wconf 80' lang='lat' dir='ltr'><strong><em>Scriptu‘ris’</em></strong></span> <span class='ocrx_word' id='word_1_804' title='bbox 2257 4226 2636 4295; x_wconf 86' lang='lat' dir='ltr'><strong><em>Prophetarum</em></strong></span> <span class='ocrx_word' id='word_1_805' title='bbox 2660 4241 2711 4283; x_wconf 90' lang='lat' dir='ltr'><strong><em>et</em></strong></span> <span class='ocrx_word' id='word_1_806' title='bbox 2740 4232 3132 4301; x_wconf 82' lang='lat' dir='ltr'><strong><em>Apostolorum.</em></strong></span> <span class='ocrx_word' id='word_1_807' title='bbox 3156 4236 3319 4294; x_wconf 82' lang='lat' dir='ltr'><strong><em>Recte</em></strong></span> <span class='ocrx_word' id='word_1_808' title='bbox 3342 4248 3515 4296; x_wconf 88' lang='lat' dir='ltr'><strong><em>autem</em></strong></span> 
     </span>
    </p>
   </div>
   <div class='ocr_carea' id='block_1_105' title="bbox 1942 4316 3516 4400">
    <p class='ocr_par' dir='ltr' id='par_1_105' title="bbox 1942 4316 3516 4400">
     <span class='ocr_line' id='line_1_105' title="bbox 1942 4316 3516 4400; baseline 0.01 -31"><span class='ocrx_word' id='word_1_809' title='bbox 1942 4316 2273 4385; x_wconf 81' lang='lat' dir='ltr'><strong><em>appellantur</em></strong></span> <span class='ocrx_word' id='word_1_810' title='bbox 2299 4319 2485 4383; x_wconf 83' lang='lat' dir='ltr'><strong><em>nubes,</em></strong></span> <span class='ocrx_word' id='word_1_811' title='bbox 2518 4321 2637 4389; x_wconf 87' lang='lat' dir='ltr'><strong><em>quia</em></strong></span> <span class='ocrx_word' id='word_1_812' title='bbox 2666 4321 2823 4375; x_wconf 79' lang='lat' dir='ltr'><strong><em>verba</em></strong></span> <span class='ocrx_word' id='word_1_813' title='bbox 2847 4324 2943 4378; x_wconf 80' lang='lat' dir='ltr'><strong><em>ista</em></strong></span> <span class='ocrx_word' id='word_1_814' title='bbox 2966 4334 3085 4395; x_wconf 70' lang='lat' dir='ltr'><strong><em>qua:</em></strong></span> <span class='ocrx_word' id='word_1_815' title='bbox 3100 4336 3291 4382; x_wconf 87' lang='lat' dir='ltr'><strong><em>sonant</em></strong></span> <span class='ocrx_word' id='word_1_816' title='bbox 3316 4340 3365 4384; x_wconf 87' lang='lat' dir='ltr'><strong><em>et</em></strong></span> <span class='ocrx_word' id='word_1_817' title='bbox 3396 4340 3516 4400; x_wconf 81' lang='lat' dir='ltr'><strong><em>per-</em></strong></span> 
     </span>
    </p>
   </div>
   <div class='ocr_carea' id='block_1_106' title="bbox 1944 4410 3519 4492">
    <p class='ocr_par' dir='ltr' id='par_1_106' title="bbox 1944 4410 3519 4492">
     <span class='ocr_line' id='line_1_106' title="bbox 1944 4410 3519 4492; baseline 0.009 -29"><span class='ocrx_word' id='word_1_818' title='bbox 1944 4416 2101 4463; x_wconf 65' lang='lat' dir='ltr'><strong><em>Cluso</em></strong></span> <span class='ocrx_word' id='word_1_819' title='bbox 2130 4416 2254 4463; x_wconf 84' lang='lat' dir='ltr'><strong><em>aere</em></strong></span> <span class='ocrx_word' id='word_1_820' title='bbox 2284 4416 2574 4475; x_wconf 78' lang='lat' dir='ltr'><strong><em>transeunt,</em></strong></span> <span class='ocrx_word' id='word_1_821' title='bbox 2600 4410 2775 4466; x_wconf 86' lang='lat' dir='ltr'><strong><em>addita</em></strong></span> <span class='ocrx_word' id='word_1_822' title='bbox 2791 4416 2948 4468; x_wconf 80' lang='lat' dir='ltr'><strong><em>etiam</em></strong></span> <span class='ocrx_word' id='word_1_823' title='bbox 2976 4415 3296 4475; x_wconf 83' lang='lat' dir='ltr'><strong><em>obscuritate</em></strong></span> <span class='ocrx_word' id='word_1_824' title='bbox 3321 4422 3519 4492; x_wconf 80' lang='lat' dir='ltr'><strong><em>allego-</em></strong></span> 
     </span>
    </p>
   </div>
   <div class='ocr_carea' id='block_1_107' title="bbox 1942 4500 3517 4577">
    <p class='ocr_par' dir='ltr' id='par_1_107' title="bbox 1942 4500 3517 4577">
     <span class='ocr_line' id='line_1_107' title="bbox 1942 4500 3517 4577; baseline 0.013 -25"><span class='ocrx_word' id='word_1_825' title='bbox 1942 4500 2140 4553; x_wconf 89' lang='lat' dir='ltr'><strong><em>riarum</em></strong></span> <span class='ocrx_word' id='word_1_826' title='bbox 2180 4500 2330 4569; x_wconf 74' lang='lat' dir='ltr'><strong><em>quasi</em></strong></span> <span class='ocrx_word' id='word_1_827' title='bbox 2374 4501 2547 4571; x_wconf 86' lang='lat' dir='ltr'><strong><em>aliqua</em></strong></span> <span class='ocrx_word' id='word_1_828' title='bbox 2594 4503 2817 4574; x_wconf 71' lang='lat' dir='ltr'><strong><em>caligine</em></strong></span> <span class='ocrx_word' id='word_1_829' title='bbox 2864 4504 3124 4577; x_wconf 80' lang='lat' dir='ltr'><strong><em>obducta,</em></strong></span> <span class='ocrx_word' id='word_1_830' title='bbox 3165 4512 3308 4567; x_wconf 84' lang='lat' dir='ltr'><strong><em>velut</em></strong></span> <span class='ocrx_word' id='word_1_831' title='bbox 3350 4514 3517 4573; x_wconf 85' lang='lat' dir='ltr'><strong><em>nubes</em></strong></span> 
     </span>
    </p>
   </div>
   <div class='ocr_carea' id='block_1_108' title="bbox 1946 4588 3516 4667">
    <p class='ocr_par' dir='ltr' id='par_1_108' title="bbox 1946 4588 3516 4667">
     <span class='ocr_line' id='line_1_108' title="bbox 1946 4588 3516 4667; baseline 0.012 -24"><span class='ocrx_word' id='word_1_832' title='bbox 1946 4588 2080 4643; x_wconf 79' lang='lat' dir='ltr'><strong><em>ﬁunt</em></strong></span> <span class='ocrx_word' id='word_1_833' title='bbox 2108 4608 2121 4643; x_wconf 91' lang='lat'>:</span> <span class='ocrx_word' id='word_1_834' title='bbox 2151 4606 2267 4660; x_wconf 69' lang='lat' dir='ltr'><strong><em>quae</em></strong></span> <span class='ocrx_word' id='word_1_835' title='bbox 2293 4591 2416 4644; x_wconf 91' lang='lat' dir='ltr'><strong><em>dum</em></strong></span> <span class='ocrx_word' id='word_1_836' title='bbox 2450 4594 2723 4647; x_wconf 85' lang='lat' dir='ltr'><strong><em>tractando</em></strong></span> <span class='ocrx_word' id='word_1_837' title='bbox 2770 4596 3157 4667; x_wconf 75' lang='lat' dir='ltr'><strong><em>exprimuntur,</em></strong></span> <span class='ocrx_word' id='word_1_838' title='bbox 3190 4599 3327 4658; x_wconf 84' lang='lat' dir='ltr'><strong><em>bene</em></strong></span> <span class='ocrx_word' id='word_1_839' title='bbox 3364 4604 3516 4661; x_wconf 85' lang='lat' dir='ltr'><strong><em>intel-</em></strong></span> 
     </span>
    </p>
   </div>
   <div class='ocr_carea' id='block_1_109' title="bbox 1942 4680 3520 4754">
    <p class='ocr_par' dir='ltr' id='par_1_109' title="bbox 1942 4680 3520 4754">
     <span class='ocr_line' id='line_1_109' title="bbox 1942 4680 3520 4754; baseline 0.012 -19"><span class='ocrx_word' id='word_1_840' title='bbox 1942 4680 2222 4753; x_wconf 83' lang='lat' dir='ltr'><strong><em>ligentibus</em></strong></span> <span class='ocrx_word' id='word_1_841' title='bbox 2249 4696 2493 4754; x_wconf 86' lang='lat' dir='ltr'><strong><em>tanquam</em></strong></span> <span class='ocrx_word' id='word_1_842' title='bbox 2521 4685 2690 4741; x_wconf 82' lang='lat' dir='ltr'><strong><em>imber</em></strong></span> <span class='ocrx_word' id='word_1_843' title='bbox 2707 4688 2938 4742; x_wconf 82' lang='lat' dir='ltr'><strong><em>veritatis</em></strong></span> <span class='ocrx_word' id='word_1_844' title='bbox 2966 4689 3274 4747; x_wconf 75' lang='lat' dir='ltr'><strong><em>infunditur.</em></strong></span> <span class='ocrx_word' id='word_1_845' title='bbox 3295 4692 3396 4751; x_wconf 85' lang='lat' dir='ltr'><strong><em>Sed</em></strong></span> <span class='ocrx_word' id='word_1_846' title='bbox 3420 4696 3520 4754; x_wconf 87' lang='lat' dir='ltr'><strong><em>ltoc</em></strong></span> 
     </span>
    </p>
   </div>
   <div class='ocr_carea' id='block_1_110' title="bbox 1946 4774 3518 4850">
    <p class='ocr_par' dir='ltr' id='par_1_110' title="bbox 1946 4774 3518 4850">
     <span class='ocr_line' id='line_1_110' title="bbox 1946 4774 3518 4850; baseline 0.011 -22"><span class='ocrx_word' id='word_1_847' title='bbox 1946 4774 2179 4829; x_wconf 70' lang='lat' dir='ltr'><strong><em>trandum</em></strong></span> <span class='ocrx_word' id='word_1_848' title='bbox 2220 4778 2333 4829; x_wconf 85' lang='lat' dir='ltr'><strong><em>erat</em></strong></span> <span class='ocrx_word' id='word_1_849' title='bbox 2358 4785 2640 4845; x_wconf 75' lang='lat' dir='ltr'><strong><em>antequam</em></strong></span> <span class='ocrx_word' id='word_1_850' title='bbox 2664 4779 2835 4832; x_wconf 80' lang='lat' dir='ltr'><strong><em>anima</em></strong></span> <span class='ocrx_word' id='word_1_851' title='bbox 2868 4788 3137 4850; x_wconf 71' lang='lat' dir='ltr'><strong><em>peccaret;</em></strong></span> <span class='ocrx_word' id='word_1_852' title='bbox 3168 4784 3218 4841; x_wconf 83' lang='lat' dir='ltr'><strong><em>id</em></strong></span> <span class='ocrx_word' id='word_1_853' title='bbox 3245 4797 3343 4846; x_wconf 82' lang='lat' dir='ltr'><strong><em>est.</em></strong></span> <span class='ocrx_word' id='word_1_854' title='bbox 3367 4800 3518 4845; x_wconf 81' lang='lat' dir='ltr'><strong><em>aule-</em></strong></span> 
     </span>
    </p>
   </div>
   <div class='ocr_carea' id='block_1_111' title="bbox 1944 4868 3518 4941">
    <p class='ocr_par' dir='ltr' id='par_1_111' title="bbox 1944 4868 3518 4941">
     <span class='ocr_line' id='line_1_111' title="bbox 1944 4868 3518 4941; baseline 0.01 -21"><span class='ocrx_word' id='word_1_855' title='bbox 1944 4872 2100 4938; x_wconf 77' lang='lat' dir='ltr'><strong><em>qttam</em></strong></span> <span class='ocrx_word' id='word_1_856' title='bbox 2132 4868 2298 4923; x_wconf 85' lang='lat' dir='ltr'><strong><em>viride</em></strong></span> <span class='ocrx_word' id='word_1_857' title='bbox 2344 4870 2453 4939; x_wconf 83' lang='lat' dir='ltr'><strong><em>agri</em></strong></span> <span class='ocrx_word' id='word_1_858' title='bbox 2501 4878 2641 4925; x_wconf 78' lang='lat' dir='ltr'><strong><em>esset</em></strong></span> <span class='ocrx_word' id='word_1_859' title='bbox 2684 4880 2843 4941; x_wconf 73' lang='lat' dir='ltr'><strong><em>Super</em></strong></span> <span class='ocrx_word' id='word_1_860' title='bbox 2869 4883 3084 4930; x_wconf 81' lang='lat' dir='ltr'><strong><em>terram.</em></strong></span> <span class='ocrx_word' id='word_1_861' title='bbox 3120 4876 3359 4934; x_wconf 77' lang='lat' dir='ltr'><strong><em>Nondum</em></strong></span> <span class='ocrx_word' id='word_1_862' title='bbox 3388 4883 3518 4937; x_wconf 79' lang='lat' dir='ltr'><strong><em>enim</em></strong></span> 
     </span>
    </p>
   </div>
   <div class='ocr_carea' id='block_1_112' title="bbox 1944 4958 3520 5037">
    <p class='ocr_par' dir='ltr' id='par_1_112' title="bbox 1944 4958 3520 5037">
     <span class='ocr_line' id='line_1_112' title="bbox 1944 4958 3520 5037; baseline 0.009 -24"><span class='ocrx_word' id='word_1_863' title='bbox 1944 4958 2141 5030; x_wconf 80' lang='lat' dir='ltr'><strong><em>pluerat</em></strong></span> <span class='ocrx_word' id='word_1_864' title='bbox 2159 4958 2293 5014; x_wconf 70' lang='lat' dir='ltr'><strong><em>Deus</em></strong></span> <span class='ocrx_word' id='word_1_865' title='bbox 2318 4976 2469 5029; x_wconf 87' lang='lat' dir='ltr'><strong><em>super</em></strong></span> <span class='ocrx_word' id='word_1_866' title='bbox 2496 4968 2697 5027; x_wconf 80' lang='lat' dir='ltr'><strong><em>terram,</em></strong></span> <span class='ocrx_word' id='word_1_867' title='bbox 2718 4980 2806 5018; x_wconf 75' lang='lat' dir='ltr'><strong><em>nec</em></strong></span> <span class='ocrx_word' id='word_1_868' title='bbox 2834 4970 2940 5019; x_wconf 75' lang='lat' dir='ltr'><strong><em>erat</em></strong></span> <span class='ocrx_word' id='word_1_869' title='bbox 2961 4962 3108 5022; x_wconf 70' lang='lat' dir='ltr'><strong><em>homo</em></strong></span> <span class='ocrx_word' id='word_1_870' title='bbox 3124 4970 3209 5037; x_wconf 78' lang='lat' dir='ltr'><strong><em>qui</em></strong></span> <span class='ocrx_word' id='word_1_871' title='bbox 3232 4978 3520 5037; x_wconf 69' lang='lat' dir='ltr'><strong><em>apararetur</em></strong></span> 
     </span>
    </p>
   </div>
   <div class='ocr_carea' id='block_1_113' title="bbox 1943 5048 3519 5125">
    <p class='ocr_par' dir='ltr' id='par_1_113' title="bbox 1943 5048 3519 5125">
     <span class='ocr_line' id='line_1_113' title="bbox 1943 5048 3519 5125; baseline 0.01 -20"><span class='ocrx_word' id='word_1_872' title='bbox 1943 5048 1997 5105; x_wconf 86' lang='lat' dir='ltr'><strong><em>lu</em></strong></span> <span class='ocrx_word' id='word_1_873' title='bbox 2018 5060 2093 5105; x_wconf 83' lang='lat' dir='ltr'><strong><em>ea‘.</em></strong></span> <span class='ocrx_word' id='word_1_874' title='bbox 2119 5050 2400 5125; x_wconf 86' lang='lat' dir='ltr'><strong><em>Laboranti</em></strong></span> <span class='ocrx_word' id='word_1_875' title='bbox 2415 5054 2553 5107; x_wconf 90' lang='lat' dir='ltr'><strong><em>enim</em></strong></span> <span class='ocrx_word' id='word_1_876' title='bbox 2574 5054 2771 5110; x_wconf 85' lang='lat' dir='ltr'><strong><em>homini</em></strong></span> <span class='ocrx_word' id='word_1_877' title='bbox 2796 5058 2847 5113; x_wconf 86' lang='lat' dir='ltr'><strong><em>in</em></strong></span> <span class='ocrx_word' id='word_1_878' title='bbox 2867 5058 3003 5113; x_wconf 80' lang='lat' dir='ltr'><strong><em>terra</em></strong></span> <span class='ocrx_word' id='word_1_879' title='bbox 3029 5062 3194 5116; x_wconf 87' lang='lat' dir='ltr'><strong><em>imber</em></strong></span> <span class='ocrx_word' id='word_1_880' title='bbox 3210 5063 3275 5117; x_wconf 87' lang='lat' dir='ltr'><strong><em>de</em></strong></span> <span class='ocrx_word' id='word_1_881' title='bbox 3294 5063 3519 5120; x_wconf 85' lang='lat' dir='ltr'><strong><em>nubibus</em></strong></span> 
     </span>
    </p>
   </div>
   <div class='ocr_carea' id='block_1_114' title="bbox 1951 5146 3517 5223">
    <p class='ocr_par' dir='ltr' id='par_1_114' title="bbox 1951 5146 3517 5223">
     <span class='ocr_line' id='line_1_114' title="bbox 1951 5146 3517 5223; baseline 0.009 -24"><span class='ocrx_word' id='word_1_882' title='bbox 1951 5152 2031 5199; x_wconf 86' lang='lat' dir='ltr'><strong><em>est</em></strong></span> <span class='ocrx_word' id='word_1_883' title='bbox 2080 5146 2409 5199; x_wconf 86' lang='lat' dir='ltr'><strong><em>necessarius</em></strong></span> <span class='ocrx_word' id='word_1_884' title='bbox 2430 5187 2443 5210; x_wconf 95' lang='lat'><strong><em>,</em></strong></span> <span class='ocrx_word' id='word_1_885' title='bbox 2476 5154 2543 5201; x_wconf 85' lang='lat' dir='ltr'><strong><em>ac</em></strong></span> <span class='ocrx_word' id='word_1_886' title='bbox 2568 5149 2759 5219; x_wconf 82' lang='lat' dir='ltr'><strong><em>quibtts</em></strong></span> <span class='ocrx_word' id='word_1_887' title='bbox 2786 5149 3013 5208; x_wconf 87' lang='lat' dir='ltr'><strong><em>nubibus</em></strong></span> <span class='ocrx_word' id='word_1_888' title='bbox 3050 5155 3157 5223; x_wconf 84' lang='lat' dir='ltr'><strong><em>jam</em></strong></span> <span class='ocrx_word' id='word_1_889' title='bbox 3188 5155 3384 5210; x_wconf 88' lang='lat' dir='ltr'><strong><em>dictum</em></strong></span> <span class='ocrx_word' id='word_1_890' title='bbox 3417 5166 3517 5213; x_wconf 80' lang='lat' dir='ltr'><strong><em>eSt.</em></strong></span> 
     </span>
    </p>
   </div>
   <div class='ocr_carea' id='block_1_115' title="bbox 1952 5234 3517 5316">
    <p class='ocr_par' dir='ltr' id='par_1_115' title="bbox 1952 5234 3517 5316">
     <span class='ocr_line' id='line_1_115' title="bbox 1952 5234 3517 5316; baseline 0.009 -27"><span class='ocrx_word' id='word_1_891' title='bbox 1952 5234 2073 5289; x_wconf 83' lang='lat' dir='ltr'><strong><em>Post</em></strong></span> <span class='ocrx_word' id='word_1_892' title='bbox 2105 5244 2381 5306; x_wconf 88' lang='lat' dir='ltr'><strong><em>peccatum</em></strong></span> <span class='ocrx_word' id='word_1_893' title='bbox 2408 5246 2583 5293; x_wconf 86' lang='lat' dir='ltr'><strong><em>autem</em></strong></span> <span class='ocrx_word' id='word_1_894' title='bbox 2614 5238 2775 5295; x_wconf 88' lang='lat' dir='ltr'><strong><em>ltomo</em></strong></span> <span class='ocrx_word' id='word_1_895' title='bbox 2814 5241 3055 5298; x_wconf 83' lang='lat' dir='ltr'><strong><em>laborare</em></strong></span> <span class='ocrx_word' id='word_1_896' title='bbox 3084 5246 3245 5314; x_wconf 74' lang='lat' dir='ltr'><strong><em>cmpit</em></strong></span> <span class='ocrx_word' id='word_1_897' title='bbox 3274 5245 3323 5299; x_wconf 87' lang='lat' dir='ltr'><strong><em>in</em></strong></span> <span class='ocrx_word' id='word_1_898' title='bbox 3357 5256 3517 5316; x_wconf 86' lang='lat' dir='ltr'><strong><em>terra,</em></strong></span> 
     </span>
    </p>
   </div>
   <div class='ocr_carea' id='block_1_116' title="bbox 1948 5323 3517 5413">
    <p class='ocr_par' dir='ltr' id='par_1_116' title="bbox 1948 5323 3517 5413">
     <span class='ocr_line' id='line_1_116' title="bbox 1948 5323 3517 5413; baseline 0.005 -29"><span class='ocrx_word' id='word_1_899' title='bbox 1948 5332 2001 5385; x_wconf 85' lang='lat' dir='ltr'><strong><em>ct</em></strong></span> <span class='ocrx_word' id='word_1_900' title='bbox 2022 5323 2347 5411; x_wconf 44' lang='lat' dir='ltr'><strong><em>neﬁsarias</em></strong></span> <span class='ocrx_word' id='word_1_901' title='bbox 2372 5329 2565 5387; x_wconf 84' lang='lat' dir='ltr'><strong><em>habere</em></strong></span> <span class='ocrx_word' id='word_1_902' title='bbox 2594 5330 2709 5388; x_wconf 89' lang='lat' dir='ltr'><strong><em>illas</em></strong></span> <span class='ocrx_word' id='word_1_903' title='bbox 2726 5333 2911 5389; x_wconf 81' lang='lat' dir='ltr'><strong><em>nubes.</em></strong></span> <span class='ocrx_word' id='word_1_904' title='bbox 2934 5332 3067 5389; x_wconf 75' lang='lat' dir='ltr'><strong><em>Atzte</em></strong></span> <span class='ocrx_word' id='word_1_905' title='bbox 3084 5346 3353 5405; x_wconf 79' lang='lat' dir='ltr'><strong><em>peccatum</em></strong></span> <span class='ocrx_word' id='word_1_906' title='bbox 3373 5346 3517 5413; x_wconf 70' lang='lat' dir='ltr'><strong><em>Vero,</em></strong></span> 
     </span>
    </p>
   </div>
   <div class='ocr_carea' id='block_1_117' title="bbox 1947 5418 3523 5499">
    <p class='ocr_par' dir='ltr' id='par_1_117' title="bbox 1947 5418 3523 5499">
     <span class='ocr_line' id='line_1_117' title="bbox 1947 5418 3523 5499; baseline 0.008 -22"><span class='ocrx_word' id='word_1_907' title='bbox 1947 5436 2065 5477; x_wconf 85' lang='lat' dir='ltr'><strong><em>eum</em></strong></span> <span class='ocrx_word' id='word_1_908' title='bbox 2090 5421 2256 5476; x_wconf 76' lang='lat' dir='ltr'><strong><em>viride</em></strong></span> <span class='ocrx_word' id='word_1_909' title='bbox 2282 5424 2391 5494; x_wconf 80' lang='lat' dir='ltr'><strong><em>agri</em></strong></span> <span class='ocrx_word' id='word_1_910' title='bbox 2419 5430 2472 5477; x_wconf 85' lang='lat' dir='ltr'><strong><em>et</em></strong></span> <span class='ocrx_word' id='word_1_911' title='bbox 2500 5424 2744 5494; x_wconf 74' lang='lat' dir='ltr'><strong><em>paludem</em></strong></span> <span class='ocrx_word' id='word_1_912' title='bbox 2773 5418 2981 5482; x_wconf 76' lang='lat' dir='ltr'><strong><em>iecissCt</em></strong></span> <span class='ocrx_word' id='word_1_913' title='bbox 3001 5426 3157 5494; x_wconf 75' lang='lat' dir='ltr'><strong><em>Deus,</em></strong></span> <span class='ocrx_word' id='word_1_914' title='bbox 3181 5444 3284 5499; x_wconf 84' lang='lat' dir='ltr'><strong><em>quo</em></strong></span> <span class='ocrx_word' id='word_1_915' title='bbox 3310 5433 3523 5490; x_wconf 84' lang='lat' dir='ltr'><strong><em>nomine</em></strong></span> 
     </span>
    </p>
   </div>
   <div class='ocr_carea' id='block_1_118' title="bbox 1950 5511 3521 5592">
    <p class='ocr_par' dir='ltr' id='par_1_118' title="bbox 1950 5511 3521 5592">
     <span class='ocr_line' id='line_1_118' title="bbox 1950 5511 3521 5592; baseline 0.008 -25"><span class='ocrx_word' id='word_1_916' title='bbox 1950 5511 2270 5567; x_wconf 67' lang='lat' dir='ltr'><strong><em>invisibilem</em></strong></span> <span class='ocrx_word' id='word_1_917' title='bbox 2302 5522 2595 5567; x_wconf 83' lang='lat' dir='ltr'><strong><em>creaturam</em></strong></span> <span class='ocrx_word' id='word_1_918' title='bbox 2644 5513 2925 5584; x_wconf 82' lang='lat' dir='ltr'><strong><em>signiﬂcati</em></strong></span> <span class='ocrx_word' id='word_1_919' title='bbox 2974 5517 3234 5583; x_wconf 71' lang='lat' dir='ltr'><strong><em>diximus,</em></strong></span> <span class='ocrx_word' id='word_1_920' title='bbox 3272 5523 3521 5592; x_wconf 80' lang='lat' dir='ltr'><strong><em>irrigahat</em></strong></span> 
     </span>
    </p>
   </div>
   <div class='ocr_carea' id='block_1_119' title="bbox 2012 5606 3525 5670">
    <p class='ocr_par' dir='ltr' id='par_1_119' title="bbox 2012 5606 3525 5670">
     <span class='ocr_line' id='line_1_119' title="bbox 2012 5606 3525 5670; baseline 0.009 -15"><span class='ocrx_word' id='word_1_921' title='bbox 2012 5610 2027 5641; x_wconf 79' lang='grc' dir='ltr'>ί</span> <span class='ocrx_word' id='word_1_922' title='bbox 2063 5609 2177 5658; x_wconf 72' lang='grc' dir='ltr'><strong><em>ΕΔξιὶ</em></strong></span> <span class='ocrx_word' id='word_1_923' title='bbox 2204 5620 2215 5654; x_wconf 92' lang='lat'>:</span> <span class='ocrx_word' id='word_1_924' title='bbox 2242 5618 2362 5657; x_wconf 69' lang='lat' dir='ltr'><strong><em>(&quot;um</em></strong></span> <span class='ocrx_word' id='word_1_925' title='bbox 2394 5606 2519 5657; x_wconf 80' lang='lat' dir='ltr'><strong><em>diem</em></strong></span> <span class='ocrx_word' id='word_1_926' title='bbox 2548 5620 2642 5669; x_wconf 83' lang='lat' dir='ltr'><strong><em>quo</em></strong></span> <span class='ocrx_word' id='word_1_927' title='bbox 2662 5609 2836 5670; x_wconf 75' lang='lat' dir='ltr'><strong><em>factum</em></strong></span> <span class='ocrx_word' id='word_1_928' title='bbox 2866 5616 2934 5659; x_wconf 85' lang='lat' dir='ltr'><strong><em>est</em></strong></span> <span class='ocrx_word' id='word_1_929' title='bbox 2958 5610 3127 5661; x_wconf 73' lang='lat' dir='ltr'><strong><em>emtum</em></strong></span> <span class='ocrx_word' id='word_1_930' title='bbox 3148 5620 3194 5662; x_wconf 90' lang='lat' dir='ltr'><strong><em>et</em></strong></span> <span class='ocrx_word' id='word_1_931' title='bbox 3216 5620 3346 5665; x_wconf 83' lang='lat' dir='ltr'><strong><em>terra</em></strong></span> <span class='ocrx_word' id='word_1_932' title='bbox 3380 5616 3525 5668; x_wconf 82' lang='lat' dir='ltr'><strong><em>norni-</em></strong></span> 
     </span>
    </p>
   </div>
   <div class='ocr_carea' id='block_1_120' title="bbox 1945 5675 3527 5743">
    <p class='ocr_par' dir='ltr' id='par_1_120' title="bbox 1945 5675 3527 5743">
     <span class='ocr_line' id='line_1_120' title="bbox 1945 5675 3527 5743; baseline 0.008 -24"><span class='ocrx_word' id='word_1_933' title='bbox 1945 5678 2527 5743; x_wconf 28' lang='lat' dir='ltr'><strong><em>nasse1._at‘Mss.lmagno</em></strong></span> <span class='ocrx_word' id='word_1_934' title='bbox 2548 5684 2785 5719; x_wconf 63' lang='lat'><strong><em>00486115&quot;</em></strong></span> <span class='ocrx_word' id='word_1_935' title='bbox 2810 5683 3009 5743; x_wconf 45' lang='lat' dir='ltr'><strong><em>ierunt:</em></strong></span> <span class='ocrx_word' id='word_1_936' title='bbox 3037 5684 3157 5725; x_wconf 67' lang='lat' dir='ltr'><strong><em>cum</em></strong></span> <span class='ocrx_word' id='word_1_937' title='bbox 3177 5675 3306 5727; x_wconf 83' lang='lat' dir='ltr'><strong><em>diem</em></strong></span> <span class='ocrx_word' id='word_1_938' title='bbox 3337 5679 3419 5743; x_wconf 79' lang='lat' dir='ltr'><strong><em>qui</em></strong></span> <span class='ocrx_word' id='word_1_939' title='bbox 3448 5680 3527 5742; x_wconf 80' lang='lat' dir='ltr'><strong><em>[a-</em></strong></span> 
     </span>
    </p>
   </div>
   <div class='ocr_carea' id='block_1_121' title="bbox 1947 5732 2994 5790">
    <p class='ocr_par' dir='ltr' id='par_1_121' title="bbox 1947 5732 2994 5790">
     <span class='ocr_line' id='line_1_121' title="bbox 1947 5732 2994 5790; baseline 0.005 -6"><span class='ocrx_word' id='word_1_940' title='bbox 1947 5739 2051 5784; x_wconf 85' lang='lat' dir='ltr'><strong><em>ctus</em></strong></span> <span class='ocrx_word' id='word_1_941' title='bbox 2072 5740 2159 5790; x_wconf 84' lang='lat' dir='ltr'><strong><em>est,</em></strong></span> <span class='ocrx_word' id='word_1_942' title='bbox 2182 5739 2225 5780; x_wconf 91' lang='lat' dir='ltr'><strong><em>et</em></strong></span> <span class='ocrx_word' id='word_1_943' title='bbox 2244 5732 2415 5780; x_wconf 67' lang='lat' dir='ltr'><strong><em>eretum</em></strong></span> <span class='ocrx_word' id='word_1_944' title='bbox 2434 5738 2477 5779; x_wconf 79' lang='lat' dir='ltr'><strong><em>et</em></strong></span> <span class='ocrx_word' id='word_1_945' title='bbox 2496 5739 2675 5781; x_wconf 78' lang='lat' dir='ltr'><strong><em>terrain</em></strong></span> <span class='ocrx_word' id='word_1_946' title='bbox 2691 5734 2994 5788; x_wconf 77' lang='lat' dir='ltr'><strong><em>nominasset.</em></strong></span> 
     </span>
    </p>
   </div>
   <div class='ocr_carea' id='block_1_122' title="bbox 2014 5794 2749 5858">
    <p class='ocr_par' dir='ltr' id='par_1_122' title="bbox 2014 5794 2749 5858">
     <span class='ocr_line' id='line_1_122' title="bbox 2014 5794 2749 5858; baseline 0 -15"><span class='ocrx_word' id='word_1_947' title='bbox 2014 5795 2089 5858; x_wconf 80' lang='grc' dir='ltr'><strong><em>(α)</em></strong></span> <span class='ocrx_word' id='word_1_948' title='bbox 2111 5802 2131 5842; x_wconf 87' lang='grc' dir='ltr'><strong><em>ι</em></strong></span> <span class='ocrx_word' id='word_1_949' title='bbox 2154 5801 2362 5843; x_wconf 66' lang='lat' dir='ltr'><strong><em>lteu&#39;act.</em></strong></span> <span class='ocrx_word' id='word_1_950' title='bbox 2384 5806 2491 5855; x_wconf 73' lang='lat' dir='ltr'><strong><em>cap.</em></strong></span> <span class='ocrx_word' id='word_1_951' title='bbox 2514 5794 2592 5854; x_wconf 80' lang='grc'><strong><em>10,</em></strong></span> <span class='ocrx_word' id='word_1_952' title='bbox 2613 5812 2665 5843; x_wconf 87' lang='lat' dir='ltr'><strong><em>u.</em></strong></span> <span class='ocrx_word' id='word_1_953' title='bbox 2697 5797 2749 5845; x_wconf 74' lang='grc' dir='ltr'><strong><em>ὃ.</em></strong></span> 
     </span>
    </p>
   </div>
  </div>
