3906 6314
449 349 554 407 199

450 479 569 521 eam
592 451 1321 525 fonteinteriore,loquensiu
1339 450 1663 505 intellectum
1679 446 1791 517 ejus
1817 464 1828 498 :
1848 455 1903 499 ut
1929 459 2032 497 non

450 554 780 611 extrinsecus
806 550 963 603 verba
1009 547 1298 616 exciperet,
1332 553 1580 609 tanquam
1610 555 1675 594 ex
1713 534 2031 605 supradictis

453 645 680 701 nubibus
706 639 973 711 pluviam;
1024 635 1119 692 sed
1149 634 1293 690 fonte
1332 649 1451 696 suo,
1491 631 1593 686 hoc
1621 639 1703 685 est
1740 627 1807 682 de
1832 624 2033 680 intimis

454 739 565 795 suis
591 741 837 789 manante
865 730 1106 795 veritate,
1136 727 1440 782 satiaretur.

457 827 681 887 CAPUT
713 825 850 882 V.—
881 821 1021 878 Fons
1043 821 1262 892 irrigans
1282 829 1466 872 terram
1486 813 1770 886 allegorice.
1791 808 2040 884 Superbia

1133 911 1253 984 quid
1281 910 1366 966 sit.

529 1015 582 1070 6.
628 1011 765 1066 Pons
782 1009 915 1064 enini
939 1004 1255 1068 ascendebat,
1287 998 1488 1070 inquit,
1510 998 1574 1052 de
1607 1008 1761 1063 terra,
1787 1004 1835 1048 et
1853 992 2038 1063 irriga-

461 1111 540 1164 bat
575 1120 770 1161 omnem
799 1101 979 1174 {aciem
1014 1107 1176 1151 terrae.
1213 1095 1287 1149 De
1321 1103 1464 1148 terra
1491 1091 1694 1146 scilicet
1735 1087 1803 1144 de
1831 1102 1930 1156 qua
1957 1085 2038 1137 di-

459 1201 595 1255 citur
625 1215 638 1250 :
673 1195 802 1264 Spes
850 1207 959 1246 mea
987 1206 1039 1244 es
1064 1199 1150 1252 tu,
1182 1186 1345 1256 portio
1374 1198 1483 1236 mea
1507 1181 1560 1235 in
1606 1191 1736 1232 terra
1779 1175 2044 1230 viventium

466 1290 634 1363 (Psal.
663 1263 808 1347 esu.
838 1284 896 1353 6)
947 1277 1170 1348 Quando
1195 1287 1374 1330 autem
1406 1272 1582 1327 anima
1625 1269 1714 1324 tali
1746 1267 1893 1321 fonte
1919 1263 2043 1363 irri-—

462 1355 704 1454 trahatur.
738 1373 969 1430 nondum
1017 1385 1111 1441 per
1157 1367 1457 1437 superbiam
1512 1364 1809 1431 projcCerat
1860 1355 2043 1410 intima

465 1447 580 1531 sua.
611 1472 634 1526 ι
644 1472 820 1526 uitium
845 1465 986 1522 enim
1029 1461 1275 1531 superbia:
1303 1455 1521 1511 hominis
1545 1462 1831 1526 apostatare
1857 1465 1891 1503 a
1914 1447 2043 1501 Deo.

465 1567 532 1622 Et
575 1562 823 1634 quoniam
871 1557 924 1612 in
967 1555 1228 1608 exteriora
1274 1565 1368 1618 per
1405 1545 1704 1616 superbiam
1747 1552 2048 1595 tumescens

467 1628 629 1726 coepit
657 1671 760 1706 nou
802 1647 1018 1718 irrigari
1051 1645 1193 1699 fonte
1244 1641 1466 1703 intimo,
1497 1637 1632 1692 bene
1659 1633 1939 1689 iusultatur
1975 1628 2049 1684 illi

467 1724 646 1803 verbis
677 1741 998 1814 propheticis
1029 1735 1129 1808 (a),
1154 1742 1210 1789 et
1237 1732 1430 1786 dicitur
1457 1747 1470 1782 :
1507 1726 1644 1793 Quid
1670 1724 2052 1814 superbitterra

469 1852 516 1894 et
536 1811 702 1893 cinis?
733 1831 982 1900 Quoniam
1007 1830 1060 1881 in
1081 1827 1182 1881 vita
1210 1840 1303 1878 sua
1334 1821 1540 1892 projecit
1554 1819 1731 1872 intima
1750 1831 1844 1870 sua
1860 1811 2048 1885 (Eccli.

472 1947 533 1997 ι,
562 1929 646 1993 ll,
674 1927 730 1992 9,
752 1924 866 1993 l0).
905 1918 1044 1988 Quid
1079 1925 1160 1972 est
1185 1915 1329 1970 enim
1356 1909 1602 1982 superbia
1635 1905 1801 1970 aliud,
1833 1904 1932 1959 nisi
1959 1901 2053 1997 de:

472 1994 616 2077 serto
643 2014 930 2073 secretario
961 2013 976 2043 ⁸
1005 2007 1343 2065 conscientiae
1374 2003 1502 2059 foris
1539 2000 1704 2055 videri
1733 1997 1868 2053 velle
1911 1994 2055 2066 quod

475 2127 581 2168 non
607 2107 722 2164 est?
755 2107 818 2161 Et
865 2103 983 2157 ideo
1008 2100 1254 2155 laborans
1288 2095 1398 2166 jam
1445 2093 1497 2148 in
1526 2102 1665 2146 terra
1697 2086 2055 2143 necessariam

476 2203 634 2258 habet
662 2197 890 2270 pluviam
914 2193 981 2248 de
1006 2188 1252 2252 nubibus,
1283 2186 1333 2240 id
1361 2193 1445 2240 est
1461 2182 1757 2236 doctrinam
1783 2176 1850 2232 de
1868 2176 2056 2270 huma-

475 2295 560 2349 nis
584 2266 779 2354 verbis,
813 2295 869 2340 ut
897 2283 1057 2339 etiam
1089 2281 1190 2334 hoc
1214 2275 1372 2332 modo
1402 2273 1567 2344 pOsSil
1592 2271 1660 2325 ab
1692 2270 1778 2324 illa
1807 2266 2060 2321 ariditate

477 2383 824 2443 revirescere,
859 2385 914 2431 et
959 2373 1152 2428 iterum
1199 2369 1311 2424 ﬁeri
1352 2364 1524 2420 viride
1560 2362 1692 2433 agri.
1727 2359 1831 2416 Sed
1859 2359 2059 2412 utinam

476 2475 559 2532 vel
590 2471 820 2545 pluviam
844 2464 1083 2522 veritatis
1111 2461 1179 2516 de
1223 2459 1353 2530 ipsis
1397 2455 1630 2510 nubibus
1660 2453 1886 2507 libenter
1917 2449 2061 2504 exci-

478 2541 607 2639 piat:
665 2562 797 2618 Nam
845 2565 1061 2629 propter
1103 2553 1244 2608 illam
1299 2548 1551 2603 Dominus
1594 2556 1777 2600 noster
1822 2541 2057 2597 nubilum

479 2634 656 2714 carnis
674 2649 1122 2719 nustranlignatth~
1136 2658 1430 2704 assumere,
1454 2638 1680 2692 imbrem
1699 2634 1866 2690 sancti
1893 2634 2062 2687 Evan-

478 2749 598 2820 gelii
641 2744 998 2815 largissimum
1030 2735 1241 2800 infudit,
1296 2731 1612 2802 promittens
1650 2727 1810 2781 etiam
1841 2724 1980 2794 quod
2017 2723 2062 2777 si

477 2818 599 2913 quis
633 2838 820 2894 biberit
850 2835 918 2889 de
964 2847 1099 2903 aqua
1133 2828 1270 2899 ejus,
1307 2825 1475 2880 redict
1512 2821 1578 2877 ad
1625 2821 1769 2876 illum
1824 2818 2065 2872 intimum

480 2907 704 2995 fontem,
719 2939 774 2984 ut
795 2927 1088 2982 forinsecus
1114 2935 1217 2974 neu
1239 2924 1442 2988 qua-rat
1459 2913 1709 2984 pluviam.
1736 2910 1870 2964 Dll'll
1889 2907 2028 2962 enim
2048 2924 2062 2960 :

486 3025 597 3081 Fiet
623 3026 678 3078 in
709 3039 765 3076 eo
797 3024 912 3092 fons
941 3029 1085 3087 aqum
1110 3011 1336 3067 salientis
1355 3009 1407 3061 in
1431 3007 1584 3061 vitam
1619 3014 1855 3059 mternam
1883 2998 2062 3070 (Joan.

482 3133 557 3185 tv,
583 3116 694 3185 14).
723 3090 846 3177 Iste,
868 3107 1050 3168 credo,
1079 3103 1199 3159 fons
1215 3108 1624 3170 autepcccatum
1653 3093 1976 3150 ascendebat
2000 3090 2068 3147 de

486 3182 662 3272 terra,
681 3213 736 3259 et
763 3199 1013 3270 iurgabat
1033 3208 1245 3250 onmem
1278 3191 1462 3245 faciem
1492 3197 1666 3251 terrm,
1694 3187 1816 3256 quia
1847 3182 2069 3238 interior

486 3305 624 3362 erat,
652 3303 704 3349 et
726 3293 941 3348 nubium
979 3303 1084 3343 non
1113 3283 1452 3341 desiderabat
1478 3280 1728 3335 auxilium
1766 3295 1781 3331 :
1815 3274 2065 3329 Nondum

482 3390 612 3445 enini
661 3385 858 3458 pluerat
906 3380 1042 3434 Deus
1083 3393 1235 3448 super
1267 3385 1473 3438 terram,
1522 3387 1612 3426 nec
1658 3378 1764 3424 erat
1787 3369 1937 3422 homo
1983 3367 2071 3438 qui

481 3489 773 3554 operaretur
801 3476 854 3529 in
895 3489 972 3528 ea.
1008 3470 1141 3526 Cum
1185 3467 1329 3522 enim
1385 3464 1630 3530 dixisset,
1663 3459 1911 3515 Nondum
1939 3458 2071 3512 enim

484 3576 681 3648 pluerat
721 3568 858 3623 Deus
897 3581 1049 3635 super
1076 3572 1282 3622 terram,
1310 3557 1538 3627 subjecit
1568 3563 1622 3610 et
1645 3568 1859 3609 causam
1906 3565 2072 3622 quare

483 3646 718 3724 nondum
748 3662 953 3733 pluerat
981 3674 997 3711 ι
1027 3654 1148 3726 quia
1200 3667 1302 3705 non
1343 3658 1450 3704 erat
1491 3647 1641 3701 homo
1665 3646 1750 3716 qui
1776 3651 2072 3714 operaretur

482 3760 536 3814 in
559 3775 635 3812 ea.
663 3755 705 3810 Τ
713 3770 814 3808 unc
836 3759 1014 3806 autem
1043 3749 1204 3800 homo
1229 3743 1391 3812 erepit
1416 3740 1626 3811 operari
1672 3739 1723 3791 in
1755 3747 1918 3800 terra,
1949 3748 2070 3787 cum

486 3859 608 3922 post
638 3856 908 3918 peceatum
940 3843 1006 3896 de
1029 3841 1180 3894 beata
1225 3838 1330 3891 vita
1361 3835 1613 3889 dimissus
1637 3839 1739 3894 est,
1766 3844 1867 3898 qua
1896 3829 1946 3882 in
1975 3841 2071 3896 pa-

488 3921 668 3998 radiso
689 3940 977 3994 fruebatur.
1006 3935 1097 3988 Sic
1133 3933 1274 3986 enim
1301 3929 1556 3997 scriptum
1601 3935 1686 3982 est
1731 3942 1744 3978 :
1789 3922 1855 3975 Et
1885 3921 2074 3975 dimisit

489 4049 603 4087 eum
625 4030 866 4084 Dominus
894 4025 1031 4079 Deus
1060 4023 1123 4076 de
1151 4020 1387 4092 paradiso
1406 4017 1686 4079 suavitatis,
1709 4022 1762 4068 ut
1783 4022 2075 4084 operaretur

490 4136 677 4180 terram
699 4123 761 4175 de
777 4137 877 4191 qua
901 4131 946 4172 et
973 4125 1202 4184 sumptus
1233 4113 1397 4183 fuerat
1430 4125 1448 4164 :
1475 4109 1612 4162 unde
1637 4121 1735 4160 suo
1755 4106 1874 4160 loco
1899 4103 2076 4173 requi-

489 4232 670 4274 remus
696 4212 892 4286 (lnfra,
931 4226 1046 4279 cap.
1077 4204 1193 4279 22).
1242 4201 1395 4271 Quod
1418 4214 1556 4254 nunc
1599 4198 1666 4253 ad
1710 4197 1811 4253 hoc
1837 4210 2076 4286 commef

493 4284 717 4371 moravi,
741 4284 800 4359 ut
814 4302 1231 4371 intelligerenms
1255 4292 1512 4348 laboranti
1541 4287 1741 4345 homini
1764 4289 1815 4342 in
1839 4297 1998 4345 terra.
2023 4284 2074 4339 id

492 4412 574 4458 est
616 4402 668 4454 in
714 4407 1053 4469 percazorum
1103 4387 1347 4444 ariditate
1375 4383 1684 4446 constituto,
1718 4377 2073 4434 necessariam

491 4507 612 4548 esse
639 4489 705 4544 de
737 4487 981 4543 humanis
1008 4482 1185 4538 verbis
1207 4478 1438 4532 divinam
1483 4474 1800 4536 doctrinam,
1826 4480 2076 4540 tanquam

493 4582 560 4637 de
592 4579 818 4634 nubibus
849 4575 1098 4646 pluviam.
1126 4569 1272 4625 Talis
1291 4576 1467 4621 autem
1500 4564 1720 4620 scientia
1749 4564 2072 4617 destruatur.

498 4671 751 4725 Videmus
792 4667 934 4720 enim
962 4677 1100 4717 nunc
1128 4663 1180 4714 in
1207 4659 1506 4728 muigmate,
1537 4663 1789 4723 tanquam
1819 4652 1870 4705 in
1899 4651 2078 4705 nubilo

496 4761 732 4831 saginam
778 4762 1078 4828 quatientes
1127 4771 1141 4807 :
1189 4761 1314 4804 tunc
1363 4758 1542 4802 autem
1593 4743 1727 4799 facie
1774 4741 1841 4797 ad
1889 4740 2076 4796 faciem

500 4853 544 4924 (l
577 4853 695 4906 (ζον.
723 4864 838 4913 xm,
867 4847 921 4912 8,
955 4845 1068 4906 l2),
1099 4840 1310 4913 quando
1339 4839 1584 4893 universa
1609 4834 1773 4889 facies
1794 4841 1949 4887 terra:
1979 4847 2082 4885 no-

497 4923 622 4999 stra:
649 4941 898 4996 interiore
921 4940 1069 4992 finite
1092 4949 1243 5004 aqua:
1263 4931 1499 4986 salientis
1525 4926 1846 4997 irrigabitur.
1874 4923 2004 4979 Nam
2036 4923 2081 4978 si

497 5040 698 5093 fontem
720 5033 945 5103 aliquem
969 5029 1126 5096 hujus
1155 5025 1373 5081 visibilis
1399 5038 1548 5091 aqua:
1579 5020 1904 5075 volueriums
1929 5015 2084 5071 intelo

498 5131 685 5200 ligere,
733 5125 801 5181 de
831 5140 935 5193 quo
967 5122 1165 5175 dictum
1193 5125 1292 5179 est,
1338 5113 1480 5168 Fons
1514 5121 1678 5167 autem
1701 5108 1996 5166 ascendebat
2022 5107 2085 5161 de

500 5199 654 5284 terra,
680 5226 725 5271 et
755 5215 996 5286 irrigabat
1023 5223 1218 5265 omnem
1236 5207 1416 5277 facient
1442 5215 1621 5264 teme;
1653 5218 1756 5256 non
1787 5210 1870 5256 est
1897 5199 2084 5254 verisi-

501 5314 626 5367 mile
651 5310 790 5381 quod
821 5321 940 5362 cum
969 5315 1076 5360 tam
1101 5301 1248 5357 multi
1282 5298 1454 5353 fontes
1486 5309 1774 5367 perennes,
1799 5295 1914 5435 δὴθ
1939 5292 2084 5346 rivo-

504 5419 619 5435 mm.
673 5402 783 5435 Jun
804 5399 1078 5435 ﬂumini-Iun
1107 5409 1201 5435 ηρι·
1231 5393 1532 5435 “nivi-mam
1567 5399 1763 5435 IGI‘I‘HIII
1809 5385 1861 5435 ill
1890 5383 2084 5435 'enitttt-

504 5419 644 5466 rum,
673 5402 783 5455 sive
804 5399 1078 5453 ﬂuviorum
1107 5409 1201 5464 per
1231 5393 1533 5445 universam
1567 5399 1702 5441 terra
1714 5402 1763 5439 m
1809 5383 2087 5438 iii‘veniau-

507 5505 608 5559 tur,
640 5495 783 5547 solus
804 5492 890 5548 ille
917 5487 1252 5552 sibeaverit’,
1275 5485 1363 5556 qui
1386 5481 1636 5553 irrigabat
1659 5493 1871 5534 onmem
1900 5477 2085 5531 faciem

507 5600 680 5645 terrae.

569 5684 587 5714 ι
603 5680 740 5738 editi,
757 5681 950 5745 secreto.
976 5683 1082 5725 Mss.
1104 5665 1670 5745 duodecim,_s_ecretario.

567 5745 588 5778 ι
608 5749 751 5792 Juxta
768 5747 840 5789 Er.
865 5745 917 5788 et
931 5744 1062 5795 t.ov.,
1081 5739 1322 5786 siccuerit.
1385 5739 1444 5783 Il.

566 5805 641 5875 (α)
663 5810 682 5854 t
703 5806 909 5853 setmet.
932 5811 1038 5864 cap.
1063 5796 1146 5859 to,
1165 5809 1216 5845 ιι.
1239 5795 1289 5845 3.

737 5913 743 5918 ‘
755 5915 786 5928 ιι.
817 5911 835 5924 ἡ
849 5919 865 5925 ..
879 5889 960 5928 4.,"
975 5894 988 5907 .
1001 5895 1090 5921 ,δ”δῖ

1303 332 1393 393 DE
1433 332 1673 392 GENESI
1712 327 1980 389 CONTRA
2023 321 2326 395 MANlCll.,
2366 328 2423 385 S.
2466 321 2831 386 AUGUSTlNl

3610 322 3734 382 200

2177 442 2399 498 CAPUT
2434 442 2514 496 Vl.
2532 472 2602 482 —-
2624 439 2905 494 Invisibilirt
2925 437 3099 508 quibus
3119 434 3372 493 voeabulis
3399 439 3690 518 signantur.

2214 535 2264 588 7.
2299 533 2409 589 Sub
2451 533 2532 588 his
2579 549 2704 603 ergo
2752 531 2933 601 paucis
2962 529 3136 584 verbis
3191 531 3432 585 universa
3481 542 3741 584 creatura

2143 626 2297 680 nobis
2351 625 2610 678 insinuata
2655 632 2737 677 est
2778 633 2900 676 ante
2931 629 3202 691 peccatum
3242 622 3454 677 anima}.
3500 619 3744 676 Notnine

2144 718 2286 772 enim
2311 716 2435 771 cmli
2457 726 2511 771 et
2543 727 2696 770 terra:
2724 715 2968 769 universa
2996 713 3214 768 visibilis
3251 723 3492 768 creatura
3519 712 3743 784 signifi-

2145 819 2260 864 cata
2299 821 2409 874 est;
2453 817 2506 864 et
2533 810 2748 863 nomine
2772 807 2907 869 diei,
2938 806 3243 861 universum
3271 817 3506 877 tempus;
3539 816 3593 862 et
3631 821 3745 860 no-

2146 903 2290 959 mine
2315 902 2560 956 viridium
2589 912 2643 957 et
2670 901 2843 971 pabuli
2870 899 3004 968 agri,
3048 909 3288 955 creatura
3331 899 3635 962 invisibilis;
3682 905 3747 953 et

2147 997 2362 1050 nomine
2388 995 2546 1050 fontis
2569 992 2904 1049 ascendentis
2931 1003 2980 1048 et
3005 992 3271 1062 irrigantis
3293 1006 3506 1045 omnem
3537 989 3747 1045 faciem

2149 1096 2326 1153 terrm,
2356 1086 2628 1141 inundatio
2657 1087 2894 1141 veritatis
2915 1085 3143 1139 animam
3171 1086 3366 1140 satiatis
3392 1093 3514 1138 ante.
3538 1099 3748 1153 pecca-

2151 1185 2282 1232 tum.
2307 1179 2428 1232 Dies
2450 1186 2625 1232 autem
2651 1177 2771 1242 iste,
2788 1175 2942 1244 cujus
2965 1175 3180 1230 nomine
3197 1176 3496 1229 universum
3519 1183 3748 1244 tempus

2149 1269 2431 1340 signiﬁCari
2445 1269 2698 1333 diximus,
2718 1269 2948 1323 insinuat
2970 1266 3120 1321 nobis
3139 1283 3241 1320 non
3255 1267 3423 1322 solum
3446 1266 3745 1332 visibilem,

2151 1363 2246 1418 sed
2260 1362 2417 1416 etiam
2436 1361 2750 1416 iuvisibilcm
2765 1369 3061 1414 creaturam
3090 1369 3299 1428 tempus
3321 1371 3473 1426 posse
3492 1357 3703 1412 sentire
3731 1374 3746 1410 :

2151 1453 2293 1524 quod
2313 1453 2380 1508 de
2404 1453 2578 1508 anima
2605 1452 2757 1507 nobis
2785 1452 3169 1517 manifestatur,
3188 1467 3306 1520 qua:
3326 1458 3466 1503 tanta
3485 1447 3754 1504 varietate

2153 1545 2492 1601 all‘ectionum
2539 1560 2776 1611 suarum,
2804 1555 2856 1599 et
2902 1545 3016 1614 ipso
3048 1545 3194 1613 lapsu
3231 1559 3337 1613 quo
3365 1543 3555 1597 misera
3598 1540 3751 1597 facta

2155 1646 2258 1701 est,
2287 1645 2341 1692 et
2393 1635 2733 1708 reparatione
2777 1652 2880 1706 qua
2910 1649 3094 1689 rursus
3140 1635 3195 1687 in
3243 1634 3543 1688 beatitatem
3575 1631 3748 1698 redit,

2158 1738 2397 1798 tempore
2425 1728 2613 1781 tnutari
2637 1741 2792 1797 posse
2815 1727 3164 1782 Convincitur.
3187 1725 3249 1779 Et
3268 1726 3386 1780 ideo
3414 1741 3515 1778 non
3539 1725 3752 1779 dictum

2157 1830 2260 1882 est,
2281 1820 2406 1873 Cum
2436 1821 2600 1891 factus
2627 1828 2750 1873 esset
2775 1818 2902 1884 dies,
2931 1835 3028 1888 quo
3055 1817 3137 1871 die
3165 1819 3278 1889 fecit
3315 1815 3449 1872 Deus
3472 1817 3656 1871 mlunt
3705 1825 3758 1870 et

2160 1918 2365 1972 terram,
2397 1917 2636 1972 tantum;
2668 1908 2857 1978 quibus
2900 1908 3202 1961 nominibus
3244 1906 3465 1961 visibilis
3501 1915 3757 1962 creatura

2160 2001 2472 2056 intimatur:
2502 2001 2597 2056 sed
2629 2001 2863 2055 additum
2886 2012 2969 2055 est
2992 2001 3171 2063 etiam,
3207 1999 3464 2065 viride,‘et
3502 1998 3756 2070 pabulum

2160 2094 2309 2165 agri;
2355 2108 2462 2164 quo
2506 2093 2720 2148 nomine
2766 2093 3082 2148 invisibilem
3135 2101 3474 2158 creaturam,
3527 2099 3758 2161 pmpter

2161 2187 2398 2255 vigorem
2419 2185 2670 2252 etvitam,
2695 2184 2978 2255 significari
3005 2185 3253 2248 diximus,
3277 2183 3431 2238 sicuti
3452 2192 3531 2237 est
3547 2183 3756 2237 anima.

2165 2276 2234 2331 Et
2277 2277 2346 2331 ita
2372 2275 2572 2331 dicttun
2599 2283 2700 2342 est,
2727 2275 2853 2330 Cum
2881 2279 3046 2345 {actus
3070 2283 3194 2328 esset
3221 2275 3345 2340 dies,
3368 2290 3464 2344 quo
3507 2273 3587 2327 die
3630 2273 3758 2345 fecit

2165 2371 2305 2426 Deus
2327 2371 2505 2426 calum
2527 2380 2573 2424 et
2599 2381 2802 2434 terram,
2831 2378 2875 2424 et
2905 2385 3051 2424 omne
3076 2369 3253 2433 viride,
3273 2377 3317 2422 et
3331 2368 3570 2438 pabulum
3597 2367 3719 2437 agri
3740 2381 3759 2420 :

2167 2465 2323 2520 utsic
2352 2462 2768 2532 intelligeremus
2789 2477 2893 2515 non
2925 2461 3096 2514 solum
3141 2461 3424 2524 visibilem,
3469 2457 3560 2512 sed
3586 2459 3759 2511 etiam

2169 2555 2483 2610 iuvisiliiletn
2514 2564 2808 2608 creaturam
2841 2552 3106 2622 pertinere
3147 2549 3213 2604 ad
3265 2563 3493 2619 tempus,
3537 2557 3760 2618 propter

2169 2647 2605 2710 niutahilitatem;
2641 2645 2762 2714 quia
2801 2644 2946 2698 solus
2979 2643 3116 2698 Dens
3156 2640 3602 2696 incouunutabilis
3650 2650 3759 2707 est,

2167 2740 2362 2811 quiest
2385 2750 2508 2793 ante
2531 2750 2788 2808 tempora.

2331 2829 2558 2886 CAPUT
2583 2829 2774 2883 Vll.—
2807 2827 2979 2882 Limus
3005 2827 3128 2897 quid
3145 2827 3324 2881 habeat
3349 2824 3590 2898 mysterii.

2242 2921 2294 2976 8.
2335 2920 2485 2975 Nunc
2510 2920 2782 2974 videamus
2811 2929 2924 2989 post
2956 2920 3213 2973 universm
3234 2930 3489 2973 creaturae
3513 2915 3762 2970 insinua-

2173 3015 2371 3070 tionem
2420 3025 2524 3067 tam
2575 3013 2797 3067 visibilis
2841 3028 3000 3082 quam
3043 3011 3339 3074 invisibilis,
3370 3019 3424 3065 et
3456 3007 3766 3063 universale

2172 3107 2488 3164 benelicium
2517 3106 2678 3159 divini
2710 3104 2869 3160 fontis
2919 3120 3040 3174 erga
3091 3103 3404 3158 invisibilem
3437 3110 3764 3164 creaturam,

2175 3198 2299 3270 quid
2330 3199 2396 3252 de
2437 3196 2650 3251 homine
2682 3197 2985 3267 specialiter
3037 3197 3328 3256 intimetur,
3379 3192 3516 3262 quod
3544 3192 3610 3246 ad
3667 3207 3767 3246 nos

2174 3292 2404 3346 maxime
2454 3289 2697 3358 pertinet.
2755 3289 2930 3343 Primo
2981 3288 3121 3342 enim
3153 3286 3291 3357 quod
3322 3285 3388 3340 de
3435 3285 3560 3339 limo
3600 3293 3766 3338 terra:

2177 3384 2317 3438 Deus
2343 3382 2611 3436 hominem
2643 3381 2809 3445 finxit,
2837 3381 2975 3436 solet
3002 3381 3197 3434 habere
3217 3380 3559 3448 quaestionem
3587 3373 3772 3447 qualis

2175 3475 2262 3530 ille
2289 3476 2444 3528 limus
2471 3475 2648 3539 fuerit,
2678 3474 2758 3528 vel
2783 3490 2902 3542 qtue
2933 3473 3149 3528 materia
3181 3472 3391 3525 nomine
3419 3469 3526 3522 limi
3551 3468 3766 3538 signiﬁ-

2175 3576 2291 3621 cata
2313 3566 2402 3619 sit.
2432 3565 2507 3620 llli
2538 3574 2712 3620 autem
2746 3565 2940 3619 inimici
2968 3555 3204 3619 veterum
3237 3562 3538 3623 Librorum,
3579 3559 3766 3613 omnia

2175 3659 2459 3713 carnaliter
2499 3658 2788 3722 intuentes,
2821 3667 2873 3711 et
2919 3667 3197 3727 propterea
3245 3670 3458 3726 semper
3493 3658 3760 3720 errantes,

2176 3751 2332 3805 etiam
2368 3750 2465 3802 hoc
2499 3747 2890 3818 reprehendere
2931 3747 3248 3803 tnordaciter
3290 3747 3483 3811 solent,
3513 3744 3652 3814 quod
3699 3743 3767 3800 de

2179 3842 2308 3897 limo
2340 3843 2477 3896 Deus
2507 3841 2775 3896 hominem
2811 3841 2976 3895 finxit.
3032 3841 3220 3894 Dicunt
3264 3840 3404 3893 enim
3438 3858 3450 3892 :
3489 3837 3668 3904 Quare
3699 3836 3766 3891 de

2180 3935 2310 3990 limo
2355 3935 2478 3990 fecit
2509 3934 2644 3987 Deus
2693 3932 2998 3987 luuniuent?
3049 3948 3116 3986 an
3141 3931 3379 3985 defuerat
3407 3931 3454 3985 ei
3489 3930 3681 3984 melior
3714 3936 3768 3983 et

2179 4024 2412 4080 caelestis
2457 4023 2696 4086 materia,
2728 4022 2866 4078 unde
2913 4023 3179 4078 hominem
3221 4023 3432 4080 faceret,
3469 4030 3524 4074 ut
3550 4019 3618 4074 de
3643 4019 3766 4074 labe

2181 4125 2388 4172 terrena
2422 4126 2525 4170 tam
2554 4116 2788 4183 fragilem
2821 4117 3202 4185 mortalemque
3234 4113 3518 4168 formaret?
3543 4107 3657 4167 Non
3684 4112 3764 4165 in-

2183 4211 2476 4279 telligentes
2509 4208 2680 4278 prium
2733 4225 2887 4277 quam
2938 4207 3118 4262 multis
3164 4207 3636 4275 significatiOnibus
3683 4203 3790 4257 vel-

2183 4310 2320 4356 terra
2353 4301 2431 4354 vel
2459 4316 2592 4370 aqua
2618 4301 2668 4354 in
2687 4300 2972 4369 Scripturis
2995 4310 3249 4368 ponatur:
3277 4299 3431 4353 limus
3455 4298 3596 4352 enim
3613 4311 3766 4366 aqum

2182 4404 2238 4450 et
2265 4403 2420 4448 terra:
2449 4393 2756 4448 commixtio
2803 4402 2905 4448 est.
2962 4391 3194 4446 Dicimus
3235 4390 3376 4446 enim
3433 4389 3670 4443 tabidum
3713 4396 3765 4441 et

2183 4485 2369 4555 fragile
2395 4494 2449 4539 et
2494 4484 2651 4538 morti
2700 4483 3019 4538 destinatum
3068 4499 3260 4552 corpus
3315 4483 3600 4552 humanum
3649 4489 3764 4550 past

2185 4588 2458 4649 peccatum
2486 4592 2606 4632 esse
2633 4577 2878 4646 cmpisse.
2911 4575 3024 4630 Non
3051 4576 3192 4631 enim
3237 4576 3287 4630 in
3320 4587 3501 4630 nostro
3544 4589 3763 4644 corpore

2185 4671 2270 4724 isti
2299 4669 2685 4726 exhorreseunt
2713 4669 2811 4722 nisi
2840 4669 3404 4738 mortalitatem,quam
3429 4669 3764 4721 damnatione

2189 4763 2499 4819 meruimus.
2539 4762 2679 4830 Quid
2721 4774 2895 4816 autem
2937 4762 3161 4826 mirum,
3212 4771 3301 4814 aut
3353 4759 3571 4814 difficile
3625 4759 3759 4824 Deo,

2187 4856 2393 4911 etiamsi
2411 4855 2478 4909 de
2505 4855 2631 4908 limo
2657 4854 2807 4908 istius
2827 4864 2980 4908 terra:
3002 4852 3268 4906 hominem
3302 4854 3442 4916 fecit,
3472 4851 3573 4904 tale
3591 4861 3762 4904 tamen

2191 4962 2382 5018 corpus
2413 4948 2528 5016 ejus
2555 4946 2788 5008 efﬁcere,
2817 4946 2954 5016 quod
2978 4946 3300 5016 corruptioni
3332 4944 3760 5015 nonsubjaceret,

2189 5041 2233 5096 si
2265 5040 2423 5096 homo
2449 5050 2770 5110 pta-ceptum
2792 5040 2882 5094 Dei
2909 5039 3213 5094 custodiens
3241 5054 3458 5108 peccare
3475 5033 3764 5092 noluisset?

2190 5130 2245 5185 Si
2277 5131 2416 5187 enim
2445 5132 2674 5200 speciem
2706 5131 2826 5185 cudi
2859 5131 3021 5200 ipsius
3045 5131 3112 5186 de
3142 5129 3326 5188 nihilo.
3359 5130 3440 5184 vel
3466 5129 3530 5183 de
3559 5124 3762 5183 informi

2192 5221 2408 5278 materia
2433 5223 2658 5277 dicimus
2673 5220 2862 5274 iactant
2881 5263 2896 5286 ,
2922 5221 3040 5291 quia
3071 5221 3486 5291 omnipotentem
3513 5219 3760 5273 artificem

2193 5313 2487 5374 credimus;
2517 5313 2640 5382 quid
2670 5312 2859 5366 mirum
2888 5313 2932 5364 si
2973 5326 3186 5381 corpus,
3228 5313 3367 5382 quod
3416 5311 3624 5366 delimo
3647 5322 3766 5376 qua-

2197 5406 2462 5476 licumque
2485 5406 2677 5458 factum
2704 5415 2805 5465 est,
2824 5403 2990 5473 potuit
3009 5403 3077 5459 ab
3095 5404 3440 5472 omnipotenti
3455 5402 3653 5456 artifice
3666 5397 3764 5453 tale

2197 5498 2332 5565 ﬁeri,
2354 5507 2408 5552 ut
2428 5497 2568 5552 nulla
2589 5495 2994 5563 molestia,nulla
3016 5496 3297 5566 indigentia
3318 5497 3575 5551 cruciaret
3602 5489 3762 5547 homi-

2195 5605 2318 5646 nem
2349 5599 2472 5644 aute
2495 5599 2791 5660 peccatum,
2827 5599 2881 5642 et
2911 5587 3050 5642 nulla
3074 5587 3414 5657 corruptione
3442 5577 3764 5641 tabesceret?

2267 5679 2321 5735 9.
2353 5680 2532 5742 Itaque
2560 5677 2826 5750 superﬂue
2867 5677 3121 5749 quieritur
3150 5677 3288 5732 unde
3317 5676 3548 5730 hominis
3581 5680 3762 5740 corpus

2204 5772 2344 5832 Deus
2373 5773 2593 5841 fecerit;
2636 5773 2684 5830 si
2719 5782 2893 5830 tamen
2931 5784 3074 5830 nunc
3100 5769 3169 5830 de
3191 5770 3432 5842 corporis
3460 5764 3763 5826 formatione
