3906 6366
162 236 240 291 ibi
1467 218 1670 275 LIBER
1711 216 2091 276 SECUNDI'S.

170 346 349 403 dicitur.
378 340 465 397 Sic
483 337 624 397 enim
647 332 929 392 nonnullos
948 338 1161 389 nostros
1186 329 1477 401 intelligere
1505 332 1718 402 accepi,

170 437 239 509 qui
264 435 463 497 dicunt,
498 438 840 501 posteaquam
864 422 1067 481 dictum
1093 430 1207 493 est,
1240 421 1418 477 Finxit
1443 420 1585 478 Deus
1622 423 1719 476 ho-

170 528 325 582 minem
360 524 422 578 de
461 522 581 583 limo
620 528 807 585 terrm;
852 524 1132 588 propterea
1175 530 1280 571 non
1321 514 1557 569 additum
1582 558 1596 580 ,
1636 514 1721 569 Ad

170 616 413 687 imaginem
442 621 497 668 et
542 607 941 666 similitudinem
968 622 1119 662 suam
1140 648 1154 675 ,
1202 607 1453 677 quoniam
1484 620 1623 661 nunc
1650 604 1722 661 de

168 707 371 777 corporis
387 702 701 758 formatione
714 699 927 755 dicitur.
949 698 1098 754 Tunc
1124 706 1299 754 autem
1321 697 1483 753 homo
1501 698 1722 752 interior

169 798 522 871 signiﬁcabatur
540 836 554 860 ,
591 793 804 865 quando
828 792 1030 847 dictum
1058 800 1141 847 est
1170 806 1184 846 :
1214 789 1360 845 Fecit
1388 790 1526 844 Deus
1556 789 1721 844 homi-

168 908 261 947 nem
279 890 338 944 ad
363 888 632 959 imaginem
662 895 709 940 et
734 883 1116 939 similitudinem
1143 882 1240 936 Dei
1261 881 1359 954 (a).
1386 880 1493 937 Sed
1515 880 1725 936 etiamsi

169 999 285 1041 nunc
322 997 530 1054 quoque
570 979 840 1036 hominem
874 992 941 1032 ex
967 991 1192 1047 corpore
1218 982 1273 1030 et
1316 975 1491 1029 anima
1529 972 1726 1027 factum

170 1076 523 1146 intelligamus,
558 1079 616 1126 ut
648 1084 753 1125 non
780 1069 1005 1139 alicujus
1048 1067 1171 1121 novi
1209 1065 1387 1137 operis
1433 1063 1722 1131 inchoatio,

170 1168 243 1223 sed
278 1166 514 1237 superius
544 1162 780 1219 breviter
806 1159 1056 1215 insinuati
1085 1157 1392 1228 diligentior
1418 1155 1726 1211 retractatio

171 1260 253 1313 isto
272 1271 508 1313 sermone
534 1254 865 1325 explicetur;
906 1251 950 1305 si
985 1264 1113 1320 ergo
1137 1290 1151 1314 ,
1191 1257 1249 1303 ut
1276 1248 1383 1303 dixi
1408 1290 1423 1314 ,
1454 1246 1727 1301 hominem

170 1349 251 1403 hoc
289 1349 397 1403 loco
434 1362 501 1403 ex
549 1358 775 1415 corpore
801 1351 855 1398 et
890 1341 1065 1396 anima
1115 1340 1310 1395 factum
1351 1338 1724 1409 intelligamus,

172 1458 255 1497 non
275 1439 494 1497 absurde
534 1438 650 1509 ipsa
687 1435 1066 1492 commixtione
1093 1434 1109 1465 ¹
1141 1433 1252 1487 limi
1279 1446 1475 1487 nomen
1503 1430 1725 1500 accepit.

173 1536 295 1592 Sicut
320 1535 456 1589 enim
487 1546 628 1603 aqua
660 1539 852 1586 terram
890 1527 1123 1597 colligit,
1163 1534 1216 1580 et
1261 1524 1627 1594 conglutinat,
1676 1532 1730 1577 et

175 1626 410 1691 continet,
441 1621 660 1694 quando
685 1622 801 1691 ejus
823 1618 1199 1675 commixtione
1228 1616 1385 1670 limus
1418 1613 1534 1684 ejus
1561 1613 1728 1667 efﬁci-

178 1729 269 1785 tur;
306 1719 377 1773 sic
403 1716 585 1771 anima
614 1712 854 1784 corporis
882 1710 1161 1766 materiam
1188 1707 1503 1763 viviticando
1530 1708 1580 1760 in
1610 1705 1730 1759 uni-

174 1817 305 1864 tatem
332 1805 653 1863 concordem
698 1802 1031 1868 conformat,
1077 1808 1130 1856 et
1176 1815 1279 1855 non
1324 1797 1583 1871 permittit
1627 1796 1731 1851 labi

172 1908 215 1955 et
234 1900 425 1954 resolvi.

177 1989 370 2047 CAPUT
398 1988 539 2043 Vlll.
560 2016 633 2028 -—-
656 1984 935 2055 Insuﬂlatio
954 1982 1160 2054 spiritus
1185 1980 1323 2050 quid.
1357 1976 1491 2044 Quid
1512 1979 1564 2032 in
1591 1978 1733 2034 Scri-

491 2079 658 2151 pturis
685 2078 880 2131 dicatur
903 2076 1110 2147 spiritus
1131 2072 1365 2127 hominis.

230 2173 305 2227 10.
332 2170 479 2241 Quod
508 2178 694 2227 autem
723 2168 978 2237 scriptum
1001 2175 1113 2232 est,
1156 2162 1223 2217 Et
1248 2162 1516 2233 insufflauit
1541 2161 1596 2215 in
1622 2177 1733 2216 eum

181 2266 383 2336 spiritum
402 2265 541 2330 vitta,
572 2272 617 2316 et
644 2266 809 2333 {actus
838 2268 908 2314 est
939 2259 1089 2313 homo
1110 2257 1164 2310 in
1192 2256 1416 2309 animam
1448 2254 1689 2308 viventem
1716 2268 1734 2305 :

174 2359 209 2413 si
238 2359 396 2415 adhuc
421 2372 623 2429 corpus
652 2355 825 2412 solum
852 2360 996 2419 erat,
1027 2350 1259 2407 animam
1282 2348 1584 2420 adjunctam
1616 2361 1731 2402 cor~

175 2451 267 2520 puri
290 2450 383 2505 hoc
407 2451 532 2506 loco
562 2446 857 2518 intelligere
876 2443 1168 2507 debemus;
1202 2440 1313 2496 sive
1333 2455 1451 2509 quae
1463 2439 1574 2509 jam
1598 2436 1735 2491 facta

174 2551 284 2610 erat,
310 2542 398 2600 sed
426 2551 682 2612 tanquam
712 2540 765 2594 in
787 2553 881 2593 ore
910 2536 1003 2591 Dei
1029 2543 1163 2600 erat,
1193 2534 1244 2588 id
1274 2541 1356 2589 est
1380 2533 1433 2587 in
1464 2532 1579 2601 ejus
1606 2529 1737 2584 veri-

174 2640 261 2689 tate
281 2633 359 2689 vel
380 2631 661 2704 sapientia,
688 2627 827 2684 unde
850 2637 1021 2681 tamen
1047 2640 1151 2680 non
1181 2623 1403 2680 recessit
1429 2622 1579 2692 quasi
1606 2619 1737 2675 locis

174 2734 403 2794 separata,
433 2721 652 2795 quando
679 2716 944 2775 insufflata
971 2724 1090 2782 est;
1134 2730 1239 2769 non
1261 2713 1403 2769 enim
1443 2712 1583 2767 Deus
1618 2710 1737 2766 loco

177 2815 468 2883 continetur,
496 2813 598 2869 sed
626 2811 821 2882 ubique
847 2823 1085 2879 praesens
1110 2817 1191 2863 est
1220 2825 1231 2860 :
1263 2806 1373 2861 sive
1401 2813 1528 2860 tunc
1556 2803 1736 2858 anima

176 2908 287 2964 facta
312 2919 421 2974 est,
451 2906 671 2980 quando
709 2906 761 2961 in
788 2903 919 2960 illud
946 2904 1256 2975 ﬁgmentum
1285 2902 1422 2957 Deus
1453 2900 1738 2956 insufflavit

176 3000 386 3072 spiritum
414 3001 547 3056 vita:
571 3040 587 3067 ,
626 3008 687 3053 ut
731 2997 817 3053 illa
845 2994 1127 3051 insufﬂatio
1167 2994 1339 3065 ipsam
1372 2996 1737 3063 operationem

177 3092 253 3149 Dei
277 3093 566 3166 signiﬁcet,
611 3106 714 3162 qua
755 3088 880 3145 fecit
918 3088 1148 3142 animam
1187 3085 1242 3140 in
1285 3084 1503 3139 homine
1540 3082 1738 3153 Spir-itu

177 3185 394 3254 potentia
409 3199 547 3241 suae.
577 3182 631 3239 Si
659 3192 840 3237 autem
867 3178 1028 3234 homo
1054 3177 1141 3232 ille
1162 3176 1252 3247 qui
1278 3175 1446 3230 factus
1468 3185 1598 3239 erat,
1628 3172 1737 3243 jam

177 3290 344 3347 corpus
369 3287 421 3334 et
448 3276 635 3332 anima
665 3284 815 3340 erat;
862 3271 961 3342 ipsi
985 3270 1175 3324 animae
1203 3282 1392 3323 sensus
1420 3274 1503 3321 est
1531 3263 1739 3318 additus

177 3366 259 3423 ista
297 3367 652 3425 insufﬂalione
676 3406 691 3433 ,
736 3378 857 3420 cum
902 3360 1067 3415 factus
1095 3367 1178 3413 est
1212 3357 1374 3411 homo
1418 3357 1468 3410 in
1508 3356 1739 3409 animans

178 3458 412 3515 viventem
444 3476 457 3513 :
496 3472 610 3512 non
641 3454 764 3526 quia
793 3453 881 3507 illa
929 3448 1218 3505 insufflatio
1259 3460 1515 3502 conversa
1562 3452 1644 3499 est
1687 3443 1739 3497 in

176 3557 379 3611 animum
402 3548 674 3603 viventem
694 3585 710 3609 ,
740 3541 835 3598 sed
869 3547 1088 3611 operata
1114 3546 1197 3593 est
1222 3536 1276 3591 in
1297 3535 1528 3590 animam
1560 3534 1742 3589 viven-

176 3659 282 3705 tem.
323 3649 571 3707 Nondum
605 3652 779 3701 tamen
821 3634 1151 3713 spiritualem
1186 3630 1456 3686 hominem
1485 3627 1741 3684 debemus

180 3742 480 3816 intelligere,
533 3740 624 3812 qui
653 3739 821 3794 factus
847 3745 928 3792 est
955 3735 1008 3790 in
1037 3748 1270 3789 animam
1298 3724 1566 3785 viventem
1588 3764 1602 3790 ,
1646 3720 1742 3776 sed

175 3837 325 3895 adhuc
362 3836 674 3894 animalem.
731 3833 880 3888 Tunc
909 3829 1051 3885 enim
1080 3825 1366 3900 spiritualis
1390 3823 1615 3880 etl‘ecws
1636 3823 1736 3887 est,

176 3946 279 3987 cum
311 3934 362 3988 in
402 3928 684 4003 paradiso,
730 3928 831 3983 hoc
856 3933 942 3981 est
984 3923 1036 3977 in
1072 3922 1226 3977 beata
1266 3923 1375 3975 vita
1400 3917 1737 3979 constitutus,

178 4033 474 4096 praeceptum
503 4021 665 4077 etiam
711 4016 1050 4089 perfectionis
1083 4014 1322 4086 accepit,
1367 4020 1425 4068 ut
1451 4009 1619 4066 verbo
1647 4008 1741 4064 Dei

178 4122 632 4173 consummat-etut.
682 4111 862 4183 itaque
887 4117 1163 4180 postquam
1189 4105 1461 4176 peccavit,
1484 4102 1743 4160 recedens

179 4221 203 4260 a
226 4217 478 4280 praecepto
507 4205 636 4274 Dei,
674 4212 730 4260 et
756 4202 1009 4258 dimissus
1032 4211 1113 4256 est
1141 4199 1209 4255 de
1243 4197 1522 4269 paradiso,
1555 4196 1607 4251 in
1640 4195 1743 4251 hoc

182 4300 412 4355 remansit
437 4309 498 4355 ut
542 4295 787 4352 animalis
818 4300 979 4350 esset.
1011 4293 1078 4347 Et
1114 4290 1234 4347 ideo
1262 4289 1544 4345 animalem
1571 4287 1743 4343 homi-

182 4406 286 4446 nem
312 4391 453 4462 prius
482 4389 692 4461 agimus
720 4401 908 4443 omnes
940 4384 1014 4457 (b)
1033 4426 1047 4450 ,
1082 4384 1171 4454 qui
1202 4383 1268 4439 de
1295 4382 1384 4437 illo
1413 4389 1533 4453 post
1556 4395 1744 4451 pecca-

184 4490 278 4537 tum
303 4486 402 4539 nati
426 4498 634 4550 sumus,
651 4481 823 4537 donec
838 4493 1182 4550 assequamur
1201 4476 1529 4547 spiritualem
1550 4474 1739 4543 Adam,

183 4573 227 4628 id
253 4584 328 4632 est
348 4576 631 4631 Dominum
657 4582 898 4628 nostrum
926 4570 1107 4627 Iesum
1126 4569 1419 4636 Christum,
1447 4568 1534 4639 qui
1556 4581 1744 4638 pecca—

186 4677 283 4723 tum
312 4686 413 4725 non
438 4669 564 4725 fecit
591 4666 633 4740 (I
662 4666 805 4721 Petr.
836 4682 906 4734 ιι,
936 4662 1070 4736 22);
1119 4670 1175 4718 et
1213 4662 1282 4717 ab
1314 4661 1406 4715 illo
1438 4660 1664 4716 recreati
1690 4667 1746 4715 et

186 4761 430 4829 vivificati,
456 4760 798 4817 restituamur
826 4757 878 4812 in
902 4754 1227 4828 paradisum,
1251 4753 1339 4809 ubi
1366 4752 1499 4807 latro
1521 4751 1744 4808 illecum

188 4851 287 4921 ipso
313 4870 375 4909 eo
397 4855 486 4911 die
507 4854 701 4909 meruit
728 4866 868 4917 esse,
902 4864 1005 4920 quo
1033 4849 1195 4903 vitam
1218 4846 1372 4901 istam
1404 4844 1573 4900 ﬁnivit
1593 4844 1741 4916 (Luc.

188 4957 303 5000 mn
323 4987 337 5013 ,
364 4946 481 5019 45).
533 4944 621 5002 Sic
650 4943 793 5000 enim
821 4941 1105 5013 Apostolus
1132 4939 1262 4995 dicit
1295 4956 1309 4991 :
1343 4936 1448 4994 Sed
1477 4954 1579 4991 non
1604 4936 1745 5007 prius

188 5040 304 5103 quod
341 5039 602 5109 spirituale
626 5047 731 5103 est,
773 5036 860 5090 sed
901 5034 1035 5106 quod
1065 5032 1284 5086 animale
1302 5074 1316 5098 ,
1346 5031 1473 5085 sicut
1502 5029 1747 5100 scriptum

188 5138 251 5181 est
280 5146 295 5182 :
324 5128 511 5186 Factus
538 5140 609 5185 est
635 5130 825 5201 primus
847 5126 1011 5180 Adam
1036 5126 1089 5179 in
1114 5126 1335 5178 animam
1364 5125 1624 5191 viventem,
1654 5139 1746 5175 no-

190 5218 399 5276 vissimus
440 5222 600 5277 Adam
647 5222 698 5275 in
744 5220 975 5291 spiritum
1022 5217 1349 5286 viviﬁcantem
1396 5214 1449 5287 (Ι
1487 5214 1603 5271 Cor.
1637 5229 1743 5283 xv,

190 5312 428 5386 ιιι-ιθ).

255 5406 331 5460 ll.
377 5405 468 5462 Sic
493 5421 618 5477 ergo
652 5403 909 5460 debemus
938 5400 1229 5470 intelligere
1267 5398 1408 5453 hunc
1449 5398 1658 5464 locum,
1688 5407 1747 5453 ut

287 5496 501 5561 ﬁerique
530 5498 755 5557 codices,
807 5493 1095 5545 commixtio.
1122 5490 1428 5542 Pratellensis
1483 5498 1584 5552 53s.,
1624 5504 1747 5542 com-

190 5569 413 5684 mW-Sic
432 5622 704 5686 uitelligunt
725 5619 1049 5686 Tertullianus
1072 5617 1156 5666 lib.
1173 5616 1236 5668 de
1261 5624 1531 5668 Resurrect.
1568 5623 1741 5677 carnis,

192 5695 285 5746 cap.
297 5683 353 5743 ⁷5,
366 5690 430 5735 'et
449 5683 647 5734 Hilarius
667 5683 853 5746 intfsal.
880 5695 1036 5746 eum.

248 5744 311 5809 (b)
329 5755 344 5796 ι
365 5754 563 5797 ﬂetract.
589 5759 691 5809 cap.
715 5745 788 5805 10,
816 5759 864 5793 n.
890 5744 936 5791 5.

451 5830 671 5894 ΒΑΝοτ.
718 5832 991 5890 AUGUST.
1038 5826 1148 5886 Ill.

3305 225 3414 283 202

1828 345 1931 387 non
1962 329 2082 400 quia
2111 327 2309 383 dictum
2336 335 2447 395 est,
2483 328 2761 400 lusu/flavit
2795 331 2846 385 in
2872 348 2984 387 eum
3008 334 3245 403 spiritum
3272 341 3409 412 vitta,

1827 430 1875 476 et
1900 425 2065 493 factus
2085 428 2157 475 est
2184 420 2331 474 homo
2356 420 2408 473 in
2430 421 2650 474 animant
2673 422 2931 489 viventem,
2962 426 3243 484 credamus
3269 430 3417 488 illam

1829 513 1987 569 veluti
2027 520 2229 584 partem
2265 521 2468 568 natura:
2495 512 2590 570 Dei
2618 517 2671 569 in
2702 516 2931 572 animam
2980 518 3209 577 hominis
3249 523 3417 581 fuisse

1828 619 2165 671 conversam,
2200 612 2253 660 et
2276 619 2530 675 cogamur
2557 604 2737 661 dicere
2769 617 3014 665 naturam
3041 611 3137 669 Dei
3162 628 3281 670 esse
3306 631 3422 672 mu-

1831 695 2042 751 tabilem
2080 714 2094 751 :
2121 696 2172 749 in
2204 711 2309 767 quo
2341 711 2525 753 errore
2552 699 2782 755 maxime
2822 700 2953 758 istos
2978 702 3299 762 Manichaeos
3322 723 3420 764 ve—

1830 788 1960 842 ritas
1990 788 2204 857 premit.
2250 787 2399 845 Sicut
2444 791 2586 845 enim
2615 800 2699 846 est
2725 801 2896 849 mater
2932 796 3167 852 omnium
3206 797 3422 856 haereti-

1829 893 2018 934 corum
2044 880 2290 949 superbia
2310 922 2325 949 ,
2354 882 2469 936 ausi
2500 892 2625 938 sunt
2648 883 2828 942 dicere
2850 887 2993 958 quod
3017 898 3201 946 natura
3232 892 3327 949 Dei
3353 894 3424 950 sit

1831 970 2025 1025 anima.
2077 972 2146 1026 Et
2185 971 2308 1028 hinc
2336 982 2590 1045 urgentur
2613 992 2644 1032 a
2669 976 2859 1047 nobis,
2895 994 3015 1036 cum
3055 982 3133 1038 eis
3171 982 3422 1052 dicimus,

1833 1062 1972 1133 Ergo
1997 1072 2182 1119 natura
2212 1065 2306 1120 Dei
2332 1076 2474 1122 errat
2498 1078 2552 1123 et
2574 1069 2769 1125 misera
2796 1080 2879 1127 est
2901 1113 2916 1139 ,
2946 1082 3001 1129 et
3024 1075 3273 1132 vitiorum
3301 1077 3423 1133 labe

1832 1155 2199 1225 corrumpitur
2227 1164 2280 1211 et
2308 1167 2526 1228 peccat;
2549 1168 2641 1214 aut
2671 1161 2853 1228 etiam,
2885 1171 2941 1218 ut
2974 1179 3067 1220 vos
3097 1164 3293 1235 dtcitis,
3324 1182 3420 1222 na-

1836 1254 1970 1300 turze
2002 1247 2285 1302 contrariae
2324 1248 2568 1304 sordibus
2614 1250 2922 1322 inquinatur
2955 1273 2968 1309 :
2996 1266 3050 1311 et
3079 1267 3270 1314 caetera
3300 1259 3426 1314 talia

1835 1351 1955 1405 qua:
1980 1336 2048 1391 de
2074 1346 2261 1391 natura
2284 1337 2379 1393 Dei
2405 1339 2555 1395 nefas
2570 1349 2652 1396 est
2670 1343 2908 1400 credere.
2931 1345 3061 1401 Nam
3081 1347 3273 1404 factam
3304 1365 3427 1406 esse

1835 1426 2068 1482 animam
2099 1429 2165 1482 ab
2194 1430 2559 1499 omnipotente
2593 1432 2732 1501 Deo,
2771 1444 2824 1489 et
2851 1436 2970 1492 ideo
2998 1454 3102 1493 non
3132 1440 3275 1495 illam
3305 1455 3427 1497 esse

1840 1528 2043 1587 partem
2085 1521 2176 1575 Dei
2225 1522 2306 1576 vel
2357 1530 2601 1578 naturam
2648 1526 2780 1592 Dei,
2834 1529 3114 1587 manifeste
3160 1532 3263 1587 alio
3307 1533 3426 1590 loco

1836 1611 2091 1681 scriptum
2120 1621 2221 1678 cst,
2253 1613 2463 1670 dicente
2488 1613 2769 1686 propheta,
2802 1618 2869 1673 Et
2895 1622 2979 1691 qui
3008 1623 3159 1691 ﬁnxit
3187 1626 3423 1694 spiritum

1838 1704 2099 1771 omnibus,
2140 1706 2248 1776 ipse
2289 1708 2406 1779 fecit
2434 1710 2606 1764 omnia
2631 1709 2801 1781 (Psal.
2835 1730 3020 1781 χχχιι,
3051 1716 3143 1788 15)
3179 1736 3191 1771 :
3221 1726 3275 1774 et
3322 1720 3429 1774 alio

1838 1795 1983 1862 loco,
2013 1796 2113 1863 Qui
2139 1798 2284 1867 ﬁnxit
2311 1800 2545 1871 spiritum
2568 1802 2783 1858 hominis
2806 1804 2858 1858 in
2885 1806 2994 1877 ipso
3016 1806 3197 1876 (Zac/t.
3221 1826 3315 1878 xu,
3350 1811 3429 1882 1).

1845 1888 1985 1959 Ergo
2030 1890 2224 1944 factum
2270 1907 2389 1947 esse
2434 1892 2678 1964 spiritum
2721 1895 2981 1963 hominis,
3022 1900 3299 1955 manifeste
3348 1901 3429 1957 his

1839 1981 2158 2037 testimoniis
2206 1983 2552 2053 approbatur.
2606 1985 2832 2056 Spiritus
2878 1998 3054 2045 autem
3100 1991 3331 2046 hominis
3379 1992 3434 2049 in

1840 2068 2129 2140 Scripturis
2177 2071 2370 2127 dicitur
2417 2074 2581 2143 ipsius
2620 2078 2812 2132 animae
2860 2081 3092 2148 potentia
3134 2082 3429 2149 rationalis,

1840 2176 1943 2231 qua
1973 2161 2133 2216 distat
2159 2177 2187 2216 a
2218 2164 2521 2234 pecoribus,
2552 2174 2606 2221 et
2632 2168 2707 2222 eis
2738 2176 2945 2225 natura:
2968 2171 3083 2243 lege
3104 2172 3427 2230 dominatur.

1844 2251 1917 2307 Dc
1942 2268 2046 2323 quo
2074 2253 2203 2307 dicit
2238 2254 2523 2324 Apostolus
2552 2275 2565 2309 :
2602 2256 2767 2313 Nemo
2789 2260 2881 2314 scit
2913 2278 3025 2329 qua:
3046 2273 3161 2317 sunt
3191 2265 3431 2331 hominis,

1840 2343 1939 2397 nisi
1977 2344 2184 2414 spiritus
2217 2345 2433 2401 hominis
2466 2348 2555 2419 qui
2594 2350 2645 2403 in
2672 2350 2783 2418 ipso
2810 2362 2879 2405 est
2912 2351 2953 2423 (l
2979 2351 3095 2410 Cor.
3126 2371 3181 2421 ιι,
3217 2354 3326 2429 li).
3356 2355 3435 2411 Nc

1842 2434 1980 2490 forte
2023 2436 2067 2490 si
2115 2436 2431 2506 probaretur
2461 2441 2478 2471 ί
2511 2439 2592 2494 his
2635 2442 2954 2498 testimoniis
2982 2444 3214 2501 animam
3239 2447 3435 2504 factam

1841 2542 1981 2594 esse,
2011 2542 2120 2581 non
2148 2527 2395 2583 deessent
2418 2530 2506 2599 qui
2528 2530 2769 2587 dicerent
2800 2534 3041 2602 spiritum
3069 2536 3299 2593 hominis
3327 2555 3435 2594 non

1842 2635 1960 2677 esse
1990 2621 2207 2688 factum,
2235 2630 2289 2678 et
2315 2623 2486 2692 ipsum
2508 2624 2895 2681 arbitrarentur
2910 2642 3031 2683 esse
3051 2638 3292 2685 naturam
3311 2632 3429 2700 Dei,

1843 2721 1895 2767 et
1928 2714 1977 2768 in
2006 2714 2179 2784 ipsum
2204 2714 2441 2770 dicerent
2466 2724 2676 2786 partem
2701 2718 2793 2773 Dei
2816 2734 2935 2774 esse
2955 2736 3289 2791 conversam,
3311 2740 3435 2781 cum

1846 2805 1931 2862 illa
1961 2807 2248 2864 insuﬂlatio
2270 2808 2365 2863 Dei
2391 2808 2525 2864 facta
2558 2819 2659 2865 est.
2690 2810 2841 2879 Quod
2866 2827 2992 2868 sana
3021 2814 3256 2871 doctrina
3285 2817 3436 2873 simi-

1844 2898 1964 2954 liter
1992 2900 2232 2969 respuit,
2277 2901 2397 2971 quia
2425 2910 2479 2956 et
2517 2902 2633 2972 ipse
2672 2903 2888 2972 spiritus
2927 2904 3158 2963 hominis
3186 2923 3309 2963 cum
3333 2909 3435 2964 ali-

1845 2990 2056 3060 quando
2076 3000 2240 3059 errat,
2267 3000 2322 3047 et
2340 2992 2625 3063 aliquando
2643 2994 2929 3064 prudenter
2951 2997 3108 3068 sapit,
3124 2999 3437 3056 mutabilem

1845 3096 1905 3137 se
1937 3098 2057 3138 esse
2096 3084 2290 3138 clamat
2318 3103 2329 3137 :
2360 3085 2500 3156 quod
2539 3087 2683 3140 nullo
2720 3088 2879 3142 modo
2908 3088 2974 3143 de
3017 3100 3203 3146 natura
3232 3093 3327 3149 Dei
3355 3092 3437 3148 fas

1845 3185 1925 3230 est
1971 3176 2207 3232 credere.
2265 3177 2381 3233 Non
2420 3187 2598 3234 autem
2640 3189 2816 3250 potest
2857 3183 3028 3254 majus
3069 3185 3276 3257 signum
3316 3203 3440 3245 esse

1846 3269 2108 3339 superbiae
2129 3312 2144 3336 ,
2190 3285 2348 3341 quam
2392 3278 2449 3325 ut
2476 3271 2618 3326 dicat
2643 3287 2702 3328 se
2734 3273 2965 3329 humana
2990 3278 3165 3333 anima
3192 3279 3295 3337 hoc
3317 3295 3440 3339 esse

1848 3358 1988 3428 quod
2019 3360 2160 3415 Deus
2182 3369 2284 3428 est,
2316 3376 2434 3416 cum
2464 3362 2636 3418 adhuc
2665 3365 2763 3420 sub
2791 3368 2946 3422 tantis
2974 3367 3220 3429 vitiorum
3250 3382 3304 3429 et
3331 3373 3437 3431 mi-

1849 3449 2109 3504 seriarum
2141 3451 2371 3507 molibus
2394 3464 2591 3523 gemat.

1946 3538 2174 3596 CAPUT
2208 3540 2299 3596 IX.
2330 3573 2401 3583 -—
2431 3542 2672 3599 Paradisi
2698 3546 2891 3601 delicia:
2914 3549 3037 3619 quid
3065 3552 3353 3625 allegorice.

1920 3628 2008 3685 12.
2040 3630 2191 3686 Nunc
2206 3632 2315 3703 jam
2346 3634 2621 3691 videamus
2651 3637 2819 3707 ipsam
2853 3638 3233 3699 beatitudinem
3262 3645 3436 3703 homi~

1848 3725 1951 3791 nis,
1983 3740 2101 3794 qua:
2130 3726 2358 3795 paradisi
2383 3728 2597 3783 nomine
2623 3729 2954 3799 significatur
2987 3752 2999 3787 :
3030 3750 3151 3790 nam
3182 3739 3437 3808 quoniam

1850 3818 1900 3873 in
1928 3818 2235 3873 nemoribus
2270 3818 2520 3875 deliciosa
2560 3822 2712 3892 quies
2744 3823 3017 3881 hominum
3045 3843 3165 3884 esse
3190 3830 3357 3899 solet,
3381 3842 3439 3888 et

1847 3912 2119 3989 corporeis
2166 3912 2413 3968 sensibus
2442 3916 2640 3971 nostris
2669 3916 2736 3973 de
2774 3919 2979 3976 oriente
3025 3922 3201 3980 lumen
3243 3927 3430 3995 oritur,

1847 4010 2148 4082 coelumque
2176 4008 2467 4083 consurgit,
2498 4009 2638 4084 quod
2659 4012 2903 4085 superius
2929 4029 3124 4089 corpus
3152 4026 3234 4072 est
3255 4028 3438 4075 nostro

1849 4116 2072 4172 corpore
2099 4110 2257 4173 atque
2280 4104 2660 4173 excellentius;
2691 4116 2969 4178 propterea
2987 4110 3070 4167 his
3088 4114 3265 4170 verbis
3276 4111 3434 4171 etiam

1849 4193 2149 4264 spirituales
2191 4193 2426 4261 deliciae,
2473 4211 2605 4267 quas
2642 4197 2800 4253 habet
2832 4198 2984 4255 beata
3025 4201 3165 4268 vita,
3216 4205 3439 4274 ﬁgurate

1849 4285 2220 4357 explicantur,
2267 4295 2320 4341 et
2344 4287 2410 4342 ad
2435 4287 2692 4345 orientem
2722 4290 2994 4359 paradisus
3034 4293 3321 4362 plantatur.
3356 4296 3441 4350 In-

1847 4378 2148 4449 telligamus
2174 4388 2350 4434 autem
2394 4390 2576 4436 nostra
2598 4381 2788 4453 gaudia
2814 4383 3102 4453 spiritualia
3137 4387 3440 4458 significare

1849 4485 2008 4526 omne
2037 4470 2233 4540 lignum
2261 4470 2550 4527 formosum
2573 4473 2639 4527 ad
2673 4485 2945 4543 aspectum
2978 4476 3357 4549 intelligentiae,
3385 4490 3441 4538 et

1850 4563 2047 4619 bonum
2074 4562 2140 4617 ad
2180 4578 2356 4619 escam
2399 4580 2516 4635 qua:
2556 4581 2663 4621 non
2703 4569 3064 4638 corrumpitur
3087 4612 3101 4638 ,
3135 4587 3236 4641 qua
3266 4573 3440 4631 beatae

1850 4657 2041 4712 animae
2068 4666 2359 4728 pascuntur
2389 4676 2401 4712 :
2434 4672 2558 4713 nam
2587 4668 2641 4713 et
2670 4658 2926 4715 Dominus
2954 4661 3105 4730 dicit,
3140 4663 3438 4735 Operamini

1851 4766 2015 4805 escam
2034 4765 2146 4819 qua:
2160 4765 2262 4804 non
2285 4750 2624 4820 corrumpitur
2640 4749 2818 4823 (loan.
2835 4769 2911 4821 vr,
2932 4753 3024 4825 27)
3048 4771 3066 4818 ς
3093 4765 3148 4811 ιιι
3168 4767 3251 4813 est
3265 4760 3440 4815 omnis

1851 4841 2009 4908 ratio,
2039 4856 2155 4910 quae
2181 4840 2330 4895 cibus
2352 4850 2435 4897 est
2454 4842 2664 4896 animm.
2697 4843 2779 4897 Ad
2800 4843 3061 4900 orientem
3087 4887 3101 4913 ,
3144 4848 3317 4904 lucem
3344 4865 3431 4905 sa-

1850 4932 2063 5003 pientia:
2094 4932 2145 4986 in
2172 4931 2355 4999 Eden,
2408 4931 2460 4986 id
2503 4944 2583 4988 est
2627 4934 2679 4988 in
2720 4934 2925 4991 deliciis
2964 4937 3353 4995 immortalibus
3381 4950 3436 4997 et

1853 5023 2291 5096 intelligibilibus.
2317 5023 2448 5079 Nam
2472 5024 2697 5094 deliciae,
2716 5027 2800 5083 vel
2822 5029 3083 5100 voluptas,
3117 5032 3198 5086 vel
3224 5031 3439 5101 epulum

1855 5115 1958 5172 hoc
1982 5116 2145 5171 verbo
2174 5116 2456 5187 significari
2487 5116 2699 5186 dicitur,
2732 5120 2777 5174 si
2806 5135 2871 5176 ex
2898 5122 3112 5177 hebrzeo
3137 5121 3189 5175 in
3214 5122 3437 5180 latinum

1856 5208 2249 5279 interpretetur.
2280 5209 2513 5265 Positum
2543 5221 2625 5267 est
2649 5222 2825 5268 autem
2861 5213 2939 5268 sic
2965 5214 3079 5268 sine
3116 5214 3441 5286 interpreta-

1857 5298 2029 5365 tione,
2062 5307 2119 5353 ut
2147 5299 2374 5369 aliquem
2406 5302 2578 5357 locum
2606 5304 2902 5374 significare
2928 5302 3170 5358 videatur
3191 5347 3207 5373 ,
3239 5307 3439 5378 magis.

1852 5407 1956 5462 que
2000 5393 2272 5463 figuratam
2303 5392 2458 5448 faciat
2507 5395 2846 5450 locutionem.
2897 5394 3220 5453 Productum
3258 5410 3439 5458 autem

1853 5500 1919 5541 ex
1947 5493 2083 5540 terra
2115 5501 2272 5542 omne
2301 5487 2425 5542 illud
2449 5487 2647 5558 lignum
2678 5487 2968 5557 accipimus
2987 5504 3147 5547 omne
3168 5491 3294 5549 illud
3309 5509 3440 5565 gau-

1916 5620 2098 5688 ‘_t.ov.,
2120 5618 2163 5668 si
2185 5632 2277 5691 non
2306 5619 2631 5691 probaretur._
2651 5628 2704 5670 Αῑ
2726 5630 2834 5691 am.
2874 5629 2949 5672 Er.
2978 5632 3029 5674 et
3061 5631 3168 5675 Mss.
3209 5639 3439 5691 quatuor.

1849 5680 2035 5753 decim,
2064 5694 2092 5728 e
2124 5680 2315 5741 quibus
2334 5683 2509 5743 Regius
2544 5682 2699 5732 codex
2738 5687 2930 5747 optima:
2974 5696 3128 5747 notae,
3176 5680 3441 5753 negatione

1846 5751 2032 5792 carent.

2910 5836 3152 5913 {Sept}
