3906 6306
485 315 590 371 905

483 438 632 490 dium
661 430 965 502 spirituale;
1019 426 1071 482 id
1097 433 1200 492 est,
1229 421 1627 496 supereminere
1664 429 1849 481 terrm,
1881 423 1934 470 et
1963 428 2069 468 non

488 525 683 582 involvi
723 529 881 592 atque
919 519 1067 573 obrtti
1119 525 1448 571 terrenarum
1497 513 1844 584 cupiditatum
1892 508 2068 578 impli-

489 615 764 673 catneotis.
818 613 1040 680 Lignum
1083 615 1261 662 autem
1303 605 1424 660 vita:
1467 605 1758 674 plantatum
1799 605 1850 656 in
1893 597 2068 654 medio

487 706 718 780 paradisi
737 739 751 768 ,
799 701 1112 772 sapientiam
1153 698 1294 752 illam
1323 696 1584 767 signiﬁcat
1608 737 1622 762 ,
1652 711 1753 765 qua
1779 701 1986 764 oportet
2011 699 2069 745 tit

486 793 748 870 intelligat
775 797 974 861 anima,
1012 795 1064 847 in
1092 791 1384 847 meditullio
1413 790 1638 860 quodam
1663 803 1839 843 rerum
1869 804 1925 842 se
1949 799 2068 841 esse

481 891 814 954 ordinatam,
842 894 899 940 ιιι
926 883 1168 954 quamvis
1196 881 1486 952 subiectam
1513 879 1612 934 sibi
1645 877 1835 933 habent
1855 889 2066 931 onmem

481 991 724 1038 naturam
771 987 1125 1046 corpoream,
1161 985 1318 1043 supra
1347 987 1406 1026 se
1435 977 1607 1026 tamen
1647 982 1766 1024 esse
1805 968 2066 1038 intelligat

479 1084 726 1132 naturam
769 1071 862 1125 Dei
899 1077 994 1123 :et
1029 1079 1200 1136 neque
1245 1065 1295 1118 in
1335 1065 1607 1118 dexteram
1653 1061 1923 1123 declinet,
1966 1056 2067 1113 sibi

477 1164 780 1237 arrogando
819 1161 958 1232 quod
999 1172 1101 1213 non
1144 1166 1265 1220 est;
1311 1167 1482 1226 neque
1521 1155 1583 1209 ad
1621 1155 1923 1216 sinistram,
1971 1164 2067 1224 per

480 1262 854 1333 negligentiam
876 1255 1265 1315 contemnendo
1288 1256 1424 1326 quod
1437 1259 1518 1310 est
1544 1273 1555 1308 :
1579 1263 1633 1308 et
1655 1251 1754 1307 hoc
1770 1263 1849 1307 est
1867 1253 2063 1321 liguum

478 1356 602 1409 vitro
626 1355 920 1424 plantatum
944 1353 996 1406 in
1019 1347 1193 1406 medio
1216 1345 1465 1420 paradisi.
1497 1340 1663 1417 Ligno
1687 1349 1863 1399 autem
1887 1344 2064 1397 scicn-

477 1448 569 1502 tiae
597 1446 722 1501 boni
752 1453 805 1501 et
831 1443 954 1498 mali
974 1485 989 1510 ,
1021 1445 1131 1514 ipsa
1163 1443 1286 1496 item
1325 1439 1584 1494 medietas
1613 1438 1806 1492 animm
1837 1443 1890 1491 et
1917 1434 2064 1489 ordi-

481 1547 601 1596 nata
641 1540 914 1609 integritas
937 1537 1266 1608 significatur
1300 1553 1311 1586 :
1342 1545 1464 1588 nam
1493 1543 1544 1587 et
1575 1533 1744 1602 ipsum
1781 1533 1979 1599 lignum
2011 1529 2065 1582 in

479 1632 660 1688 medio
685 1629 916 1700 paradisi
945 1629 1237 1696 plautatum
1268 1633 1353 1680 est
1378 1641 1390 1687 ;
1425 1634 1475 1677 et
1505 1622 1621 1678 ideo
1653 1619 1848 1692 lignum
1874 1621 2062 1686 digno-

479 1726 696 1780 SCClllitl‘
721 1723 842 1777 boni
870 1731 922 1777 et
948 1721 1072 1775 mali
1095 1718 1312 1784 dicitur,
1339 1717 1457 1787 quia
1487 1709 1529 1770 si
1560 1715 1731 1769 anima
1761 1731 1876 1784 qum
1906 1712 2064 1768 debet

475 1817 527 1871 in
555 1831 616 1871 en
645 1827 764 1884 quze
780 1813 1046 1867 anteriora
1065 1815 1265 1866 suutse
1284 1804 1596 1872 extendere,
1629 1805 1676 1860 id
1699 1813 1778 1859 est
1797 1806 1844 1858 in
1871 1805 2058 1868 lit-um,

475 1919 530 1964 et
559 1925 619 1964 ea
649 1917 768 1978 quae
794 1905 1088 1976 posteriora
1119 1907 1241 1958 sunt
1269 1897 1505 1957 oblivisci
1538 1895 1792 1968 (Philipp.
1828 1911 1880 1950 Ill
1905 1939 1918 1960 ,
1949 1897 2059 1964 15),

474 2004 529 2058 id
553 2011 637 2058 est
663 2013 948 2072 corporcas
988 1997 1307 2067 voluptates,
1349 1995 1412 2049 ad
1444 1993 1670 2063 seipsam
1712 1991 1923 2046 deserto
1955 1989 2063 2044 Deo

479 2105 735 2150 conversa
767 2092 950 2158 fuerit,
977 2099 1030 2145 et
1053 2105 1146 2146 sua
1169 2088 1402 2160 potentia
1425 2094 1672 2153 tauquam
1701 2085 1814 2138 sine
1835 2083 1942 2137 Deo
1963 2080 2064 2135 frui

472 2189 720 2251 voluerit,
750 2183 1059 2240 intumescit
1085 2179 1351 2251 snperbia,
1376 2178 1513 2249 quod
1541 2171 1628 2232 est
1653 2177 1858 2230 initium
1889 2173 2064 2228 omnis

470 2281 700 2356 peccati.
750 2275 816 2333 Et
848 2293 968 2332 cum
997 2275 1099 2330 hoc
1125 2274 1240 2343 ejus
1267 2283 1542 2342 peccatum
1574 2287 1729 2340 ptena
1760 2268 1913 2324 fuerit
1938 2283 2059 2322 con-

477 2379 658 2429 secuta
687 2413 702 2438 ,
754 2365 1082 2440 experiendo
1125 2363 1277 2421 discit
1301 2364 1427 2434 quid
1459 2363 1664 2417 intersit
1709 2362 1844 2416 inter
1863 2359 2062 2415 bonum

472 2463 616 2535 quod
653 2461 885 2518 deseruit
913 2501 926 2523 ,
962 2468 1015 2513 et
1053 2457 1248 2511 malum
1277 2457 1327 2509 in
1356 2453 1495 2524 quod
1525 2449 1735 2508 cecidit.
1786 2452 1852 2505 Et
1881 2451 1982 2505 hoc
2012 2451 2061 2505 ei

473 2559 574 2614 erit
602 2563 844 2626 gustasse
871 2552 937 2607 de
986 2547 1156 2606 fructu
1197 2543 1404 2603 arboris
1448 2541 1827 2616 dignoscentia}
1855 2541 1979 2596 boni
2011 2551 2065 2596 et

471 2642 621 2704 mali.
673 2640 988 2714 Praecipitur
1011 2655 1143 2711 ergo
1167 2639 1242 2694 illi
1267 2643 1327 2693 ut
1357 2637 1423 2692 de
1462 2636 1606 2691 omni
1642 2633 1786 2705 ligno
1813 2631 1954 2704 quod
1983 2639 2065 2685 est

468 2743 523 2795 in
553 2737 800 2811 paradiso
835 2734 1001 2802 edat,
1043 2747 1106 2788 ex
1146 2727 1288 2802 ligno
1335 2731 1510 2784 autem
1551 2725 1607 2782 in
1633 2739 1735 2797 quo
1762 2734 1844 2781 est
1873 2723 2063 2796 digno-

469 2835 670 2891 sccntia
715 2831 842 2888 boni
881 2838 936 2886 et
971 2827 1097 2884 mali
1145 2833 1249 2882 non
1289 2825 1444 2890 edat;
1488 2821 1543 2878 id
1584 2825 1697 2888 est,
1743 2831 1850 2876 non
1892 2821 1967 2874 sic
1996 2833 2062 2874 eo

467 2928 697 2993 li‘uatur,
729 2929 787 2979 ut
810 2925 980 2994 ipsam
1000 2921 1294 2975 ordinatam
1317 2915 1671 2986 integritatem
1704 2922 1905 2968 naturae
1927 2928 2058 2978 sme,

471 3012 623 3089 quasi
648 3006 1023 3070 manducando
1049 3007 1215 3066 violet
1239 3017 1398 3078 atque
1427 3011 1750 3076 corrumpat.
1836 3076 1838 3078 ν

621 3102 851 3163 CAPUT
877 3104 947 3160 Χ.
975 3134 1043 3142 -
1070 3099 1314 3156 Flumina
1337 3108 1550 3170 quatuor
1578 3098 1696 3168 quid
1724 3105 1914 3150 notent.

545 3202 632 3259 l5.
677 3197 903 3255 Flumen
939 3205 1118 3250 autem
1162 3193 1302 3264 quod
1339 3187 1664 3261 procedebat
1692 3205 1757 3244 ex
1784 3187 1961 3254 Eden,
2009 3189 2061 3244 id

471 3299 555 3352 est
580 3306 646 3351 ex
673 3287 881 3355 deliciis
914 3299 966 3346 et
993 3285 1261 3357 voluptate
1291 3294 1344 3341 et
1369 3283 1538 3356 epulis
1562 3326 1576 3351 ,
1619 3283 1758 3354 quod
1805 3285 2001 3338 iltnncn
2030 3299 2059 3336 a

468 3385 730 3461 propheta
753 3382 1082 3454 significatur
1113 3381 1165 3434 in
1193 3379 1420 3433 Psalmis
1441 3419 1454 3442 ,
1480 3392 1598 3431 cum
1625 3373 1788 3439 dicit,
1819 3369 2061 3429 Torrcnte

469 3480 741 3552 voluptatis
782 3488 882 3530 tua:
927 3474 1121 3546 potabis
1165 3489 1248 3526 eos
1283 3470 1452 3543 (Psal.
1492 3480 1666 3534 xx'xv,
1698 3469 1794 3540 9);
1839 3469 1941 3524 hoc
1979 3477 2060 3524 cst

471 3575 612 3630 enini
644 3567 789 3626 Etten
817 3611 830 3636 ,
871 3567 1014 3639 quod
1053 3563 1214 3620 latine
1261 3565 1502 3632 voluptas
1542 3556 1736 3616 dicitur
1766 3578 1777 3612 :
1808 3555 2061 3616 dividitur

469 3669 526 3722 in
553 3671 781 3736 quatuor
810 3663 1008 3732 partes,
1037 3669 1090 3714 et
1120 3667 1345 3729 quatuor
1371 3657 1591 3711 virtutes
1620 3653 1898 3725 significat,
1933 3669 2058 3723 pru-

469 3758 705 3814 dentiam
726 3798 739 3820 ,
781 3749 1165 3818 fortitudinem,
1197 3749 1624 3819 temperantiam,
1653 3745 1928 3817 justitiam.
1968 3745 2057 3798 Di-

470 3851 611 3905 citur
654 3857 829 3902 autem
866 3839 1062 3898 Phison
1103 3843 1218 3911 ipse
1253 3851 1372 3896 esse
1410 3839 1619 3910 Ganges
1645 3881 1657 3904 ,
1704 3837 1849 3894 Geon
1881 3846 2058 3891 autem

471 3941 623 3996 Nilus
647 3981 661 4005 ,
703 3935 845 4007 quod
887 3935 1044 3990 etiam
1073 3933 1124 3988 in
1155 3931 1383 3989 Ieremia
1427 3931 1680 4002 prOpbeta
1709 3929 2058 3986 animadverti

469 4039 651 4103 potest
681 4043 694 4083 :
728 4041 869 4084 nunc
898 4027 1015 4082 aliis
1035 4025 1338 4081 nominibus
1366 4026 1722 4096 appellantur.
1746 4025 1892 4081 Sicut
1914 4039 2058 4081 nunc

472 4124 684 4181 Tiberis
709 4121 902 4178 dicitur
929 4118 1117 4175 fluvius
1141 4163 1154 4185 ,
1205 4121 1293 4190 qui
1339 4119 1488 4190 prius
1533 4119 1720 4175 Albula
1761 4116 2055 4175 dicebatur.

472 4215 650 4288 Tigris
683 4225 814 4271 vero
843 4223 901 4269 et
927 4211 1221 4283 Euphrates
1250 4212 1408 4268 etiam
1449 4227 1591 4268 nunc
1616 4211 1801 4268 eadem
1845 4215 2059 4270 nomina

473 4317 662 4363 tenent
685 4325 697 4360 :
721 4305 911 4377 quibus
938 4313 1115 4360 tamen
1139 4304 1440 4360 nominibus
1459 4304 1702 4371 virtutes,
1727 4316 1783 4359 ut
1805 4303 1932 4373 dixi,
1953 4307 2061 4378 spi-

472 4395 700 4453 rituales
723 4396 1090 4468 signiﬁcantur
1115 4413 1127 4462 ;
1158 4393 1298 4465 quod
1324 4395 1480 4450 etiam
1507 4395 1744 4466 ipsorum
1785 4399 2060 4454 nomimnn

476 4488 847 4559 interpretatio
893 4486 1078 4553 docet,
1133 4486 1177 4541 si
1227 4487 1343 4557 quis
1387 4485 1655 4542 hebraeam
1707 4489 1938 4561 linguam
1979 4489 2059 4545 vel

481 4592 660 4653 syram
689 4580 1008 4635 consideret.
1057 4577 1211 4634 Sicut
1235 4577 1526 4634 Jerusalem
1556 4583 1796 4649 quamvis
1825 4583 1894 4636 sit
1933 4583 2061 4636 visi-

478 4667 604 4727 bilis
648 4681 703 4726 et
739 4681 988 4726 terrenus
1031 4671 1215 4735 locus,
1264 4669 1527 4741 signiﬁCat
1571 4679 1746 4726 tamen
1793 4673 2060 4730 civitatem

475 4765 626 4835 pacis
645 4763 992 4833 spiritaaliter
1023 4777 1038 4816 :
1067 4771 1119 4817 et
1141 4761 1269 4816 Sion
1299 4762 1538 4834 quamvis
1561 4761 1630 4818 sit
1659 4775 1809 4818 mons
1827 4763 1879 4818 in
1901 4772 2059 4833 terra,

482 4856 898 4926 speculationem
947 4859 1124 4909 tamen
1177 4854 1477 4925 significat;
1526 4865 1580 4911 ct
1622 4853 1724 4912 hoc
1770 4874 1962 4913 nomen
2009 4857 2061 4913 itt

478 4950 874 5021 Scripturarum
893 4945 1159 5020 allegoriis
1173 4948 1236 5002 ad
1255 4948 1541 5019 Spiritualia
1566 4951 1901 5023 intelligenda
1921 4967 2064 5022 saepe

473 5042 801 5101 transfertur
833 5061 844 5097 :
875 5049 928 5097 et
961 5041 1050 5097 ille
1088 5039 1176 5113 qui
1215 5041 1572 5098 descendebat
1597 5043 1663 5099 ab
1687 5043 1980 5100 Jerusalem
2008 5045 2063 5101 in

478 5135 695 5192 Jericho
719 5178 732 5202 ,
775 5134 913 5190 sicut
956 5131 1213 5188 Dominus
1245 5132 1404 5200 dicit,
1448 5146 1500 5190 et
1529 5134 1581 5189 in
1613 5136 1694 5190 via
1731 5135 2061 5205 vulneratus,

475 5230 687 5286 saucius
717 5235 777 5284 et
819 5227 1104 5285 semivivus
1151 5227 1370 5284 relictus
1411 5236 1494 5283 est
1520 5245 1547 5281 a
1587 5227 1880 5284 latronibus
1915 5227 2062 5302 (Luc.

478 5338 537 5389 ι,
560 5321 652 5394 ‘50)
674 5363 688 5386 ,
717 5322 898 5394 utique
921 5319 1070 5376 locos
1105 5320 1235 5375 istos
1255 5328 1550 5387 terrarum,
1597 5320 1836 5391 quamvis
1871 5337 2063 5378 secun-

481 5415 609 5471 dum
639 5411 914 5472 historiam
945 5415 997 5470 in
1017 5425 1164 5472 terra
1186 5413 1536 5481 inveniantur,
1567 5412 1912 5486 spiritualitcr
1926 5418 2066 5489 cogit

480 5501 722 5579 intelligi.

554 5601 640 5654 id.
679 5599 970 5655 Prudentia
996 5616 1153 5670 ergo,
1178 5616 1298 5670 qua).
1335 5599 1595 5672 signiﬁcat
1625 5600 1793 5672 ipsam
1825 5611 2063 5657 contem-
2097 5662 2118 5676 μ

2105 5677 2110 5682 “
2175 5684 2279 5724 Mss.
2306 5681 2605 5738 vero,_atqzte
2625 5673 2920 5724 ordinatione
2932 5673 3140 5736 jitstitia.
3164 5673 3358 5738 Supple,
3378 5673 3608 5728 consistit.

483 5689 770 5761 plationetn
800 5688 1037 5745 veritatis
1061 5690 1126 5744 ab
1145 5689 1288 5746 omni
1306 5705 1397 5746 ore
1417 5692 1650 5747 humano
1675 5691 1922 5761 alienam,
1943 5695 2066 5766 quia

483 5793 565 5848 est
593 5780 895 5845 nteﬂ‘abilis,
925 5795 1084 5852 quam
1117 5783 1159 5837 si
1188 5784 1364 5853 eloqui
1393 5784 1543 5851 velis,
1576 5786 1808 5856 parturis
1833 5803 1950 5843 eam
1971 5803 2066 5858 po-

1352 302 1441 358 DE
1485 303 1729 361 GENESI
1765 299 2040 357 CONTRA
2077 295 2376 368 MANICH.,
2416 297 2473 355 S.
2515 292 2882 356 AUGUSTINI

3659 293 3779 354 ωδ

2180 409 2288 465 tius
2312 423 2471 482 quam
2499 409 2658 480 paris,
2689 409 2808 480 quia
2830 401 2901 463 ibi
2923 405 3122 462 audivit
3139 409 3196 463 et
3216 407 3499 477 Apostolus
3524 405 3779 466 ineffabi-

2178 501 2246 556 lia
2276 502 2434 557 verba
2457 515 2578 572 quae
2600 511 2707 556 non
2735 497 2855 555 licet
2883 496 3085 553 homini
3120 497 3260 570 loqui
3292 495 3360 571 (ll
3384 498 3502 555 Cor.
3534 509 3638 566 xu,
3666 495 3728 572 4)
3760 519 3776 554 :

2176 587 2291 650 haec
2324 607 2454 665 ergo
2491 592 2767 665 prudentia
2811 601 3006 648 terram
3042 588 3302 658 circumit,
3334 605 3451 662 quae
3477 587 3636 648 habet
3663 607 3778 649 au—

2177 699 2328 754 rum,
2372 695 2426 743 et
2466 685 2877 751 carbunculum,
2909 693 2962 740 et
2988 675 3214 754 lapidem
3251 681 3520 754 prasinum
3545 728 3560 754 ,
3587 681 3644 740 id
3675 696 3775 744 est

2173 778 2507 849 disciplinam
2538 777 2779 845 vivendi,
2819 789 2936 848 qute
2960 775 3027 832 ab
3051 771 3296 832 omnibus
3323 777 3547 832 terrenis
3583 775 3777 832 set-di-

2175 871 2293 937 bus,
2323 870 2471 944 quasi
2503 866 2722 928 decocta
2753 867 2984 939 nitescit,
3010 871 3146 926 sicut
3167 882 3357 925 aurum
3385 863 3646 941 optimum
3673 885 3687 936 ;
3720 879 3780 925 ct

2176 966 2478 1032 veritatem,
2507 974 2667 1035 quam
2699 963 2841 1018 nulla
2871 959 3076 1018 falsitas
3105 963 3269 1018 vineit
3296 965 3336 1030 ί,
3367 962 3502 1018 sicut
3525 957 3778 1018 carbun-

2173 1053 2278 1109 culi
2309 1054 2481 1125 fulgor
2507 1063 2660 1109 nocte
2686 1067 2788 1108 non
2813 1053 3068 1119 vincitur;
3091 1057 3145 1108 et
3161 1055 3320 1108 vitam
3343 1059 3620 1120 aeternam,
3643 1066 3778 1124 qua:

2175 1143 2439 1201 viriditate
2465 1142 2655 1216 lapidis
2686 1141 2883 1215 prasini
2915 1143 3262 1214 significatur,
3287 1153 3505 1215 propter
3524 1145 3776 1219 vigorem

2171 1237 2260 1307 qui
2291 1249 2399 1292 non
2426 1237 2638 1292 arescit.
2671 1235 2887 1292 Fluvios
2912 1247 3086 1291 autem
3117 1231 3201 1291 ille
3231 1233 3318 1307 qui
3346 1237 3532 1292 circuit
3559 1242 3778 1293 terram

2174 1325 2503 1397 Ethiotiiam
2539 1325 2763 1382 multum
2792 1323 3017 1382 calidam
3045 1334 3206 1396 atque
3233 1321 3522 1382 ferventem
3547 1370 3561 1394 ,
3593 1327 3775 1399 signi-

2173 1420 2297 1476 ficat
2319 1417 2680 1475 fortitudinem
2712 1421 2888 1476 calore
2913 1417 3138 1474 aetionis
3165 1419 3396 1474 alacrem
3424 1427 3582 1490 atque
3606 1419 3776 1491 impi-

2174 1527 2347 1584 gram.
2379 1512 2593 1569 Tertius
2625 1521 2803 1569 autem
2826 1511 3000 1583 Tigris
3025 1510 3168 1567 vadit
3197 1519 3381 1566 contra
3407 1507 3679 1584 Assyrios,
3717 1522 3773 1566 et

2173 1607 2435 1677 signiﬁcat
2465 1606 2886 1678 temperantiam,
2919 1619 3038 1677 qua:
3059 1599 3257 1661 resisdt
3281 1601 3505 1670 libidini,
3530 1599 3770 1659 multum

2171 1697 2474 1753 adversanti
2515 1698 2762 1754 consiliis
2807 1695 3101 1768 prudentize
3127 1709 3140 1751 :
3171 1695 3309 1750 unde
3351 1695 3669 1766 plerumque
3712 1689 3770 1750 in

2172 1789 2463 1862 Scripturis
2481 1789 2684 1862 Assyrii
2702 1785 3128 1846 adversariorum
3140 1786 3257 1842 luco
3275 1789 3563 1856 penuntur.
3585 1785 3772 1853 Quar-

2173 1890 2256 1936 tus
2274 1880 2465 1937 lluvius
2482 1898 2586 1936 non
2608 1882 2806 1937 dictum
2828 1889 2908 1936 est
2933 1887 3115 1934 contra
3134 1878 3263 1949 quid
3284 1878 3460 1945 vadat,
3486 1885 3574 1932 aut
3597 1893 3768 1949 quam

2172 1984 2366 2030 terram
2398 1971 2687 2031 circumeat
2713 1993 2726 2030 :
2750 1971 2953 2045 justltia
2978 1970 3118 2027 enim
3143 1969 3208 2025 ad
3234 1984 3420 2026 omnes
3441 1981 3618 2041 partes
3647 1967 3771 2026 ani-

2172 2084 2272 2121 mas
2315 2068 2578 2138 pertinet,
2624 2067 2745 2137 quia
2785 2066 2902 2137 ipsa
2936 2061 3068 2119 crdo
3107 2069 3160 2118 ct
3186 2057 3407 2132 :cquitas
3435 2063 3628 2118 anima:
3658 2072 3765 2128 est,

2170 2171 2271 2229 qua
2293 2158 2396 2213 sibi
2424 2154 2525 2213 ista
2554 2158 2655 2213 tria
2683 2154 3020 2212 concorditer
3036 2153 3380 2226 copulantur;
3413 2153 3600 2224 prima,
3630 2167 3770 2224 pru-

2170 2251 2384 2317 dentia;
2418 2245 2671 2317 secunda,
2708 2243 2994 2314 fortitudo;
3022 2243 3201 2312 tertia,
3223 2246 3602 2314 temperantia;
3628 2255 3683 2301 et
3713 2247 3767 2300 in

2173 2341 2272 2398 ista
2300 2347 2409 2397 tota
2438 2340 2774 2412 copulatione
2797 2349 2954 2411 atque
2979 2333 3313 2394 ordinatione
3338 2332 3540 2407 iustitia
3569 2335 3609 2392 '.

2233 2431 2458 2489 CAPUT
2486 2427 2577 2488 XI.
2605 2454 2674 2472 —
2703 2432 2871 2503 Opera
2896 2425 3112 2485 hominis
3135 2429 3189 2483 in
3217 2425 3456 2500 paradiso
3481 2445 3498 2483 :
3519 2430 3694 2484 mulier

2674 2525 2728 2579 in
2753 2521 3065 2594 adjuturiuttt
3091 2527 3248 2595 facta.

2246 2615 2330 2674 15.
2372 2617 2526 2687 Quod
2553 2626 2730 2674 autem
2758 2617 2831 2672 ita
2871 2613 3189 2672 constitutus
3217 2619 3297 2670 est
3325 2615 3486 2670 homo
3519 2615 3569 2670 in
3600 2627 3764 2686 para-

2169 2709 2306 2777 diso,
2337 2722 2393 2764 ut
2423 2715 2736 2780 cperaretur
2765 2720 2818 2764 et
2841 2707 3165 2774 custodiret;
3196 2707 3433 2777 operatio
3464 2705 3547 2761 illa
3575 2701 3764 2762 lauda-

2167 2797 2325 2858 bilior
2349 2803 2610 2858 laboriosa
2641 2817 2746 2857 non
2772 2809 2904 2857 erat.
2931 2793 3048 2856 Alia
3072 2809 3154 2854 est
3182 2809 3410 2870 namque
3439 2799 3489 2853 in
3509 2797 3765 2870 paradiso

2169 2898 2429 2966 operatio,
2464 2905 2514 2950 et
2541 2895 2642 2950 alia
2670 2893 2720 2949 in
2751 2903 2913 2961 terra,
2947 2909 3052 2964 quo
3085 2903 3203 2964 post
3228 2902 3506 2963 peccatum
3537 2892 3764 2949 damna-

2171 2997 2254 3041 tus
2276 2996 2375 3042 est.
2415 2985 2489 3041 Ex
2523 3001 2587 3042 eo
2617 2997 2794 3042 autem
2823 2985 2961 3058 quod
2985 2981 3221 3041 additum
3253 2995 3354 3053 est,
3385 2995 3429 3040 et
3454 2985 3766 3052 custodiret;

2174 3079 2526 3149 signiﬁcatum
2559 3088 2640 3133 est
2663 3079 2835 3149 qualis
2863 3077 2953 3132 illa
2988 3078 3229 3148 operatio
3266 3085 3398 3133 erat.
3436 3071 3681 3149 Namque
3709 3075 3764 3135 in

2165 3169 2553 3241 tranquillitate
2589 3170 2758 3225 beatae
2801 3171 2925 3224 vita:
2948 3211 2962 3235 ,
2995 3168 3084 3225 ubi
3115 3179 3259 3225 mors
3288 3181 3394 3225 non
3425 3179 3538 3238 est,
3584 3169 3767 3228 omnis

2168 3277 2329 3333 opera
2361 3271 2440 3318 est
2465 3261 2736 3319 custodire
2764 3261 2905 3333 quod
2938 3273 3107 3319 tenes.
3137 3264 3344 3334 Accipit
3369 3265 3526 3319 etiam
3555 3277 3739 3336 prtece

2166 3365 2338 3426 ptum,
2371 3355 2438 3411 de
2466 3367 2572 3426 quo
2597 3354 2972 3426 superiusjam
3001 3357 3343 3410 tractavimus
3365 3355 3582 3428 (Supra,
3607 3375 3660 3414 σο
3679 3359 3761 3432 9).

2165 3445 2317 3516 Quod
2349 3457 2695 3518 praeceptum,
2724 3446 2972 3518 quoniam
3001 3447 3078 3504 sic
3105 3447 3458 3516 concluditur,
3487 3458 3542 3504 ut
3563 3467 3672 3506 non
3697 3452 3762 3509 ad

2167 3553 2328 3596 unum
2351 3541 2627 3611 loquatur;
2657 3541 2733 3595 sic
2755 3539 2898 3595 enim
2927 3535 3078 3607 dicit,
3107 3543 3218 3607 Qua
3240 3541 3321 3595 die
3342 3551 3509 3596 autent
3535 3545 3762 3598 mandit-

2166 3631 2415 3699 cav‘eritis,
2449 3642 2608 3687 morte
2637 3631 2953 3698 moriemini;
2979 3633 3162 3702 incipit
3182 3633 3375 3704 exponi
3397 3635 3670 3705 quomodo
3693 3635 3764 3692 sit

2165 3720 2302 3781 facta
2347 3723 2582 3780 femina:
2618 3734 2672 3780 et
2709 3723 2844 3780 facta
2877 3725 3068 3780 dicitur
3097 3723 3151 3780 in
3175 3726 3494 3797 adjutorium
3526 3729 3660 3795 viri,
3708 3737 3763 3785 ut

2165 3817 2507 3890 copulatione
2539 3815 2798 3889 spirituali
2831 3817 3131 3889 spiritualcs
3158 3820 3296 3876 fetus
3325 3821 3524 3889 ederet,
3577 3819 3628 3877 id
3679 3830 3761 3880 est

2168 3911 2303 3967 bona
2327 3925 2487 3981 opera
2513 3910 2705 3966 divittte
2731 3911 2935 3978 laudis;
2964 3912 3090 3968 dum
3113 3913 3204 3970 ille
3227 3915 3383 3985 regit,
3410 3913 3524 3970 haec
3542 3910 3759 3970 obtem-

2171 4009 2319 4074 perat
2341 4017 2355 4070 ;
2389 4003 2478 4059 ille
2500 4017 2528 4059 a
2550 4001 2808 4074 sapientia
2829 4001 3046 4075 regitur,
3069 4003 3186 4060 haec
3205 4023 3234 4060 a
3256 4007 3392 4061 viro.
3420 4001 3590 4078 Caput
3607 4009 3757 4064 enim

2165 4095 2263 4148 viri
2306 4092 2582 4158 Christus,
2615 4101 2669 4149 et
2705 4103 2866 4164 caput
2910 4093 3148 4150 mulieris
3189 4097 3270 4150 vir
3315 4090 3355 4168 (l
3398 4093 3515 4151 Cor.
3553 4113 3628 4163 χι,
3673 4093 3755 4169 3).

2167 4185 2396 4256 Ideoque
2433 4187 2660 4241 dicitur:
2694 4185 2813 4240 Non
2844 4196 2911 4240 est
2937 4187 3120 4240 bonum
3147 4188 3308 4242 solum
3335 4185 3585 4244 hominem
3623 4204 3752 4246 esse.

2168 4277 2358 4333 Adhuc
2381 4277 2521 4332 enim
2551 4287 2666 4332 erat
2691 4276 2733 4345 ³,
2763 4278 2906 4347 Quod
2933 4277 3113 4343 fieret,
3144 4288 3202 4332 ut
3234 4295 3340 4333 non
3370 4279 3540 4336 solum
3575 4282 3754 4336 anima

2168 4372 2377 4441 corpori
2423 4369 2819 4433 dominaretur,
2869 4371 2989 4440 quia
3039 4385 3235 4439 corpus
3281 4371 3528 4428 servilem
3574 4373 3754 4430 locum

2168 4463 2388 4528 obtinet,
2423 4461 2516 4518 sed
2542 4464 2700 4518 etiam
2734 4461 2897 4516 virilis
2923 4463 3058 4517 ratio
3089 4464 3392 4535 subjugaret
3419 4463 3521 4522 sibi
3548 4469 3755 4524 anima-

2169 4556 2272 4611 lem
2303 4563 2506 4624 partem
2552 4569 2698 4608 suam
2724 4596 2738 4622 ,
2785 4569 2879 4625 per
2915 4553 3055 4626 quod
3094 4551 3417 4625 adjutorium
3464 4559 3756 4631 imperaret

2168 4647 2399 4716 corpori.
2449 4645 2529 4701 Ad
2573 4645 2733 4716 hujus
2780 4647 2857 4701 rei
2906 4648 3206 4717 exemplum
3245 4645 3442 4705 femina
3481 4651 3615 4708 facta
3645 4661 3747 4720 eet,

2170 4751 2326 4808 quam
2359 4750 2537 4792 rerum
2569 4737 2701 4792 ordo
2725 4737 2970 4807 subjugat
2999 4738 3147 4802 viro;
3192 4748 3251 4793 ut
3291 4736 3434 4810 quod
3467 4743 3516 4796 in
3548 4737 3753 4798 duobus

2172 4829 2473 4886 hominibus
2496 4830 2792 4885 evidentius
2818 4839 3054 4899 apparet,
3083 4831 3133 4885 id
3161 4835 3239 4886 est
3265 4831 3317 4886 in
3342 4834 3576 4889 masculo
3601 4841 3651 4890 et
3675 4833 3739 4891 fe-

2171 4924 2333 4989 mina,
2365 4924 2523 4977 etiam
2552 4922 2604 4976 in
2636 4937 2742 4978 uno
2761 4922 2976 4978 homine
2997 4922 3320 4981 considerari
3349 4929 3551 4997 possit:
3583 4935 3638 4983 ut
3658 4943 3727 4999 ap

2172 5015 2392 5086 petitum
2418 5015 2608 5070 animm
2628 5058 2642 5082 ,
2683 5030 2778 5086 per
2800 5029 2955 5086 quem
2983 5015 3050 5073 de
3073 5019 3329 5074 membris
3355 5021 3591 5090 corporis
3621 5033 3720 5090 ape

2172 5121 2381 5176 rantur,
2429 5107 2620 5162 habeat
2663 5122 2815 5162 mens
2857 5108 3078 5164 interior
3119 5120 3368 5180 tanquam
3410 5111 3575 5166 virilis
3618 5115 3748 5168 ratio

2172 5200 2504 5270 subiugatum
2531 5242 2545 5266 ,
2575 5207 2630 5254 et
2654 5200 2792 5270 justa
2821 5199 2937 5272 lege
2969 5199 3182 5256 modum
3225 5199 3464 5272 imponat
3490 5202 3749 5272 adjutorio

2172 5307 2290 5360 suo,
2318 5292 2455 5347 sicut
2481 5292 2561 5346 vir
2585 5291 2746 5348 debet
2776 5293 3023 5348 feminam
3045 5311 3252 5366 regere,
3274 5311 3369 5350 nec
3395 5311 3513 5351 eam
3533 5297 3737 5368 perluit-

2237 5429 2253 5459 ι
2278 5427 2424 5494 ξᾱίιὶε
2451 5426 2578 5476 sicut
2599 5439 2771 5494 auram
2793 5425 3080 5494 optimam_ct
3105 5441 3262 5478 verum
3279 5429 3406 5492 quod
3423 5429 3557 5494 nulla
3572 5429 3750 5494 iubila:

2174 5487 2332 5554 vincit.
2359 5496 2414 5539 At
2433 5495 2540 5538 Mss.
2563 5486 2919 5554 meliuris‘notre
2947 5502 2956 5537 :
2983 5489 3108 5538 sicut
3132 5486 3305 5539 (uirtuti
3333 5486 3599 5554 optimum}
3617 5500 3660 5544 et
3685 5505 3751 5542 re-
3776 5530 3786 5539 .

2172 5553 2380 5611 ritatem,
2407 5559 2524 5608 etc.;
2550 5564 2659 5614 quae
2675 5550 2819 5600 lectio
2838 5550 3020 5614 planior

2236 5617 2256 5645 ι
2281 5609 2394 5662 Editi
2415 5614 2484 5661 sic
2501 5609 2681 5662 habent
2705 5625 2734 5680 ς⁵
2777 5609 2885 5680 (σιτί’
2908 5609 3202 5680 ordinatione
3233 5612 3483 5680 pegfﬁcitml
3497 5615 3750 5677 justitiam.

2239 5739 2258 5768 ³
2274 5743 2346 5800 illa
2370 5735 2584 5800 melioris
2608 5745 2731 5786 mitte
2893 5751 3002 5785 cum
3034 5746 3129 5786 Ain.
3167 5735 3330 5800 etii—rw
3346 5735 3433 5789 ubi
3456 5746 3564 5790 [.ov.
3589 5739 3750 5796 habet.

2175 5799 2239 5849 ad
2262 5799 2348 5848 hoc
2371 5798 2497 5849 enim
2519 5805 2639 5847 erat.
