3906 6350
161 361 256 426 iis
1495 379 1698 442 LIBER
1735 380 2111 450 SECUNDUS.

174 499 282 546 tere
303 487 568 547 dominari
599 491 656 546 in
691 491 900 562 virum;
929 494 1068 567 quod
1099 492 1184 552 ubi
1207 498 1485 570 contingil,
1517 516 1762 571 perversa

174 591 221 639 et
247 581 439 639 misera
466 581 666 641 domus
689 595 819 642 est.-

241 675 331 732 16.
370 676 551 734 Primo
577 694 710 750 ergo
751 676 1136 736 demonstravit
1163 680 1303 738 Deus
1333 681 1537 739 homini
1564 695 1764 757 quanto

170 768 363 824 melior
388 776 529 825 esset
569 769 887 841 pecoribus,
931 779 987 827 et
1024 773 1270 830 omnibus
1311 773 1764 834 irrationabilibus

165 861 527 918 animantibus
552 879 566 918 :
593 869 652 918 et
675 861 780 919 hoc
800 862 1062 936 signifiCat
1085 866 1225 937 quod
1246 863 1442 923 dictum
1467 877 1568 938 est,
1595 869 1764 926 addu-

163 959 250 1006 cla
277 963 399 1008 esse
425 951 492 1007 ad
523 951 672 1008 illum
693 953 872 1008 omnia
898 953 1205 1024 animantia,
1236 965 1293 1012 ut
1317 958 1519 1015 videret
1545 957 1668 1032 quid
1700 974 1762 1017 ea

162 1050 404 1110 vocaret,
430 1050 487 1099 et
511 1043 589 1100 eis
615 1045 828 1102 nomina
858 1044 1178 1119 imponeret.
1202 1047 1280 1104 Ex
1302 1049 1405 1106 hoc
1430 1053 1570 1108 enim
1599 1069 1763 1126 appa-

160 1139 248 1190 ret
288 1129 405 1208 ipsa
447 1136 655 1193 ratione
693 1133 962 1194 hominem
1008 1139 1281 1197 meliorem
1322 1158 1442 1199 esse
1481 1161 1636 1216 quam
1666 1161 1760 1218 pe-

161 1245 292 1286 cora
312 1273 329 1297 ,
364 1230 513 1302 quod
543 1229 871 1304 distinguere
899 1243 951 1289 et
979 1235 1291 1292 nominatim
1323 1252 1382 1292 ea
1415 1237 1719 1297 discernere
1741 1284 1757 1310 ,

159 1323 378 1378 nonnisi
422 1322 560 1397 ratio
604 1332 811 1396 potest,
845 1343 963 1400 quae
998 1326 1064 1382 de
1104 1329 1233 1398 ipsis
1258 1329 1476 1400 judicat.
1505 1329 1611 1388 Sed
1642 1332 1760 1390 haec

158 1415 328 1472 facilis
361 1417 501 1472 ratio
527 1425 639 1483 est;
668 1417 775 1473 cito
801 1419 941 1475 enim
963 1418 1127 1476 homo
1147 1422 1463 1494 intelligitse
1481 1425 1758 1481 meliorem

156 1521 278 1563 esse
303 1505 632 1579 pecoribus:
667 1509 753 1564 illa
785 1520 866 1566 est
901 1510 1130 1568 difﬁcilis
1156 1515 1322 1579 ratio,
1369 1529 1470 1587 qua
1516 1517 1760 1597 intelligit

155 1598 208 1655 in
237 1602 422 1672 seipso
451 1599 598 1656 aliud
624 1615 745 1659 esse
772 1602 1032 1661 rationale
1064 1603 1204 1677 quod
1235 1607 1371 1679 regit
1396 1648 1409 1673 ,
1457 1605 1598 1663 aliud
1638 1607 1756 1664 ani-

153 1692 293 1750 male
319 1693 464 1766 quod
489 1693 708 1767 regitur.

242 1781 476 1844 CAPUT
511 1785 633 1843 Xll.
660 1818 733 1829 —
759 1787 940 1860 Sopita
979 1783 1106 1846 Atla:
1130 1791 1314 1865 juncta
1355 1791 1485 1850 Eva.
1530 1793 1667 1863 Quid

827 1883 921 1938 sibi
944 1885 1081 1939 velit.

219 1967 294 2025 Et
319 1972 575 2042 quoniam
597 1967 715 2028 hzec
743 1976 1033 2032 secretiore
1063 1976 1322 2048 sapientia
1351 1979 1532 2049 videt,
1581 1982 1754 2054 ipsam

149 2061 420 2118 visionem
439 2071 700 2120 secretam
723 2065 938 2122 nomine
959 2069 1167 2139 soporis
1190 2069 1475 2141 signiﬁcari
1498 2074 1748 2146 arbitror,

147 2169 305 2225 quem
336 2145 564 2209 immisit
589 2155 730 2211 Deus
759 2155 812 2211 in
838 2155 1043 2230 Adam,
1077 2160 1291 2231 quando
1317 2161 1365 2217 ei
1392 2165 1586 2220 mulier
1610 2145 1751 2222 facta

146 2254 245 2301 est.
277 2244 522 2306 ULcnim
553 2245 655 2302 hoc
688 2245 960 2317 videatur,
1008 2267 1114 2306 non
1159 2261 1240 2306 est
1277 2267 1411 2325 opus
1439 2253 1609 2312 oculis
1635 2257 1751 2313 istis

147 2335 453 2407 corporeis,
487 2335 581 2393 sed
611 2348 809 2409 quanto
839 2339 1064 2411 quisque
1097 2341 1163 2398 ab
1189 2341 1304 2398 istis
1330 2343 1629 2403 visibilibus
1660 2365 1749 2404 re-

142 2431 246 2488 bus
263 2431 318 2486 in
344 2432 596 2488 interiora
626 2433 982 2506 intelligentia)
1005 2437 1293 2494 secesserit
1318 2437 1444 2508 (hoc
1465 2451 1550 2499 est
1568 2451 1746 2497 autem

142 2524 294 2595 quasi
327 2522 775 2598 obdormiscere),
827 2535 972 2580 tanto
1015 2527 1208 2583 melius
1239 2539 1293 2584 et
1331 2529 1592 2586 sincerius
1620 2532 1748 2589 illud

141 2615 307 2672 videt.
355 2613 476 2688 Ipsa
517 2618 662 2672 enim
701 2617 962 2690 cognitio,
1011 2636 1113 2692 qua
1156 2619 1469 2694 intelligitur
1499 2621 1550 2678 in
1593 2625 1748 2682 nobis

142 2707 288 2764 aliud
317 2721 444 2764 esse
469 2708 610 2780 quod
640 2709 846 2765 ratione
867 2709 1194 2777 dominetur,
1222 2712 1364 2768 aliud
1390 2715 1529 2785 quod
1556 2715 1746 2772 rationi

140 2797 519 2874 obtemperet;
549 2802 662 2873 ipsa
683 2817 810 2876 ergo
831 2803 1062 2878 cognitio
1089 2805 1250 2861 veluti
1280 2805 1488 2864 ell‘ectio
1507 2808 1746 2865 mulieris

141 2901 224 2949 est
253 2889 323 2949 de
352 2903 504 2948 costa
529 2894 666 2962 viri,
710 2905 926 2968 propter
961 2896 1394 2969 coujunctionem
1438 2900 1746 2973 signiﬁcan-

140 2983 285 3038 dam.
320 2983 548 3052 Deinde,
588 2995 646 3040 ut
681 2988 904 3060 quisque
931 2987 1057 3044 huic
1086 3005 1197 3045 sua:
1229 2993 1366 3062 parti
1395 3003 1541 3050 recte
1570 2993 1746 3051 domi-

141 3086 320 3144 netur,
357 3087 410 3132 et
447 3075 534 3131 ﬁat
577 3077 728 3149 quasi
770 3077 1060 3151 coniugalis
1086 3081 1137 3136 in
1165 3083 1372 3154 seipso,
1403 3094 1459 3139 ut
1488 3102 1612 3142 caro
1638 3103 1747 3144 non

140 3170 491 3239 concupiscat
522 3167 779 3226 adversus
821 3172 1090 3243 Spiritum,
1127 3175 1218 3230 sed
1251 3177 1457 3247 spiritui
1489 3179 1742 3253 subjuge-

141 3271 257 3328 tur,
301 3261 360 3316 id
401 3271 486 3317 est
525 3263 954 3333 concupiscentia
1001 3267 1230 3321 carnalis
1280 3284 1383 3322 non
1428 3268 1745 3328 adversetur

141 3353 364 3419 rationi,
395 3354 490 3409 sed
517 3355 696 3428 potius
723 3355 1140 3427 obtemperando
1167 3357 1376 3416 desinat
1404 3378 1523 3419 esse
1549 3379 1739 3420 carna-

137 3444 228 3512 lis,
258 3461 398 3517 Opus
423 3442 587 3501 habet
613 3443 847 3518 perfecta
884 3448 1163 3520 sapientia.
1184 3451 1345 3523 Cujus
1366 3455 1742 3526 contemplatio

138 3539 261 3610 quia
295 3538 524 3593 interior
550 3548 631 3593 est
659 3547 712 3593 et
738 3540 1028 3609 secretior,
1059 3552 1108 3597 et
1139 3543 1206 3597 ab
1234 3545 1379 3600 omni
1421 3561 1581 3603 sensu
1617 3564 1741 3604 cor—

139 3631 287 3701 poris
316 3629 712 3698 remotissima,
765 3633 1144 3689 eonvenieuter
1187 3636 1344 3690 etiam
1391 3637 1489 3693 ista
1532 3641 1741 3709 50poris

139 3715 365 3770 nomine
396 3715 621 3786 intelligi
656 3723 848 3786 potest.
877 3715 1028 3772 Tunc
1056 3719 1201 3773 enim
1229 3720 1621 3779 ordinatissime
1646 3740 1739 3780 ca-

138 3816 235 3878 put
261 3805 507 3862 mulieris
531 3807 616 3861 vir
641 3816 744 3875 est,
763 3824 882 3864 cum
907 3821 1062 3880 caput
1082 3810 1184 3864 viri
1213 3821 1296 3867 est
1319 3810 1580 3882 CLristus,
1603 3817 1694 3888 qui
1720 3819 1738 3850 ί

137 3897 420 3969 Sapientia
453 3907 534 3953 est
562 3899 677 3955 Dei.

211 3989 303 4045 i7.
345 3985 488 4045 Sane
519 3989 573 4044 in
600 3989 777 4045 locum
810 3989 950 4047 illius
977 4000 1140 4048 eosne
1162 4007 1376 4050 carnem
1403 3995 1733 4068 adimplevit,

133 4091 195 4138 ut
227 4081 341 4137 hoc
381 4081 603 4137 nomine
631 4081 991 4139 insinuaretur
1016 4083 1316 4141 dilectionis
1350 4086 1590 4159 affectus,
1630 4104 1736 4162 quo

133 4171 310 4244 diligit
339 4172 709 4244 unusquisque
733 4172 964 4228 animam
989 4190 1162 4243 suam,
1193 4186 1246 4232 et
1273 4194 1376 4233 non
1399 4189 1478 4235 est
1498 4179 1662 4237 durus
1679 4193 1738 4239 ut

133 4280 254 4322 eam
282 4275 632 4332 contemnat;
663 4265 803 4337 quod
835 4265 1006 4337 diligit
1024 4269 1247 4339 quisque
1267 4271 1350 4326 cui
1375 4281 1589 4342 praeest.
1616 4273 1733 4330 Non

131 4358 280 4415 enim
328 4358 410 4414 sic
448 4357 719 4413 nominata
765 4366 848 4413 est
890 4373 1016 4414 caro
1055 4359 1159 4416 isto
1197 4361 1338 4431 loco,
1374 4375 1436 4419 ut
1464 4366 1732 4423 carnalem

131 4451 631 4523 concupiscentiam
660 4451 954 4524 signiﬁcet;
987 4452 1080 4510 sed
1107 4454 1208 4510 isto
1234 4457 1394 4513 modo
1425 4459 1601 4529 potius
1627 4477 1732 4532 quo

128 4543 400 4618 prepheta
448 4545 577 4601 dicit
621 4544 818 4602 auferri
861 4547 1059 4619 populo
1094 4563 1187 4604 cor
1212 4550 1500 4622 lapideum,
1535 4564 1589 4610 et
1617 4555 1732 4612 dari

130 4653 230 4694 cor
260 4651 530 4694 cameum
573 4635 783 4711 (Ezech.
815 4653 904 4708 ιι,
939 4638 1052 4710 f9).
1085 4637 1197 4695 [loc
1247 4642 1408 4698 modo
1433 4645 1577 4701 enim
1603 4646 1733 4704 dicit

131 4731 298 4788 etiam
336 4729 661 4802 Apostolus:
694 4726 816 4786 Non
838 4731 894 4785 in
921 4729 1106 4787 tabulis
1135 4732 1364 4803 lapideis,
1398 4735 1487 4790 sed
1508 4736 1560 4791 in
1582 4738 1729 4792 tubu-

137 4822 199 4880 σε
237 4823 413 4879 cordia
441 4824 728 4879 carnalibus
761 4821 825 4896 (ll
863 4821 980 4879 Cor.
1010 4839 1066 4880 ut
1088 4868 1103 4890 ,
1135 4823 1215 4894 3).
1248 4825 1405 4881 Aliud
1430 4836 1512 4884 est
1537 4832 1730 4902 quippe

131 4916 353 4989 propria
394 4913 627 4981 locutio,
672 4914 812 4971 aliud
860 4915 1101 4987 ﬁgurata,
1138 4917 1306 4988 qualis
1332 4917 1433 4974 ista
1458 4929 1542 4975 est
1569 4933 1727 4991 quam

134 5015 431 5066 tractamus
458 5009 634 5066 modo.
677 5009 1014 5082 Quapropter
1032 5012 1132 5067 etsi
1161 5011 1386 5068 visibilis
1420 5013 1610 5070 femina
1638 5029 1727 5073 se-

134 5099 376 5157 cundum
423 5097 698 5156 historiam
737 5100 804 5156 de
848 5116 1073 5172 corpore
1111 5101 1209 5157 viri
1238 5104 1412 5174 primo
1436 5104 1573 5162 facta
1594 5119 1726 5163 esta

131 5193 369 5250 Domino
395 5189 530 5259 Deo,
555 5207 661 5247 non
691 5193 875 5264 utique
900 5193 1015 5248 sine
1041 5207 1198 5249 causa
1229 5193 1302 5250 ita
1333 5194 1467 5252 facta
1492 5205 1594 5265 est,
1625 5199 1727 5255 nisi

135 5295 194 5342 ut
216 5283 439 5358 aliquod
464 5293 730 5341 secretum
769 5284 1058 5340 intimaret.
1088 5284 1223 5340 Num
1253 5287 1394 5344 enim
1431 5286 1524 5345 'aut
1567 5288 1728 5347 limus

134 5379 303 5438 deluit
320 5379 464 5436 unde
482 5376 676 5436 femina
698 5377 1051 5435 formaretur?
1073 5387 1183 5448 aut,
1207 5382 1250 5436 si
1271 5381 1431 5438 vellet
1449 5381 1723 5453 Dominus,

135 5469 342 5528 homini
383 5469 630 5542 vigilanti
674 5479 875 5527 costam
915 5471 1032 5528 sine
1073 5471 1261 5529 dolore
1299 5472 1582 5532 detrahere
1618 5491 1727 5534 non

133 5563 354 5637 posset?
389 5561 516 5620 Sive
541 5578 674 5637 ergo
711 5563 810 5618 ista
841 5563 1062 5636 ﬁgurate
1095 5564 1236 5622 dicta
1263 5568 1395 5635 sint,
1425 5568 1538 5625 sive
1565 5571 1724 5626 etiam

133 5661 367 5732 ﬁgurate
413 5655 554 5713 facta
595 5658 721 5720 sint,
766 5673 872 5712 non
913 5657 1112 5713 frustra
1153 5660 1253 5714 hoc
1292 5661 1451 5717 modo
1471 5659 1614 5718 dicta
1641 5664 1726 5719 vel

127 5753 275 5814 facta
321 5761 485 5818 sunt;
527 5746 623 5807 sed
669 5759 788 5805 sunt
817 5752 968 5822 plane
995 5755 1247 5824 mySteria
1277 5762 1331 5811 et
1358 5768 1686 5814 sacramenta
1708 5801 1722 5826 ,

195 5869 212 5905 ι
243 5865 505 5934 Sequimur
529 5870 602 5914 Er.
632 5869 746 5913 \‘en.
771 5873 818 5915 et
839 5871 944 5917 ιον.
975 5873 1042 5930 8.,
1062 5880 1185 5932 qua;
1253 5875 1308 5917 Μ.

3356 412 3464 473 206

1875 503 1987 562 sive
2013 506 2116 564 hoc
2145 505 2304 566 modo
2341 523 2447 584 quo
2479 517 2708 576 tenuitas
2735 526 2916 578 nostra
2945 533 3188 596 conatur,
3214 529 3330 587 sive
3357 525 3491 588 alii

1874 613 1978 666 quo
2007 598 2111 655 alio
2140 601 2380 672 meliore,
2407 608 2700 666 secundum
2726 627 2910 671 sanam
2937 621 3114 676 tamen
3140 619 3302 679 ﬁdem
3334 634 3458 683 sunt

1874 688 2266 763 interpretanda
2298 704 2352 753 et
2377 697 2736 774 intelligenda.

1939 800 2169 861 CAPUT
2195 807 2334 864 XIII.
2359 841 2432 851 «κ-
2451 811 2736 884 Spirituale
2763 820 3056 894 coniugium
3078 825 3133 881 in
3157 826 3382 886 homine.

1943 917 2032 1016 £8.
2066 919 2298 1016 _Vocavit
2323 940 2453 996 ergo
2474 930 2749 988 millia-em
2768 949 2921 992 suam
2947 938 3055 1007 vir,
3081 948 3332 1013 tanquam
3355 961 3456 1016 po-

1871 1007 1975 1066 tior
2001 1009 2332 1082 inferiorem,
2356 1027 2417 1074 et
2439 1019 2576 1076 dixit
2599 1041 2612 1076 :
2639 1021 2753 1080 Hoc
2777 1043 2912 1082 nunc
2927 1041 2987 1084 os
3008 1029 3076 1086 de
3099 1007 3291 1089 ossibus
3307 1007 3454 1104 meis,

1869 1108 1917 1197 et
1939 1106 2152 1197 carnide
2185 1123 2340 1165 cum
2365 1126 2498 1166 mea.
2533 1111 2605 1167 0:
2629 1115 2696 1169 de
2721 1117 2916 1174 ossibus
2935 1157 2951 1185 ,
2988 1119 3214 1180 fortasse
3239 1136 3458 1197 propter

1867 1190 2233 1287 fortitudinem
2255 1217 2268 1266 ;
2293 1210 2350 1258 et
2367 1219 2488 1260 caro
2502 1206 2566 1260 de
2581 1223 2754 1274 eam,
2783 1220 3002 1282 propter
3026 1190 3455 1287 temperantiam.

1867 1283 1960 1341 Ha:
1983 1301 2215 1382 namque
2233 1291 2354 1348 dua:
2376 1296 2680 1354 virtutesad
2702 1300 3006 1360 inferiorem
3029 1283 3194 1363 animi
3225 1323 3452 1382 partem,

1866 1391 2026 1470 quam
2057 1381 2341 1450 prudentia
2368 1388 2645 1446 rationalis
2673 1393 2809 1463 regit
2827 1432 2843 1460 ,
2871 1393 3134 1454 ducatur
3157 1403 3452 1470 pertinere.

1865 1469 2015 1564 Quod
2053 1483 2233 1530 autem
2274 1477 2476 1535 dictum
2511 1490 2619 1549 est,
2659 1482 2790 1540 Hm
2814 1487 3072 1544 vocabitur
3093 1469 3296 1557 mulier,
3324 1511 3455 1564 «μο-

1864 1562 2002 1651 niam
2028 1564 2090 1620 de
2115 1567 2221 1623 viro
2246 1585 2340 1624 suo
2377 1583 2579 1644 sumpta
2623 1584 2726 1641 est;
2771 1576 2874 1633 ista
2911 1578 3062 1650 origo
3098 1562 3350 1651 nominis,
3396 1597 3455 1642 et

1863 1650 2232 1724 interpretatio
2257 1659 2310 1714 in
2341 1660 2520 1732 lingua
2551 1664 2715 1720 latina
2743 1683 2850 1723 non
2877 1680 3118 1739 apparet.
3146 1673 3287 1740 Quid
3304 1650 3451 1732 enim

1861 1743 2039 1801 simile
2058 1746 2258 1805 habeat
2284 1753 2527 1809 mulieris
2557 1771 2750 1813 mea
2773 1758 2839 1813 ad
2858 1760 2960 1816 viri
2987 1777 3204 1830 comem
3239 1781 3344 1822 non
3365 1769 3452 1824 in-

1859 1838 2090 1894 venitur.
2119 1840 2227 1898 Sed
2267 1845 2320 1899 in
2350 1844 2567 1902 hebraea
2596 1848 2865 1908 locutione
2889 1851 3088 1910 dicitur
3111 1855 3191 1912 sic
3221 1872 3448 1928 sonare,

1858 1931 2009 2000 quasi
2037 1931 2239 1989 dictum
2273 1936 2380 1992 sit:
2412 1937 2539 1995 Hac
2563 1941 2840 1998 vocabitur
2875 1943 3075 2016 virago,
3101 1949 3356 2018 quoniam
3381 1951 3453 2009 de

1857 2020 1973 2076 viro
2014 2037 2114 2080 suo
2160 2035 2371 2099 sumpta
2413 2036 2515 2084 est.
2563 2030 2696 2088 Nam
2734 2033 2918 2105 virago
2958 2037 3040 2092 vel
3080 2038 3230 2110 virgo
3273 2043 3449 2110 potius

1857 2113 2022 2173 habet
2058 2119 2287 2190 aliquam
2325 2122 2729 2182 similitudinem
2755 2143 2882 2184 cum
2915 2129 3014 2186 viri
3041 2132 3293 2200 nomine;
3325 2150 3449 2192 mu-

1857 2206 1956 2262 lier
1980 2220 2160 2265 autem
2184 2227 2290 2268 non
2312 2213 2473 2270 habet
2498 2234 2512 2269 :
2543 2217 2638 2274 sed
2664 2218 2785 2287 hoc,
2807 2227 2869 2275 ut
2892 2219 3026 2291 dixi,
3054 2223 3246 2294 lingua
3271 2225 3449 2282 diver—

1857 2298 1987 2356 sitas
2018 2300 2163 2358 facit.

1928 2393 2016 2448 19.
2051 2393 2202 2460 Quod
2218 2406 2396 2454 autem
2414 2399 2656 2456 additum
2673 2412 2777 2470 est,
2797 2403 3063 2475 Relinquat
3087 2408 3236 2463 homo
3249 2420 3450 2481 patrem

1855 2493 1903 2539 et
1927 2494 2161 2554 mtrem,
2207 2496 2255 2542 et
2293 2489 2570 2546 adhaerebit
2613 2495 2764 2548 uxori
2799 2512 2942 2563 ante;
2987 2509 3038 2553 et
3073 2511 3216 2555 erum
3255 2503 3356 2559 duo
3391 2507 3448 2561 in

1853 2592 2006 2631 carae
2034 2594 2155 2644 una,
2191 2581 2459 2650 quomodo
2484 2583 2748 2642 referatur
2769 2588 2838 2642 ad
2862 2589 3141 2647 historiam
3167 2609 3274 2650 non
3299 2597 3449 2653 inve-

1854 2668 1962 2732 nio,
1995 2670 2095 2726 nisi
2117 2672 2262 2742 quod
2289 2673 2604 2746 plerumque
2635 2677 2689 2732 in
2720 2694 2915 2748 genere
2944 2680 3178 2740 humano
3197 2685 3297 2742 ista
3316 2703 3446 2744 cou-

1852 2759 2097 2830 tingunt;
2125 2763 2219 2819 sed
2249 2772 2355 2820 tota
2383 2767 2659 2836 prophetia
2685 2779 2798 2836 est,
2823 2772 2978 2842 citius
3005 2775 3296 2845 Apostolus
3325 2793 3443 2836 mo-

1851 2852 2008 2906 minit
2027 2891 2044 2917 ,
2075 2853 2262 2911 dicens
2299 2873 2312 2910 :
2355 2855 2578 2930 Propter
2603 2861 2701 2916 hoc
2729 2863 2971 2933 relinquet
2998 2868 3149 2922 Iconio
3177 2880 3369 2939 patrem
3393 2884 3446 2929 et

1851 2952 2096 3014 matrem,
2124 2957 2173 3000 et
2199 2948 2475 3006 adhaerebit
2503 2954 2650 3007 uxori
2673 2971 2812 3021 cute;
2839 2965 2888 3010 et
2909 2971 3057 3014 erant
3087 2961 3187 3016 duo
3209 2963 3263 3017 in
3291 2981 3446 3023 came

1850 3052 1971 3091 una.
2001 3038 2393 3097 Sacrameutum
2419 3045 2515 3099 hoc
2540 3061 2782 3118 magnum
2800 3059 2873 3104 est
2895 3067 2916 3106 :
2941 3069 3032 3123 ego
3054 3063 3228 3110 autem
3251 3057 3366 3112 dico
3385 3061 3442 3115 in

1851 3125 2051 3184 Christo
2073 3140 2122 3186 et
2149 3133 2203 3186 in
2233 3132 2459 3190 Ecclesia
2489 3135 2707 3207 (Ep/ter.
2742 3157 2792 3207 ν,
2825 3141 2915 3208 51,
2943 3143 3058 3216 52).
3091 3145 3246 3213 Quod
3271 3148 3441 3206 Mani-

1847 3219 1984 3276 chaei
2006 3222 2052 3277 si
2081 3237 2186 3278 non
2218 3225 2347 3281 caeci
2373 3227 2629 3298 legerent,
2654 3231 2743 3300 qui
2770 3247 2866 3302 per
2891 3234 3161 3305 Epistolas
3189 3241 3444 3310 apostoli-

1850 3325 1942 3365 cas
1959 3313 2156 3371 multos
2181 3315 2470 3387 decipiunt,
2505 3320 2864 3393 intelligerent
2882 3330 3153 3396 quomodo
3177 3333 3444 3404 accipienv

1848 3401 1932 3457 da:
1965 3404 2074 3460 sint
2109 3405 2318 3463 Veteris
2351 3409 2678 3468 Testamenti
2715 3415 3027 3487 smmi-ae,
3072 3436 3176 3478 nec
3205 3401 3314 3481 tam
3351 3441 3442 3483 sa-
3477 3483 3487 3494 ,

1845 3495 2045 3566 erilega
2089 3513 2218 3555 voce
2242 3501 2502 3560 auderent
2536 3518 2790 3563 accusare
2813 3510 2957 3576 quod
2985 3515 3248 3571 nesciunt.
3280 3519 3438 3587 Quod

1843 3595 2024 3642 autem
2053 3589 2180 3644 nudi
2205 3601 2358 3646 erant
2383 3592 2552 3649 Adam
2591 3604 2646 3652 et
2673 3597 2866 3655 mulier
2891 3601 3037 3670 ejus,
3071 3613 3128 3660 et
3154 3619 3260 3663 non
3299 3626 3436 3666 con-

1843 3676 2236 3748 fundebantur,
2271 3683 2667 3754 simplicitatem
2693 3690 2887 3747 animae
2923 3695 3331 3769 castitatequ
3353 3704 3434 3758 si-

1843 3772 2079 3841 gniﬁcat.
2120 3774 2251 3829 Nam
2279 3786 2332 3832 et
2361 3777 2646 3847 Apostolus
2672 3781 2744 3837 ita
2770 3783 2902 3840 dicit
2937 3803 2950 3840 :
2995 3787 3177 3860 Aptari
3213 3808 3302 3848 vos
3340 3810 3436 3851 um

1843 3864 1949 3918 viro
1972 3866 2215 3937 virginem
2250 3878 2445 3925 cauam
2466 3871 2700 3928 exhibere
2724 3873 2927 3932 Christo
2949 3891 2970 3932 :
3003 3879 3151 3935 timeo
3174 3893 3342 3939 autem
3370 3903 3435 3943 ne

1839 3957 1970 4011 sicut
1994 3974 2199 4028 serpens
2224 3958 2387 4014 Evam
2410 3962 2590 4033 fefellit
2620 3968 2836 4021 versutia
2858 3984 2972 4035 ate,
3001 3970 3075 4025 ita
3095 3988 3433 4047 oorrumpmw

1839 4058 1924 4105 tur
1951 4061 2140 4109 utentes
2177 4064 2354 4110 vestra:
2384 4071 2415 4110 a
2443 4056 2766 4127 siruplict‘tete
2788 4069 2837 4114 et
2859 4063 3116 4129 mutate,
3141 4081 3256 4135 qua
3276 4077 3349 4124 ea
3374 4072 3432 4126 in

1840 4143 2042 4201 Christo
2071 4146 2135 4220 (η
2163 4145 2284 4202 Cor.
2312 4162 2390 4216 XI,
2421 4149 2474 4216 a,
2505 4150 2584 4220 δ).

1897 4259 2125 4318 CAPUT
2166 4262 2305 4318 XIV.
2335 4293 2405 4304 -ο-
2433 4264 2652 4337 Serpens
2682 4268 2942 4338 diabolus,
2991 4269 3098 4326 Eva
3131 4271 3363 4341 eiectus.
3453 4254 3471 4313 li

1907 4373 2000 4430 20.
2040 4375 2278 4446 Serpens
2324 4386 2502 4432 autem
2545 4379 2805 4450 signiﬁcat
2842 4379 3148 4454 diabolum,
3179 4387 3270 4458 qui
3297 4405 3427 4448 sane

1839 4476 1945 4520 non
1964 4475 2079 4522 erat
2100 4465 2344 4537 simplex.
2375 4467 2525 4535 Quod
2556 4471 2696 4525 enim
2719 4471 2913 4528 dicitur
2936 4474 3227 4546 sapientior
3252 4483 3426 4539 omni-

1836 4557 1937 4612 bus
1962 4557 2168 4625 bestiis,
2199 4560 2422 4630 ﬁgurate
2444 4559 2739 4616 insinuatur
2762 4561 2876 4634 ejus
2908 4567 3161 4624 versutia.
3189 4569 3304 4627 Non
3325 4589 3426 4630 au-

1833 4657 1944 4704 tem
1971 4647 2172 4706 dictum
2212 4657 2294 4706 est
2330 4649 2470 4722 quod
2513 4652 2566 4706 in
2607 4653 2855 4724 paradiso
2895 4667 3007 4713 erat
3046 4675 3295 4734 serpens,
3325 4665 3425 4723 sed

1836 4753 1952 4799 erat
1978 4759 2200 4814 serpens
2232 4743 2369 4800 inter
2397 4745 2598 4801 bestias
2625 4763 2754 4818 quas
2793 4746 2916 4805 fecit
2948 4751 3108 4808 Deus.
3138 4753 3429 4813 Paradisus

1832 4849 2068 4909 namque
2114 4836 2322 4892 beatam
2367 4834 2528 4892 vitam
2552 4881 2567 4907 ,
2598 4849 2657 4894 ut
2683 4841 2929 4912 superius
2967 4843 3112 4914 dixi,
3159 4848 3424 4920 signiﬁcat

1837 4926 2054 5001 (Supra,
2087 4944 2202 5000 cap.
2233 4926 2292 4996 9)
2317 4968 2331 4995 ,
2376 4929 2429 4983 in
2457 4941 2556 5000 qua
2579 4927 2690 5000 jam
2721 4945 2828 4988 non
2856 4942 2971 4989 erat
3011 4945 3265 5006 serpens,
3299 4937 3423 5008 quia

1830 5019 1939 5091 jam
1971 5019 2212 5077 diabolus
2251 5029 2398 5088 erat;
2449 5030 2504 5077 et
2537 5021 2603 5078 de
2640 5037 2736 5080 sua
2761 5023 3091 5084 beatitudine
3126 5027 3417 5097 ceciderat.

1833 5113 1957 5184 quia
1973 5112 2026 5167 in
2047 5115 2274 5169 veritate
2293 5127 2400 5170 non
2418 5114 2582 5171 stetit.
2605 5115 2715 5172 Nec
2734 5117 3032 5175 mirandum
3054 5127 3136 5175 est
3151 5120 3421 5191 quomodo

1837 5205 2041 5262 mulieri
2082 5205 2226 5277 loqui
2251 5203 2510 5278 potuerit,
2545 5220 2672 5264 cum
2702 5206 2793 5264 illa
2819 5209 3034 5267 essetin
3065 5209 3334 5281 paradiso,
3365 5221 3425 5268 et

1831 5295 1926 5354 ille
1961 5311 2068 5354 non
2092 5305 2274 5366 esset;
2319 5310 2425 5354 non
2465 5299 2607 5355 enim
2651 5307 2744 5354 aut
2784 5300 2875 5355 illa
2906 5299 3198 5357 secundum
3240 5300 3421 5358 locum

1832 5399 1950 5447 erat
1974 5389 2031 5448 in
2053 5389 2326 5466 paradiso,
2354 5392 2449 5448 sed
2473 5394 2650 5464 potius
2669 5391 2963 5449 secundum
2983 5391 3324 5451 beatitudinis
3342 5391 3423 5452 af-

1831 5485 2031 5544 fectum
2059 5500 2074 5542 :
2103 5495 2196 5544 aut
2219 5484 2428 5544 etiamsi
2457 5487 2608 5543 locus
2636 5495 2719 5541 est
2741 5486 2866 5541 talis
2895 5486 2988 5559 qui
3015 5485 3292 5558 paradisus
3321 5505 3420 5546 vo-

1833 5588 2004 5649 cetur,
2031 5578 2083 5635 in
2110 5593 2216 5651 quo
2240 5579 2591 5651 corporaliter
2612 5576 2781 5633 Adam
2801 5588 2856 5634 et
2873 5579 3069 5636 mulier
3081 5580 3418 5652 habitabant,

1832 5676 1994 5731 etiam
2018 5671 2215 5730 diaboli
2245 5687 2518 5729 accessum
2550 5671 2898 5746 corporaliter
2924 5673 3219 5746 intelligere
3253 5677 3417 5733 debe-

1834 5769 1997 5822 mus?
2024 5765 2140 5820 Non
2171 5767 2380 5836 utique,
2412 5763 2506 5820 sed
2536 5765 2920 5836 spiritualiter,
2966 5767 3101 5824 sicut
3133 5769 3418 5841 Apostolus

1836 5863 1980 5930 dicit,
2014 5861 2301 5917 Secundum
2330 5859 2604 5932 principem
2634 5863 2890 5933 potestatis
2918 5865 3064 5927 acris,
3099 5863 3306 5930 spiritus
3330 5863 3416 5932 qui
