3906 6328
473 475 608 516 nunc
633 461 868 528 operatur
896 454 950 508 in
975 451 1096 523 ﬁliis
1115 451 1402 522 diﬁidentia:
1431 448 1642 522 (Ep/res.
1672 465 1732 516 ιι,
1771 447 1850 519 2).
1895 445 2058 502 Num—

473 549 603 622 quid
628 563 757 619 ergo
782 545 1059 602 visibiliter
1090 545 1169 599 eis
1193 541 1447 614 apparet,
1479 550 1570 596 aut
1597 541 1746 612 quasi
1786 537 2056 610 corporeis

472 641 604 698 locis
631 638 834 696 accedit
859 636 926 693 ad
952 653 1044 693 eos
1073 637 1124 690 in
1153 635 1344 707 quibus
1375 632 1661 704 operatur?
1691 632 1808 688 Non
1835 632 2015 702 utique
2038 672 2054 698 ,

474 732 570 788 sed
614 728 766 786 miris
809 728 985 784 modis
1028 742 1125 797 per
1167 725 1512 797 cogitationes
1539 723 1776 795 suggerit
1799 719 2056 792 quidquid

473 831 671 894 potest.
701 820 904 888 Quibus
932 818 1356 890 suggestionibus
1391 817 1673 882 resistunt,
1702 816 1790 886 qui
1821 829 1947 870 vere
1973 813 2055 869 di-

472 926 619 982 cunt,
646 914 790 985 quod
810 914 937 970 item
958 911 1388 983 dicitApostolus
1416 929 1428 963 :
1461 909 1582 964 Non
1608 909 1742 964 enim
1764 910 2058 980 ignoramus

472 1008 686 1064 astutias
715 1007 822 1078 ejus
857 1004 926 1076 (ll
969 1004 1087 1060 Cor.
1119 1020 1152 1060 ιι
1171 1045 1186 1072 ,
1215 1001 1326 1075 ll).
1355 1001 1634 1070 Quomodo
1664 1002 1808 1057 enim
1834 1000 2059 1056 accessit

472 1101 540 1157 ad
564 1099 776 1166 Judam,
803 1098 1014 1170 quando
1040 1098 1089 1154 ei
1120 1096 1386 1168 persuasit
1412 1106 1470 1150 ut
1491 1096 1771 1151 Dominum
1803 1092 2058 1149 traderet?

481 1192 738 1263 numquid
774 1192 827 1246 in
856 1190 1007 1258 locis,
1030 1197 1122 1244 aut
1136 1204 1231 1261 per
1260 1189 1358 1244 hos
1377 1188 1562 1244 oculos
1578 1188 1625 1242 ei
1644 1187 1787 1242 visus
1807 1187 1928 1241 est?
1951 1183 2058 1240 Sed

486 1285 699 1356 utique,
745 1292 802 1340 ut
845 1283 1044 1340 dictum
1085 1292 1204 1350 est,
1253 1283 1467 1337 intravit
1513 1282 1564 1335 in
1610 1296 1703 1335 cor
1745 1280 1861 1349 ejus
1905 1276 2055 1351 (Luc.

474 1393 604 1441 χχιι,
633 1375 710 1449 5).
736 1375 970 1446 Repellit
988 1384 1166 1430 autem
1192 1374 1338 1440 illum
1361 1373 1543 1440 homo,
1572 1373 1614 1426 si
1644 1371 1944 1442 paradisum
1966 1385 2060 1425 cu-

475 1468 689 1523 stodiat.
739 1469 922 1524 Posuit
948 1468 1089 1524 enim
1129 1468 1271 1523 Deus
1311 1467 1580 1522 hominem
1617 1466 1670 1520 in
1697 1465 1973 1536 paradiso,
2004 1472 2061 1518 ut

478 1569 791 1632 Operaretur
819 1570 873 1616 et
896 1559 1189 1615 custodiret
1218 1576 1229 1610 :
1262 1559 1385 1629 quia
1413 1558 1491 1613 sic
1519 1556 1585 1612 de
1612 1555 1844 1610 Ecclesia
1877 1557 1893 1586 ⁸
1922 1553 2058 1609 dici-

475 1663 561 1708 tur
588 1655 643 1709 in
671 1653 905 1710 Canticis
927 1652 1277 1718 canticorum,
1312 1649 1504 1704 Hortus
1530 1651 1818 1713 conclusus,
1845 1647 1960 1715 fons
1984 1647 2058 1700 si-

474 1754 658 1816 gnatus
686 1742 861 1816 (Cant.
897 1758 971 1810 tv,
1004 1741 1127 1812 l2);
1157 1757 1261 1812 quo
1287 1741 1467 1810 utique
1495 1755 1598 1794 non
1624 1736 1918 1793 admittitur
1944 1751 2062 1806 per-

475 1834 742 1890 versitatis
767 1835 858 1890 ille
877 1817 1181 1904 persuasor.
1211 1831 1316 1888 Sed
1343 1840 1518 1885 tamen
1546 1845 1640 1900 per
1667 1829 1943 1884 mulierem
1967 1825 2061 1882 de-

472 1930 601 2001 cipit
625 1947 637 1983 :
672 1945 776 1984 non
798 1928 938 1984 enim
969 1928 1128 1982 etiam
1159 1925 1298 1981 ratio
1320 1933 1499 1980 nostra
1525 1922 1714 1979 deduci
1743 1922 1808 1977 ad
1834 1935 2061 1978 consen-

472 2022 678 2077 sionem
705 2021 908 2090 peccati
931 2027 1125 2090 potest,
1159 2018 1259 2072 nisi
1284 2032 1404 2072 cum
1423 2015 1707 2071 delectatio
1734 2022 1878 2069 mota
1904 2010 2062 2068 fuerit

476 2115 527 2169 in
556 2115 643 2169 illa
685 2124 834 2184 parte
874 2113 1072 2177 animi,
1115 2128 1235 2182 quae
1272 2110 1432 2167 debet
1473 2109 1841 2178 obtemperare
1869 2104 2062 2162 rationi

473 2216 722 2277 tanquam
754 2206 948 2262 rectori
977 2205 1112 2260 viro.

542 2298 632 2352 2|.
675 2298 1010 2352 Etiamnum.
1045 2313 1100 2352 tn
1131 2311 1446 2366 unoquoque
1485 2303 1726 2350 nostrum
1763 2291 1891 2347 nihil
1916 2290 2061 2347 aliud

473 2391 666 2462 agitur,
691 2406 810 2446 cum
827 2390 892 2446 ad
915 2398 1188 2460 peccatum
1211 2388 1437 2460 quisque
1456 2386 1737 2453 delabitur,
1759 2401 1916 2456 quam
1941 2394 2065 2441 tunc

474 2493 651 2539 actum
678 2491 761 2539 est
785 2483 836 2538 in
865 2483 967 2538 illis
994 2482 1160 2538 tribus
1179 2522 1194 2547 ,
1223 2489 1469 2552 serpente
1488 2520 1502 2546 ,
1537 2479 1791 2546 muliere,
1833 2487 1888 2534 et
1924 2479 2060 2535 viro.

477 2573 607 2628 Nam
653 2574 823 2643 primo
861 2573 921 2627 lit
965 2572 1230 2644 suggestio
1257 2571 1372 2627 sive
1409 2586 1506 2642 per
1529 2569 1919 2642 cogitationem,
1951 2569 2064 2624 sive

477 2681 572 2737 per
598 2680 786 2721 sensus
813 2665 1052 2734 corporis
1077 2706 1091 2731 ,
1126 2665 1210 2719 vel
1240 2662 1470 2719 videndo
1489 2705 1506 2731 ,
1533 2663 1616 2717 vel
1647 2661 1911 2733 tangendo
1929 2703 1942 2729 ,
1978 2661 2063 2717 vel

473 2755 758 2822 audiendo,
785 2757 864 2810 vel
890 2754 1170 2827 gustando,
1197 2756 1283 2811 vel
1303 2753 1601 2812 olfaciendo
1623 2772 1634 2808 :
1658 2770 1777 2826 qure
1797 2753 2064 2826 suggestio

475 2866 595 2906 cum
626 2851 760 2906 facta
789 2849 964 2918 fuerit,
988 2849 1032 2904 si
1058 2849 1320 2920 cupiditas
1341 2856 1521 2904 nostra
1548 2863 1656 2904 non
1682 2847 1980 2903 movebitur
1997 2845 2065 2902 ad

473 2941 839 3012 peccandum,
872 2941 1182 2998 excludetur
1228 2942 1492 3013 serpentis
1537 2941 1758 3007 astutia;
1799 2940 1844 2994 si
1886 2948 2064 2995 autem

477 3042 622 3089 mota
653 3034 844 3101 fuerit,
891 3034 1042 3104 quasi
1081 3033 1287 3090 mulieri
1323 3035 1433 3104 jam
1461 3049 1771 3104 persuasum
1801 3035 1920 3090 erit.
1959 3033 2065 3090 Sed

477 3125 760 3196 aliquando
785 3127 921 3181 ratio
944 3126 1165 3181 viriliter
1191 3127 1350 3183 etiam
1376 3135 1697 3183 commotam
1724 3127 2064 3196 cupiditatem

479 3216 714 3272 refrenat
742 3226 900 3288 atque
926 3218 1236 3288 compescit.
1269 3218 1423 3286 Quod
1448 3234 1570 3274 cum
1597 3219 1676 3285 lit,
1704 3234 1809 3274 non
1839 3218 2066 3274 labimur

479 3306 533 3362 in
562 3317 854 3378 peccatum,
879 3308 971 3364 sed
992 3325 1110 3365 cum
1133 3309 1399 3380 aliquanta
1419 3309 1704 3366 luctatione
1725 3325 2061 3366 coronamur.

415 3454 431 3466 ,
478 3397 536 3454 Si
561 3407 736 3453 autem
764 3399 902 3456 ratio
926 3401 1238 3466 consentiat,
1265 3408 1318 3455 et
1336 3399 1474 3471 quod
1506 3399 1670 3456 libido
1694 3401 2062 3470 commoverit,

478 3488 778 3546 faciendum
804 3506 924 3546 esse
950 3490 1224 3558 decernat,
1247 3490 1313 3546 ab
1338 3490 1483 3546 omni
1511 3491 1620 3547 vita
1641 3490 1793 3546 beata
1814 3499 2066 3563 tanquam

480 3580 548 3637 de
573 3582 819 3653 paradiso
843 3582 1124 3654 expellitur
1147 3582 1326 3637 homo.
1353 3581 1470 3637 Jam
1495 3582 1637 3638 enim
1665 3591 1938 3653 peccatum
1969 3584 2068 3639 im-

485 3683 730 3747 putatur,
759 3676 964 3732 etiamsi
1009 3691 1112 3730 non
1161 3673 1514 3745 subsequatur
1555 3674 1786 3740 factum;
1816 3676 2067 3746 quoniam

481 3780 574 3821 rea
605 3775 812 3821 tenetur
839 3767 894 3820 in
915 3766 1267 3821 consensione
1289 3765 1632 3822 conscientia.

659 3855 885 3913 CAPUT
923 3856 1037 3912 XV.
1065 3887 1136 3897 —
1161 3855 1394 3912 Tentatio
1420 3858 1670 3930 quomodo
1697 3859 1884 3930 dejicit.

557 3945 648 4001 22.
688 3947 804 4015 Quo
844 3956 1023 4004 autem
1065 3947 1225 4004 modo
1253 3963 1475 4019 serpens
1503 3949 1591 4005 ille
1633 3960 1906 4020 peccatum
1943 3965 2067 4022 per-

483 4039 731 4107 suaserit,
761 4039 1038 4110 diligenter
1063 4040 1504 4098 considerandum
1535 4050 1644 4109 est;
1676 4043 1903 4114 pertinet
1927 4045 2067 4099 enim

485 4131 714 4188 maxime
760 4131 826 4188 ad
871 4142 1105 4188 nostram
1133 4133 1358 4190 salutem
1384 4151 1396 4188 :
1428 4149 1548 4190 nam
1579 4134 1700 4192 ideo
1729 4136 1844 4192 haec
1873 4138 2067 4208 scripta

484 4233 610 4279 sunt
650 4233 706 4279 ut
739 4224 849 4296 jam
890 4225 1010 4280 talia
1055 4241 1354 4283 caveamus.
1404 4225 1538 4282 Nam
1580 4243 1698 4283 cum
1748 4228 2069 4301 interrogata

482 4317 672 4372 mulier
691 4317 1051 4388 respondisset
1071 4319 1194 4390 quid
1214 4321 1293 4376 eis
1313 4329 1636 4392 prazceptum
1657 4330 1826 4388 esset;
1849 4322 1923 4379 ait
1946 4322 2064 4380 ille:

487 4407 610 4463 Non
657 4419 817 4464 morte
858 4411 1138 4466 moriemini
1168 4427 1185 4465 :
1214 4412 1396 4466 sciebat
1426 4415 1445 4443 ²
1488 4413 1620 4467 enim
1659 4412 1797 4468 Deus
1828 4416 2069 4486 quoniam

482 4517 581 4570 qua
619 4501 699 4555 die
733 4501 1150 4556 ntanducaveritis
1189 4518 1252 4557 ea:
1279 4503 1388 4570 illo,
1420 4504 1711 4575 aperientur
1738 4507 1873 4561 oculi
1897 4508 2067 4575 vestri,

481 4603 530 4647 et
577 4595 711 4650 eritis
754 4595 880 4649 sicut
908 4595 998 4662 dii,
1030 4596 1234 4650 scientes
1262 4597 1446 4652 bonum
1487 4608 1532 4652 et
1576 4599 1785 4656 malum.
1815 4601 2068 4659 Videmus

483 4682 570 4739 itis
599 4685 774 4741 verbis
812 4701 907 4756 per
931 4687 1231 4757 superbiam
1273 4696 1546 4759 peccatum
1575 4705 1696 4747 esse
1720 4707 2066 4763 persuasum:

485 4779 554 4835 ad
584 4780 684 4834 hoc
711 4781 853 4836 enim
880 4781 1021 4836 valet
1047 4781 1187 4852 quod
1229 4782 1426 4839 dictum
1468 4793 1584 4853 est,
1625 4784 1782 4840 Eritis
1819 4787 1949 4842 sicut
1972 4788 2064 4846 dii.

483 4873 631 4930 Sicut
662 4873 820 4930 etiam
865 4873 968 4928 hoc
995 4873 1134 4944 quod
1162 4874 1360 4931 dictum
1389 4885 1504 4943 est,
1546 4875 1746 4932 Sciebat
1771 4879 1902 4934 enim
1928 4877 2069 4938 Deus

484 4966 723 5038 quoniam
749 4982 849 5038 qua
876 4966 957 5021 die
980 4968 1393 5025 mandacaveritis
1422 4986 1485 5025 ea:
1511 4987 1588 5038 eo,
1619 4973 1909 5043 aperientur
1935 4977 2070 5032 oculi

484 5059 654 5124 vestri,
675 5058 801 5129 quid
825 5058 912 5114 hic
941 5059 1271 5132 intelligitur,
1293 5061 1394 5118 nisi
1413 5077 1724 5133 persuasum
1749 5082 1868 5124 esse
1887 5077 1947 5124 ut
1970 5069 2070 5126 sub

484 5151 596 5210 Deo
620 5167 738 5209 esse
768 5153 986 5223 nollent,
1015 5154 1110 5210 sed
1136 5154 1189 5210 in
1214 5169 1309 5211 sua
1333 5164 1595 5227 potestate
1619 5159 1793 5229 potius
1821 5161 1939 5219 sine
1967 5163 2069 5219 Do—

482 5247 650 5314 mino,
681 5257 739 5304 ut
765 5249 935 5320 legem
967 5249 1082 5319 ejus
1107 5265 1215 5306 non
1243 5249 1609 5321 observarent,
1643 5257 1794 5327 quasi
1822 5256 2066 5313 inviden-

483 5342 555 5397 tis
579 5342 678 5397 sibi
705 5357 773 5397 ne
815 5358 876 5399 se
907 5344 1007 5415 ipsi
1031 5355 1312 5416 regerent,
1339 5361 1444 5402 non
1482 5347 1778 5420 indigentes
1804 5351 1946 5406 illius
1981 5351 2067 5407 in-

485 5440 641 5486 terno
673 5433 894 5500 lumine,
921 5435 1016 5490 sed
1047 5443 1256 5493 utentes
1284 5440 1496 5509 propria
1534 5440 1884 5511 providentia,
1915 5444 2067 5516 quasi

484 5524 656 5581 oculis
683 5525 815 5593 suis,
841 5527 909 5581 ad
937 5526 1351 5598 dignoscendum
1378 5530 1576 5586 bonum
1598 5542 1652 5588 et
1675 5534 1893 5599 malum.
1924 5535 2068 5606 quod

482 5614 573 5671 ille
596 5615 990 5686 prohibuisset?
1010 5618 1120 5676 Hoc
1139 5630 1222 5676 est
1241 5638 1366 5692 ergo
1389 5621 1530 5692 quod
1551 5637 1860 5695 persuasum
1884 5637 1987 5694 est,
2010 5635 2070 5684 ut

549 5752 565 5783 ³
593 5758 644 5800 ιιι
665 5757 738 5816 Er.
754 5760 877 5816 ven.
902 5761 1033 5816 Lota,
1051 5757 1120 5807 sic
1142 5766 1188 5809 et
1211 5759 1450 5813 Ecclesiae.
1494 5769 1550 5812 at.

546 5816 566 5845 '
589 5820 697 5865 Lov.
716 5813 794 5865 hic
815 5823 867 5866 et
880 5813 1026 5880 Inﬁ‘a,
1041 5818 1144 5870 scit.
1209 5829 1260 5872 Μ.

1326 337 1415 394 DE
1451 335 1698 395 GENESI
1736 331 2008 394 CONTRA
2053 331 2355 402 MANICH.,
2399 333 2456 392 S.
2499 334 2866 394 AUGUSTINI

3647 338 3756 399 208

2167 460 2316 504 suam
2339 456 2655 520 potestatem
2673 449 2831 506 nimis
2844 455 3104 515 amarent,
3124 457 3313 505 etcum
3333 449 3443 507 Deo
3461 464 3583 508 esse
3600 468 3758 523 pares

2171 540 2396 604 vellent,
2427 541 2513 596 illa
2539 541 2853 608 medietate,
2882 555 2978 611 per
3005 556 3164 612 quam
3193 541 3305 597 Deo
3332 542 3556 614 subjecti
3580 555 3754 612 erant,

2165 643 2221 690 et
2251 649 2475 706 corpora
2505 635 2742 707 subjecta
2767 634 3056 703 habebant,
3087 644 3335 706 tanquam
3356 635 3528 693 fructu
3549 639 3758 698 arboris

2165 727 2469 784 constituta:
2493 728 2546 783 in
2572 727 2748 784 medio
2777 727 3046 798 paradisi,
3073 727 3213 783 male
3243 737 3521 785 uterentur
3543 771 3558 795 ,
3587 730 3638 786 id
3669 742 3755 788 est

2165 828 2350 875 contra
2378 820 2549 892 legem
2579 820 2709 886 Dei;
2747 829 2907 891 atque
2933 817 3172 890 ita-quod
3197 831 3512 891 acceperant
3544 823 3756 878 amitte-

2165 919 2309 979 rent,
2324 910 2450 967 dum
2467 911 2520 967 id
2541 911 2680 982 quod
2701 927 2810 967 non
2830 921 3165 983 acceperant,
3182 928 3437 984 usurpare
3451 914 3756 971 voluerunt.

2165 999 2281 1056 Non
2307 1001 2450 1058 enim
2474 1002 2682 1073 accepit
2705 1001 2935 1058 hominis
2962 1010 3174 1072 natura,
3203 1011 3260 1059 ut
3295 1018 3394 1075 per
3421 1020 3572 1060 suam
3600 1015 3756 1078 pote-

2165 1099 2359 1146 statem
2380 1092 2489 1148 Deo
2513 1109 2618 1148 non
2635 1101 2851 1164 regente
2871 1093 3025 1150 beata
3053 1093 3157 1160 sit;
3185 1095 3306 1166 quia
3335 1095 3483 1152 nullo
3511 1108 3754 1169 regente,

2167 1197 2262 1254 per
2285 1198 2435 1240 suam
2457 1192 2775 1254 potestatem
2797 1185 2983 1240 beatus
3007 1201 3126 1242 esse
3151 1186 3299 1242 solus
3329 1187 3468 1243 Deus
3496 1198 3690 1258 potest.

2236 1275 2324 1332 25.
2366 1275 2434 1330 Et
2453 1276 2592 1344 vidit,
2620 1277 2808 1348 inquit,
2831 1278 3011 1332 mulier
3027 1277 3146 1348 quia
3167 1278 3354 1333 bonum
3374 1289 3445 1334 est
3467 1281 3662 1351 lignum
3687 1280 3757 1336 ad

2164 1385 2370 1435 escam;
2393 1381 2438 1424 et
2466 1371 2584 1442 quia
2609 1369 2793 1425 bonum
2810 1381 2884 1425 est
2913 1371 3068 1426 oculis
3093 1371 3160 1424 ad
3187 1371 3477 1440 uidendum,
3497 1383 3542 1426 et
3566 1390 3757 1446 cogno-

2167 1461 2422 1517 scendum.
2445 1461 2725 1530 Quomodo
2752 1462 2982 1529 videbat,
3012 1462 3058 1516 si
3083 1463 3247 1518 clausi
3267 1472 3418 1518 erant
3441 1463 3622 1518 oculi?
3647 1463 3756 1522 Sed

2167 1556 2270 1612 hoc
2312 1557 2514 1613 dictum
2557 1566 2658 1624 est,
2703 1566 2763 1613 ut
2813 1558 3226 1630 intelligeremus
3268 1574 3364 1615 eos
3404 1560 3586 1616 oculos
3633 1573 3757 1615 esse

2165 1659 2399 1720 apertos,
2430 1660 2775 1722 posteaquam
2795 1651 2864 1708 de
2886 1651 3056 1708 fructu
3078 1651 3169 1708 illo
3192 1661 3529 1726 acceperunt,
3557 1651 3757 1724 quibus

2165 1758 2226 1801 se
2255 1743 2427 1798 nudos
2451 1742 2734 1810 videbant,
2765 1753 2822 1800 et
2848 1743 3199 1814 displicebant
3220 1743 3356 1812 sibi,
3385 1745 3437 1800 id
3465 1753 3547 1800 est
3567 1746 3756 1802 oculos

2165 1834 2394 1900 astutiae,
2424 1834 2613 1905 quibus
2637 1834 2950 1906 simplicitas
2974 1834 3239 1906 displicet.
3270 1836 3402 1892 Cum
3432 1837 3574 1892 enim
3601 1836 3755 1908 quis-

2166 1941 2273 1996 que
2296 1925 2549 1982 ceciderit
2577 1927 2644 1983 ab
2672 1926 2758 1981 illa
2791 1926 2976 1982 intima
2998 1936 3053 1983 et
3080 1927 3435 1984 secretissima
3463 1929 3585 1984 luce
3608 1929 3757 1985 veri-

2167 2016 2311 2084 tatis,
2342 2016 2475 2073 nihil
2501 2025 2583 2073 est
2612 2017 2752 2074 unde
2787 2017 2918 2073 velit
2945 2019 3152 2089 placere
3181 2017 3445 2089 superbia,
3477 2019 3582 2075 nisi
3605 2019 3758 2076 iraa-

2167 2105 2400 2162 dulentis
2453 2107 2901 2164 simulationibus.
2953 2108 3089 2164 Hinc
3154 2113 3297 2164 enim
3349 2119 3404 2165 et
3455 2109 3758 2182 hypocrisis

2169 2198 2425 2264 nascitur,
2471 2199 2527 2253 in
2569 2213 2673 2270 qua
2715 2200 2940 2255 multum
2968 2199 3068 2256 sibi
3096 2199 3344 2256 videntur
3379 2201 3616 2268 eordati,
3664 2202 3758 2274 qui

2168 2290 2440 2360 potuerint
2469 2290 2654 2348 fallere
2693 2300 2748 2348 et
2780 2291 3027 2362 decipere
3071 2307 3230 2364 quem
3270 2293 3551 2349 voluerint.
3598 2293 3759 2350 Dedit

2167 2381 2312 2438 enim
2336 2383 2526 2439 mulier
2551 2383 2668 2440 viro
2703 2398 2822 2451 suo,
2869 2393 2924 2441 et
2965 2384 3452 2452 manducaverunt,
3485 2396 3539 2442 ct
3580 2385 3760 2458 aperti

2168 2483 2292 2529 sunt
2319 2475 2459 2529 oculi
2487 2489 2673 2531 eorum
2691 2517 2706 2544 ,
2737 2475 2806 2531 de
2827 2476 3019 2547 quibus
3041 2476 3150 2547 jam
3178 2476 3380 2533 dictum
3405 2487 3515 2544 est;
3545 2488 3599 2535 et
3627 2487 3760 2537 tunc

2171 2567 2418 2624 viderunt
2441 2569 2584 2639 quod
2614 2568 2740 2624 nudi
2770 2577 2970 2637 essent,
2999 2569 3094 2626 sed
3123 2570 3293 2626 oculis
3322 2571 3602 2642 perversis,
3639 2573 3762 2643 qui-

2169 2657 2269 2714 bus
2298 2659 2386 2714 illa
2427 2660 2738 2730 simplicitas
2778 2674 2896 2730 qua:
2924 2660 3178 2716 nuditatis
3204 2663 3419 2717 nomine
3459 2661 3761 2733 signiﬁcata

2170 2759 2271 2816 est,
2299 2750 2662 2806 erubescenda
2690 2751 2987 2807 videbatur.
3020 2752 3201 2824 Itaque
3224 2761 3283 2808 ut
3303 2752 3415 2824 jam
3444 2769 3551 2809 non
3573 2764 3762 2813 essent

2169 2844 2460 2915 simplices,
2507 2845 2746 2901 fecerunt
2788 2843 2856 2900 de
2902 2843 3043 2900 foliis
3094 2844 3179 2901 ﬁci
3227 2845 3330 2903 sibi
3377 2847 3758 2915 succinctoria,

2171 2947 2419 3008 tanquam
2478 2945 2716 3010 tegentes
2764 2937 3005 3008 pudenda
3047 2952 3160 3003 sua,
3212 2936 3266 2992 id
3301 2946 3386 2994 est
3427 2939 3763 2996 occultantes

2169 3031 2582 3102 simplicitatem,
2603 3031 2672 3088 de
2685 3047 2787 3102 qua
2799 3031 2909 3101 jam
2927 3031 3276 3088 erubescebat
3292 3039 3467 3088 astuta
3485 3031 3759 3103 superbia.

2168 3120 2318 3177 Folia
2347 3136 2474 3178 vero
2498 3122 2583 3177 fici
2624 3122 2885 3194 pruritum
2912 3121 3194 3193 quemdam
3219 3121 3539 3194 signiﬁcant,
3570 3123 3616 3178 si
3657 3122 3765 3180 hoc

2171 3212 2306 3270 bene
2331 3212 2385 3268 in
2413 3213 2574 3270 rebus
2613 3212 2943 3284 incorporeis
2970 3213 3182 3283 dicitur,
3213 3230 3369 3286 quem
3398 3215 3547 3271 miris
3583 3215 3766 3272 modis

2169 3305 2380 3361 animus
2410 3306 2607 3376 patitur
2633 3305 2922 3376 cupiditate
2940 3346 2956 3372 ,
2987 3314 3043 3361 et
3065 3304 3418 3362 delectatione
3443 3305 3763 3363 mentiendi.

2171 3397 2324 3454 Unde
2350 3398 2510 3453 etiam
2532 3397 2694 3454 latine
2719 3397 2843 3454 salsi
2871 3397 3145 3466 dicuntur,
3173 3397 3262 3469 qui
3284 3397 3450 3470 jocari
3471 3405 3675 3454 amant.
3707 3398 3766 3466 In

2167 3490 2305 3562 jocis
2333 3500 2508 3547 autem
2537 3493 2720 3562 utique
2743 3491 3013 3548 simulatio
3038 3491 3388 3562 principatum
3411 3501 3575 3548 tenet.

2169 3581 2395 3639 CAPUT
2422 3581 2644 3639 XVl.—
2667 3583 2959 3652 Absconsio,
2985 3582 3280 3651 ambulatio,
3303 3583 3610 3654 percontatio
3635 3582 3765 3654 quid

2856 3677 3072 3747 signent.

2177 3751 2184 3755 ’
2241 3767 2332 3824 24.
2373 3767 2555 3839 Itaque
2581 3781 2705 3823 cum
2744 3766 3108 3823 deambularet
3143 3766 3282 3822 Deus
3322 3765 3378 3822 in
3407 3763 3657 3836 paradiso
3695 3763 3767 3822 ad

2172 3875 2472 3931 vesperam,
2504 3859 2558 3915 id
2582 3868 2666 3916 est
2690 3875 2812 3915 eum
2841 3858 2909 3915 ad
2937 3873 3031 3916 eos
3049 3859 3158 3930 jam
3183 3857 3500 3930 judicandos
3527 3857 3765 3926 veniret,

2172 3953 2347 4010 adhuc
2369 3963 2493 4010 ante
2515 3967 2728 4026 poenam
2753 3968 2960 4018 eorum,
2990 3951 3362 4009 deambulabat
3403 3951 3458 4008 in
3484 3950 3765 4022 paradiso,

2173 4047 2227 4102 id
2254 4055 2356 4114 est,
2385 4047 2537 4118 quasi
2560 4045 2876 4102 movebatur
2903 4045 2956 4100 in
2995 4045 3074 4101 eis
3098 4043 3378 4117 praesentia
3410 4043 3524 4111 Dei,
3545 4043 3768 4116 quando

2168 4140 2279 4212 jam
2310 4141 2411 4212 ipsi
2439 4141 2657 4197 stabiles
2682 4141 2736 4196 in
2760 4140 2875 4211 ejus
2900 4149 3167 4211 praecepto
3191 4155 3296 4195 non
3325 4148 3511 4206 erant;
3538 4149 3594 4194 et
3618 4138 3768 4196 bene

2174 4233 2243 4289 ad
2260 4249 2556 4306 vesperam,
2580 4233 2634 4289 id
2649 4241 2732 4289 est
2745 4248 2864 4289 eum
2878 4233 2986 4303 jam
3004 4232 3072 4287 ab
3090 4231 3168 4287 eis
3183 4231 3263 4287 sol
3290 4230 3577 4296 occideret,
3597 4229 3652 4286 id
3682 4241 3771 4287 est

2173 4329 2474 4386 auferretur
2483 4329 2550 4383 ab
2561 4327 2639 4383 eis
2656 4327 2746 4382 lux
2763 4327 2852 4381 illa
2866 4325 3084 4381 interior
3098 4324 3334 4381 veritatis
3352 4323 3658 4381 :audierunt
3671 4339 3769 4380 vo-

2173 4438 2290 4478 cem
2313 4421 2447 4493 ejus,
2470 4430 2525 4476 et
2541 4419 2934 4477 absconderant
2952 4435 3012 4476 se
3033 4436 3063 4475 a
3083 4428 3369 4490 conspectu
3393 4419 3527 4489 ejus.
3551 4417 3685 4487 Quis
3703 4433 3768 4480 se

2173 4514 2450 4572 abscondit
2472 4530 2503 4569 a
2523 4523 2810 4585 conspectu
2832 4513 2946 4579 Dei,
2971 4513 3073 4568 nisi
3093 4513 3184 4583 qui
3203 4511 3417 4568 deserti.
3438 4509 3554 4582 ipso
3575 4511 3767 4582 incipit

2169 4605 2278 4678 jam
2299 4620 2481 4661 amare
2496 4604 2639 4678 quod
2654 4620 2806 4661 suum
2818 4604 2932 4661 est?
2946 4603 3068 4660 Jam'
3080 4603 3222 4659 enim
3236 4602 3502 4659 habebant
3514 4602 3767 4674 cooperi-

2173 4710 2350 4756 menta
2367 4699 2630 4756 mendacii
2651 4699 2764 4770 :qui
2778 4707 2954 4754 autem
2971 4697 3202 4768 loquitur
3211 4695 3564 4761 mendacium,
3582 4693 3649 4751 de
3660 4709 3767 4751 suo

2172 4792 2405 4863 loquitur
2427 4792 2446 4863 (
2467 4791 2624 4848 Joan.
2652 4807 2741 4846 vnt
2764 4832 2779 4858 ,
2811 4791 2882 4845 44
2900 4792 2940 4860 ).
2969 4789 3036 4844 Ει
3060 4789 3180 4844 ideo
3203 4787 3271 4844 ad
3307 4788 3552 4845 arborem
3578 4802 3638 4843 se
3679 4787 3768 4843 di-

2173 4894 2364 4942 cuntur
2389 4883 2733 4950 abscondere,
2760 4897 2879 4954 qua:
2903 4892 3019 4939 erat
3039 4881 3094 4937 in
3119 4881 3294 4938 medio
3317 4880 3569 4953 paradisi,
3595 4879 3648 4936 id
3678 4889 3770 4937 est

2173 4979 2240 5036 ad
2269 4980 2472 5049 seipsos
2495 5020 2510 5045 ,
2557 4979 2645 5049 qui
2684 4977 2739 5032 in
2767 4977 2943 5034 medio
2971 4991 3150 5033 rerum
3186 4975 3318 5031 infra
3361 4975 3528 5032 Deum
3582 4984 3637 5030 et
3671 4990 3771 5032 su-

2175 5087 2268 5145 pra
2316 5086 2538 5143 corpora
2578 5070 2805 5126 ordinati
2840 5080 3013 5127 erant.
3042 5070 3181 5142 Ergo
3210 5070 3276 5125 ad
3305 5069 3512 5141 seipsos
3534 5067 3769 5124 abscon-

2174 5163 2370 5220 derunt
2397 5179 2456 5219 se
2475 5204 2490 5230 ,
2522 5171 2579 5217 ut
2607 5162 3050 5217 conturbarentur
3079 5160 3289 5218 miseris
3314 5160 3604 5228 erroribus,
3633 5158 3773 5214 reli-

2173 5264 2261 5312 cto
2289 5254 2490 5311 lumine
2528 5254 2783 5320 veritatis,
2815 5252 2958 5326 quod
3002 5253 3100 5326 ipsi
3138 5268 3248 5309 non
3274 5263 3445 5310 erant.
3489 5251 3771 5322 Partieeps

2173 5350 2316 5408 enim
2345 5350 2584 5407 veritatis
2613 5357 2787 5420 potest
2808 5362 2929 5404 esse
2956 5347 3132 5402 anima
3154 5347 3383 5404 humana
3409 5365 3422 5400 :
3445 5345 3556 5417 ipsa
3579 5353 3767 5400 autem

2173 5445 2372 5502 veritas
2419 5445 2556 5500 Deus
2593 5451 2676 5499 est
2704 5439 3149 5497 incommutabilis
3187 5454 3344 5512 supra
3383 5439 3547 5495 illam.
3578 5436 3660 5493 Ab
3697 5451 3768 5494 ea

2176 5555 2305 5613 ergo
2347 5539 2570 5596 veritate
2614 5536 2854 5608 quisquis
2896 5549 3114 5591 aversus
3151 5541 3265 5600 est,
3315 5541 3372 5590 et
3417 5531 3769 5610 adseipsum

2175 5647 2467 5692 conversus
2487 5673 2501 5699 ,
2531 5639 2587 5688 et
2612 5645 2719 5686 non
2743 5631 2812 5687 de
2837 5636 3046 5685 rectore
3069 5636 3228 5698 atque
3261 5625 3585 5683 illustratore
3608 5624 3726 5680 Deo
3747 5665 3764 5691 ,

2177 5730 2270 5787 sed
2293 5729 2362 5785 de
2385 5727 2495 5784 suis
2532 5728 2762 5784 motibus
2784 5725 2934 5797 quasi
2968 5723 3150 5779 liberis
3177 5723 3424 5788 exsultat,
3456 5720 3769 5776 tenebratur

2178 5819 2490 5879 mendacio:
2521 5820 2770 5892 quoniam
2798 5818 2886 5890 qui
2913 5817 3146 5891 loquitur
3171 5814 3501 5875 mendacium
3519 5854 3536 5883 ,
3566 5811 3630 5870 de
3655 5823 3768 5869 suo
