3906 6332
167 260 258 315 209
1208 244 1211 247 ⁷
1432 238 1631 294 LIBER
1668 233 2038 293 SECUNDUS.

168 378 412 450 loquitur;
437 381 594 442 atque
624 369 694 425 ita
726 367 964 425 turbatur
985 408 999 432 ,
1026 372 1080 421 et
1106 376 1286 419 vocem
1316 358 1457 414 illam
1490 355 1714 425 prophe-

169 446 242 529 tae.
266 466 596 529 manifestat,
642 475 747 533 qua
790 459 990 515 dictum
1030 464 1149 520 est,
1185 452 1262 508 Ad
1285 451 1528 520 meipsum
1554 446 1725 499 anima

168 581 265 619 mea
287 560 486 616 turbata
503 565 573 612 est
604 553 773 627 (Psal.
802 566 914 618 xu,
935 548 1014 620 7).
1038 548 1218 617 Itaque
1234 545 1343 614 jam
1372 541 1727 627 interrogatur

167 654 341 721 Mam,
371 664 480 706 non
505 624 623 704 Deo.
655 644 925 701 nesciente
967 639 1054 695 ubi
1091 645 1249 701 esset,
1280 631 1375 689 sed
1409 636 1634 721 cogente
1656 624 1724 681 ad

167 719 538 807 confessionem
576 736 782 811 peccati
817 754 830 790 :
859 749 965 790 non
1001 731 1143 788 enim
1187 736 1242 783 et
1284 724 1537 780 Dominus
1573 719 1726 775 Jesus

167 840 392 899 nhristns
411 844 523 891 tam
544 831 711 888 multa
736 842 855 900 quae
879 822 1270 894 interrogabat,
1298 813 1585 874 nesciebat.
1616 810 1726 865 Re-

168 928 361 1004 spondit
378 932 583 991 autem,
612 936 746 977 voce
770 919 885 989 ejus
903 916 1103 980 audita,
1123 908 1465 968 abscondisse
1490 920 1568 969 se,
1598 916 1729 1004 quo-

167 994 292 1079 niam
328 1018 503 1075 nudus
531 1022 694 1071 esset.
725 1012 841 1068 Jam
871 1006 1171 1065 miserrimo
1205 1017 1388 1058 errore
1415 994 1724 1069 respondit,

167 1114 301 1188 quasi
336 1112 447 1168 Deo
483 1114 670 1180 posset
696 1102 977 1175 displicere
1018 1096 1223 1162 nudus,
1268 1094 1407 1149 sicut
1445 1103 1567 1146 eum
1613 1087 1729 1188 ipse

168 1175 361 1263 fecer-at.
408 1175 510 1258 Est
554 1208 731 1254 autem
770 1195 875 1250 hoe
915 1189 1113 1248 erroris
1154 1185 1443 1257 proprium,
1490 1189 1547 1235 ut
1587 1175 1728 1249 quod

168 1300 338 1369 cuique
365 1293 636 1365 displicet,
663 1290 764 1344 hoc
790 1286 950 1343 etiam
977 1282 1090 1337 Deo
1115 1277 1393 1348 displicere
1421 1272 1723 1369 arbitretur.

169 1358 284 1449 Illud
302 1358 478 1445 autem
512 1381 811 1440 sublimiter
830 1371 1228 1446 intelligendum
1267 1376 1349 1424 est
1376 1363 1515 1437 quod
1548 1358 1727 1416 Domi-

170 1503 254 1543 nus
274 1487 378 1542 ait:
408 1483 542 1549 Quis
569 1476 812 1535 mmtiavit
839 1473 927 1529 tibi
949 1470 1082 1543 quod
1106 1467 1271 1523 nudus
1300 1478 1428 1518 esses
1451 1500 1466 1525 ,
1494 1458 1589 1513 nisi
1612 1454 1730 1527 quia

168 1585 221 1637 ab
243 1583 324 1637 illa
345 1580 528 1634 arbore
552 1577 614 1631 de
642 1589 743 1643 qua
767 1571 993 1624 dixeram
1021 1564 1128 1628 tibi,
1158 1577 1222 1616 ea:
1247 1558 1340 1613 illa
1363 1555 1473 1611 sola
1501 1568 1562 1607 ne
1586 1565 1729 1603 man-

169 1678 374 1741 ἄκρατα,
403 1687 467 1727 ea:
490 1670 589 1725 illa
615 1659 970 1721 manducaui?
992 1655 1174 1713 Nudus
1196 1651 1338 1708 enim
1366 1654 1533 1704 erata
1561 1643 1726 1698 simu-

170 1739 367 1832 latione,
394 1761 491 1819 sed
533 1757 856 1816 vestiebatur
880 1752 999 1807 luce
1021 1748 1216 1803 divina.
1256 1740 1406 1798 Unde
1433 1747 1650 1792 aversus
1677 1739 1733 1788 et

170 1857 225 1913 ad
250 1825 473 1927 seipsum
507 1862 802 1907 conversus
823 1888 838 1913 ,
864 1841 1005 1914 quod
1029 1837 1288 1909 signiﬁcat
1310 1832 1378 1886 de
1417 1829 1502 1883 illa
1541 1825 1731 1927 arbore

172 1912 529 2012 manducasse,
552 1941 845 1999 nuditatem
870 1912 1019 1990 suam
1049 1928 1198 1993 vidit,
1240 1933 1293 1980 et
1328 1918 1595 1991 displicuit
1630 1912 1731 1970 sibi

171 2058 229 2097 ex
249 2055 307 2097 eo
329 2036 465 2110 quod
488 2049 599 2091 non
631 2030 857 2088 habebat
880 2022 1077 2096 aliquid
1099 2018 1388 2092 proprium.

171 2102 373 2189 CAPU'I‘
409 2126 582 2185 XVII.
617 2153 690 2166 --
718 2120 943 2193 Rejectio
986 2115 1148 2184 culpa:
1188 2120 1236 2165 et
1278 2102 1519 2178 serpentis
1563 2113 1729 2181 plena.

228 2222 310 2279 25.
346 2218 553 2277 Deinde
578 2217 688 2286 jam
729 2226 879 2267 more
914 2205 1176 2278 superbiae
1203 2202 1255 2257 in
1285 2214 1344 2253 se
1384 2210 1491 2251 non
1519 2194 1734 2286 accusat

173 2315 293 2387 quod
319 2279 595 2370 consensit
620 2304 849 2369 mulieri,
880 2300 973 2357 sed
996 2298 1048 2353 in
1069 2293 1342 2351 mulierem
1368 2283 1601 2343 refundit
1621 2279 1735 2335 cul-

174 2378 276 2479 pam
302 2420 480 2470 suam;
526 2409 582 2458 et
624 2401 701 2455 sic
746 2394 1009 2452 subtiliter
1046 2387 1195 2460 quasi
1239 2385 1307 2439 de
1349 2378 1537 2436 astutia
1576 2387 1735 2477 quam

176 2466 316 2554 miser
340 2466 696 2565 conceperat,
724 2485 893 2542 voluit
931 2481 998 2536 ad
1042 2481 1217 2550 ipsum
1261 2473 1425 2527 Deum
1472 2466 1734 2565 pertinere

175 2589 298 2662 quod
322 2553 579 2660 peccavit.
608 2553 725 2637 Non
750 2576 890 2632 enim
930 2574 1022 2638 ait,
1052 2568 1238 2624 Mulier
1263 2558 1598 2662 dedit'mihi;
1642 2553 1734 2608 scd

177 2650 356 2737 addidit
373 2678 587 2739 dicens,
620 2671 809 2727 Mulier
833 2680 985 2737 quam
1003 2660 1184 2716 dedisti
1211 2656 1354 2711 mihi.
1377 2650 1517 2708 Nihil
1542 2656 1624 2703 est
1644 2661 1738 2700 au-

176 2782 268 2831 tem
309 2783 409 2827 tam
450 2766 717 2824 familiare
756 2756 1123 2832 peccantibus,
1168 2762 1324 2822 quam
1356 2745 1588 2800 tribuere
1628 2739 1737 2793 Deo

176 2868 293 2923 velle
312 2864 684 2930 undecumque
703 2859 1019 2911 accusantur
1041 2865 1055 2901 :
1079 2853 1133 2900 et
1156 2842 1258 2897 hoc
1280 2840 1346 2895 de
1375 2836 1464 2892 illa
1492 2847 1625 2889 vena
1644 2846 1737 2887 su-

177 2962 371 3034 perbiae,
411 2967 468 3013 ut
503 2926 751 3027 quoniam
779 2948 856 3003 sic
884 2944 1045 2999 homo
1071 2934 1305 3011 peccavit
1332 2946 1454 2986 cum
1480 2926 1594 2982 vult

178 3018 261 3129 par
284 3018 408 3121 Deo,
438 3018 611 3108 idest
635 3046 767 3102 liber
803 3056 922 3099 esse
947 3038 1014 3093 ab
1049 3036 1165 3105 ejus
1192 3028 1426 3087 dominio
1445 3067 1459 3091 ,
1488 3018 1740 3126 sicut-ille

178 3115 233 3205 ab
249 3148 383 3205 omni
404 3140 650 3201 dominio
678 3138 814 3195 liber
836 3140 939 3200 est,
968 3126 1216 3202 quoniam
1239 3126 1354 3195 ipse
1380 3127 1463 3176 est
1490 3115 1740 3172 Dominus

179 3240 422 3304 omnium;
448 3232 707 3305 quoniam
746 3228 799 3283 in
825 3222 1101 3295 majestate
1130 3233 1226 3288 par
1253 3214 1331 3270 illi
1354 3225 1473 3268 esse
1510 3223 1614 3262 non
1640 3218 1739 3305 po:

182 3332 280 3395 luit,
304 3294 623 3400 jam'lapsus
648 3328 701 3375 et
733 3318 917 3390 iacens
942 3315 995 3368 in
1034 3315 1251 3381 peccato
1276 3317 1374 3360 suo
1392 3345 1408 3370 ,
1434 3312 1614 3370 parem
1631 3294 1740 3400 ‘sibi

180 3387 283 3480 eum
304 3387 765 3477 facere.eonetur.
792 3408 892 3465 Vel
918 3406 1093 3476 potius
1121 3401 1271 3455 illum
1306 3395 1420 3450 vult
1460 3387 1741 3446 ostendere

179 3528 419 3585 pecusse,
453 3524 521 3567 se
544 3517 722 3562 autem
750 3516 868 3559 esse
897 3500 1251 3553 innocentem.
1286 3488 1351 3542 Et
1370 3484 1558 3540 mulier
1574 3482 1740 3579 inter-

179 3569 339 3679 rogata
364 3569 533 3661 refert
554 3598 762 3667 culpam
794 3594 847 3647 in
872 3594 1210 3658 serpentem:
1236 3576 1387 3650 quasi
1422 3583 1512 3629 aut
1546 3571 1634 3627 ille
1665 3569 1744 3674 sic

178 3663 433 3767 acceperat
458 3663 686 3749 uxorem
716 3692 773 3741 ut
811 3684 859 3738 ei
900 3681 1312 3748 obtemperaret,
1342 3678 1529 3725 etnon
1569 3663 1743 3735 potius

179 3798 229 3843 ut
252 3760 411 3860 ipsam
441 3784 551 3841 sibi
580 3782 949 3848 obtemperare
992 3771 1221 3831 laceret;
1258 3770 1349 3818 aut
1389 3760 1475 3815 illa
1502 3772 1606 3813 non
1649 3768 1745 3860 po-

179 3843 301 3934 tera‘t
332 3877 425 3933 Dei
451 3843 781 3947 praeceptum
824 3865 997 3937 patius
1039 3855 1337 3919 custodire,
1388 3865 1546 3922 quam
1582 3843 1744 3901 verba

178 3972 420 4041 serpentis
444 3965 755 4022 admittere.

238 4034 319 4117 i6.
359 4060 483 4116 Jam
512 4068 733 4125 serpens
760 4065 865 4106 non
891 4049 1263 4114 interrogatur,
1293 4036 1389 4093 sed
1417 4034 1562 4105 prior
1584 4045 1743 4087 exce-

184 4153 249 4222 pit
270 4164 503 4222 pcenam,
543 4145 668 4217 quia
694 4156 792 4197 nec
816 4135 1059 4195 conﬁteri
1088 4140 1365 4203 peccatum
1408 4130 1614 4195 potest,
1647 4133 1745 4175 nec

181 4242 325 4298 habet
346 4240 569 4297 omnino
610 4234 751 4291 unde
789 4247 849 4287 se
875 4235 1109 4285 excuset.
1151 4222 1265 4277 Non
1296 4228 1471 4274 autem
1503 4228 1644 4269 nunc
1682 4226 1744 4266 ea

180 4335 429 4391 damnatio
448 4330 649 4388 diaboli
674 4326 865 4383 dicitur
883 4364 896 4386 ,
925 4337 1042 4392 quae
1072 4318 1258 4373 ultimo
1278 4310 1476 4383 judicio
1500 4320 1743 4363 reserva-

181 4438 272 4493 tur,
298 4428 363 4484 de
388 4441 491 4497 qua
524 4422 756 4492 loquitur
776 4414 1030 4472 Dominus
1071 4425 1191 4465 cum
1222 4406 1368 4471 dicit,
1397 4402 1475 4457 Ite
1500 4403 1551 4454 in
1580 4403 1744 4471 ignem

181 4493 438 4584 wternum',
486 4516 573 4589 qui
616 4517 929 4582 prteparatus
966 4513 1037 4559 est
1078 4501 1277 4557 diabolo
1317 4508 1364 4552 et
1418 4494 1608 4566 angelis
1638 4493 1747 4563 ejus

185 4612 380 4682 (Matth.
408 4583 544 4676 αὖ,
572 4606 697 4676 st);
729 4601 823 4658 sed
848 4615 909 4655 ea
925 4611 1083 4670 paena
1101 4595 1217 4664 ejus
1234 4591 1445 4656 dicitur,
1467 4601 1570 4658 qua
1592 4583 1746 4641 nobis

186 4675 437 4758 cavendus
465 4675 567 4756 est.
598 4675 757 4752 Pinna
779 4692 919 4748 enim
940 4688 1056 4759 ejus
1077 4694 1179 4751 est,
1212 4692 1269 4736 ut
1293 4683 1343 4735 in
1372 4685 1634 4751 potestate
1661 4675 1749 4729 ha-

186 4802 292 4847 neat
313 4808 402 4848 eos
425 4792 514 4862 qui
546 4789 637 4843 Dei
678 4791 941 4857 praecepta
966 4781 1326 4836 contemnunt.
1356 4771 1467 4826 Hoc
1492 4769 1632 4823 enim
1656 4782 1748 4821 ex-

185 4884 391 4951 plicatur
420 4883 505 4938 his
531 4880 707 4936 verbis
726 4920 740 4945 ,
769 4876 960 4947 quibus
998 4874 1048 4926 in
1077 4884 1198 4926 eum
1236 4866 1499 4938 profertur
1532 4870 1747 4917 senten-

182 4973 285 5029 tia:
316 4986 367 5030 et
392 4974 514 5030 inde
536 4972 704 5041 major
734 4982 887 5040 paena
913 4975 1013 5030 est,
1045 4964 1164 5034 quia
1195 4962 1262 5016 de
1293 4959 1390 5014 hac
1417 4968 1522 5012 tam
1553 4952 1747 5010 infelici

188 5078 434 5137 poteState
459 5068 699 5132 laatatur,
740 5062 828 5135 qui
860 5058 1062 5116 solebat
1087 5064 1368 5125 antequam
1399 5051 1645 5113 caderet,
1680 5047 1750 5103 de

189 5160 385 5216 sublimi
414 5159 637 5216 veritate
663 5154 895 5227 gaudere
910 5154 964 5207 in
984 5166 1086 5221 qua
1113 5164 1219 5203 non
1241 5148 1404 5201 stetit.
1439 5144 1504 5198 Et
1530 5142 1649 5196 ideo
1676 5140 1749 5195 illi

193 5252 335 5306 etiam
365 5267 553 5322 pecora
594 5252 973 5321 prteponuntur
995 5284 1010 5309 ,
1037 5255 1145 5296 non
1181 5241 1231 5293 in
1262 5245 1540 5308 potestate,
1573 5231 1664 5288 sed
1697 5230 1749 5285 in

195 5346 575 5399 conservatione
597 5348 613 5374 ¹
647 5351 846 5397 natura:
875 5352 984 5391 suae
1013 5354 1025 5387 :
1054 5334 1174 5405 quia
1206 5346 1392 5404 pecora
1422 5344 1527 5384 non
1552 5327 1749 5382 amise-

194 5444 305 5491 runt
328 5435 699 5493 beatitudinem
730 5432 957 5503 aliquam
979 5427 1272 5491 ctelestem,
1298 5439 1455 5495 quam
1484 5432 1749 5490 nunquam

252 5591 268 5622 ¹
291 5592 399 5643 aditi
435 5599 622 5643 Am.Er.
670 5596 721 5640 et
756 5588 853 5639 duo
896 5596 1024 5646 Mss,
1048 5582 1365 5646 cmwersione_.
1404 5586 1534 5646 Lo_v_.,
1574 5573 1753 5645 aliquot

204 5640 333 5719 ιῆᾏων
732 5658 859 5709 Mss,
883 5640 1250 5719 converstuione.
1271 5642 1360 5692 Sed
1383 5640 1559 5691 melius
1579 5640 1753 5699 Regius

198 5714 337 5765 codex
358 5713 528 5780 aliique
542 5717 657 5775 dno,
677 5713 1036 5766 consemuione.

3302 236 3407 293 210

1832 349 2163 418 habuerunt,
2188 358 2283 408 sed
2310 366 2362 406 in
2398 363 2491 406 sua
2520 360 2701 405 natura
2741 364 2897 420 quam
2932 360 3246 419 acceperunt
3278 366 3399 421 per-

1828 454 1989 513 agunt
2016 445 2195 498 vitam.
2222 443 2418 498 Dicitur
2448 457 2574 515 ergo
2612 442 2731 497 huic
2756 460 2769 495 :
2811 441 3020 496 Pectore
3058 452 3102 495 et
3132 452 3298 495 ventre
3328 458 3407 496 re-

1829 550 1935 605 pes.
2004 533 2157 602 Quod
2215 534 2426 604 quidem
2492 543 2543 588 et
2578 533 2631 587 in
2684 532 2903 588 eolubro
2950 532 3402 599 animadvertitur,

1829 633 1885 680 et
1927 640 1990 680 ex
2018 626 2106 681 illo
2129 626 2397 682 animante
2440 626 2631 681 visibili
2667 625 2733 680 ad
2782 625 2919 680 hunc
2966 624 3280 678 invisibilem
3312 625 3408 678 ini-

1828 719 2023 775 micum
2091 728 2329 774 nostrum
2379 719 2572 774 locutio
2633 717 2904 787 ﬁguratur.
2966 716 3191 771 Nomine
3265 716 3408 771 enim

1830 810 2078 881 pectoris,
2104 811 2426 883 signiﬁcatur
2448 810 2714 880 superbia,
2746 811 2867 879 quia
2890 808 2959 863 ibi
2986 808 3285 863 dominatur
3310 808 3408 862 im-

1830 912 1985 975 petus
2012 905 2211 959 animi:
2243 904 2457 960 nomine
2484 913 2661 959 autem
2690 903 2909 971 ventris,
2938 902 3260 974 signiﬁcatur
3287 917 3408 958 car-

1830 996 1953 1052 nale
1978 995 2299 1053 desiderium
2323 1039 2340 1064 ,
2379 996 2503 1066 quia
2547 996 2662 1051 haec
2688 1010 2812 1065 pars
2850 995 3063 1050 mollior
3102 995 3325 1049 sentitur
3355 996 3409 1049 in

1831 1100 2075 1157 corpore.
2122 1089 2185 1143 Et
2221 1088 2343 1158 quia
2386 1088 2469 1143 his
2514 1087 2675 1144 rebus
2710 1088 2796 1142 ille
2833 1088 2999 1157 serpit
3038 1087 3105 1141 ad
3143 1101 3236 1142 eos
3274 1101 3408 1157 quos

1831 1180 1942 1234 vult
1970 1180 2253 1251 decipere;
2279 1189 2559 1253 propterea
2587 1180 2784 1235 dictum
2816 1188 2918 1248 est,
2945 1179 3156 1234 Pectore
3177 1191 3222 1233 et
3242 1188 3409 1234 ventre

1830 1288 1990 1342 repes.

1923 1361 2149 1420 CAPUT
2176 1362 2359 1419 XVIII.
2377 1394 2447 1404 —
2473 1363 2734 1435 Serpentis
2759 1379 2870 1416 cum
2893 1361 2997 1416 Eva
3024 1362 3307 1415 inimicitia.

1901 1452 1991 1508 27.
2034 1454 2099 1508 Et
2145 1465 2346 1520 terram,
2389 1455 2577 1525 inquit,
2625 1452 2950 1507 manducabis
2980 1454 3208 1506 omnibus
3235 1452 3410 1507 diebus

1830 1547 1947 1601 vita:
1971 1557 2070 1602 tute
2098 1563 2117 1602 :
2144 1547 2197 1603 id
2217 1555 2298 1602 est
2325 1547 2566 1603 omnibus
2590 1546 2775 1602 diebus
2802 1546 2991 1616 quibus
3012 1546 3123 1615 agis
3151 1545 3285 1600 hanc
3316 1559 3410 1614 po—

1835 1647 2098 1705 testatem,
2144 1646 2266 1693 ante
2313 1639 2455 1693 illam
2502 1638 2740 1693 ultimam
2783 1652 2996 1706 poenam
3032 1635 3253 1705 judicii;
3296 1636 3411 1691 haec

1835 1729 1977 1785 enim
2002 1730 2110 1784 vita
2136 1731 2251 1799 ejus
2272 1728 2497 1794 videtur,
2516 1728 2583 1783 de
2610 1743 2711 1798 qua
2739 1727 2935 1798 gaudet
2958 1736 3115 1796 atque
3135 1725 3410 1795 gloriatur.

1838 1818 2045 1874 Terram
2085 1834 2211 1891 ergo
2236 1819 2592 1883 manducabis,
2624 1817 2831 1874 duobus
2856 1817 3026 1872 modis
3053 1817 3272 1887 intelligi
3311 1830 3411 1887 po-

1837 1918 1940 1965 test
1970 1927 1982 1962 :
2008 1910 2092 1965 vel
2121 1909 2188 1965 ad
2218 1918 2268 1964 te
2297 1909 2665 1979 pertinebunt,
2698 1924 2829 1979 quos
2869 1918 3077 1963 terrena
3125 1907 3413 1977 cupiditate

1836 2003 2134 2074 deceperis,
2166 2003 2214 2057 id
2242 2011 2324 2058 est
2348 2011 2682 2073 peceatores,
2713 2002 2799 2072 qui
2831 2010 2983 2055 terra:
3009 2000 3223 2054 nomine
3250 1999 3411 2070 signi«

1836 2094 2062 2151 ﬁeantur
2078 2112 2091 2161 ;
2110 2095 2194 2151 vel
2219 2104 2365 2150 certe
2384 2109 2549 2165 genus
2571 2094 2783 2149 tertium
2808 2092 3111 2148 tentationis
3130 2092 3210 2146 his
3234 2090 3414 2147 verbis

1841 2185 2114 2258 ﬁguratur,
2147 2187 2288 2258 quod
2318 2196 2399 2243 est
2426 2187 2725 2243 curiositas.
2746 2186 2964 2242 Terram
2982 2186 3121 2241 enim
3148 2185 3237 2256 qui
3263 2199 3413 2239 man-

1838 2277 2019 2347 ducat,
2050 2279 2307 2350 profunda
2336 2288 2389 2334 et
2418 2277 2696 2334 tenebrosa
2718 2285 2979 2348 penetrat,
3002 2284 3058 2332 et
3082 2286 3257 2331 tamen
3282 2285 3415 2330 tem-

1838 2372 2039 2440 poralia
2069 2379 2227 2441 atque
2257 2380 2489 2426 terrena.

1910 2460 2000 2515 28.
2027 2460 2141 2515 Non
2168 2468 2344 2516 autem
2372 2461 2657 2515 inimicitiae
2688 2469 2954 2531 ponuntur
2994 2460 3128 2514 inter
3160 2460 3328 2530 ipsum
3360 2469 3415 2515 et

1842 2551 2013 2606 virum
2038 2592 2053 2615 ,
2095 2550 2189 2606 sed
2228 2552 2366 2606 inter
2399 2550 2570 2623 ipsum
2600 2561 2653 2605 et
2678 2550 2975 2605 mulierem.
3004 2549 3267 2620 Numquid
3294 2550 3417 2621 quia

1846 2643 1986 2699 viros
2012 2657 2117 2697 non
2146 2642 2343 2713 decipit
2366 2651 2421 2697 et
2451 2644 2652 2696 tentat?
2674 2642 2777 2697 Sed
2804 2639 3139 2696 manifestum
3170 2650 3252 2713 est
3274 2640 3416 2711 quod

1843 2733 2058 2805 decipit.
2104 2734 2187 2787 An
2216 2732 2339 2803 quia
2370 2734 2540 2803 ipsum
2570 2732 2737 2787 Adam
2770 2747 2872 2786 non
2913 2731 3141 2802 decepit,
3175 2712 3268 2787 sed
3296 2747 3416 2786 mu-

1844 2826 2030 2880 lierem
2051 2825 2205 2895 ejus?
2230 2824 2333 2881 Sed
2363 2824 2615 2895 numquid
2639 2832 2914 2895 propterea
2936 2839 3044 2878 non
3064 2834 3147 2879 est
3175 2824 3419 2879 inimicus

1843 2918 1977 2988 ejus,
2005 2917 2071 2973 ad
2102 2933 2257 2987 quem
2286 2918 2525 2987 pervenit
2558 2933 2650 2986 per
2675 2917 2947 2972 mulierem
2971 2931 3118 2971 suam
3147 2916 3233 2970 illa
3260 2916 3419 2971 dece-

1844 3009 1977 3080 ptio,
2009 3008 2237 3063 maxime
2265 3008 2386 3077 quia
2430 3008 2498 3063 de
2542 3007 2716 3062 futuro
2740 3008 2849 3076 jam
2876 3006 3086 3073 dicitur,
3118 3004 3422 3061 Inimicitias

1846 3117 2033 3172 ponam
2057 3102 2186 3154 inter
2216 3110 2261 3154 te
2293 3109 2338 3153 et
2371 3100 2665 3153 mulierem?
2692 3097 2747 3155 Si
2774 3108 2952 3154 autem
2975 3098 3115 3169 quod
3142 3114 3246 3153 non
3272 3098 3421 3153 dein-

1846 3207 1975 3262 ceps
2001 3190 2213 3261 decepit
2241 3189 2431 3258 Adam,
2461 3206 2561 3245 nec
2589 3191 2754 3259 ipsam
2796 3190 2959 3245 Evam
2990 3189 3239 3259 deinceps
3260 3188 3421 3243 dece-

1847 3284 1943 3354 pit.
1988 3283 2163 3351 Quare
2211 3296 2335 3353 ergo
2379 3282 2448 3335 ita
2493 3280 2704 3347 dicitur,
2732 3281 2834 3335 nisi
2861 3280 2981 3350 quia
3012 3279 3097 3335 hic
3140 3279 3421 3334 manifeste

1845 3378 2142 3434 ostenditur
2165 3391 2269 3431 non
2295 3389 2453 3446 posse
2483 3390 2580 3429 nos
2616 3390 2646 3428 a
2689 3372 2898 3429 diabolo
2927 3373 3136 3439 tentari,
3187 3373 3285 3427 nisi
3327 3387 3423 3445 per

1846 3472 1992 3527 illam
2019 3470 2298 3525 animalem
2326 3476 2549 3538 partem,
2571 3482 2688 3537 quae
2713 3466 2861 3536 quasi
2886 3465 3120 3520 mulieris
3141 3465 3425 3535 imaginem

1847 3564 1934 3618 vel
1963 3562 2265 3633 exemplum
2306 3561 2357 3615 in
2405 3574 2510 3614 uno
2539 3560 2650 3628 ipso
2680 3558 2894 3613 homine
2929 3556 3178 3621 ostendit,
3211 3557 3277 3611 de
3320 3571 3424 3626 qua

1850 3654 2094 3724 superius
2114 3654 2223 3722 jam
2253 3652 2413 3706 multa
2441 3650 2704 3705 diximus?
2724 3648 2873 3716 Quod
2903 3656 3080 3702 autem
3102 3647 3263 3702 etiam
3288 3648 3425 3701 inter

1848 3761 2032 3802 semen
2056 3745 2340 3809 diaboli,et
2363 3758 2547 3799 semen
2564 3742 2801 3797 mulieris
2822 3748 3092 3811 ponuntur
3114 3739 3423 3804 inimicitiae,

1849 3836 2177 3908 signiﬁcatur
2214 3833 2417 3888 semine
2447 3832 2640 3887 diaboli
2688 3844 2937 3901 perversa
2984 3828 3280 3901 suggestio;
3336 3842 3425 3884 se-

1848 3928 1992 3984 mine
2025 3934 2203 3981 autem
2248 3923 2504 3991 mulieris,
2556 3924 2754 3977 fructus
2791 3921 2914 3976 boni
2941 3922 3136 3991 operis,
3167 3936 3272 3991 quo
3300 3934 3424 3990 per-

1849 4034 2019 4077 versae
2064 4017 2387 4089 suggcstioni
2446 4016 2666 4071 resistit.
2728 4015 2795 4069 Et
2844 4013 2964 4069 ideo
3009 4013 3256 4068 observat
3312 4013 3425 4082 ipse

1850 4113 2083 4184 plantam
2117 4110 2352 4165 mulieris
2375 4150 2388 4173 ,
2418 4118 2475 4162 ut
2503 4108 2547 4161 si
2575 4105 2785 4177 quando
2813 4107 2869 4160 in
2895 4105 3074 4159 illicita
3113 4104 3306 4158 labitur
3332 4104 3426 4158 de-

1851 4205 2064 4260 lectatio
2088 4204 2103 4234 ⁸
2123 4244 2138 4269 ,
2170 4212 2295 4257 tunc
2322 4200 2463 4256 illam
2502 4201 2676 4271 capiat
2707 4217 2719 4252 :
2751 4209 2805 4254 et
2845 4200 2931 4253 illa
2977 4199 3225 4254 observat
3265 4206 3426 4268 caput

1851 4298 1987 4368 ejus,
2036 4305 2092 4349 ut
2119 4310 2239 4349 eum
2282 4294 2337 4347 in
2363 4293 2477 4364 ipso
2506 4292 2654 4346 initio
2682 4291 2834 4345 mala:
2862 4289 3125 4345 suasionis
3156 4287 3420 4343 excludat.

1993 4385 2216 4441 CAPUT
2246 4383 2386 4438 XIX.
2416 4413 2489 4423 —-—
2512 4382 2587 4436 De
2614 4384 2772 4454 poenis
2802 4381 2997 4435 mulieri
3021 4381 3243 4449 inflictis.

1922 4477 2011 4531 29.
2037 4475 2151 4531 Jam
2181 4476 2247 4530 de
2279 4488 2433 4545 paena
2472 4473 2709 4527 mulieris
2740 4471 2879 4525 nulla
2909 4470 3131 4539 quaestio
3157 4478 3238 4524 est
3267 4486 3278 4521 :
3307 4485 3424 4523 ma-

1850 4571 2042 4627 nifeste
2064 4570 2204 4624 enim
2236 4566 2607 4636 multiplicatos
2629 4563 2839 4619 dolores
2864 4561 3041 4628 habet,
3070 4571 3226 4630 atque
3252 4564 3428 4629 suspi-

1852 4667 1931 4721 ria
1959 4665 2011 4719 in
2037 4663 2195 4734 hujus
2225 4663 2346 4717 vitae
2366 4658 2785 4723 calamitatibus;
2818 4668 2871 4712 et
2904 4656 3043 4726 quod
3072 4656 3123 4710 in
3154 4655 3429 4712 doloribus

1852 4758 2023 4828 pariat
2064 4754 2221 4819 ﬁlios,
2249 4752 2486 4823 quamvis
2511 4759 2566 4805 et
2608 4749 2659 4803 in
2690 4749 2788 4803 ista
2817 4748 3006 4803 visibili
3036 4747 3255 4802 muliere
3278 4762 3430 4801 com-

1854 4850 2087 4921 pleatur,
2138 4855 2313 4901 tamen
2364 4843 2430 4898 ad
2477 4842 2621 4896 illam
2678 4840 3021 4895 secretiorem
3078 4836 3432 4893 consideratio

1854 4938 2150 4995 revocanda
2178 4947 2277 4994 est.
2306 4937 2435 4991 Nam
2463 4945 2515 4990 et
2542 4936 2593 4989 in
2631 4933 2909 5004 pecoribus
2949 4932 3157 4987 femina:
3183 4948 3302 4987 cum
3328 4930 3431 4985 do.

1855 5032 1967 5087 lore
1992 5029 2203 5100 pariunt
2224 5027 2381 5092 ﬁlios,
2411 5034 2464 5081 et
2493 5025 2607 5079 Ι]Ἐο
2628 5034 2709 5080 est
2735 5024 2785 5078 in
2816 5024 2915 5078 illis
2942 5022 3275 5077 mortalitatis
3300 5034 3431 5074 con-

1854 5124 1986 5179 ditio
2014 5122 2190 5193 potius
2218 5134 2374 5190 quam
2413 5133 2567 5188 paena
2610 5116 2829 5187 peccati.
2862 5115 3042 5169 Potest
3066 5127 3190 5181 ergo
3228 5110 3339 5165 ﬁeri
3372 5121 3429 5165 ut

1856 5218 2015 5273 etiam
2043 5216 2095 5270 in
2122 5213 2331 5269 feminis
2361 5209 2661 5265 hominibus
2688 5208 2987 5262 mortalium
3032 5218 3313 5273 corporum
3361 5203 3431 5257 sit

1858 5312 1956 5366 ista
1983 5307 2235 5365 conditio.
2264 5305 2371 5361 Sed
2398 5296 2503 5359 hoc
2531 5311 2615 5358 est
2642 5314 2889 5371 magnum
2918 5294 3252 5366 supplicium,
3286 5293 3428 5362 quod

1857 5404 1924 5460 ad
1964 5404 2117 5457 istam
2150 5412 2433 5469 corporum
2477 5393 2849 5450 mortalitatem
2895 5404 2959 5443 ex
2990 5388 3076 5441 illa
3111 5384 3427 5440 immortali-

1860 5508 1965 5554 tate
2006 5502 2282 5551 venerunt.
2330 5492 2707 5547 Verumtamen
2749 5497 2997 5553 magnum
3043 5488 3434 5535 sacramentum

1886 5638 2068 5749 tunsa.
2094 5645 2191 5683 non
2208 5629 2344 5694 pauci
2366 5626 2574 5676 habent:
2596 5618 2855 5685 siquando
2884 5616 3055 5671 illicita
3077 5614 3268 5669 elabitur
3304 5611 3460 5664 cete--

1905 5714 1934 5747 η
1956 5710 2014 5749 ιο.

1861 5710 2014 5749 rtatw.
