3906 6312
182 240 288 300 ,ιδ
1517 234 1722 294 LIBER
1758 233 2127 300 secuxeus.

191 357 338 449 um?
373 362 428 416 ⁸
462 351 602 449 θεῷ
625 363 1069 449 cum-eorum
1101 350 1173 449 in.
1193 350 1350 414 imam
1394 349 1776 449 mortalitatem
1881 368 1950 410 ne
1974 354 2108 416 forte
2135 358 2207 418 sis
2227 359 2418 428 bonus,
2451 365 2688 423 volentes
2714 371 2893 443 utique
2918 381 2974 429 ut
2997 376 3100 444 sit;
3131 378 3184 436 id
3204 389 3306 449 est,
3340 353 3464 443 mo:-

183 447 366 512 earuis
410 445 668 512 mutavit.
716 444 807 505 ubi
854 442 1210 536 lateutcorda
1253 441 1548 536 mendacia.
1590 441 1775 520 Neque
1880 461 1981 504 nco
2014 457 2082 515 te,
2118 465 2222 510 non
2252 452 2541 526 destierans
2581 460 2722 532 quod
2748 441 2918 520 bonus
2943 441 3110 536 possis
3137 441 3465 534 esse.'Sicut

181 543 332 606 enim
357 540 420 602 in
443 538 550 600 illis
586 536 904 606 corporibus
945 535 1256 598 cwleslibus
1289 535 1368 628 sio
1411 535 1774 628 latore-posse
1877 536 2108 610 loquitur
2125 542 2430 616 Apostolus,
2460 561 2582 604 cum
2608 550 2735 607 dicit
2766 570 2779 608 :
2815 553 2897 614 Ne
2923 535 3054 628 forte
3079 559 3163 616 det
3190 562 3291 620 illis
3321 564 3459 628 Deus

576 628 906 729 credendum
955 635 1062 696 est,
1101 626 1554 729 (incommodum
1593 625 1650 680 in
1687 626 1771 689 itis
1877 633 2218 729 paenitentiam
2237 637 2304 694 ad
2323 633 2717 710 cognoscendam
2740 625 2991 704 veritatent
3015 648 3080 723 (ll
3110 651 3242 710 Tim.
3261 670 3318 718 tt,
3340 625 3460 729 25),

199 721 818 819 torporibusiateuttsed
843 721 980 780 sicut
1004 720 1246 819 nonnulli
1271 730 1447 819 motus
1471 721 1769 819 enituerunt
1874 723 2061 819 Putest
2088 741 2215 800 ergo
2246 729 2411 788 videri
2442 741 2720 804 propterea
2750 735 2911 797 homo
2947 741 3002 796 in
3025 720 3264 804 labores
3301 720 3462 819 hujns'

177 826 441 891 apparent
478 817 532 878 in
571 817 744 884 vultu.
770 824 842 908 ut
877 815 1109 908 maxime
1137 815 1191 877 in
1217 816 1420 882 oculis.
1469 816 1549 878 sic
1589 817 1640 876 in
1679 815 1768 878 illa
1874 815 1998 875 vitae.
2020 831 2136 876 esse
2161 819 2446 888 dimissus,
2478 832 2536 880 ut
2561 824 2843 897 aliquando
2873 845 3086 892 manum
3112 837 3348 908 porrigat
3370 815 3460 902 ad

3365 264 3471 326 ειι

179 909 560 982 pcﬂpicuitate
611 922 677 968 ac
737 907 1073 983 simplicitate
1136 907 1430 970 emicatth
1483 923 1766 980 corporum

177 1016 365 1064 omnes
389 1000 616 1062 omnino
651 1009 832 1065 motus
867 999 1029 1060 animi
1059 999 1225 1060 latere
1251 1015 1355 1062 non
1381 1001 1630 1064 arbitror.
1663 1001 1767 1062 ita-

179 1110 279 1166 que
307 1093 383 1154 illi
411 1092 763 1154 merebuntur
787 1091 1165 1154 habitationem
1207 1093 1350 1154 illaut
1380 1102 1433 1154 et
1469 1103 1765 1155 conuenta—

178 1188 367 1250 tioucm
398 1187 453 1246 in
478 1185 780 1258 angelicam
805 1185 1028 1246 fortnam
1051 1229 1067 1255 ,
1111 1187 1202 1258 qui
1239 1189 1399 1248 etiam
1444 1189 1497 1250 in
1525 1189 1625 1252 bac
1654 1190 1762 1246 vita

179 1296 289 1344 cuto
315 1280 531 1352 possint
549 1279 650 1339 sub
670 1280 866 1342 tunicis
893 1281 1129 1351 pelliceis
1155 1283 1426 1342 oorttltare
1463 1283 1757 1352 mendacia,

176 1373 402 1436 oderunt
427 1383 606 1434 tamen
631 1387 695 1430 ea
725 1382 778 1427 et
805 1382 995 1434 cavant
1022 1374 1432 1444 ﬂagrantissimo
1462 1390 1643 1438 amore
1671 1391 1758 1436 ve-

179 1466 376 1536 ritatis.
413 1474 471 1524 et
505 1467 612 1528 boo
641 1467 820 1528 sctum
861 1475 1076 1538 tantum,
1107 1467 1249 1538 quod
1289 1468 1323 1528 ii
1363 1469 1454 1539 qui
1493 1469 1756 1536 audiunt,

175 1562 304 1623 iam
324 1575 433 1622 non
459 1567 707 1631 possunt;
736 1559 830 1619 sed
860 1560 1002 1624 nulla
1031 1561 1378 1621 mentiuntur.
1403 1561 1591 1619 Veniet
1615 1562 1757 1623 enim

177 1665 376 1726 tempus
410 1662 475 1714 ut
510 1653 642 1714 nihil
667 1653 831 1713 etiam
847 1662 1196 1725 contegatur:
1229 1653 1357 1715 nihil
1389 1663 1470 1712 est
1495 1655 1636 1713 enim
1667 1670 1758 1712 oc~

175 1749 364 1811 cultum
383 1748 539 1821 quod
563 1764 671 1807 non
700 1749 1121 1808 maniiestabitur
1142 1749 1352 1822 (Hau/4.
1377 1765 1430 1817 κ,
1451 1749 1568 1820 26).
1591 1749 1756 1808 Tam~

175 1841 256 1899 ditt
281 1849 462 1898 autem
494 1843 553 1898 in
587 1841 836 1912 paradiso
863 1841 1077 1900 fuerunt
1095 1843 1202 1910 isti,
1235 1841 1484 1913 quamvis
1505 1842 1617 1912 jam
1653 1842 1755 1899 sub

174 1935 423 1994 sententia
445 1933 756 1990 damnantis
776 1934 888 2002 Dei,
910 1934 1084 1994 donec
1112 1943 1326 1994 ventum
1355 1943 1498 1996 esset
1531 1934 1597 1990 ad
1637 1934 1752 2004 pel-

174 2026 576 2094 iieesstunicas,
600 2025 652 2083 id
672 2035 754 2082 est
780 2025 847 2082 ad
880 2025 1037 2096 hujus
1065 2025 1187 2084 vitae
1219 2025 1618 2084 mortalitatem.
1637 2025 1755 2093 Quo

177 2123 306 2178 enim
349 2120 564 2192 majore
601 2119 800 2178 indicio
841 2119 1016 2191 potuit
1065 2117 1350 2190 signiﬁcari
1407 2134 1552 2181 more
1594 2134 1754 2190 quam

175 2214 414 2272 sentimus
444 2214 507 2268 in
529 2227 776 2284 oorpore,
813 2227 973 2283 quam
1007 2211 1235 2283 pellibus
1259 2226 1380 2282 quae
1409 2211 1634 2273 mortuis
1661 2227 1753 2282 νεα

175 2307 370 2364 casibus
393 2305 616 2362 detrahi
634 2305 843 2362 solent?
860 2304 1041 2374 itaque
1058 2319 1180 2364 eum
1199 2314 1382 2366 contra
1403 2314 1750 2375 prteceptum,

174 2414 265 2454 non
301 2398 605 2454 imitatione
648 2397 880 2468 legitima
903 2438 918 2464 ,
951 2397 1046 2452 sed
1077 2397 1258 2453 illicita
1299 2398 1567 2467 superbia,
1611 2399 1753 2459 Deus

172 2506 276 2548 esse
300 2491 505 2563 appetit
538 2490 725 2558 homo,
755 2504 920 2560 usque
953 2488 1020 2546 ad
1055 2489 1347 2545 belluarum
1374 2489 1750 2549 mortalitatem

169 2583 388 2655 dejectus
419 2593 532 2640 est.

229 2677 314 2732 55.
351 2677 478 2734 ideo
527 2676 605 2732 sic
631 2676 705 2734 illi
747 2675 830 2732 lex
871 2675 1045 2738 divina
1076 2675 1292 2734 insultat
1335 2688 1430 2735 ore
1467 2673 1594 2739 Dei;
1647 2689 1750 2743 qua

170 2769 496 2831 insultatione
535 2783 634 2825 nos
673 2769 1024 2826 admonemur
1059 2775 1314 2839 quantum
1355 2781 1638 2837 possumus
1661 2782 1751 2826 ca-

172 2877 278 2924 me
293 2863 625 2936 superbiam.

225 2955 441 3013 CAPUT
503 2954 670 3011 XXII.
697 2986 766 3000 -ν-
789 2954 1042 3024 Eapulsio
1071 2953 1198 3008 Adte
1231 2953 1352 3024 quid
1373 2953 1657 3023 allegorice.

230 3047 355 3103 Ecce
397 3048 574 3102 Adam
633 3049 796 3118 factus
845 3055 918 3100 est
949 3057 1185 3116 tanquam
1225 3062 1354 3100 unus
1395 3061 1458 3104 ex
1505 3045 1645 3104 nobis
1683 3044 1750 3100 ad

173 3140 404 3196 scientiam
425 3140 767 3213 cognoscendi
795 3139 980 3194 bonum
1015 3148 1062 3194 et
1104 3139 1316 3194 uratum.
1346 3137 1480 3206 Quae
1504 3137 1748 3207 ambigua

174 3229 349 3288 locutio
395 3234 626 3305 ligurem
657 3230 786 3286 facit
817 3249 830 3284 :
864 3247 984 3286 nam
1006 3271 1022 3296 ,
1056 3234 1220 3301 factus
1246 3238 1316 3284 est
1346 3221 1588 3298 ianquam
1619 3244 1748 3284 unus

174 3341 227 3378 es
249 3325 401 3393 nobis,
431 3325 727 3394 dupliciter
753 3325 972 3396 intelligi
1012 3332 1188 3395 potest
1219 3341 1231 3376 :
1261 3322 1344 3379 vel
1365 3339 1496 3380 unus
1517 3337 1579 3378 ex
1608 3322 1748 3382 nobis

175 3420 304 3487 quasi
332 3428 385 3475 et
416 3420 536 3490 ipse
575 3420 738 3485 Deus,
765 3418 908 3490 quod
948 3418 1180 3488 pertinet
1213 3417 1280 3472 ad
1326 3415 1744 3480 insultationem;

175 3512 293 3568 sicut
318 3513 536 3582 dicitur,
591 3529 727 3568 unus
753 3528 819 3568 ex
845 3512 1216 3577 senatoribus,
1264 3511 1446 3579 utique
1485 3514 1743 3566 senator:

176 3613 254 3659 aut
269 3616 436 3673 certe,
466 3606 598 3678 quia
621 3615 674 3660 et
705 3605 816 3676 ipse
840 3604 975 3659 deus
1000 3612 1174 3668 esset,
1213 3602 1456 3673 quamvis
1479 3597 1746 3662 Creatoris

176 3700 246 3753 sui
270 3700 550 3767 beneﬁcio,
583 3715 689 3754 non
717 3709 901 3756 natura
922 3740 936 3764 ,
974 3699 1019 3752 si
1045 3698 1144 3752 sub
1183 3697 1300 3764 ejus
1342 3704 1604 3766 potestate
1635 3709 1747 3750 ma-

175 3805 288 3848 nere
305 3795 563 3850 voluisset
581 3833 594 3858 ,
624 3793 703 3849 sic
733 3793 932 3848 dictum
961 3801 1064 3859 est,
1090 3809 1152 3845 ex
1177 3790 1339 3855 nobis;
1366 3788 1636 3860 quomodo
1665 3787 1745 3842 di-

175 3882 313 3950 citur,
339 3900 402 3941 ex
432 3883 778 3948 consulibus;
814 3892 941 3950 aut,
984 3898 1083 3955 pro
1110 3881 1414 3937 consulibus
1437 3922 1452 3947 ,
1503 3879 1592 3950 qui
1632 3879 1744 3949 jam

177 3989 267 4030 non
291 3985 386 4032 est.
433 3977 544 4034 Sed
585 3977 652 4032 ad
680 3991 838 4046 quam
868 3991 979 4032 rom
1021 3975 1189 4030 factus
1217 3984 1302 4030 est
1330 3983 1579 4043 tanquam
1607 3986 1745 4027 unus

176 4083 229 4122 es
253 4069 433 4126 nobis?
465 4071 549 4126 Ad
592 4071 869 4126 scientiam
908 4070 1115 4126 scilicet
1155 4067 1498 4139 dignoscendi
1540 4067 1664 4122 boni
1691 4074 1745 4121 et

176 4163 306 4229 mali,
333 4172 388 4218 ut
415 4165 515 4219 iste
566 4179 660 4234 per
701 4163 1123 4232 experimentum
1160 4160 1390 4216 disceret
1426 4160 1552 4215 dum
1581 4160 1743 4214 sentit

178 4252 375 4320 malum,
406 4255 554 4326 quod
586 4255 722 4309 Deus
750 4270 845 4324 per
869 4254 1180 4325 sapientiam
1208 4254 1385 4318 novit;
1419 4262 1472 4308 et
1508 4263 1742 4322 potesta.

178 4350 273 4399 tem
298 4345 438 4402 illam
457 4345 854 4416 Omnipotentis
873 4361 1028 4417 quant
1060 4346 1163 4415 pati
1194 4345 1359 4398 noluit
1381 4344 1564 4401 beatus
1584 4353 1743 4414 atque

178 4441 525 4505 consentiens,
563 4455 720 4510 paena
755 4453 847 4494 sua
886 4439 1052 4493 discat
1081 4453 1200 4494 esse
1225 4436 1599 4492 inevitabilem.

240 4528 320 4584 54.
361 4530 424 4585 Et
446 4542 566 4586 tunc
595 4548 659 4586 ne
687 4533 959 4602 porrigeret
986 4531 1146 4584 Adam
1173 4547 1375 4583 manum
1399 4547 1540 4583 suam
1565 4529 1632 4582 ad
1659 4547 1743 4582 arv-

181 4619 324 4675 bmm
367 4625 480 4678 vita
498 4666 513 4692 ,
548 4632 595 4678 et
623 4625 800 4677 uiueret
826 4625 876 4677 in
902 4633 1143 4676 celer-num
1167 4663 1181 4688 ,
1210 4622 1398 4675 dimisit
1437 4622 1580 4678 illum
1611 4622 1743 4676 Deus

183 4710 236 4763 de
259 4717 506 4782 paradiso.
539 4715 682 4770 Bene
709 4715 906 4772 dictum
927 4724 1009 4770 est
1031 4757 1044 4779 ,
1079 4714 1288 4780 dimisit,
1319 4729 1445 4780 non,
1471 4713 1737 4780 exclusit;

183 4815 232 4858 ut
254 4807 358 4876 ipso
394 4797 734 4880 peccatorum
781 4825 994 4864 suorum
1034 4807 1270 4878 pondere
1301 4816 1546 4878 tanquam
1573 4808 1626 4861 in
1655 4795 1739 4863 lo.

183 4907 287 4950 cum
335 4900 433 4954 sibi
482 4915 778 4972 congruum
813 4901 1079 4956 videretur
1123 4901 1318 4970 urgeri.
1351 4899 1499 4966 Quod
1548 4899 1743 4969 patitur

183 4986 470 5063 plerumque
491 4995 664 5050 malus
686 4994 846 5048 homo
861 5009 980 5048 cum
1013 4994 1152 5048 inter
1172 4995 1342 5049 bonos
1368 4994 1545 5048 vivere
1564 5008 1743 5063 cmpe-

187 5078 264 5145 rit,
288 5083 329 5137 si
349 5099 405 5140 se
433 5085 486 5140 in
512 5087 703 5142 melius
733 5095 1061 5142 commutare
1084 5086 1341 5141 noluerit:
1369 5100 1435 5140 ex
1457 5084 1545 5139 illa
1575 5085 1742 5140 bono-

186 5185 286 5227 rum
311 5179 736 5250 congregatione,
771 5179 1002 5249 pondere
1029 5178 1184 5234 malae
1209 5193 1318 5232 sua:
1343 5176 1742 5234 consuetudinis

187 5264 405 5334 pellitur;
435 5281 488 5325 et
531 5269 603 5325 illi
644 5286 766 5326 eum
793 5285 897 5325 non
925 5270 1212 5326 excludunt
1237 5271 1584 5326 reluctantem
1603 5314 1616 5337 ,
1645 5269 1742 5326 sed

187 5351 431 5415 dimittunt
454 5363 751 5432 cupientem
794 5363 947 5432 Quod
969 5372 1145 5418 autem
1173 5364 1370 5418 dictum
1389 5371 1490 5430 est,
1523 5363 1605 5418 Ne
1620 5381 1739 5435 por-

188 5444 346 5516 rigeret
363 5451 522 5506 Adam
551 5470 754 5509 manum
777 5471 920 5509 suam
941 5454 1010 5509 ad
1034 5456 1260 5510 arborem
1284 5455 1416 5522 uiue,
1441 5455 1597 5510 etiam
1629 5455 1743 5510 haec

189 5539 406 5611 ambigua
426 5543 622 5601 locutio
639 5554 739 5602 est.
762 5547 1050 5618 Loquimur
1065 5549 1207 5602 enim
1233 5547 1328 5613 sic,
1352 5562 1473 5602 eum
1491 5546 1738 5616 dicimus,

192 5627 296 5688 ideo
313 5642 360 5694 te
387 5651 598 5704 moueo.
627 5655 696 5698 ne
722 5641 911 5698 iterum
933 5640 1096 5700 facias
1118 5639 1259 5710 quod
1281 5638 1474 5706 iecisti,
1503 5640 1742 5696 volentes

195 5721 352 5794 utique
381 5738 435 5783 ut
464 5745 568 5784 non
608 5729 760 5787 faciat
788 5750 799 5785 :
832 5743 884 5788 et
934 5735 1123 5790 iterum
1155 5735 1264 5802 sic,
1297 5734 1417 5790 ideo
1444 5741 1493 5789 te
1524 5748 1738 5803 moneo,

1870 910 2118 970 arborem
2144 913 2303 983 vitae,
2361 929 2410 974 et
2461 921 2600 978 vivat
2629 923 2680 980 in
2706 931 2988 986 aeternum.
3036 929 3221 990 Manus
3271 943 3458 998 autem

1872 1006 2135 1071 porrectio
2164 1007 2299 1064 bene
2322 1011 2582 1082 signiﬁcat
2607 1030 2839 1082 crucem.
2868 1034 2962 1090 per
2985 1036 3143 1093 quam
3169 1023 3276 1080 vita
3295 1035 3458 1087 tuter-

1869 1107 1935 1152 na
1967 1108 2328 1170 recuperatur.
2353 1102 2604 1170 Quamvis
2634 1106 2795 1169 etiam
2822 1109 2866 1166 si
2888 1111 2978 1166 illo
3004 1112 3166 1174 modo
3191 1114 3452 1188 intelligat.

1867 1202 1986 1244 mus
2006 1230 2021 1255 ,
2055 1205 2116 1245 ne
2157 1208 2360 1248 manum
2391 1197 2645 1268 porrigat,
2694 1208 2741 1260 et
2778 1201 2909 1256 vivat
2949 1205 3003 1258 in
3027 1214 3269 1268 calamum
3291 1249 3304 1273 ,
3341 1225 3450 1270 non

1867 1278 2059 1350 injusta
2090 1298 2241 1354 poma
2269 1294 2351 1346 est
2379 1297 2498 1357 post
2523 1299 2798 1360 peccatum
2828 1292 3173 1354 interclusum
3195 1312 3315 1354 esse
3335 1299 3455 1359 adi—

1869 1380 1973 1425 tum
2001 1374 2066 1428 ad
2093 1377 2426 1445 sapientiam,
2457 1381 2627 1437 donec
2659 1385 2754 1440 Dei
2793 1388 3156 1448 misericordia
3182 1395 3447 1456 mensuris

1868 1475 2163 1536 temporum
2195 1471 2470 1527 reviviscat
2497 1475 2586 1544 qui
2615 1485 2856 1532 mortuus
2886 1487 3002 1551 est,
3053 1489 3106 1535 et
3147 1482 3450 1543 inveniatur

1863 1557 1951 1626 qui
2002 1560 2249 1630 perierat.
2286 1562 2540 1624 Dimissus
2589 1577 2670 1622 est
2711 1584 2840 1638 ergo
2864 1569 2932 1626 de
2972 1572 3218 1640 paradiso
3263 1577 3449 1636 suavi-

1863 1648 1984 1704 tatis
2004 1691 2018 1714 ,
2053 1659 2108 1705 ut
2151 1665 2463 1723 Operaretur
2492 1668 2683 1712 terram
2713 1660 2779 1715 de
2802 1677 2905 1730 qua
2934 1672 3174 1736 sumptus
3198 1677 3346 1738 erat;
3391 1668 3450 1732 id

1861 1749 1961 1806 est,
1998 1743 2126 1800 utin
2151 1759 2375 1815 corpore
2396 1748 2498 1803 isto
2521 1749 2805 1814 laboraret,
2829 1764 2883 1807 ct
2911 1753 2979 1812 ibi
3001 1755 3046 1814 si
3078 1766 3256 1827 posset
3277 1759 3446 1820 collo-

1860 1842 2010 1894 caret
2045 1835 2146 1890 sibi
2172 1839 2418 1898 meritum
2444 1841 2718 1898 redeundi.
2745 1844 2976 1905 Mutatus
3003 1856 3086 1904 est
3104 1857 3284 1912 autem
3310 1866 3447 1914 con.

1860 1934 1941 1984 ira
1990 1929 2294 1998 paradisum
2347 1932 2400 1988 in
2444 1934 2656 1993 miseria
2697 1955 2708 1988 :
2743 1952 2860 2006 qua}
2893 1940 3071 2010 utique
3113 1941 3282 1998 beata:
3322 1945 3447 2008 vita

1859 2019 2124 2076 contraria
2157 2029 2256 2075 est.
2309 2022 2438 2078 Nam
2483 2024 2690 2080 beatam
2739 2027 2901 2088 vitam
2947 2031 3177 2105 paradisi
3225 2037 3445 2099 nomine

1861 2111 2211 2182 signiﬁcatam
2235 2117 2500 2174 existimo.

1859 2202 2083 2265 CAPUT
2124 2206 2307 2268 XXI".
2351 2238 2419 2248 ——-
2458 2209 2725 2270 Clterubim
2764 2222 2808 2270 et
2835 2214 3030 2285 framea
3057 2220 3301 2282 versatilis
3325 2223 3447 2293 quid

2567 2315 2755 2360 notent.

1929 2393 2018 2448 55.
2061 2392 2240 2452 Posuit
2260 2406 2425 2452 autem
2450 2397 2591 2452 Deus
2627 2398 2895 2458 Clterubitn
2939 2413 2985 2460 et
3021 2405 3309 2474 ﬂammeam
3337 2412 3448 2480 [ra-

1857 2502 2020 2540 meant
2047 2503 2162 2557 qua:
2187 2499 2431 2555 versatur,
2471 2506 2589 2566 quae
2630 2508 2735 2546 uno
2782 2495 2998 2550 nomine
3027 2498 3290 2558 versatilis
3337 2499 3446 2563 dici

1857 2586 2064 2647 potest,
2103 2579 2171 2632 ad
2199 2580 2577 2638 custodiendam
2621 2583 2752 2637 viam
2787 2583 2978 2640 arboris
3005 2587 3138 2644 vita.
3185 2587 3333 2646 Sicut
3365 2590 3448 2652 illi

1857 2671 2041 2729 volunt
2087 2673 2176 2741 qui
2205 2673 2415 2728 itobrtea
2457 2675 2619 2730 verba
2670 2675 2724 2730 in
2770 2674 3059 2747 Scriptttris
3105 2680 3446 2752 interpretati

1856 2770 1999 2829 sunt,
2023 2763 2312 2822 Clterubim
2333 2766 2496 2826 latine
2514 2765 2763 2826 Scientiae
2786 2769 3056 2838 plenitudo
3075 2785 3196 2832 esse
3218 2772 3438 2835 dicitur.

1857 2856 2128 2918 Flammea
2162 2874 2289 2914 vero
2326 2858 2526 2916 framea
2554 2862 2847 2928 versatilis,
2899 2865 3223 2938 temporales
3266 2881 3442 2936 pinna:

1857 2948 2242 3018 intelliguntur,
2263 2952 2514 3020 quoniam
2536 2960 2772 3022 tempora
2790 2954 3118 3016 volubilitate
3138 2967 3440 3021 vorsantur.

1856 3040 2141 3110 Propterea
2172 3051 2224 3100 ct
2245 3041 2488 3098 ﬂammea
2519 3044 2732 3112 dicitur,
2762 3047 2886 3116 quia
2915 3048 3021 3108 urit
3046 3049 3443 3119 quodammodo

1854 3136 2028 3191 omnis
2055 3135 2341 3194 tribulatio.
2366 3136 2470 3192 Sed
2489 3137 2632 3194 aliud
2659 3146 2742 3196 est
2759 3139 2841 3196 uri
2860 3139 2927 3198 ad
2949 3143 3438 3213 consumptionetn,

1854 3235 1906 3284 ot
1933 3226 2075 3281 aliud
2117 3235 2198 3282 est
2241 3227 2322 3282 uri
2359 3227 2427 3284 ad
2476 3231 2862 3298 purgationem.
2900 3230 3033 3292 Nam
3059 3242 3114 3289 et
3151 3235 3443 3304 Apostolus

1853 3319 1982 3374 dicit
2013 3337 2025 3372 :
2057 3317 2180 3384 Quis
2211 3319 2606 3388 scandalizatur,
2634 3332 2680 3376 et
2722 3339 2811 3393 ego
2837 3340 2939 3382 non
2968 3341 3087 3382 uror
3124 3325 3191 3396 (il
3215 3327 3330 3386 Cor.
3361 3345 3438 3398 xl,

1851 3410 1985 3483 29)?
2010 3411 2114 3470 Sed
2153 3413 2254 3468 iste
2282 3413 2502 3471 affectus
2535 3416 2789 3484 purgabat
2815 3433 2938 3474 eum
2977 3419 3179 3491 magis,
3224 3422 3346 3494 quia
3372 3423 3443 3487 de

1851 3502 2108 3558 charitate
2129 3504 2393 3562 veniebat.
2419 3505 2488 3561 Et
2513 3505 2615 3562 illa:
2644 3507 3008 3566 tribulationes
3039 3513 3316 3581 quasjusu
3347 3530 3440 3583 pa.

1853 3594 2078 3659 tiuntur,
2127 3595 2195 3652 ad
2257 3595 2411 3654 istam
2467 3598 2737 3666 pertinent
2778 3598 3078 3658 ilatnmcam
3126 3601 3432 3664 frameamt

1855 3687 2106 3752 Quoniam
2125 3689 2178 3746 in
2207 3689 2322 3760 igne
2349 3689 2588 3760 probatur
2603 3707 2784 3744 aurum
2811 3700 2858 3748 et
2882 3701 3163 3762 argentum,
3194 3703 3241 3752 et
3267 3694 3436 3752 hami.

1852 3795 1938 3834 nes
1973 3779 2302 3848 acceptabiles
2336 3780 2389 3834 in
2425 3779 2622 3834 continu
2661 3781 3022 3838 ltuntiliatianis
3049 3781 3236 3850 (Eccli.
3269 3800 3327 3851 tt,
3355 3784 3436 3852 5),

1852 3869 1922 3926 Et
1947 3871 2137 3926 iterum
2173 3888 2184 3923 :
2223 3869 2354 3928 Vasa
2381 3870 2529 3940 ﬁguli
2561 3870 2737 3940 probat
2767 3875 2970 3941 fornace,
3000 3882 3045 3932 et
3073 3874 3296 3934 homines
3337 3876 3436 3946 juq

1850 3971 1952 4018 stos
1979 3963 2180 4018 tentatio
2207 3963 2542 4018 tribulationis
2572 3962 2680 4033 (Id.
2710 3981 2879 4028 xxv",
2911 3965 2989 4034 6).
3019 3966 3280 4035 Quoniam
3306 3983 3439 4040 ergo

1850 4071 1994 4124 quem
2024 4053 2185 4123 diligit
2230 4053 2368 4108 Deus
2387 4095 2400 4121 ,
2434 4055 2678 4124 corripit;
2723 4064 2770 4108 et
2799 4057 3025 4127 ﬂagellat
3049 4075 3247 4119 omnem
3268 4060 3436 4129 ﬁlium

1849 4163 1995 4218 quem
2015 4147 2189 4216 recipit
2232 4146 2414 4219 (Hebr.
2464 4163 2560 4212 xu,
2609 4149 2705 4218 6);
2762 4149 2900 4208 sicut
2951 4151 3080 4208 dicit
3124 4153 3437 4222 Apostolus,

1853 4239 2077 4294 Scientes
2103 4240 2338 4309 quoniam
2359 4240 2615 4294 tribulatio
2632 4242 2924 4312 patientiam
2947 4254 3202 4313 operatur,
3235 4247 3436 4315 patien-

1851 4333 1921 4388 tia
1966 4342 2134 4388 autent
2169 4333 2511 4402 probationem
2544 4332 2716 4401 (liom.
2750 4350 2803 4398 v,
2826 4335 2880 4397 5,
2910 4335 2968 4405 4)
2992 4376 3007 4401 ,
3049 4344 3103 4390 et
3129 4335 3354 4406 legimus
3381 4347 3438 4399 et

1850 4422 2096 4477 audimus
2118 4463 2130 4487 ,
2160 4432 2213 4476 et
2243 4422 2566 4476 credendum
2598 4433 2680 4477 est
2707 4423 2949 4478 arborem
2982 4425 3122 4492 vitae,
3148 4426 3434 4496 plenitudi-

1850 4530 1970 4570 nem
1995 4513 2229 4568 scientia:
2250 4522 2302 4567 et
2322 4512 2621 4567 flammeam
2645 4513 2898 4570 frameam
2922 4516 3239 4573 custodiret
3265 4517 3434 4577 Nemo

1849 4621 1979 4675 ergo
2019 4612 2194 4675 potest
2233 4604 2511 4673 pervenire
2538 4603 2604 4658 ad
2632 4605 2875 4662 arborem
2903 4605 3046 4674 vitm,
3081 4608 3179 4663 nisi
3213 4624 3308 4678 per
3334 4610 3436 4674 bas

1849 4697 1999 4764 duas,
2032 4696 2083 4751 id
2109 4704 2192 4751 est
2218 4710 2315 4766 per
2343 4696 2676 4751 tolerantiam
2709 4697 3092 4765 molestiarum,
3129 4709 3180 4755 et
3196 4702 3437 4759 scientiae

1849 4789 2250 4860 plenitudinem.

1921 4883 2008 4937 56.
2051 4882 2155 4936 Sed
2197 4880 2476 4935 tolerantia
2517 4881 2880 4936 molestiarum
2919 4882 3167 4940 omnibus
3212 4887 3323 4940 fere
3374 4888 3432 4942 in

1853 4976 1951 5031 hac
2005 4976 2108 5030 vita
2184 4973 2456 5030 subeunda
2511 4983 2626 5039 est,
2683 4974 3022 5034 tendentibus
3071 4976 3137 5031 ad
3182 4977 3432 5034 arborem

1848 5069 1969 5123 vita:
2011 5087 2022 5124 :
2065 5067 2336 5138 plenitudo
2385 5075 2560 5122 autem
2613 5069 2849 5123 scientiae
2905 5068 3112 5124 videtur
3170 5070 3424 5139 pauciori-

1847 5160 1946 5218 bus
1993 5160 2316 5230 provenire;
2368 5170 2423 5215 ut
2461 5161 2610 5230 quasi
2644 5176 2746 5220 non
2775 5176 2962 5222 omnes
2986 5161 3076 5231 qui
3115 5164 3433 5230 perveniunt

1848 5255 1912 5309 ad
1943 5254 2188 5310 arborem
2218 5254 2338 5308 vitte
2358 5297 2372 5322 ,
2403 5270 2496 5326 per
2523 5254 2761 5309 scientiae
2789 5253 3167 5325 plenitudinem
3193 5255 3433 5321 veniant,

1848 5349 2089 5417 quamvis
2115 5363 2303 5407 omnes
2337 5349 2668 5404 toierantiam
2699 5347 3081 5414 molestiarum,
3112 5347 3259 5404 idest
3279 5345 3432 5402 llam.

1850 5458 2020 5498 meam
2053 5442 2304 5496 frameam
2338 5441 2658 5506 versatilem,
2704 5439 2952 5494 sentiant.
2987 5438 3091 5493 Sed
3119 5441 3162 5494 si
3190 5439 3436 5495 attenda-

1913 5557 1928 5590 ι
1950 5562 2057 5604 Lor.
2077 5589 2091 5612 ,
2116 5552 2457 5616 plenitudinem
2476 5564 2576 5602 esse
2592 5548 2817 5616 scientiae,
2841 5555 2887 5600 et
2905 5549 3126 5616 ﬂammea
3147 5552 3333 5616 framea
3354 5566 3439 5603 cu-

1846 5618 2036 5671 stodiri.
2057 5612 2127 5665 sic
2152 5618 2297 5664 etiam
2322 5615 2618 5676 antiquiores
2635 5612 2891 5676 editiones,
2906 5612 3004 5663 nisi
3038 5612 3168 5676 quod
3190 5617 3437 5676 omittunt,

1845 5693 1964 5731 esse.
1995 5679 2084 5728 Sed
2119 5679 2146 5739 ij
2166 5689 2218 5725 sa
2251 5674 2479 5739 orationis
2501 5677 2659 5739 series
2681 5675 2856 5739 probat
2880 5674 3146 5739 legendum
3165 5690 3274 5727 cum
3299 5674 3437 5738 Mss,

1846 5736 2190 5806 plenitudinem
2213 5737 2440 5799 scit-mite,
2469 5746 2512 5788 et
2533 5736 2805 5803 ﬂammeam
2827 5736 3064 5801 frameam
3085 5739 3342 5794 custodire.
