3906 6332
448 270 553 329 215

447 398 540 444 tur
563 385 703 458 quod
730 384 1017 457 Apostolus
1041 383 1189 451 dicit,
1224 381 1495 437 Plenitudo
1520 387 1688 435 autem
1710 376 1880 449 Legis,
1911 373 2038 429 cha-

445 481 572 536 ritas
600 480 773 551 (Rom.
792 475 1048 556 xttt,10);
1074 486 1127 532 et
1150 475 1425 532 videamus
1452 471 1695 529 eamdem
1723 468 2037 527 charitatem

446 581 717 645 princepto
734 572 824 626 illo
843 572 1056 643 gemino
1070 569 1349 635 contineri,
1369 567 1563 640 Diliges
1586 565 1856 621 Dominum
1873 562 2040 618 Deum

448 675 593 720 tuum
612 682 675 720 ea:
701 672 803 719 toto
828 665 978 718 corde
1006 672 1110 729 tuo,
1135 673 1182 717 et
1207 679 1268 737 ea:
1292 671 1396 716 tota
1424 661 1594 715 anima
1624 668 1730 727 tua,
1752 666 1799 713 et
1833 673 1896 712 ea:
1932 665 2038 711 tota

437 756 615 813 ‘mente
642 767 731 811 tua
747 773 767 821 ;
796 764 868 823 et,
896 755 1088 829 Diliges
1119 755 1404 827 proximam
1430 762 1670 824 tanquam
1703 751 1917 821 teipsum
1933 764 1954 813 ,'
1981 747 2038 803 in

445 849 640 921 quibus
672 846 869 902 duobus
897 847 1159 919 praeceptis
1188 855 1292 901 tota
1321 843 1428 900 Lea:
1454 844 1632 916 pendet
1651 884 1665 905 ,
1697 851 1744 896 et
1767 840 2037 913 Propheta:

446 938 674 1011 (Matth.
704 953 816 995 xxtt
832 980 847 1005 ,
876 936 1062 1009 37-40)
1087 956 1099 991 :
1127 939 1243 993 sine
1259 936 1584 992 dubitatione
1604 933 1942 1004 intelligimus
1965 930 2035 987 ad

445 1030 697 1087 arborem
725 1030 849 1086 vita:
872 1045 977 1085 non
998 1030 1168 1085 solum
1195 1043 1293 1099 per
1311 1027 1611 1083 ﬂammeam
1633 1025 1889 1081 frameam
1916 1037 2035 1079 ver-

449 1124 679 1189 satilem,
699 1122 751 1179 id
777 1130 861 1179 est
889 1138 985 1193 per
1009 1121 1341 1177 tolerantiam
1370 1118 1739 1189 temporalium
1765 1115 2036 1172 molestia-

444 1198 590 1284 rum,
619 1215 714 1272 sed
742 1216 899 1271 etiam
927 1229 1023 1285 per
1049 1212 1433 1285 plenitudinem
1460 1209 1723 1277 scientia),
1754 1206 1805 1263 id
1827 1215 1908 1263 est
1936 1220 2035 1277 per

448 1309 768 1365 charitatem
817 1308 1022 1374 veniri;
1069 1308 1191 1379 quia
1234 1306 1279 1361 si
1322 1296 1650 1374 charitatem,
1682 1302 1888 1375 inquit,
1932 1317 2032 1357 non

449 1402 691 1468 habeam,
716 1400 845 1456 nihil
870 1416 983 1456 sum
1005 1399 1047 1472 (Ι
1074 1398 1192 1454 Cor.
1220 1414 1334 1465 xm,
1364 1397 1446 1468 Ξ).

518 1491 745 1549 CAPUT
782 1491 972 1547 XXIV.
1000 1522 1069 1531 —
1098 1490 1263 1544 Adam
1284 1489 1513 1545 Christus
1531 1529 1546 1556 ,
1578 1486 1686 1542 Eva
1710 1485 1955 1541 Ecclesia.

515 1585 606 1640 57.
648 1583 753 1639 Sed
792 1586 843 1638 in
878 1583 979 1639 hoc
1007 1595 1257 1637 sermone
1282 1579 1549 1651 pollicitus
1575 1594 1695 1634 sum
1721 1576 2029 1633 considera-

443 1680 650 1734 tionem
687 1691 865 1732 rerum
893 1674 1147 1730 factarum
1174 1715 1189 1739 ,
1233 1686 1393 1743 quam
1427 1680 1554 1742 puto
1580 1668 1896 1740 explicatam
1928 1685 1942 1721 :
1975 1675 2031 1723 et

443 1768 638 1825 deinde
663 1766 1141 1824 considerationem
1173 1763 1486 1835 prophetiae,
1517 1777 1637 1833 quae
1662 1769 1903 1827 remanet
1937 1775 2032 1816 ex-

440 1858 689 1930 plicanda
733 1859 843 1929 jam
885 1856 1133 1914 breviter.
1178 1855 1359 1911 Posito
1402 1854 1546 1910 enim
1589 1863 1840 1924 tanquam
1876 1852 2030 1923 signo

444 1952 680 2024 quodam
727 1950 1010 2007 manifesto
1055 1964 1160 2020 quo
1203 1959 1395 2005 caetera
1423 1948 1739 2020 dirigantur,
1788 1962 1893 2001 non
1935 1946 2029 2001 diu

442 2059 578 2113 nos,
611 2051 866 2116 quantum
919 2043 1167 2109 arbitror,
1213 2043 1315 2097 ista
1356 2040 1711 2097 consideratio
1748 2037 2024 2095 detinebit.

441 2135 583 2191 Dicit
631 2135 775 2192 enim
826 2135 1112 2207 Apostolus
1169 2140 1561 2189 sacramentum
1609 2146 1857 2203 magnum
1885 2145 2024 2197 esse,

440 2226 583 2299 quod
610 2227 808 2283 dictum
835 2236 937 2295 est,
965 2225 1180 2298 Propter
1205 2226 1297 2280 hoc
1320 2226 1566 2301 relinquet
1590 2225 1737 2278 homo
1766 2232 1958 2295 patrem
1981 2231 2029 2277 et

440 2328 676 2383 matrem,
703 2328 751 2373 et
773 2318 1046 2374 adhaerebit
1075 2319 1225 2372 uxori
1244 2332 1350 2371 sua:
1366 2333 1386 2382 ;
1412 2325 1461 2371 et
1487 2324 1631 2370 erunt
1660 2314 1763 2368 duo
1786 2315 1839 2368 in
1877 2330 2031 2368 carne

437 2427 544 2465 una
570 2409 749 2482 :quod
782 2410 896 2481 ipse
936 2410 1316 2481 interpretatur
1341 2406 1693 2478 subiiciendo,
1729 2405 1837 2476 Ego
1861 2414 2030 2459 autem

438 2502 554 2556 dico
573 2503 626 2557 in
665 2500 864 2557 Christo
902 2510 947 2555 et
973 2501 1027 2555 in
1057 2500 1283 2555 Ecclesia
1313 2499 1525 2573 (Ephes.
1556 2515 1608 2566 v,
1636 2499 1725 2563 51,
1753 2497 1866 2569 52).
1889 2498 2028 2569 Ergo

437 2592 583 2663 quod
620 2607 716 2662 per
746 2591 1021 2646 historiam
1051 2591 1326 2662 impletum
1355 2600 1439 2646 est
1476 2591 1529 2645 in
1560 2590 1750 2655 Adam,
1783 2604 1880 2659 per
1906 2604 2027 2659 pro-

435 2687 676 2759 phetiam
706 2687 969 2759 signiﬁcat
987 2686 1278 2751 Christum,
1303 2686 1392 2757 qui
1412 2686 1628 2757 reliquit
1648 2695 1873 2757 patrem,
1904 2702 2026 2741 cum

437 2778 574 2834 dixit
622 2797 634 2833 :
675 2777 789 2850 Ego
831 2795 863 2831 a
898 2788 1041 2849 patre
1067 2777 1229 2845 exivi,
1280 2786 1326 2831 et
1367 2777 1475 2831 veni
1522 2777 1577 2830 in
1624 2776 1758 2831 hunc
1785 2778 2028 2830 mundum

443 2871 623 2944 (Joan.
645 2887 754 2937 xvi,
779 2870 894 2943 28).
922 2870 1037 2926 Non
1067 2870 1183 2924 loco
1210 2869 1446 2940 reliquit,
1473 2868 1596 2939 quia
1624 2868 1764 2924 Deus
1785 2868 1903 2924 loco
1919 2882 2025 2923 non

438 2964 764 3029 continetur,
796 2978 966 3033 neque
992 2963 1271 3017 aversione
1321 2961 1557 3031 peccati,
1608 2960 1745 3015 sicut
1771 2968 2027 3029 apostata:

438 3054 745 3125 relinquunt
789 3054 990 3119 Deum;
1023 3052 1117 3108 sed
1145 3051 1454 3123 apparendo
1483 3051 1791 3107 hominibus
1837 3052 1888 3105 in
1930 3051 2028 3106 ho-

439 3144 607 3211 mine,
639 3160 759 3200 cum
789 3144 1020 3200 Verbum
1050 3158 1177 3199 caro
1204 3141 1402 3199 factum
1441 3151 1558 3210 est,
1585 3152 1641 3196 et
1680 3141 1934 3198 habitavit
1973 3143 2025 3197 in

437 3234 596 3291 nobis
623 3234 732 3308 (Id.
780 3253 817 3301 ι,
863 3235 976 3305 14).
1019 3234 1171 3303 Quod
1209 3235 1384 3305 ipsum
1413 3248 1519 3290 non
1557 3234 2028 3292 commutationem

439 3338 646 3386 naturae
674 3327 769 3382 Dei
792 3325 1071 3397 signiﬁcat,
1102 3325 1197 3381 sed
1239 3326 1631 3397 susceptionem
1660 3335 1864 3381 naturae
1889 3325 2025 3383 infe-

440 3421 602 3477 rioris
625 3434 888 3491 personae,
921 3418 973 3473 id
998 3430 1081 3474 est
1117 3418 1363 3474 humanae
1397 3419 1435 3470 ι.
1464 3417 1544 3473 Ad
1572 3416 1675 3473 hoc
1698 3418 1839 3473 valet
1865 3420 2027 3475 etiam

436 3512 580 3585 quod
617 3511 830 3578 dicitur,
860 3510 1202 3582 Semetipsum
1231 3510 1505 3565 exinanivit
1534 3508 1802 3583 (Philipp.
1847 3526 1904 3578 ll,
1937 3512 2022 3583 7);

435 3605 563 3677 quia
592 3619 698 3660 non
730 3605 783 3658 in
824 3618 886 3658 ea
917 3602 1173 3675 dignitate
1197 3606 1440 3674 apparuit
1482 3602 1785 3660 hominibus
1826 3604 1879 3659 in
1921 3620 2027 3675 qua

437 3705 520 3754 est
546 3695 688 3769 apud
732 3695 982 3763 Patrem,
1014 3695 1295 3752 blandiens
1336 3710 1524 3750 eorum
1575 3696 1900 3763 infirmitati,
1933 3696 2023 3766 qui

434 3803 531 3845 cor
554 3787 812 3843 mundum
837 3787 1073 3843 nondum
1112 3786 1397 3853 habebant,
1428 3787 1569 3843 unde
1598 3787 1865 3844 videretur
1899 3788 2027 3845 Ver-

434 3880 563 3937 bum
585 3879 644 3934 in
672 3878 937 3948 principio
963 3878 1104 3933 Deus
1132 3876 1269 3948 apud
1302 3877 1467 3932 Deum
1507 3877 1684 3949 (Joan.
1715 3896 1752 3945 ι,
1783 3879 1860 3953 1).
1888 3879 2025 3948 Quid

437 3978 524 4025 est
549 3981 679 4039 ergo
701 3967 842 4037 quod
865 3966 1115 4032 diximus,
1144 3967 1357 4037 reliquit
1398 3967 1631 4035 Patrem,
1660 3970 1782 4036 nisi,
1814 3970 2027 4040 reliquit

436 4073 701 4130 apparere
732 4056 1038 4112 hominibus
1062 4058 1198 4112 sicut
1223 4066 1306 4112 est
1330 4058 1472 4127 apud
1500 4058 1751 4115 Patrem?
1778 4061 1907 4116 Item
1934 4077 2023 4118 re-

436 4151 597 4221 liquit
633 4158 689 4205 et
732 4156 988 4216 matrem,
1034 4147 1087 4203 id
1132 4155 1216 4203 est
1256 4147 1548 4220 Synagogae
1582 4158 1819 4206 veterem
1865 4160 2024 4223 atque

437 4243 708 4300 carnalem
736 4239 1186 4305 observationem,
1231 4254 1351 4310 quae
1378 4241 1455 4295 illi
1485 4251 1656 4297 mater
1681 4252 1795 4298 erat
1823 4259 1889 4299 ex
1933 4259 2022 4302 se-

437 4336 584 4391 mine
612 4334 777 4389 David
804 4331 1096 4387 secundum
1122 4346 1358 4398 carnem,
1385 4339 1440 4387 et
1466 4332 1691 4390 adhaesit
1708 4336 1863 4391 uxori
1887 4353 2017 4405 suae,

500 4495 518 4525 ι
543 4492 616 4554 sic
637 4488 817 4554 “ligati
836 4526 849 4550 ,
867 4488 1054 4554 quibus
1087 4493 1202 4554 _Mss.
1252 4488 1329 4538 vix
1369 4486 1514 4552 aliqui
1549 4488 1887 4553 suffragantur.
1912 4500 2024 4546 Nam

435 4549 744 4605 Arnulfensis'
754 4558 806 4601 et
828 4549 1050 4599 Victorini
1071 4549 1168 4599 duo
1188 4563 1385 4609 vocem,
1411 4549 1643 4609 personat,
1667 4549 1921 4605 omittunt:
1942 4556 2022 4608 alii

435 4628 613 4665 novem
634 4612 850 4674 melioris
870 4619 1016 4671 notae,
1036 4624 1067 4662 ε
1084 4612 1260 4674 quibus
1282 4619 1361 4662 est
1374 4612 1786 4672 'l‘heodericensis,
1804 4623 2023 4670 Gemme-

438 4677 655 4735 ticensis,
680 4672 1019 4736 Pratellensis,
1046 4672 1501 4736 tte'gio-Montensis,
1535 4682 1579 4736 S.
1606 4675 1816 4726 Audoeni
1851 4680 2021 4731 unum-

436 4739 684 4800 magensis
700 4772 715 4796 ,
753 4735 1066 4800 Sorhonicus,
1086 4735 1226 4800 _tinus
1245 4743 1294 4800 S.)
1312 4736 1497 4800 Martini
1530 4735 1595 4784 de
1615 4740 1800 4800 Campis
1816 4775 1830 4798 ,
1856 4748 1908 4789 et
1938 4745 2022 4800 qui

434 4795 588 4850 amics
608 4795 801 4848 circiter
822 4795 956 4859 mille
979 4797 1194 4859 praefert,
1216 4798 1398 4859 quique
1413 4795 1527 4846 olim
1547 4795 1840 4850 Veronensis
1861 4795 2021 4855 eccle-

433 4866 529 4930 siae.
544 4862 633 4911 fuit
653 4861 830 4930 Regius
849 4858 1033 4930 codex_,
1056 4858 1406 4930 verbo
1421 4893 1436 4917 ,
1458 4862 1777 4930 unturte,_sic
1807 4864 2018 4919 habent:

436 4924 529 4975 Sed
564 4919 907 4987 susceptin
939 4919 1180 4987 ulterioris
1214 4933 1460 4987 personae,
1574 4929 1643 4987 est
1661 4919 1916 4987 humatur.
1956 4937 2023 4983 tta

437 4990 582 5054 etiam
607 4980 950 5054 tributahedte
984 4980 1237 5054 collectio2
1270 4980 1512 5054 ad_cap,.5
1526 4985 1667 5054 Epist.
1692 4986 1749 5035 ad
1775 4980 2020 5054 Ephesios,

434 5058 538 5100 tum
568 5049 618 5097 in
642 5048 851 5105 excusis,
880 5045 1052 5094 tumin
1071 5045 1350 5095 Corbeieusi
1370 5045 1535 5095 cadice
1557 5045 1650 5097 Sub
1671 5045 1866 5099 nomine
1902 5045 2022 5105 ιειονί

434 5124 579 5176 manu
601 5109 863 5176 descripto.
888 5105 1017 5167 Quod
1038 5106 1292 5176 locutionis
1312 5121 1472 5171 genus
1502 5120 1563 5176 _ca
1594 5108 1708 5171 lege
1740 5111 2021 5176 intelligen-

434 5173 549 5221 dum
566 5207 581 5232 ,
605 5182 700 5235 qua
721 5169 837 5219 illud
858 5182 971 5235 cum
1002 5173 1203 5235 veteres
1223 5169 1386 5235 dicunt
1408 5171 1616 5235 verbum
1636 5169 1924 5235 suscepisse"
1933 5177 2021 5226 ho-

436 5229 638 5296 minem,
659 5232 967 5296 susceptione
988 5229 1233 5291 videlicet,
1253 5238 1313 5296 ut
1327 5232 1561 5296 'rhe010gi
1582 5235 1744 5296 aiunt,
1771 5229 2022 5289 terminata

437 5296 498 5344 ad
518 5294 627 5354 hoc,
651 5302 706 5343 ut
727 5294 937 5343 Verbum
953 5294 1110 5355 ipsum
1141 5294 1410 5355 suscipiens
1435 5294 1611 5344 exiétat
1633 5294 1775 5345 homo
1798 5298 2021 5355 filiusque

436 5356 660 5419 hominis,
683 5368 795 5419 quae
829 5362 908 5405 est
939 5356 1146 5419 humana
1167 5368 1391 5419 persona.
1417 5364 1528 5405 Nam
1550 5357 1666 5406 alias
1698 5366 1916 5410 naturam
1939 5356 2025 5414 ho-

437 5418 580 5466 minis
600 5419 651 5467 in
670 5417 892 5480 persona:
913 5417 1152 5480 unitatem
1172 5430 1201 5468 a
1222 5418 1380 5480 verbo
1413 5426 1687 5480 susceptam
1710 5419 1860 5472 fuisse
1880 5422 2024 5477 docet

438 5478 1046 5541 constanternugustinus,
1069 5480 1206 5541 cujus
1227 5478 1468 5528 celebrior
1493 5478 1571 5530 est
1589 5479 1668 5530 illa
1691 5485 1933 5535 sententia
1959 5502 2022 5537 ex

440 5541 584 5603 epist.
604 5540 653 5598 5,
677 5540 739 5588 ad
760 5540 1091 5589 Volusianum:
1120 5540 1144 5587 ι
1160 5547 1227 5591 tta
1261 5543 1389 5592 inter
1411 5548 1563 5592 Deum
1586 5550 1639 5592 et
1668 5544 1889 5597 homines
1916 5560 2023 5598 me-

448 5621 471 5649 α
490 5603 645 5674 diator
666 5604 981 5674 apparuit,_ut
1000 5603 1051 5649 in
1073 5604 1257 5674 nntiate
1282 5617 1501 5674 personae
1523 5604 2023 5674 copulansutramque

447 5681 470 5710 ι
491 5662 744 5719 naturam,
768 5670 821 5711 et
849 5664 987 5712 solita
1018 5662 1301 5717 sublimaret
1321 5665 1542 5722 insolitis.
1566 5662 1619 5718 et
1654 5667 1843 5721 insolita
1874 5662 2026 5724 solitis

447 5742 471 5773 ι
492 5730 805 5773 temperaret.
826 5739 849 5767 π

446 5742 471 5773 s
492 5732 805 5788 temperaret.
826 5739 849 5767 π

1334 264 1423 323 DE
1460 262 1709 321 GENESI
1745 253 2017 316 CONTRA
2057 249 2359 320 MANICIL,
2399 249 2456 306 S.
2499 250 2860 310 AUGUSTINI

3634 259 3747 316 Ξίϐ

2145 369 2200 427 id
2219 377 2303 427 est
2326 369 2600 440 Ecclesiae,
2637 379 2697 427 ut
2728 370 2836 427 sint
2858 369 2965 426 duo
2990 370 3042 426 in
3069 384 3231 428 carne
3257 386 3382 428 una.
3423 371 3563 431 Dicit
3582 377 3735 434 enim

2145 462 2433 535 Apostolus
2458 464 2631 535 ipsum
2669 478 2792 520 esse
2815 473 2976 535 caput
3000 464 3282 534 Ecclesia,
3326 474 3382 523 et
3429 464 3733 527 Ecclesiam

2142 569 2337 627 corpus
2361 554 2477 627 ejus
2506 554 2721 629 (Coloss.
2751 572 2790 624 ι,
2820 554 2933 628 18).
2963 554 3104 629 Ergo
3128 565 3184 613 et
3210 557 3325 629 ipse
3344 569 3632 632 soporatus
3650 572 3740 621 est

2140 646 2463 704 dormitione
2492 647 2776 720 passionis,
2812 655 2873 704 ut
2897 647 2948 705 ei
2972 648 3167 719 conjux
3192 648 3433 707 Ecclesia
3464 650 3733 712 formare-

2142 749 2250 808 tur,
2280 755 2438 811 quam
2463 739 2837 799 dormitionem
2863 750 3043 798 cantat
3062 757 3161 814 per
3185 743 3501 816 prophetam
3523 746 3760 806 dicenss'

2141 833 2255 906 Ego
2290 834 2524 904 dormivi,
2554 844 2602 889 et
2624 851 2857 891 somnum
2883 836 3032 907 cepi;
3063 846 3113 891 et
3152 839 3449 908 exsurrexi,
3489 842 3738 913 quoniam

2140 926 2393 983 Dominus
2418 928 2636 1000 suscepit
2658 944 2740 983 me
2766 926 2936 1002 (Psal.
2962 935 3050 999 ιιι,
3086 928 3167 1003 6).
3194 929 3445 988 Formats
3481 941 3569 991 est
3598 949 3735 1008 ergo

2139 1020 2188 1077 ei
2213 1020 2407 1092 coniux
2433 1021 2672 1079 Ecclesia
2697 1020 2767 1078 de
2784 1022 2952 1079 latere
2968 1022 3105 1094 ejus,
3133 1022 3188 1079 id
3210 1032 3296 1080 est
3311 1023 3379 1082 de
3405 1024 3508 1083 fide
3522 1028 3735 1099 passio-

2137 1113 2222 1168 nis
2260 1121 2314 1170 et
2346 1113 2622 1185 Baptismi.
2667 1112 2801 1170 Nam
2841 1128 3153 1185 percussum
3192 1115 3334 1172 latus
3372 1116 3489 1188 ejus
3517 1118 3730 1189 lancea,

2136 1205 2449 1277 sanguinem
2474 1212 2531 1262 et
2556 1220 2748 1277 aquam
2774 1204 3005 1277 profudit
3032 1206 3211 1278 (loan.
3238 1223 3351 1277 xtx,
3381 1208 3497 1280 54).
3527 1209 3730 1268 Factus

2135 1308 2315 1356 autem
2330 1342 2347 1370 ,
2384 1311 2444 1356 ut
2480 1314 2642 1372 supra
2668 1299 2798 1369 dixi,
2828 1317 2892 1357 ea:
2910 1301 3099 1358 semine
3122 1302 3292 1359 Dauid
3308 1305 3585 1361 secundum
3610 1323 3731 1362 car-

2137 1408 2272 1461 nem,
2301 1392 2441 1448 sicut
2460 1392 2751 1465 Apostolus
2768 1392 2900 1450 dicit
2926 1392 3101 1467 (Rom.
3128 1410 3169 1465 ι,
3186 1394 3265 1468 5),
3295 1394 3348 1452 id
3365 1405 3450 1454 est
3470 1406 3731 1471 tanquam

2135 1482 2205 1540 de
2224 1483 2351 1540 limo
2375 1491 2556 1553 terrae,
2587 1499 2710 1540 cum
2737 1485 2899 1541 homo
2922 1500 3031 1542 non
3050 1494 3195 1543 esset
3218 1487 3310 1559 qui
3332 1499 3646 1560 operaretur
3671 1491 3728 1548 in
3744 1550 3757 1557 ,

2134 1584 2298 1641 terra,
2330 1574 2453 1646 quia
2481 1575 2660 1633 nullus
2698 1574 2860 1633 homo
2902 1583 3151 1648 operatus
3195 1587 3280 1634 est
3308 1578 3364 1634 in
3387 1579 3626 1652 Virgine,
3656 1581 3731 1639 de

2134 1682 2236 1738 qua
2264 1675 2420 1723 natus
2448 1676 2533 1723 est
2554 1666 2819 1724 Christus.
2848 1666 2991 1724 Fons
3017 1677 3185 1725 autem
3208 1669 3505 1726 ascendebat
3525 1671 3591 1728 de
3614 1680 3727 1728 ter-

2132 1776 2214 1827 ra,
2245 1769 2291 1814 et
2315 1759 2558 1831 irrigabat
2586 1776 2786 1816 omnem
2820 1760 3003 1830 faciem
3025 1770 3191 1816 terra.
3223 1759 3408 1819 Facies
3432 1771 3591 1820 terra:
3610 1807 3629 1833 ,
3666 1765 3726 1822 id

2133 1857 2216 1904 est
2246 1848 2477 1921 dignitas
2500 1858 2688 1918 terras,
2720 1859 2893 1907 mater
2915 1851 3125 1907 Domini
3144 1852 3293 1923 virgo
3320 1852 3485 1909 Maria
3522 1856 3726 1912 rectis-

2133 1941 2269 1998 sime
2302 1942 2579 2013 accipitur,
2621 1957 2780 2015 quam
2806 1943 3045 2016 irrigavit
3068 1943 3298 2016 Spiritus
3340 1953 3576 2014 sanctus,
3627 1949 3729 2019 qui

2132 2033 2295 2089 fontis
2345 2042 2401 2090 et
2453 2049 2606 2105 aquae
2670 2035 2886 2091 nomine
2944 2035 2997 2090 in
3058 2035 3349 2108 Evangelio
3389 2037 3729 2109 significatur

2133 2130 2315 2202 (Joan.
2342 2135 2434 2198 vn‘,
2463 2131 2555 2199 58,
2587 2130 2679 2204 59)
2706 2148 2722 2197 ;
2777 2139 2838 2186 ut
2862 2130 3015 2203 quasi
3040 2130 3108 2188 de
3134 2130 3266 2187 limo
3293 2132 3386 2187 tali
3429 2131 3593 2188 homo
3632 2132 3727 2189 ille

2131 2224 2285 2281 fieret
2318 2224 2359 2292 ³,
2387 2224 2478 2297 qui
2502 2225 2823 2281 constitutus
2846 2235 2932 2281 est
2951 2226 3004 2281 in
3025 2225 3293 2296 paradiso,
3327 2234 3385 2282 ut
3409 2233 3728 2297 operaretur

2132 2326 2187 2373 et
2205 2318 2521 2383 custodiret,
2543 2317 2598 2373 id
2617 2317 2774 2372 estin
2791 2316 3063 2373 voluntate
3085 2316 3276 2386 Patris,
3302 2324 3362 2373 ut
3385 2330 3503 2373 eam
3532 2316 3728 2388 imple-

2131 2418 2387 2479 retatque
2412 2418 2670 2464 servaret.
3419 2466 3425 2472 _

2131 2499 2358 2557 CAPUT
2394 2498 2563 2556 XXV.
2592 2529 2667 2542 —
2696 2498 2938 2555 eretici
2970 2509 3017 2555 et
3047 2499 3320 2556 Manichci
3345 2500 3599 2568 maxime,
3632 2517 3728 2571 per

2210 2662 2214 2667 ρ
2626 2600 2907 2663 serpentem
2956 2592 3224 2664 designati.

2203 2683 2293 2741 58.
2334 2683 2465 2740 Nam
2495 2693 2822 2757 praeceptum
2849 2685 2992 2757 quod
3029 2685 3255 2756 accepit,
3287 2700 3387 2741 nos
3411 2685 3721 2758 accepimus

2131 2777 2189 2833 in
2216 2777 2309 2832 illo
2330 2818 2348 2845 ,
2378 2777 2498 2848 quia
2523 2777 2886 2849 unusquisque
2914 2776 3238 2834 christianus
3270 2791 3377 2833 non
3424 2777 3725 2849 incongrue

2132 2869 2360 2925 sustinet
2378 2883 2661 2940 personam
2684 2868 2901 2935 Christi,
2923 2868 3139 2926 dicente
3158 2870 3275 2941 ipso
3297 2870 3543 2927 Domino:
3567 2870 3725 2937 Quod

2130 2960 2322 3033 fecistis
2348 2961 2437 3015 uni
2461 2977 2523 3016 ac
2550 2960 2771 3015 minimis
2807 2960 2952 3029 meis,
2981 2960 3106 3015 mihi
3134 2962 3320 3032 fecistis
3347 2960 3560 3036 (Matth.
3587 2978 3718 3028 xxv,

2130 3052 2246 3123 40).
2277 3053 2451 3123 Atque
2477 3052 2680 3108 utinam
2722 3051 3047 3118 frueremur,
3093 3053 3231 3108 sicut
3258 3063 3343 3109 est
3366 3062 3718 3124 praeceptum,

2130 3143 2279 3200 omni
2298 3143 2443 3216 ligno
2461 3143 2713 3214 paradisi,
2759 3143 2905 3215 quod
2948 3143 3214 3215 signiﬁcat
3258 3144 3558 3216 spirituales
3576 3144 3719 3201 deli-

2130 3238 2275 3303 cias;
2303 3234 2527 3291 Fructus
2562 3245 2733 3292 autem
2756 3236 2964 3307 spiritus
2990 3244 3091 3303 est,
3143 3236 3398 3305 charitas,
3444 3225 3716 3309 gaudium,

2131 3346 2256 3403 pax,
2288 3330 2664 3402 longanimitas,
2686 3329 2985 3402 benignitas,
3006 3328 3222 3396 bonitas,
3254 3328 3401 3397 ﬁdes,
3423 3340 3721 3384 mansuetu-

2131 3422 2199 3478 do
2222 3466 2237 3491 ,
2269 3423 2605 3490 continentia,
2647 3423 2785 3479 sicut
2826 3422 3116 3494 Apostolus
3143 3421 3271 3479 dicit
3298 3420 3505 3493 (Galat.
3531 3437 3584 3487 v,
3615 3422 3713 3493 22,

2129 3513 2223 3586 23)
2259 3532 2273 3570 :
2303 3523 2360 3570 et
2397 3530 2505 3571 non
2553 3523 2889 3585 tangeremus
2918 3512 3118 3585 lignum
3161 3513 3216 3570 in
3262 3512 3438 3569 medio
3485 3514 3717 3585 paradisi

2130 3604 2426 3675 plantatum
2455 3604 2694 3662 scientiae
2713 3603 2840 3661 boni
2864 3611 2921 3661 et
2938 3604 3085 3672 mali,
3127 3604 3181 3660 id
3210 3612 3429 3661 estnon
3456 3606 3717 3663 vellemus

2129 3696 2413 3767 superbire
2434 3696 2504 3753 de
2529 3704 2718 3752 natura
2744 3704 2949 3764 nostra,
2970 3712 3090 3768 qua:
3106 3737 3124 3764 ,
3160 3696 3298 3752 sicut
3316 3699 3426 3767 jam
3457 3696 3712 3765 diximus,

2128 3786 2305 3843 media
2332 3795 2415 3844 est
2431 3828 2446 3855 ,
2477 3796 2538 3842 ut
2561 3786 2774 3858 decepti
2797 3786 3164 3859 experiremur
3190 3786 3316 3858 quid
3344 3787 3554 3844 intersit
3576 3788 3718 3845 inter

2129 3880 2427 3951 simplicem
2444 3879 2603 3938 fidem
2626 3880 2966 3947 catholicam,
2988 3890 3043 3936 et
3061 3879 3297 3937 fallacias
3316 3879 3713 3936 haereticorum!

2128 3971 2203 4029 ita
2226 3972 2369 4028 enim
2400 3972 2741 4043 pervenimus
2769 3972 2836 4027 ad
2879 3971 3296 4043 dignoscentiam
3325 3970 3449 4027 boni
3473 3980 3529 4029 et
3564 3972 3712 4029 mali.

2130 4066 2273 4121 Nam
2298 4076 2527 4135 oportet,
2576 4066 2779 4138 inquit,
2809 4066 2962 4121 etiam
3010 4065 3226 4121 hareses
3258 4080 3392 4130 esse,
3434 4074 3492 4119 ut
3515 4065 3718 4137 probati

2127 4158 2383 4230 manifesti
2408 4158 2536 4226 ﬁant
2570 4158 2701 4212 inter
2720 4173 2805 4212 vos
2832 4154 3034 4228 (lCor.
3068 4173 3160 4222 xt,
3190 4155 3304 4227 i9).
3346 4155 3558 4212 Etenim
3592 4171 3714 4213 ser-

2129 4266 2262 4321 pens
2285 4249 2375 4306 ille
2400 4249 2692 4305 secundum
2720 4247 3077 4319 prophetiam,
3106 4246 3479 4304 haereticorum
3505 4262 3715 4305 venena

2129 4340 2412 4413 significat,
2438 4350 2493 4397 et
2528 4339 2760 4397 maxime
2797 4339 3021 4396 istorum
3047 4338 3478 4408 Manichaeorum,
3502 4348 3561 4396 et
3584 4340 3711 4411 qui-

2127 4449 2359 4506 cumque
2383 4434 2562 4490 Veteri
2593 4433 2935 4489 Testamento
2980 4433 3349 4491 adversantur.
3401 4432 3518 4489 Non
3565 4434 3710 4491 enim

2126 4525 2323 4598 aliquid
2347 4524 2680 4582 manifestius
2707 4526 3114 4596 praenuntiatum
3142 4526 3389 4596 arbitror,
3407 4540 3565 4599 quam
3580 4527 3713 4584 istos

2129 4619 2186 4674 in‘
2210 4618 2304 4675 illo
2331 4627 2582 4687 serpente
2603 4659 2619 4683 ,
2652 4616 2734 4674 vel
2762 4618 2935 4688 potius
2974 4618 3121 4673 illum
3152 4620 3206 4674 in
3233 4618 3349 4675 istis
3391 4633 3511 4675 esse
3532 4618 3709 4675 vitan-

2127 4704 2275 4767 dum.
2302 4709 2444 4766 Nulli
2459 4711 2602 4766 enim
2628 4710 2900 4783 loquacius
2917 4710 3372 4782 atquejactantius
3397 4711 3713 4782 promittunt

2127 4802 2405 4858 scientiam
2458 4802 2581 4857 boni
2620 4811 2675 4857 et
2722 4801 2847 4857 mall
2871 4818 2886 4868 ;
2934 4810 2990 4857 et
3040 4803 3093 4856 in
3133 4801 3249 4872 ipso
3286 4799 3539 4869 homine,
3595 4811 3714 4859 tau-

2127 4908 2286 4964 quam
2324 4895 2379 4948 in
2418 4891 2611 4947 arbore
2647 4906 2767 4963 qua:
2798 4892 3031 4962 plantata
3065 4900 3149 4948 est
3181 4892 3233 4948 in
3257 4891 3432 4949 medio
3454 4891 3710 4963 paradisi,

2126 5002 2246 5042 eam
2286 4984 2707 5055 dignoscentiam
2748 4983 3209 5041 demonstraturos
3253 5000 3314 5042 se
3344 4999 3471 5041 esse
3511 4999 3713 5055 praesu-

2127 5085 2297 5132 munt.
2325 5076 2392 5130 Et
2412 5075 2573 5130 etiam
2594 5073 2725 5130 illud
2746 5075 2886 5146 quod
2912 5075 3113 5132 dictum
3147 5083 3249 5144 est,
3277 5074 3434 5131 Eritis
3455 5075 3586 5131 sicut
3615 5077 3710 5147 dii,

2127 5169 2216 5240 qui
2241 5168 2332 5224 alii
2358 5167 2528 5239 magis
2551 5166 2735 5224 dicunt
2760 5182 2920 5241 quam
2957 5168 3065 5235 isti,
3110 5167 3204 5239 qui
3224 5183 3319 5239 per
3343 5183 3496 5224 suam
3520 5182 3715 5238 super-

2127 5259 2252 5316 bam
2275 5259 2596 5328 vanitatem,
2626 5258 2871 5315 eamdem
2909 5259 3211 5331 superbiam
3262 5259 3585 5330 persuadere
3621 5276 3716 5315 co-

2129 5361 2339 5420 nantes,
2380 5352 2651 5408 afﬁrmant
2676 5333 2910 5408 animam
2948 5351 3262 5408 naturaliter
3289 5352 3395 5407 hoc
3420 5365 3541 5408 esse
3568 5352 3712 5424 quod

2130 5448 2270 5501 Deus
2293 5446 2417 5502 est?
2446 5444 2515 5500 Et
2537 5444 2606 5500 ad
2643 5460 2779 5516 quos
2806 5444 2973 5517 magis
3010 5445 3242 5516 pertinet
3274 5445 3484 5516 apertio
3522 5461 3702 5503 carna-

2130 5539 2259 5595 lium
2283 5537 2582 5604 oculorum,
2630 5552 2791 5608 quam
2833 5536 2900 5593 ad
2942 5537 3076 5594 istos
3107 5538 3199 5609 qui
3234 5538 3421 5594 relicta
3460 5538 3717 5596 interiore

2194 5673 2211 5704 ι
2237 5676 2429 5736 “ayss,
2454 5677 2510 5721 At
2533 5673 2700 5723 excusi
2727 5671 2938 5734 habent,
2965 5677 3018 5722 nt
3038 5669 3194 5736 qualis
3214 5670 3277 5723 de
3298 5668 3594 5736 ἥκοιεν-τα,
3611 5672 3720 5727 talis

2131 5733 2270 5785 homo
2290 5730 2372 5784 ille
2392 5730 2545 5797 ﬁeret.
