3906 6316
224 284 339 339 ΞΠ

230 398 516 470 sapientia:
545 396 665 451 luce
698 393 865 449 solem
893 393 1049 447 istum
1071 432 1087 457 ,
1142 390 1233 460 qui
1276 387 1506 459 pertinet
1544 385 1609 440 ad
1641 384 1823 439 oculos

232 490 506 563 corporis,
534 488 761 544 adorare
790 483 1152 555 compellunt?
1178 482 1241 536 Et
1262 494 1449 536 omnes
1476 478 1688 549 quidem
1720 477 1829 530 hae-

232 582 396 640 retici
425 579 745 653 generaliter
781 577 1022 633 scientia:
1046 573 1428 642 pollicitatione
1455 569 1745 639 decipiunt,
1776 576 1830 620 et

234 670 647 743 reprehendunt
664 683 760 724 eos
788 681 922 737 quos
956 665 1267 735 simpliciter
1307 661 1583 716 credentes
1610 660 1826 713 invene-

232 766 380 831 rint;
412 774 463 819 et
501 762 623 835 quia
654 759 875 815 omnino
910 756 1145 813 carnalia
1185 752 1538 825 persuadent,
1585 750 1733 821 quasi
1764 747 1829 802 ad

234 857 540 913 carnalium
562 854 847 911 oculorum
890 851 1220 922 apcrtionem
1250 856 1508 903 conantur
1543 844 1858 910 adducere,

234 958 298 1004 ut
323 946 551 1003 Interior
577 943 764 999 oculus
792 950 1107 998 excrecetur.

310 1036 545 1095 CAPUT
586 1033 777 1090 XXVI.
800 1063 871 1074 —
891 1032 1112 1102 Serpens
1139 1031 1397 1085 haereticus
1428 1027 1757 1083 Manicltteus.

308 1127 421 1186 Sed
450 1110 568 1183 istis
594 1127 755 1183 etiam
786 1138 1011 1195 corpora
1038 1136 1133 1177 sua
1156 1121 1457 1191 displicent,
1487 1133 1590 1172 non
1619 1124 1836 1188 propter

235 1219 513 1292 poenalem
539 1214 947 1281 mortalitatem',
990 1227 1149 1283 quam
1195 1209 1464 1281 peccando
1512 1207 1830 1271 meruimus;

235 1310 338 1367 sed
384 1310 458 1366 ita
488 1317 547 1365 ut
590 1314 787 1378 negent
823 1306 991 1362 Deum
1021 1318 1141 1359 esse
1171 1316 1453 1373 corporum
1480 1300 1829 1363 conditorem,

236 1414 499 1475 tanquam
524 1380 727 1473 apertis
749 1399 920 1454 oculis
946 1397 1155 1453 carneis
1181 1394 1391 1451 nuditas
1416 1395 1514 1449 ista
1534 1393 1831 1463 displiceat.

311 1494 408 1551 39.
450 1492 557 1550 Sed
584 1490 714 1547 nihil
740 1489 1107 1546 vehementius
1137 1488 1266 1543 istos
1293 1486 1538 1557 designat
1566 1494 1619 1539 et
1665 1493 1834 1551 notat,

236 1601 406 1659 quam
432 1583 575 1657 quod
596 1583 725 1639 dicit
744 1596 965 1652 serpens
998 1598 1011 1635 :
1044 1579 1165 1635 Non
1186 1588 1345 1633 morte
1363 1578 1644 1633 moriemini
1673 1593 1690 1630 :
1714 1578 1839 1631 scie-

240 1681 329 1733 bat
349 1679 485 1732 enim
510 1675 647 1729 Deus
664 1675 905 1742 quoniam
923 1688 1021 1742 qua
1041 1671 1122 1725 die
1146 1670 1367 1735 oderitis,
1399 1670 1687 1739 aperientur
1707 1668 1838 1721 oculi

237 1769 417 1824 vestri.
444 1767 536 1823 Sic
558 1766 701 1822 enim
724 1765 810 1820 isti
823 1763 1066 1826 credunt,
1083 1761 1224 1833 quod
1244 1761 1564 1830 serpensille
1588 1758 1838 1815 Christus

242 1862 431 1927 fuerit,
458 1868 514 1916 et
533 1860 692 1915 deum
721 1859 904 1914 nescio
932 1872 1088 1927 quem
1105 1856 1278 1927 gentis
1306 1855 1667 1920 tenebrarum,
1686 1854 1838 1907 sicuti

240 1952 537 2016 afﬁrmant,
586 1950 715 2005 illud
753 1957 1074 2020 praeceptum
1115 1946 1327 2002 dedisse
1355 1945 1685 2014 conﬁngunt,
1720 1953 1838 1998 tan-

242 2057 410 2114 quam
437 2040 702 2097 invideret
746 2040 1046 2095 hominibus
1072 2037 1345 2092 scientiam
1370 2036 1490 2090 boni
1523 2045 1576 2091 et
1596 2036 1739 2090 mali.
1764 2036 1841 2090 Ex

241 2139 347 2195 ista
368 2137 620 2207 opinione
639 2136 798 2191 etiam
820 2134 1002 2189 nescio
1022 2147 1155 2203 quos
1180 2131 1511 2201 serpentinos
1540 2140 1693 2185 natos
1721 2145 1842 2185 esse

244 2229 504 2296 arbitror,
536 2226 624 2298 qui
642 2233 943 2297 serpentem
958 2239 1055 2295 pro
1066 2221 1276 2277 Christo
1287 2220 1719 2276 coleredicuntur
1732 2220 1808 2291 (a)
1824 2263 1839 2288 ,

245 2340 352 2381 nec
380 2321 989 2392 attenduutApostolum
1016 2319 1105 2388 qui
1127 2318 1237 2372 ait:
1273 2317 1444 2371 Metuo
1469 2335 1533 2371 ne
1570 2318 1697 2371 sicut
1734 2334 1842 2371 ser-

247 2430 380 2485 pens
397 2412 561 2467 Evam
582 2411 782 2465 seduxit
806 2410 994 2463 astutia
1016 2425 1128 2474 sua,
1161 2408 1232 2462 sic
1269 2417 1316 2461 et
1346 2423 1520 2461 sensus
1561 2408 1708 2459 vestri
1741 2424 1847 2461 cor-

248 2504 642 2575 rumpantur(|l
664 2502 783 2558 Cor.
805 2518 883 2567 ιι,
913 2501 991 2573 5).
1011 2501 1121 2556 Hos
1145 2515 1271 2570 ergo
1309 2515 1405 2570 per
1433 2500 1584 2553 istam
1615 2499 1845 2569 prophe-

249 2601 385 2655 tiam
412 2598 778 2669 praatiguratos
797 2608 915 2650 esse
940 2595 1206 2650 existimo.
1228 2592 1510 2650 Seducitur
1526 2603 1698 2648 autem
1728 2609 1847 2647 ver-

249 2694 337 2748 bis
367 2692 526 2763 hujus
550 2690 813 2761 serpentis
842 2688 1071 2744 carnalis
1099 2696 1277 2743 nostra
1316 2687 1763 2756 concupiscentia,
1792 2696 1847 2743 et

250 2800 353 2856 per
371 2784 513 2839 illam
541 2782 802 2853 decipitur
826 2780 1016 2846 Adam,
1049 2795 1154 2834 non
1181 2778 1443 2845 Christus,
1477 2778 1569 2833 sed
1586 2779 1846 2833 Christia-

252 2893 400 2933 nus:
431 2876 521 2946 qui
547 2876 589 2929 si
614 2882 934 2944 praeceptum
960 2873 1051 2927 Dei
1091 2886 1306 2927 servare
1348 2872 1529 2938 vellet,
1568 2881 1624 2927 et
1650 2887 1713 2926 ex
1746 2872 1849 2927 [ide

255 2975 670 3039 perseveranter
689 2965 911 3029 viveret,
937 2962 1106 3018 donec
1128 2962 1351 3017 idoneus
1373 2962 1524 3016 ﬁeret
1546 2962 1848 3033 intelligen-

254 3060 348 3114 tia:
370 3056 627 3122 veritatis,
657 3055 707 3110 id
728 3064 830 3119 est,
846 3054 890 3109 si
928 3062 1239 3124 operaretur
1278 3053 1329 3106 in
1359 3053 1622 3123 paradiso,
1646 3064 1699 3107 et
1752 3069 1848 3109 cu-

254 3149 637 3220 stodit-etquod
665 3148 893 3218 accepit;
925 3162 1029 3202 non
1062 3147 1335 3201 veniretin
1367 3147 1509 3200 illam
1541 3147 1849 3202 deformita-

256 3254 392 3308 tem,
426 3251 482 3296 ut
502 3257 621 3296 cum
645 3241 745 3295 sibi
763 3239 1007 3309 displicet
1023 3252 1149 3293 caro
1167 3238 1319 3308 quasi
1341 3238 1551 3291 nuditas
1592 3253 1706 3303 sua,
1733 3253 1851 3292 car-

255 3336 401 3390 nalia
432 3334 601 3402 magis
649 3340 950 3401 tegumenta
994 3329 1410 3394 mendaciorum,
1442 3339 1691 3399 tanquam
1727 3329 1850 3385 folia

255 3427 349 3481 ﬁci
374 3425 668 3495 colligeret,
705 3423 899 3494 quibus
926 3420 1027 3477 sibi
1056 3422 1255 3477 faceret
1277 3421 1703 3475 suceinctorium.
1741 3421 1853 3477 Hoc

254 3520 405 3576 enim
427 3518 512 3573 isti
542 3518 895 3583 faciunt,cum
921 3514 1211 3571 deChristo
1239 3516 1587 3579 mentiuntur,
1606 3524 1659 3569 et
1680 3514 1851 3583 ipsum

255 3611 543 3667 mentitum
573 3623 693 3664 esse
721 3606 1037 3677 pradicant;
1070 3616 1124 3661 et
1159 3616 1405 3677 tanquam
1438 3607 1767 3662 abscondunt
1794 3622 1851 3663 se

257 3720 289 3760 a
331 3702 469 3759 facie
514 3702 626 3766 Dei,
675 3700 741 3753 ad
772 3715 866 3753 sua
896 3698 1170 3753 mendacia
1198 3699 1266 3753 ab
1290 3699 1433 3752 illius
1479 3700 1699 3753 veritate
1724 3715 1853 3753 con-

256 3796 429 3863 versi,
459 3795 594 3849 sicut
623 3792 911 3863 Apostolus
932 3791 1059 3845 dicit
1091 3809 1103 3843 :
1134 3790 1198 3845 Et
1220 3808 1251 3843 a
1280 3792 1485 3845 veritate
1510 3792 1709 3862 quidem
1753 3808 1849 3845 au-

255 3890 426 3943 ditum
476 3902 623 3940 suum
674 3892 915 3951 averterit,
966 3881 1034 3936 ad
1064 3882 1264 3953 fabulas
1312 3893 1477 3938 autem
1509 3894 1854 3939 convertentur

258 3979 332 4052 (ιι
356 3977 490 4032 Tim.
508 3992 581 4041 tv,
606 3975 685 4047 4).

335 4068 426 4125 40.
466 4068 533 4123 Ει
553 4067 644 4122 ille
669 4065 881 4137 quidem
929 4079 1174 4135 serpens,
1205 4064 1255 4119 id
1282 4073 1364 4119 est
1386 4066 1475 4120 ille
1497 4080 1647 4119 error
1676 4066 1851 4121 hane-

258 4164 511 4225 ticorum,
532 4158 623 4229 qui
654 4155 1154 4222 lentatEcclesiam,
1185 4166 1369 4211 contra
1398 4171 1556 4226 quem
1583 4156 1850 4211 incantat1

261 4251 578 4325 Apostolus,
634 4265 755 4305 cum
809 4249 957 4314 dicit,
1002 4248 1173 4303 Metuo
1203 4265 1265 4302 ne
1299 4249 1429 4303 sicut
1464 4265 1668 4318 serpens
1694 4248 1853 4303 Evam

258 4344 466 4402 “duxit
486 4344 672 4399 astutia
694 4358 806 4407 sua,
849 4342 921 4395 sic
953 4349 1001 4395 et
1028 4356 1202 4395 sensus
1238 4341 1386 4395 vestri
1432 4350 1852 4410 corrumpantur;

264 4437 364 4493 ille
390 4451 518 4507 ergo
544 4450 699 4491 error
749 4445 962 4505 pectore
1006 4442 1058 4489 et
1084 4443 1268 4488 ventre
1316 4434 1515 4502 serpit,
1556 4443 1609 4489 et
1655 4444 1849 4488 terram

266 4527 574 4583 manducat.
602 4524 718 4581 Non
752 4525 894 4580 enim
921 4524 1137 4595 decipit,
1184 4526 1283 4579 nisi
1314 4536 1405 4579 aut
1426 4526 1714 4594 superbos,
1762 4526 1853 4595 qui

261 4618 371 4674 sibi
424 4625 734 4688 arrogantes
774 4616 915 4686 quod
964 4630 1068 4671 non
1122 4624 1267 4681 sunt,
1295 4616 1400 4670 cito
1448 4616 1671 4671 credunt
1712 4616 1853 4685 quod

263 4709 463 4766 summi
491 4708 585 4765 Dei
626 4716 680 4764 et
705 4707 896 4762 anima:
926 4707 1171 4761 humana:
1206 4720 1308 4759 una
1337 4704 1630 4775 eademque
1667 4717 1853 4760 natura

263 4797 1452 4868 sit;autdesideriiscarnalihusimplicatos,
1498 4798 1585 4865 qui
1631 4797 1856 4852 libenter

263 4894 490 4951 audiunt
505 4892 645 4964 quod
664 4890 919 4964 quidquid
938 4892 1131 4946 lascive
1152 4889 1367 4956 faciunt,
1383 4906 1486 4944 non
1510 4891 1607 4960 ipsi
1634 4890 1851 4959 faciunt,

264 4986 366 5043 sed
391 5000 524 5057 gens
547 4972 920 5043 tenebrarum;
965 4992 1055 5037 aut
1103 4983 1364 5049 curiosos,
1415 4985 1503 5053 qui
1536 4992 1743 5039 terrena
1771 4999 1857 5040 sa-

267 5181 379 5227 tem
408 5170 694 5225 inimicitia:
711 5169 853 5224 inter
874 5167 1031 5223 istum
1048 5177 1103 5222 et
1121 5167 1418 5231 mulierem,
1443 5168 1646 5223 etintcr
1673 5184 1853 5225 semen

266 5263 411 5332 ejus,
457 5270 515 5317 et
537 5276 720 5317 semen
754 5258 1010 5324 mulieris,
1037 5258 1083 5313 si
1111 5259 1281 5330 pariat
1315 5260 1412 5314 ista
1453 5261 1589 5315 titius
1617 5262 1857 5330 quamvis

265 5368 393 5409 cum
425 5352 788 5417 doloribus,et
813 5364 870 5405 se
892 5348 959 5404 ad
974 5349 1144 5404 virum
1174 5364 1328 5404 suum
1353 5360 1645 5415 convertat,
1666 5360 1722 5406 ut
1741 5352 1856 5422 ejus

1576 267 1779 323 LIBER
1816 264 2187 323 SECUNDUS.

267 5080 445 5151 piunt,
468 5087 522 5133 et
545 5077 837 5148 spiritualia
862 5085 1075 5131 terreno
1104 5077 1258 5130 oculo
1274 5076 1561 5146 inquirunt.
1588 5078 1857 5132 Eruntau—

3414 269 3520 328 218

1930 391 2135 450 partem
2161 381 2212 435 in
2240 380 2390 436 nobis
2418 380 2680 451 pertinere
2700 382 2766 437 ad
2794 392 3064 439 auctorem
3081 383 3267 452 Deum,
3289 386 3514 443 etaliam

1931 475 1997 529 ad
2016 484 2227 546 gentem
2259 476 2615 541 tenebrarum,
2638 477 2774 531 sicut
2797 477 2881 531 isti
2898 476 3113 543 dicunt;
3141 477 3233 533 sed
3264 479 3436 549 potius
3456 490 3507 536 et

1936 567 2063 622 illud
2085 566 2224 636 quod
2254 567 2469 637 regendi
2496 568 2655 623 habet
2671 578 2981 638 potestatem
3011 570 3064 623 in
3094 569 3330 638 homine,
3360 581 3417 627 et
3447 572 3508 627 il-

1934 659 2023 713 Iud
2049 659 2267 714 inferius
2297 661 2436 731 quod
2456 660 2745 731 regendum
2773 669 2869 727 est,
2900 677 2968 717 ex
2993 662 3102 718 Deo
3127 677 3268 729 esse,
3293 663 3519 719 sicutdi-

1936 752 2011 806 cit
2036 753 2320 822 Apostolus
2355 772 2367 807 :
2406 753 2494 807 Vir
2513 755 2714 825 quidem
2737 771 2836 808 non
2858 754 2995 809 debet
3020 755 3183 810 velare
3203 766 3375 827 caput,
3407 774 3521 812 cum

1936 846 2000 897 sit
2048 846 2213 915 imago
2244 855 2288 899 et
2312 846 2474 917 gloria
2520 844 2647 912 Dei;
2693 847 2872 902 mulier
2896 856 3063 901 autem
3088 848 3251 919 gloria
3278 849 3371 901 uiri
3424 858 3518 904 est.

1939 934 2060 990 Non
2086 937 2213 990 enim
2237 937 2310 989 vir
2334 953 2394 990 ea:
2444 936 2670 1001 muliere,
2726 937 2812 990 sed
2840 937 3022 991 mulier
3080 954 3142 991 ea:
3176 939 3282 991 viro
3305 953 3323 992 :
3343 939 3523 992 etenim

1936 1045 2038 1082 non
2076 1038 2272 1083 creatus
2297 1038 2367 1081 est
2397 1029 2471 1081 vir
2496 1037 2696 1099 prapter
2730 1030 3005 1094 mulierem,
3051 1031 3140 1083 sed
3186 1029 3366 1083 mulier
3393 1047 3527 1100 pro-

1942 1130 2051 1189 pter
2075 1121 2266 1185 virum;
2313 1128 2573 1191 prapterea
2606 1121 2746 1174 debet
2774 1120 2952 1174 habere
2978 1120 3201 1175 velamen
3228 1122 3405 1177 mulier
3425 1138 3520 1176 stt-

1940 1229 2029 1282 per
2058 1222 2226 1283 caput,
2258 1222 2461 1282 propter
2490 1211 2726 1281 Angelos.
2767 1210 3114 1265 Verumtamen
3156 1228 3316 1284 neque
3338 1212 3521 1268 mulier

1939 1305 2045 1358 sine
2082 1306 2206 1370 viro,
2247 1321 2401 1376 neque
2427 1306 2501 1358 vir
2523 1305 2629 1359 sine
2652 1304 2856 1358 muliere
2871 1305 2921 1357 in
2944 1302 3159 1359 Domino
3186 1320 3205 1359 :
3225 1306 3355 1359 sicut
3382 1306 3523 1360 enim

1940 1398 2119 1451 mulier
2141 1414 2204 1451 ex
2232 1399 2357 1464 viro,
2386 1399 2457 1451 ita
2473 1408 2518 1452 et
2546 1398 2620 1451 vir
2642 1415 2729 1469 per
2746 1398 3037 1462 mulierem;
3063 1400 3231 1453 omnia
3251 1409 3417 1455 autem
3460 1416 3524 1456 ex

1940 1487 2051 1542 Deo
2090 1488 2134 1557 (l
2162 1488 2279 1542 Cor.
2310 1504 2382 1554 χι,
2413 1488 2584 1559 7-12).

2013 1579 2236 1634 CAPUT
2261 1578 2470 1633 XXVII.
2499 1609 2571 1620 -—
2593 1579 2718 1634 Adae
2738 1581 2908 1649 lapsus
2928 1590 2974 1634 et
2995 1596 3140 1650 ptena
3165 1582 3450 1653 allegorice.

2014 1672 2102 1725 41.
2130 1671 2357 1726 Laborct
2373 1672 2481 1741 jam
2503 1672 2669 1726 Adam
2705 1671 2757 1726 in
2784 1686 2912 1741 agro
2936 1686 3049 1737 suo,
3083 1681 3136 1727 et
3171 1672 3313 1744 quod
3346 1673 3525 1743 spinas

1944 1776 1999 1817 et
2057 1764 2277 1818 tribulos
2326 1763 2376 1817 ei
2428 1764 2563 1833 parit
2625 1773 2804 1830 terra,
2852 1764 3108 1834 intelligat
3165 1780 3271 1819 non
3322 1775 3525 1822 natum

1945 1870 2084 1921 esse,
2110 1855 2203 1910 sed
2230 1870 2399 1925 poena:
2420 1872 2432 1919 ;
2453 1864 2507 1909 et
2536 1854 2636 1909 hoc
2664 1869 2768 1909 non
2800 1856 2979 1909 nescio
2998 1854 3084 1909 cui
3104 1856 3248 1925 genti
3278 1857 3525 1913 tenebra-

1946 1964 2085 2013 rum,
2112 1946 2204 2003 sed
2226 1948 2404 2002 divino
2438 1946 2639 2016 judicio
2664 1947 2857 2001 tribuat
2886 1964 2898 2001 :
2924 1947 3045 2017 quia
3075 1947 3418 2003 moderamen
3442 1948 3529 2019 ju-

1947 2040 2103 2094 stitia:
2125 2047 2207 2093 est
2230 2054 2323 2093 sua
2350 2039 2541 2108 cuique
2565 2038 2813 2093 tribuere.
2848 2038 2963 2108 Ipse
2987 2039 3079 2094 det
3111 2040 3318 2095 mulieri
3346 2054 3525 2097 escam

1948 2132 2244 2196 cmlestem,
2272 2146 2429 2201 quam
2474 2132 2677 2201 accepit
2704 2146 2734 2185 a
2760 2132 2932 2202 capite
2987 2146 3104 2199 suo,
3130 2134 3218 2204 qui
3268 2141 3352 2189 est
3374 2132 3529 2189 Chri-

1950 2234 2064 2279 stus
2094 2242 2106 2277 :
2132 2240 2235 2279 non
2264 2225 2330 2279 ab
2360 2224 2449 2279 illa
2472 2224 2926 2293 accipiatvetitum
2952 2224 3148 2292 cibum,
3176 2225 3229 2280 id
3244 2234 3328 2281 est
3355 2229 3529 2282 haere-

1952 2318 2175 2372 ticorum
2204 2316 2461 2370 fallaciam
2491 2331 2613 2370 cum
2653 2332 2840 2387 magna
2870 2317 3245 2387 pollicitatione
3266 2319 3523 2385 scienti-ae,

1951 2422 2004 2467 ct
2036 2412 2186 2484 quasi
2226 2422 2551 2467 secretorum
2575 2411 2994 2480 adapertionem,
3026 2427 3130 2482 quo
3161 2412 3250 2468 [lat
3278 2413 3344 2468 ad
3388 2413 3533 2469 deci-

1953 2506 2203 2575 piendum
2259 2520 2408 2559 error
2438 2506 2550 2574 ipse
2595 2504 2874 2559 conditior.
2908 2505 3289 2561 Ilwrcticorum
3335 2508 3531 2578 quippe

1952 2596 2178 2665 superba
2217 2604 2269 2650 et
2319 2597 2525 2649 curiosa
2566 2594 2824 2663 cupiditas
2854 2595 2907 2648 in
2953 2596 3086 2650 libro
3128 2595 3532 2652 Proverhiorum

1954 2690 2146 2743 clamat
2171 2689 2267 2742 sub
2290 2687 2525 2741 mulieris
2555 2687 2802 2757 imagine,
2839 2694 2889 2740 ct
2930 2685 3077 2751 dicit,
3110 2684 3209 2751 Qui
3236 2688 3417 2741 stultus
3436 2698 3531 2754 est,

1954 2782 2165 2837 divertat
2186 2782 2253 2835 ad
2300 2791 2489 2835 me:et
2522 2781 2705 2849 inopes
2753 2794 2910 2834 sensu
2936 2778 3280 2846 exhortatur,
3329 2779 3531 2845 dicens,

1956 2874 2127 2929 Panes
2156 2875 2374 2929 σει-αιιοι
2402 2874 2531 2928 edite
2550 2874 2775 2939 libenter,
2795 2883 2840 2927 et
2865 2889 3047 2942 aquam
3072 2872 3268 2927 dulcem
3297 2873 3535 2944 furtivam

1955 2967 2105 3020 bibite
2132 2965 2315 3037 (Prov.
2346 2982 2418 3029 ix,
2450 2966 2533 3031 16,
2578 2966 2689 3037 I7).
2720 2965 2787 3019 Et
2816 2977 3034 3020 necesse
3069 2973 3151 3020 est
3176 2974 3373 3032 tamen,
3414 2980 3537 3020 cum

1957 3070 2011 3116 et
2042 3061 2127 3113 illa
2155 3061 2378 3130 quisque
2423 3059 2726 3125 crediderit,
2760 3058 3089 3130 praecedente
3133 3057 3352 3113 libidine
3388 3073 3539 3113 men-

1958 3152 2141 3216 tiendi,
2164 3167 2265 3222 qua
2288 3152 2556 3207 Christum
2599 3152 2875 3205 mentitum
2920 3165 3039 3205 esse
3080 3150 3269 3216 credit,
3315 3150 3539 3220 accipiat

1957 3248 2119 3302 etiam
2147 3247 2376 3300 tunicam
2409 3246 2681 3315 pelliceam
2723 3245 2900 3299 divino
2932 3243 3149 3315 judicio.
3183 3244 3300 3312 Quo
3326 3245 3539 3301 nomine

1958 3339 2311 3394 mihividetur
2342 3340 2392 3393 in
2418 3340 2688 3409 prophetia
2712 3338 2992 3408 signiﬁcari
3008 3354 3113 3394 non
3126 3339 3366 3409 corporis
3392 3354 3538 3394 mor-

1961 3434 2155 3499 talitas,
2180 3449 2297 3503 qua:
2320 3432 2646 3503 signiﬁcatur
2689 3433 2739 3486 in
2764 3432 3005 3499 historia,
3037 3432 3104 3487 de
3150 3446 3253 3503 qua
3287 3432 3397 3501 jam
3428 3440 3537 3487 tra-

1960 3533 2157 3578 ctatum
2189 3532 2298 3588 est;
2332 3522 2425 3578 sed
2453 3523 2520 3578 de
2545 3522 2845 3577 carnalibus
2866 3522 3109 3577 sensibus
3132 3531 3355 3577 attracta
3381 3522 3543 3593 phan.

1962 3626 2203 3681 tasmala,
2232 3632 2348 3685 quae
2378 3615 2661 3670 carnaliter
2687 3614 3027 3668 mentientem
3070 3614 3245 3667 divina
3275 3614 3387 3683 lege
3411 3628 3543 3668 con-

1960 3717 2253 3777 sequuntur
2275 3716 2325 3760 et
2347 3714 2633 3773 contegunt
2665 3722 2678 3757 :
2712 3713 2869 3773 atque
2899 3704 2966 3757 ita
2997 3703 3065 3757 de
3087 3702 3350 3772 paradiso,
3381 3704 3430 3756 id
3458 3712 3541 3759 est

1958 3798 2026 3852 de
2054 3798 2312 3852 catholica
2346 3796 2447 3851 tide
2473 3805 2526 3850 et
2576 3797 2817 3861 veritate,
2862 3794 3162 3860 dimittitur,
3211 3794 3540 3850 habitaturus

1958 3901 2141 3946 contra
2185 3890 2507 3961 paradisum,
2544 3889 2594 3943 id
2621 3896 2703 3944 est
2746 3888 2915 3943 eidem
2952 3888 3072 3943 ﬁdei
3095 3887 3536 3943 contradicturus.

1958 3983 2057 4052 Qui
2080 3984 2123 4037 si
2150 3981 2431 4053 aliquando
2447 3996 2504 4036 se
2519 3980 2584 4035 ad
2600 3980 2762 4035 Deum
2790 3980 3112 4034 converterit
3128 3994 3219 4050 per
3241 3978 3539 4035 ﬂammeam

1958 4075 2235 4139 frameam,
2269 4074 2320 4129 id
2338 4082 2419 4129 est
2442 4072 2866 4144 pertemporales
2894 4070 3279 4135 tribulationes,
3308 4087 3401 4125 sua
3426 4087 3542 4141 pec-

1959 4178 2075 4224 cata
2099 4165 2469 4237 cognoscendo
2498 4174 2552 4220 et
2576 4163 2857 4235 gemenda,
2897 4172 2952 4217 et
2982 4179 3087 4216 non
3104 4166 3211 4232 jam
3234 4172 3541 4217 extraneam

1960 4270 2223 4323 naturam,
2251 4255 2539 4327 quaconulla
2594 4262 2695 4317 est,
2728 4256 2822 4308 sed
2851 4254 3082 4322 seipsum
3134 4251 3452 4318 accusando,
3484 4261 3542 4308 ut

1959 4352 2072 4419 ipse
2102 4349 2308 4405 veniam
2328 4355 2597 4401 mereatur
2621 4348 2634 4376 ¹
2659 4354 2742 4411 ;ct
2766 4359 2859 4414 per
2878 4344 3259 4412 plenitudinem
3283 4342 3538 4409 scientiae,

1962 4456 2079 4510 qum
2110 4449 2193 4494 est
2226 4437 2477 4501 charitas,
2529 4435 2795 4506 diligendo
2828 4435 3016 4499 Deum,
3046 4436 3131 4503 qui
3160 4449 3318 4505 supra
3364 4433 3540 4487 omnia

1962 4542 2046 4587 est
2072 4529 2541 4593 ittemnntutabilis,
2570 4536 2623 4581 et
2652 4526 2919 4597 diligendo
2948 4541 3013 4580 ex
3045 4534 3154 4579 tuto
3183 4524 3364 4591 corde,
3396 4534 3449 4579 et
3474 4540 3541 4580 ex

1961 4634 2068 4679 tota
2096 4625 2290 4687 anima,
2320 4630 2373 4676 ct
2399 4636 2468 4676 ex
2497 4629 2605 4674 tota
2632 4628 2841 4683 mente;
2868 4627 2920 4672 et
2947 4615 3212 4685 diligendo
3242 4615 3541 4685 proximum

1964 4727 2208 4786 tanquam
2239 4715 2500 4784 seipsum,
2534 4712 2807 4782 perveniet
2836 4710 2901 4763 ad
2929 4711 3173 4764 arborem
3206 4708 3346 4774 vitae,
3378 4717 3433 4763 et
3462 4708 3543 4761 vi-

1962 4819 2047 4863 vet
2074 4810 2124 4860 in
2152 4815 2428 4860 aeternum.

1961 4899 2181 4955 CAPUT
2220 4897 2454 4953 XXVIII.
2482 4927 2551 4937 —
2579 4895 2680 4949 Per
2699 4895 2950 4965 epilogum
2973 4893 3198 4964 singulas
3219 4892 3399 4964 refellit
3427 4888 3542 4943 Μα-

2422 4993 2729 5046 nichworunt
2785 4989 3082 5044 culunmias.

2032 5088 2119 5142 42.
2151 5085 2290 5155 Quid
2321 5084 2518 5140 habent
2566 5100 2692 5153 ergo
2721 5084 2825 5147 isti,
2854 5082 2990 5150 quod
3017 5081 3067 5134 in
3111 5079 3193 5133 his
3222 5076 3410 5131 litteris
3439 5073 3542 5130 Ve-

1962 5183 2088 5236 teris
2111 5181 2433 5235 Testameuti
2458 5177 2883 5246 reprehendant?
2908 5176 3230 5243 lnterrogent
3249 5168 3539 5226 secundum

1961 5290 2162 5329 morem
2191 5288 2365 5337 suum,
2386 5281 2439 5327 et
2469 5271 2881 5341 respondeamus
2905 5268 3040 5323 sicut
3062 5264 3314 5319 Dominus
3342 5262 3542 5320 donare

1962 5368 2227 5437 dignatur.
2253 5366 2427 5432 Quare
2458 5364 2580 5418 fecit
2612 5365 2749 5417 Deus
2767 5361 3054 5421 hominem,
3076 5356 3337 5427 inquiunt,
3380 5372 3539 5427 quem

268 5444 391 5515 ίβεε
410 5443 736 5499 ἀοωῖιιθιυΐ·
765 5440 917 5497 Τυηο
940 5440 1083 5498 enim
1111 5449 1283 5512 Ροίεει
1309 5444 1557 5498 comosa
1578 5444 1855 5500 ηοηθιίθω
1886 5494 1923 5527 7
1966 5468 2303 5530 peccaturum
2324 5456 2565 5513 sciebat?
2586 5455 2716 5521 Quia
2739 5462 2793 5507 et
2821 5452 2887 5506 de
2908 5459 3159 5520 peccante
3200 5450 3364 5504 multa
3404 5449 3541 5505 bona

1859 5530 1919 5623 -Ῐῖ,
1960 5552 2135 5607 facere
2165 5559 2389 5622 poterat,
2431 5548 2684 5603 ordinans
2722 5559 2841 5599 cum
2878 5540 3166 5597 secundum
3198 5541 3541 5597 moderamen

334 5647 350 5679 ί
379 5646 527 5706 aditi,
561 5646 782 5703 clamat;
813 5657 900 5708 PFO
920 5657 1018 5710 quo
1042 5657 1104 5697 ex
1135 5651 1244 5695 Mss.
1275 5646 1576 5696 restituimus
1624 5642 1849 5696 incantat.
1900 5648 1942 5712 ς,

330 5729 404 5791 (α)
422 5728 625 5791 Ophitar.

2025 5669 2039 5699 ι
2068 5666 2203 5724 mliti,
2222 5678 2308 5729 per
2332 5661 2679 5729 conversionem
2718 5660 2931 5722 veniam,
2970 5668 3063 5710 etc.
3100 5667 3153 5709 At
3184 5666 3288 5711 Mss.
3322 5672 3415 5709 non
3459 5657 3539 5709 hav

1963 5728 2099 5787 bent,
2120 5741 2204 5791 per
2223 5724 2571 5777 conversimtem
