3906 6314
436 227 548 294 219

434 339 656 427 iustitia
682 352 821 414 suae,
836 342 893 405 et
912 334 1036 415 quia
1056 332 1189 390 nihil
1215 330 1402 427 oberat
1419 329 1530 391 Deo
1558 333 1857 427 peccatum.
1871 324 1988 399 ejus
2013 336 2027 375 :

439 416 496 503 ὸι
519 431 633 497 sive
657 443 768 495 non
790 433 1057 508 peccaret,
1084 438 1229 485 mors
1257 419 1402 477 nulla
1425 428 1606 492 esset;
1633 417 1745 472 sive
1769 416 1892 491 quia
1908 427 2035 490 pec-

438 525 601 597 cavit,
633 522 724 587 alii
752 504 1006 587 mortales
1030 517 1097 575 de
1126 522 1346 589 peccato
1371 512 1489 590 ejus
1514 509 1869 586 corriguntur.
1892 504 2033 566 Nihil

439 618 583 687 enim
610 613 689 681 sic
729 620 947 681 revocat
970 609 1214 673 homines
1256 623 1286 662 a
1315 614 1554 689 peccato,
1582 598 2033 681 quemadmodum

440 684 772 781 inminentis
809 707 998 775 mortis
1044 702 1295 781 cogitatio
1318 684 1360 758 ί.
1406 684 1496 756 Sic
1528 713 1650 757 eum
1690 695 1913 761 faceret,
1946 692 2032 749 in—

444 804 657 885 quiunt,
699 809 760 867 ut
802 814 910 865 non
954 802 1221 877 peccaret.
1267 792 1377 848 imo
1405 791 1521 863 ipse
1569 789 1671 845 hoc
1694 787 1925 885 faceret;
1957 784 2035 885 sic

444 873 592 963 enim
607 873 778 959 factus
800 900 904 961 εει,
933 873 1053 949 utsi
1074 886 1353 955 noluisset,
1374 898 1480 942 non
1508 886 1773 953 peccaret.
1801 876 1917 934 Non
1942 873 2035 931 ad-

451 989 775 1056 mitteretur,
798 982 1062 1063 inquiunt,
1092 977 1333 1039 diabolus
1355 973 1422 1030 ad
1452 973 1567 1049 ejus
1592 970 1890 1027 mulierem.
1923 966 1938 1021 l
1947 981 2034 1022 mo

444 1084 565 1165 ipsa
606 1080 675 1143 ad
702 1095 763 1144 se
800 1060 1068 1141 diabolum
1094 1087 1202 1137 non
1247 1068 1585 1134 admitteret;
1611 1064 1689 1119 sic
1726 1061 1867 1118 enim
1898 1060 2034 1115 facta

444 1151 551 1251 εει,
574 1171 713 1237 utsi
757 1168 1047 1239 noluisset,
1094 1179 1201 1228 non
1240 1160 1564 1217 admitteret.
1597 1155 1712 1211 Non
1740 1154 1909 1219 fieret,
1950 1151 2035 1206 in-

444 1245 655 1347 quium,
693 1263 906 1325 mulieri
951 1260 1064 1321 lioe
1095 1255 1402 1325 estdicere,
1448 1265 1557 1306 non
1604 1248 1756 1303 ﬁeret
1787 1245 1985 1347 bonum
2016 1259 2034 1297 :

447 1336 571 1439 quia
596 1336 786 1435 et
816 1354 997 1427 utique
1015 1347 1232 1427 aliquod
1253 1347 1451 1402 bonum
1481 1351 1583 1411 cst,
1615 1351 1667 1396 et
1694 1346 1899 1395 tantum
1935 1336 2034 1392 bo-

444 1433 591 1521 num,
614 1459 674 1507 ut
688 1433 977 1522 Apostolus
992 1460 1109 1502 eam
1131 1441 1353 1514 gloriam
1376 1437 1477 1501 viri
1501 1450 1621 1499 esse
1647 1433 1790 1493 dicat
1812 1439 1900 1499 get
1923 1444 2036 1522 orn-

444 1546 536 1609 nia
576 1520 654 1609 rex
677 1520 809 1605 Deo.
854 1542 1051 1601 lterum
1076 1536 1259 1597 dicunt
1288 1552 1301 1595 :
1327 1531 1456 1601 Quis
1485 1528 1609 1589 fecit
1632 1522 1934 1585 diabolum?
1964 1520 2037 1578 Se

444 1639 582 1719 ipse;
596 1651 705 1701 non
721 1634 863 1699 enim
878 1639 1087 1697 natura,
1101 1628 1194 1689 sed
1211 1623 1478 1703 peccando
1492 1618 1734 1677 diabolus
1746 1616 1917 1677 lactus
1930 1621 2032 1670 est.

448 1714 546 1798 \iel
564 1729 765 1810 ipsum,
779 1729 950 1793 aiunt.
965 1738 1076 1783 non
1090 1720 1287 1779 faceret
1308 1719 1473 1784 Deus,
1488 1714 1532 1771 si
1554 1728 1677 1769 eum
1693 1718 2037 1789 peccaturum
2072 1721 2081 1727 ·

446 1808 810 1891 «unum.
847 1818 978 1886 imo,
1008 1829 1172 1891 quare
1216 1826 1323 1871 non
1358 1808 1581 1874 iaceret,
1619 1821 1737 1861 cum
1765 1819 1859 1881 per
1886 1816 2035 1857 suam

442 1915 707 1995 iustitiam
758 1919 814 1975 et
844 1907 1231 1991 providentiam
1261 1902 1460 1961 multos
1479 1900 1547 1961 de
1583 1897 1786 1959 malitia
1827 1894 2038 1995 diaboli

447 1985 722 2087 nauigat?
747 2005 833 2069 An
849 1985 985 2067 iorte
1014 2016 1122 2063 non
1150 1996 1373 2057 audistis
1401 1992 1699 2069 apostolum
1717 1987 1936 2047 Paulum
1958 1985 2038 2043 di-

447 2081 683 2177 οωιᾰω,
714 2099 854 2173 Quas
878 2095 1067 2155 tradidi
1111 2093 1342 2160 Satamz,
1371 2097 1425 2150 ut
1445 2088 1639 2147 discant
1668 2101 1768 2141 non
1807 2081 2040 2177 blasphe—

449 2195 647 2271 mrsu
668 2175 811 2257 Tim.
840 2209 880 2265 ι,
905 2190 1035 2265 Ξογῖ
1087 2193 1145 2248 et
1187 2186 1255 2248 de
1278 2184 1454 2257 seipso
1483 2181 1628 2246 dicit,
1660 2178 1729 2271 Et
1753 2194 1817 2239 ne
1843 2175 2041 2271 magni-

453 2266 629 2351 tudine
653 2284 1013 2349 tmiutianum
1036 2278 1299 2343 ὀπυίων,
1344 2275 1492 2335 datus
1534 2281 1606 2335 est
1640 2270 1765 2327 mihi
1807 2266 2040 2329 stimulus

448 2379 643 2451 carnis,
680 2376 890 2456 angelus
918 2373 1129 2433 Saturne
1155 2370 1241 2443 qui
1279 2385 1359 2427 me
1385 2365 1664 2438 cotapltizet
1694 2361 1759 2436 (Il
1794 2360 1913 2416 Cor.
1942 2376 2037 2428 xu,

448 2473 528 2547 7).
551 2473 715 2545 Ergo,
734 2453 997 2545 inquiunt,
1020 2464 1194 2525 bonus
1213 2469 1297 2521 est
1324 2458 1586 2523 diabolus,
1606 2456 1727 2530 quia
1748 2453 1894 2513 utilis
1919 2453 2040 2508 est?

450 2564 567 2633 imo
585 2561 760 2628 malus
789 2560 843 2619 in
865 2565 1122 2637 quantum
1148 2553 1392 2631 diabolus
1407 2558 1517 2617 est;
1545 2547 1638 2609 sed
1657 2547 1828 2602 bonus
1853 2553 1907 2637 et
1924 2559 2035 2599 om.

451 2662 697 2731 inpotens
725 2652 865 2715 Deus
890 2634 995 2717 est,
1012 2647 1103 2719 qui
1132 2645 1289 2701 etiam
1318 2642 1387 2699 de
1407 2640 1608 2701 malitia
1636 2638 1752 2709 ejus
1772 2635 1935 2691 multa
1958 2634 2044 2711 ju-

450 2725 536 2811 sui
559 2755 615 2809 et
631 2746 770 2805 bona
786 2749 1058 2820 operatur.
1080 2738 1197 2796 Non
1213 2735 1355 2792 enim
1373 2731 1587 2793 diabolo
1608 2731 1918 2802 imputatur,
1938 2725 2041 2783 nisi

453 2838 701 2901 voluntas
724 2817 845 2905 sua,
865 2847 968 2905 qua
993 2838 1217 2889 conatur
1242 2825 1417 2882 facere
1444 2823 1605 2894 male,
1637 2835 1743 2881 non
1774 2817 1871 2874 Dei
1913 2831 2040 2893 pro-

452 2928 708 3001 videntia,
730 2939 849 3005 qua:
874 2922 941 2985 de
964 2921 1058 2978 illo
1085 2921 1224 2979 bene
1244 2917 1385 2973 facit.

489 3018 717 3087 CAPUT
755 3016 951 3083 XXIX.
979 3042 1050 3059 --
1089 3012 1295 3085 Confert
1336 3008 1580 3064 Ecclesiae
1626 3005 1864 3083 dogmata
1891 3019 2007 3059 cum

885 3106 1289 3165 Manichaeorum
1328 3101 1601 3159 erroribus.

526 3206 617 3271 45,
656 3204 956 3271 Postremo.
1001 3199 1252 3272 quoniam
1296 3211 1421 3252 cum
1449 3191 1754 3251 Manichaeis
1797 3189 1950 3249 nobis
1975 3188 2044 3245 de

453 3302 713 3375 religione
740 3296 965 3373 quaestio
990 3301 1073 3354 est
1092 3335 1109 3361 ,
1139 3290 1365 3365 quaestio
1417 3297 1592 3345 autem
1636 3283 1906 3359 religionis
1940 3292 2039 3351 cst,

456 3389 584 3473 quid
612 3388 680 3453 de
708 3389 820 3453 Deo
844 3387 933 3461 pie
960 3382 1240 3452 sentiatur,
1269 3379 1521 3453 quoniam
1565 3391 1758 3447 negare
1789 3391 1893 3429 non
1917 3390 2042 3447 pos-

457 3469 586 3547 sum
632 3481 686 3543 in
712 3478 929 3545 miseria
957 3483 1294 3557 peccatorum
1348 3486 1467 3529 esse
1506 3485 1675 3542 genus
1719 3469 2041 3534 humanum;

458 3575 540 3641 illi
570 3573 757 3638 dieunt
783 3579 1026 3637 naturam
1039 3568 1137 3633 Dei
1151 3582 1270 3625 esse
1297 3566 1353 3623 in
1378 3564 1590 3623 miseria
1617 3580 1630 3618 :
1653 3577 1749 3619 nos
1766 3576 2042 3634 negamus,

454 3666 551 3733 sed
576 3665 805 3727 dicimus
828 3679 949 3728 eam
992 3670 1234 3727 naturam
1264 3674 1385 3717 esse
1418 3658 1471 3714 in
1523 3656 1759 3725 miseria,
1785 3670 1941 3727 quam
1981 3654 2047 3711 de

517 3779 534 3819 t
560 3785 613 3833 ιη
645 3777 794 3842 Wo
1017 3781 1072 3827 et
1091 3786 1197 3842 sex
1228 3771 1335 3842 aliis
1369 3770 1586 3842 melioris
1605 3775 1736 3819 nota:
1767 3767 1913 3842 deest
1944 3767 2050 3823 haec

451 3832 699 3893 sententia
711 3832 743 3887 ἶ
762 3835 889 3889 nihil
910 3835 1039 3889 enim
1060 3834 1129 3887 sic
1150 3841 1339 3896 revocat
1369 3832 1622 3896 hominem
1638 3836 1833 3896 peccato
1850 3866 1863 3891 ,
1882 3842 2048 3895 quem-

450 3901 714 3952 admodum
734 3896 1021 3949 imminentis
1041 3896 1209 3947 mortis
1228 3894 1464 3960 cogitatio.

1351 216 1440 272 DE
1480 212 1731 272 GENESI
1769 210 1861 269 AD
1902 206 2277 277 LITTERAM,
2318 207 2375 265 S.
2418 205 2791 267 AUGUSTlNi

2143 322 2311 378 nihilo
2337 320 2461 379 fecit
2479 321 2641 390 Deus,
2673 330 2727 378 et
2745 319 2813 376 ad
2840 320 2940 376 hoc
2965 319 3173 377 venisse
3201 336 3307 377 non
3337 330 3599 393 coactam,
3625 326 3728 383 sed

2141 415 2412 475 voluntate
2438 415 2713 493 peccandi.
2758 415 2838 477 illi
2880 413 3063 475 dicunt
3110 424 3355 472 naturam
3393 417 3487 473 Dei
3512 419 3629 497 cogi
3657 420 3735 478 ab

2143 511 2259 589 ipso
2283 509 2393 567 Deo
2411 510 2477 567 ad
2488 509 2855 582 paenitentiam
2888 517 3229 583 peccatorum
3262 528 3275 565 :
3309 524 3406 569 nos
3448 526 3732 584 negamus,

2143 601 2237 659 sed
2267 601 2496 658 dicimus
2515 616 2632 659 eam
2655 609 2898 660 naturam
2928 617 3086 675 quam
3119 601 3258 657 Deus
3286 601 3413 663 fecit
3444 600 3513 659 de
3540 602 3734 674 nihilo,

2142 703 2485 775 posteaquam
2518 694 2755 767 peccavit
2801 694 2918 767 cogi
2945 693 3010 749 ad
3059 693 3429 765 paenitentiam
3478 705 3736 772 peccato-

2144 804 2282 843 rum.
2316 787 2397 845 illi
2418 787 2600 844 dicunt
2620 795 2862 843 naturam
2894 788 2986 845 Dei
3008 788 3074 842 ab
3101 788 3215 865 ipso
3233 787 3343 842 Deo
3368 788 3609 865 accipere
3634 803 3737 845 ve-

2145 881 2285 935 niam
2314 899 2327 937 :
2359 896 2456 936 nos
2483 896 2760 952 negamus,
2784 879 2879 936 sed
2906 880 3131 935 dicimus
3150 894 3270 940 eam
3300 887 3541 937 naturam
3569 895 3736 958 quam

2145 971 2270 1030 fecit
2293 974 2433 1030 Deus
2458 973 2528 1033 de
2573 973 2758 1041 nihilo,
2810 973 2855 1028 si
2896 988 2955 1028 se
2983 988 3012 1026 a
3060 973 3290 1044 peccatis
3328 973 3439 1037 Suis
3471 972 3538 1037 ad
3563 973 3739 1033 Deum

2143 1081 2297 1125 suum
2342 1066 2701 1132 converterit,
2730 1065 2972 1137 accipere
2999 1064 3207 1119 veniam
3237 1072 3594 1141 peccatorum.
3651 1063 3739 1121 illi

2144 1158 2596 1217 dicuntnaturam
2637 1156 2731 1217 Dei
2760 1156 3077 1212 necessitate
3101 1170 3220 1212 esse
3253 1155 3559 1217 mutabilem
3587 1171 3601 1209 :
3631 1170 3739 1213 nos

2143 1266 2420 1327 negamus,
2457 1249 2549 1309 sed
2578 1249 2802 1305 dicimus
2826 1263 2943 1304 eam
2966 1256 3208 1307 naturam
3237 1262 3396 1321 quam
3424 1247 3563 1307 Deus
3608 1245 3740 1309 fecit

2144 1342 2212 1401 dc
2234 1342 2421 1415 nihilo,
2447 1340 2721 1401 voluntate
2751 1355 2872 1398 esse
2906 1348 3181 1396 mutatam.
3208 1338 3285 1393 illi
3314 1337 3499 1394 dicunt
3526 1348 3739 1394 natura:

2144 1435 2236 1495 Dei
2268 1448 2461 1491 nocere
2490 1433 2661 1489 aliena
2699 1441 2950 1507 peccata;
2980 1446 3077 1487 nos
3106 1445 3381 1505 negamus,
3399 1427 3741 1490 seddicimus

2143 1528 2275 1589 nulli
2300 1536 2502 1587 naturae
2527 1541 2721 1589 nocere
2741 1532 2977 1601 peccata,
3000 1523 3103 1583 nisi
3133 1540 3226 1580 sua
3256 1522 3331 1598 (a)
3353 1540 3365 1591 ;
3388 1531 3444 1580 et
3467 1522 3632 1578 Deum
3655 1521 3741 1578 di-

2144 1621 2315 1679 cimus
2339 1628 2497 1679 tanttc
2526 1618 2777 1679 bonitatis
2809 1631 2952 1689 esse,
2983 1624 3141 1671 tantae
3167 1614 3410 1692 iustitia),
3456 1620 3617 1671 tanta:
3645 1613 3731 1676 in-

2143 1714 2499 1792 corruptionis
2528 1752 2544 1780 ,
2593 1719 2653 1771 ut
2698 1726 2869 1789 nequc
2912 1718 3126 1789 peccet,
3172 1723 3344 1781 neque
3412 1708 3524 1787 ipse
3574 1706 3741 1763 alicui

2143 1815 2356 1870 noceat,
2386 1805 2475 1875 qui
2528 1818 2751 1876 peccare
2797 1800 3061 1872 noluerit,
3118 1815 3215 1856 nec
3262 1799 3359 1875 ipsi
3404 1797 3594 1871 aliquis
3644 1798 3742 1879 qui

2147 1913 2369 1973 peccare
2415 1896 2660 1955 voluerit.
2717 1894 2797 1951 illi
2824 1894 3007 1953 dicunt
3058 1907 3177 1955 esse
3207 1898 3450 1954 naturam
3492 1891 3616 1946 mali
3648 1892 3741 1957 cui

2149 1990 2290 2053 Deus
2316 1999 2533 2053 coactus
2575 1998 2659 2052 est
2686 1998 2890 2051 natum
2929 2002 3041 2047 sua:
3092 1995 3297 2066 partem
3335 1984 3459 2047 dare
3489 1986 3742 2051 crucian-

2145 2084 2271 2145 dum
2295 2104 2308 2145 '.
2332 2100 2429 2147 nos
2457 2084 2683 2146 dicimus
2714 2083 2913 2143 nullum
2945 2081 3143 2141 malum
3164 2094 3286 2143 esse
3315 2078 3555 2139 naturale
3584 2079 3599 2110 ¹
3635 2077 3740 2157 (1)),

2146 2180 2241 2243 sed
2253 2192 2439 2241 omnes
2454 2187 2667 2241 naturas
2685 2176 2852 2237 bonas
2865 2189 3005 2243 esse,
3029 2183 3081 2233 et
3097 2172 3269 2247 ipsum
3291 2170 3455 2229 Deum
3472 2183 3743 2231 summam

2146 2285 2269 2335 esse
2295 2278 2560 2337 naturam,
2587 2275 2808 2327 ceteras
2833 2282 2899 2321 cx
2949 2264 3065 2339 ipso
3088 2278 3209 2321 esse
3238 2270 3491 2321 naturas:
3520 2270 3574 2323 et
3614 2277 3741 2317 om-

2148 2377 2244 2425 nes
2269 2362 2436 2425 bonas
2466 2361 2517 2419 in
2542 2368 2795 2435 quantum
2819 2365 2961 2423 sunt,
2982 2355 3233 2433 quoniam
3254 2352 3380 2409 fecit
3398 2353 3541 2411 Deus
3555 2352 3743 2409 omnia

2147 2456 2285 2517 bona
2304 2453 2476 2522 valde,
2505 2452 2600 2513 sed
2627 2449 2982 2513 distinctionis
3009 2447 3261 2523 gradibus
3289 2444 3555 2514 ordinata,
3585 2454 3644 2499 ut
3674 2444 3746 2500 sit

2148 2549 2293 2610 aliud
2321 2548 2426 2605 alio
2460 2546 2686 2613 melius;
2734 2553 2895 2620 atque
2940 2540 3012 2605 ita
3061 2540 3206 2597 omni
3237 2553 3433 2615 genere
3474 2535 3744 2595 bonorum

2151 2640 2468 2702 universitas
2489 2639 2583 2699 ista
2618 2636 2968 2710 compleatur,
2982 2647 3101 2709 quae
3127 2628 3442 2703 quibusdam
3465 2626 3739 2705 perfectis,

2150 2733 2464 2812 quibusdam
2497 2728 2844 2803 imperfectis,
2865 2736 2973 2784 tota
2998 2724 3234 2801 perlecta
3279 2732 3380 2797 est,
3414 2737 3571 2793 quant
3599 2721 3743 2776 Deus

2149 2810 2368 2887 effector
2395 2822 2741 2893 conditorque
2778 2820 2894 2895 ejus
2928 2818 3074 2891 justo
3116 2814 3480 2873 moderamine
3510 2810 3746 2866 admini-

2149 2927 2321 2979 strare
2355 2930 2461 2973 non
2484 2922 2658 2975 cessat
2680 2930 2695 2983 ;
2719 2911 2806 2983 qui
2828 2910 3004 2969 omnia
3024 2908 3163 2971 bona
3189 2905 3311 2962 l‘acit
3332 2904 3628 2975 voluntate,
3663 2901 3746 2956 ni-

2152 3008 2224 3068 ltil
2253 3007 2378 3063 mali
2406 3006 2603 3078 patitur
2632 3005 2968 3063 necessitate.
2992 2999 3156 3075 Cujus
3183 2996 3324 3055 enim
3378 2995 3621 3051 voluntas
3652 3008 3748 3053 sn-

2152 3107 2303 3177 perat
2324 3099 2522 3165 omnia,
2556 3096 2703 3155 nulla
2723 3110 2785 3151 ex
2820 3102 2967 3169 parte
2990 3090 3277 3165 quidquam
3329 3088 3491 3143 sentit
3520 3086 3746 3141 invitus.

2153 3175 2283 3251 Cum
2327 3206 2455 3261 ergo
2502 3189 2591 3247 illa
2630 3187 2726 3255 illi,
2749 3193 2804 3241 et
2832 3200 2928 3245 nos
2974 3184 3075 3243 ista
3101 3181 3345 3248 dicimus,
3380 3175 3750 3253 unusquisque

2152 3283 2455 3356 eiigatquid
2470 3291 2739 3352 sequatur.
2763 3279 2875 3352 Ego
2901 3278 3064 3347 enim,
3093 3273 3234 3347 quod
3263 3273 3402 3329 bona
3428 3271 3531 3327 (ide
3559 3285 3748 3326 coram

2154 3377 2265 3439 Deo
2288 3375 2512 3437 dixerim
2537 3416 2553 3445 ,
2584 3374 2699 3431 sine
2742 3371 2853 3431 ullo
2884 3368 3057 3427 studio
3087 3363 3439 3424 contentionis
3462 3404 3476 3431 ,
3499 3362 3614 3419 sine
3649 3361 3753 3421 ali-

2155 3485 2256 3541 qua
2282 3467 2613 3525 dubitatione
2643 3462 2901 3533 veritatis,
2932 3469 2985 3519 et
3010 3460 3123 3519 sine
3149 3458 3324 3529 aliquo
3347 3454 3659 3531 prmjudicio
3673 3454 3755 3510 di-

2159 3564 2452 3639 ligentioris
2472 3561 2819 3626 tractationis,
2856 3575 2975 3631 qua:
3005 3556 3136 3613 mihi
3164 3554 3478 3615 videbantur
3502 3551 3750 3631 exposui.

2220 3680 2236 3719 ι
2264 3678 2412 3738 mu,
2444 3674 2627 3731 malum
2659 3687 2762 3727 esse
2794 3677 2998 3738 mltum.
3031 3678 3176 3738 Porro
3200 3674 3319 3738 lists.
3357 3667 3518 3738 ilicet
3541 3666 3601 3738 ,ιιι
3625 3662 3755 3719 lituo

2156 3724 2751 3811 primojuairactadoiiiim,
2774 3724 2877 3798 cap.
2900 3735 2975 3794 10,
2997 3746 3045 3783 ιι.
3065 3732 3113 3803 5,
3138 3731 3337 3793 habent,
3361 3724 3598 3780 naturate.

2314 3831 2561 3937 ilhiﬁil'act.
2583 3837 2687 3885 cap.
2715 3822 2791 3881 10,
2818 3834 2864 3869 ιι.
2891 3820 2937 3868 5.

454 3955 3749 4003 "MM—Mm

539 4017 623 4075 De
649 3988 1236 4094 subseqyeﬁﬁibrq
1262 3988 1411 4094 cide
1430 3988 1540 4071 lib.
1573 3988 1631 4082 1,
1651 4027 1799 4094 cap.
1834 4008 1931 4094 18,
1963 3988 2537 4094 Retracta‘tionum,
2565 3999 2686 4064 col.
2718 3998 2857 4073 613,
2881 4018 2918 4057 α
2946 3996 3172 4063 verbis,
3205 3994 3364 4055 Cum
3390 3992 3465 4057 de
3488 3988 3749 4067 Genesi,

453 4111 645 4176 usque
675 4092 756 4155 ad
787 4083 906 4154 col.
929 4088 1071 4163 61h,
1100 4089 1324 4160 verbis,
1356 4088 1713 4164 Quaerendo
1733 4083 2146 4149 tractandum
2175 4089 2293 4146 est.
2379 4083 2464 4144 Μ.

756 4199 982 4209 .————

458 4203 636 4214 .————.

2223 4191 2414 4200 _.__—

979 4220 3471 4441 mm-

1419 4480 2188 4573 HIPPONENSIS
2246 4474 2777 4569 EPISCOPI

576 4623 901 4789 DE
983 4620 1855 4784 GENESI
1969 4613 2293 4777 ΑΙ)
2396 4605 3676 4774 LITTERAM

1093 4860 2037 5034 ιιιιιιιιιιινξεξ

2149 4857 2364 5034 gs
2447 4860 2994 4974 unum
3046 4843 3180 4965 (α).

762 5099 1011 5147 metatur
1039 5090 1228 5142 initium
1255 5098 1502 5145 senescas
1520 5103 1679 5154 usque
1700 5087 1760 5139 ad
1787 5086 1973 5141 huncce
1996 5084 2287 5137 versiculum
2302 5041 2682 5138 gilium
2710 5083 2948 5137 hominem
2968 5084 3034 5137 ad
3053 5085 3331 5152 imaginem,
3357 5093 3453 5137 etc.

525 5180 755 5241 OAPU‘I‘
801 5174 1088 5237 PRIMUM.
1136 5205 1209 5217 —-
1253 5176 1306 5230 i.
1356 5175 1696 5230 Deobseuris
1726 5173 2046 5229 naturalium
2153 5184 2260 5226 non
2305 5170 2653 5237 afﬁrmando,
2699 5171 2795 5227 sed
2841 5170 3131 5241 qurerendo
3173 5171 3502 5226 tractandum
3538 5180 3658 5237 est;
3686 5170 3739 5226 in

456 5292 638 5335 rem
657 5319 673 5344 ,
706 5289 828 5349 qua!
853 5271 1221 5343 omnipotente
1247 5268 1359 5325 Deo
1377 5268 1579 5327 artiﬁce
1599 5266 1734 5323 facta
1755 5267 2046 5335 sentimus,

2156 5265 2329 5323 Libris
2356 5265 2586 5320 maxime
2609 5277 2743 5335 quos
2764 5262 2918 5319 nobis
2938 5262 3117 5318 divina
3146 5262 3486 5320 commendat
3511 5262 3759 5345 auctori-;

1691 5370 1953 5410 Αιιιιοκιτιο
1984 5375 2061 5412 νιν.
2093 5369 2520 5410 mammona.

675 5448 854 5513 libum
1180 5446 1300 5506 suis.

465 5510 695 5572 adhibita
716 5510 916 5571 nam
937 5510 1180 5571 editiones
1201 5518 1299 5565 Am.
1326 5510 1401 5567 Er.
1428 5514 1480 5558 et
1497 5513 1606 5556 ιον.

1520 5450 1637 5497 ante
1657 5442 2383 5507 smtebahmendispurgatnm
2403 5437 3053 5504 epomknnlmqprmter
3073 5439 3461 5500 quamethmin
3491 5438 3738 5489 haberem

534 5561 1376 5653 ῖᾶἦρἇἆῦἶηὶᾶἕρνὼτὲνειι
1394 5561 1498 5653 ἀις
1525 5585 1730 5653 omnes
1760 5567 2062 5632 editiones
2089 5568 2282 5631 initio
2314 5568 2490 5629 Retr.
2511 5562 2902 5653 etConfess.,
2928 5576 2973 5653 t_.
3006 5563 3065 5635 1,
3099 5571 3486 5653 memoratas.
3544 5561 3654 5653 "M.

519 5650 597 5726 (a).
616 5640 752 5703 ιωῖιε
780 5640 1118 5726 abre-erue
1151 5652 1258 5726 εθεθ
1284 5650 1380 5726 ωδ
1412 5648 2357 5726 ψαξρθηιέψιινιιιξιιιιιξθιιεριιςιῖςξ
2374 5644 2537 5726 31129.
2947 5644 3458 5726 Rauenna?!“
3485 5640 3735 5726 ςοὲιρςξεωτ

459 5703 682 5780 proxime
865 5703 1148 5775 opusculum
1182 5711 1286 5763 sive
1321 5703 1600 5765 serentem
1616 5745 1633 5774 .
1665 5703 1830 5775 queui
1850 5710 1914 5764 de
1946 5711 2041 5764 ﬁde
2053 5703 2120 5763 ’θὶ
2139 5703 2353 5774 symbolo
2374 5703 2541 5758 habuit
2561 5707 2609 5754 in
2633 5704 2920 5765 ttipponcnsi
2944 5703 3140 5755 concilio
3172 5704 3386 5767 praedicti
3406 5707 3518 5760 anni
3537 5703 3642 5755 595.
