3906 6314
203 255 290 316 ﬁl

199 381 272 429 ias
289 415 302 437 ,
339 372 392 428 in
421 370 605 442 quibus
633 370 905 430 temeritas
928 369 1231 432 asserenda:
1258 371 1474 432 uicerim
1493 371 1775 446 dubiaque

193 461 486 532 οεήιιίοθὶε.
513 460 729 520 difﬁcile
759 461 1023 534 sacrilﬂii
1048 462 1254 524 crimen
1274 464 1437 524 evitat
1464 481 1477 520 :
1509 479 1568 525 ea
1599 473 1774 525 tamen

196 553 464 626 quaerendi
495 553 761 616 dubitatio
791 555 1068 616 catholica
1109 555 1235 618 ﬁdei
1279 566 1452 618 metas
1474 572 1584 618 nou
1605 557 1766 620 debet

194 647 466 708 excedere.
495 647 557 708 Et
580 647 838 718 qwniatu
856 647 1010 708 tuum
1034 647 1270 709 haeretici
1295 649 1360 706 ad
1381 664 1534 710 suam
1550 659 1770 712 senten-

196 743 342 810 tiam.
369 755 494 811 qua
515 749 708 812 prater
736 738 896 802 ﬁdem
919 749 1003 798 est
1026 741 1304 803 eatimliezu
1326 741 1644 816 disciplina.
1673 760 1768 808 ex-

191 833 500 906 mm
544 834 936 906 Scripturarum
979 835 1280 898 divinarum
1307 841 1518 901 trahere
1542 853 1770 902 consue-

191 934 415 990 verunt;
452 935 577 986 ante
617 927 987 990 tractationem
1013 926 1176 1000 huius
1201 929 1322 989 libri
1350 929 1614 991 catholica
1636 930 1768 993 rules

192 1016 414 1079 breviter
442 1018 760 1089 explicanda
784 1028 890 1080 est.

252 1109 303 1170 8.
346 1109 444 1170 Est
487 1118 666 1170 autem
709 1110 824 1172 bare
861 1129 878 1173 ε
918 1111 1084 1174 Deum
1111 1112 1322 1174 Patrem
1349 1113 1765 1184 omnipotentem

192 1204 480 1258 universam
528 1213 826 1260 creaturam
874 1206 1063 1262 fecisse
1107 1215 1265 1278 atque
1307 1209 1646 1269 constituisse
1669 1224 1767 1286 per

192 1293 368 1357 Filium
388 1310 546 1354 suum
573 1295 930 1367 unigenitum,
962 1296 1020 1358 id
1042 1306 1129 1358 eet
1150 1298 1474 1370 Sapientiam
1500 1311 1553 1361 et
1583 1300 1764 1363 Virtu-

190 1395 284 1445 tem
307 1402 456 1448 suam
485 1389 995 1450 consultatum»
1019 1389 1549 1460 sibietcemternatu.
1573 1393 1626 1454 in
1643 1393 1764 1454 uni-

192 1487 286 1540 tate
322 1481 553 1552 Spiritus
587 1483 794 1550 sancti,
821 1492 882 1541 et
903 1483 1071 1554 ipsius
1095 1484 1564 1546 consubstantiaiis
1588 1495 1642 1548 et
1669 1502 1762 1546 ce-

187 1573 376 1630 utcrni.
404 1573 559 1630 lianc
577 1589 716 1644 ergo
735 1574 1049 1635 Trinitatem
1071 1576 1177 1634 dici
1206 1593 1366 1635 unum
1393 1578 1581 1645 Deum,
1607 1594 1760 1638 eum-

189 1677 279 1734 quc
317 1664 506 1722 iecisse
547 1674 604 1722 et
643 1681 860 1728 creasse
894 1668 1072 1724 mania
1105 1685 1226 1740 qua:
1253 1679 1411 1737 sinit,
1438 1671 1490 1726 in
1507 1680 1759 1742 quantum

187 1762 333 1822 sunt,
357 1755 624 1814 catholica
652 1757 928 1828 discitiiaa
953 1759 1099 1816 credi
1121 1760 1299 1831 jubet;
1331 1761 1405 1819 ita
1434 1772 1489 1818 ut
1515 1771 1760 1820 creatura

188 1850 344 1907 ειιιηὶε
384 1862 505 1905 ttvc
545 1850 919 1908 intellectualis
955 1852 1068 1914 sive
1116 1854 1440 1923 corporalis,
1473 1854 1556 1911 vel
1615 1856 1757 1926 quod

186 1937 382 1996 brevius
420 1940 532 1996 dici
581 1950 758 2011 potest
782 1943 1073 2005 secundum
1099 1945 1257 2002 verba
1287 1945 1585 2002 divinarum
1610 1948 1755 2004 Scri-

186 2042 456 2102 pturarutn,
486 2036 604 2090 sive
628 2035 908 2096 invisibilis
926 2038 1039 2098 sive
1063 2037 1303 2103 visibilis,
1339 2054 1445 2094 non
1461 2039 1529 2094 de
1551 2041 1639 2094 Dei
1662 2057 1756 2096 na-

187 2133 284 2178 tura
312 2126 357 2190 ⁸,
399 2126 496 2182 sed
537 2141 570 2182 a
613 2128 724 2183 lico
748 2129 818 2183 sit
845 2128 980 2184 facta
1008 2129 1078 2185 de
1105 2129 1272 2184 nihilo
1299 2147 1314 2184 :
1346 2131 1582 2202 nihilque
1611 2133 1664 2187 in
1692 2147 1754 2188 ea

185 2227 287 2269 esse
310 2217 446 2286 quati
477 2217 551 2272 ad
577 2218 889 2274 Trinitatem
908 2221 1200 2290 pertineat,
1230 2221 1332 2276 nisi
1352 2222 1492 2293 quod
1523 2223 1753 2280 Trinitas

183 2307 428 2375 uendidit,
492 2311 596 2365 ista
650 2312 862 2367 condita
920 2323 1021 2367 est.
1071 2313 1400 2384 QuaprOpIer
1454 2324 1750 2371 creaturam

183 2400 464 2458 universam
515 2418 692 2473 neque
725 2405 1227 2460 consubstantialem
1268 2407 1409 2473 Deo,
1450 2423 1624 2478 neque
1658 2424 1751 2464 co-

182 2501 412 2548 a-ternam
441 2494 532 2549 ius
554 2503 638 2550 est
663 2495 844 2551 dicere
869 2505 962 2551 aut
989 2497 1228 2553 credere.

237 2585 283 2638 5.
317 2584 451 2640 Ecce
479 2595 665 2640 autem
695 2588 872 2642 orantia
898 2604 1017 2658 qua:
1047 2589 1168 2644 iecit
1198 2590 1365 2655 Deus,
1396 2589 1533 2650 bona
1553 2592 1744 2654 valde?

181 2677 299 2731 male
324 2694 446 2734 vero
471 2695 592 2734 non
613 2694 734 2734 esse
763 2680 1056 2748 naturalia;
1085 2681 1179 2739 sed
1204 2698 1365 2737 omne
1389 2684 1527 2754 quod
1558 2685 1750 2741 dicitur

180 2769 383 2837 Iulium,
413 2780 507 2826 aut
531 2781 810 2842 peccatum
842 2788 997 2841 esse,
1028 2783 1120 2828 aut
1147 2789 1359 2844 pmnam
1385 2777 1606 2846 peccati.
1639 2777 1747 2833 Nec

180 2874 286 2915 esse
325 2872 600 2931 [necatum
649 2865 752 2918 nisi
793 2880 1010 2935 pravum
1052 2865 1234 2920 libera
1256 2867 1540 2925 voluntatis
1564 2885 1747 2925 assen-

179 2963 312 3018 sum,
355 2967 476 3009 cum
521 2955 843 3012 inclinantur
883 2956 949 3010 ad
996 2972 1060 3012 ea
1095 2972 1211 3026 quae
1253 2958 1454 3028 iustitia
1487 2970 1665 3028 vetat,
1693 2969 1747 3017 ει

185 3043 311 3098 unde
334 3045 562 3100 liberum
589 3057 672 3104 est
700 3046 969 3104 abstinere
989 3065 1003 3114 ;
1027 3047 1080 3109 id
1103 3058 1202 3115 est,
1229 3065 1334 3103 non
1359 3051 1409 3105 in
1429 3051 1590 3108 rebus
1607 3053 1740 3119 istis,

178 3135 257 3189 aed
276 3135 325 3190 in
351 3153 445 3192 nsu
471 3153 660 3194 earnm
687 3154 795 3194 non
822 3139 1077 3210 legitimo.
1105 3140 1244 3200 Usus
1266 3150 1442 3198 autem
1463 3159 1641 3199 rerum
1662 3155 1743 3200 est

179 3223 442 3296 legitimi»,
488 3239 550 3284 ut
591 3230 772 3288 anima
813 3230 865 3284 in
900 3231 1018 3301 iege
1045 3232 1134 3286 Dei
1162 3241 1400 3296 maneat,
1434 3242 1487 3288 et
1514 3235 1602 3288 uni
1631 3235 1742 3290 Deo

179 3318 452 3386 plenissima
480 3316 769 3378 dilectione
799 3322 1033 3391 subjecta
1061 3323 1158 3388 sit,
1187 3331 1240 3376 ct
1265 3335 1458 3380 caetera
1485 3325 1584 3379 sibi
1615 3326 1742 3380 sub-

181 3407 293 3468 iecta
319 3412 429 3467 sine
453 3413 750 3482 cupiditate
773 3423 863 3468 aut
890 3413 1110 3468 libidin
1138 3415 1429 3481 ministret,
1465 3416 1515 3470 id
1543 3427 1623 3470 est
1649 3432 1738 3472 sc-

179 3501 379 3557 cumium
422 3513 750 3573 praeceptum
794 3505 904 3560 Dei.
936 3498 1011 3559 ita
1041 3506 1184 3560 enim
1212 3507 1326 3561 sine
1353 3507 1658 3563 difﬁcultate
1687 3519 1740 3565 et

181 3592 396 3662 miseria,
436 3605 491 3651 et
535 3611 658 3649 cum
703 3612 909 3652 summa
942 3596 1194 3652 facilitate
1217 3609 1271 3652 et
1297 3599 1622 3657 beatitudine
1645 3601 1740 3657 ad~

179 3683 487 3742 ministrabit.
508 3689 674 3743 Poena
696 3703 823 3743 vero
841 3690 1043 3759 peccati
1068 3700 1169 3756 est,
1193 3707 1313 3745 cum
1335 3692 1464 3761 ipsis
1483 3696 1736 3751 creaturis

181 3790 268 3830 nun
307 3779 402 3834 sibi
428 3781 788 3840 servientibus
811 3784 1075 3837 cruciatur
1101 3784 1272 3838 anima
1295 3826 1308 3846 ,
1340 3801 1459 3840 cum
1490 3785 1598 3840 Deo
1624 3787 1736 3858 ipsa

177 3883 264 3923 non
287 3873 441 3928 servit
469 3893 482 3928 :
511 3889 633 3944 qum
659 3883 900 3929 creatura
923 3875 994 3929 illi
1020 3876 1450 3946 obtemperabat,
1480 3892 1600 3933 cum
1623 3880 1733 3948 ipsa

176 3961 550 4034 obtemperabat
589 3967 719 4022 Dec.
762 3966 941 4038 itaque
982 3983 1090 4023 non
1131 3984 1252 4024 esse
1298 3971 1470 4040 ignem
1498 3973 1731 4040 malum,

175 4055 275 4121 quia
299 4067 533 4113 creatura
563 4058 655 4114 Dei
677 4068 796 4124 est;
827 4059 921 4114 sed
940 4067 1116 4115 tamen
1139 4061 1220 4117 uri
1240 4076 1306 4115 eo
1325 4062 1734 4119 imbecillitatem

175 4156 383 4204 uestram
411 4167 473 4206 ex
504 4151 700 4207 merito
729 4153 947 4224 peccati.
982 4153 1092 4209 Dici
1122 4165 1299 4211 autem
1328 4163 1548 4227 peccata
1578 4165 1733 4212 natu-

175 4238 315 4307 ralia,
351 4259 466 4313 qum
503 4259 725 4300 necesse
759 4254 841 4300 cst
877 4245 1137 4304 committi
1168 4255 1290 4302 ante
1316 4248 1731 4306 miscricordiam

177 4327 284 4399 Dei,
309 4345 582 4405 postquam
612 4337 666 4394 in
695 4337 832 4392 hanc
857 4336 1014 4395 vitam
1043 4353 1140 4408 per
1163 4349 1434 4408 peccatum
1463 4339 1614 4396 liberi
1641 4356 1730 4396 ar-

177 4418 299 4476 bitrii
321 4424 445 4496 lapsi
469 4442 674 4484 sumne.

234 4512 279 4566 i.
321 4513 580 4572 Renovari
621 4528 795 4574 autem
840 4519 1106 4576 hominem
1137 4536 1231 4592 per
1255 4522 1432 4578 Jesum
1458 4523 1729 4582 Christum

178 4599 428 4663 Durnium
455 4617 696 4667 nostrum
717 4653 730 4676 ,
763 4626 883 4667 cum
909 4612 1023 4683 ipsa
1051 4612 1328 4668 inelbbilis
1354 4629 1417 4670 ac
1435 4616 1732 4674 incommu-

177 4691 328 4752 tabilis
351 4697 440 4754 Dei
465 4700 736 4772 Sapientia
767 4703 979 4774 plenum
1010 4713 1284 4775 totumque
1314 4707 1580 4764 hominem
1605 4724 1728 4765 sus-

177 4783 332 4854 cipere
365 4791 576 4862 dignata
609 4802 721 4858 est,
751 4805 806 4850 et
831 4796 974 4853 nasci
1001 4796 1069 4851 de
1097 4795 1296 4866 Spiritu
1326 4808 1509 4854 sancto
1533 4809 1588 4856 et
1616 4802 1726 4859 vir-

177 4875 279 4944 gine
311 4879 497 4950 laris;
547 4886 820 4959 cruelligi,
858 4886 1108 4958 sepeliri,
1144 4897 1198 4944 ει
1226 4903 1534 4962 resurgere,
1561 4903 1616 4948 et
1637 4909 1726 4951 ae-

178 4969 378 5028 Mdrra
396 4975 446 5032 iu
469 4974 664 5032 calum
682 5018 698 5044 ,
725 4977 867 5048 quod
888 4979 998 5047 jam
1029 4977 1224 5035 factum
1245 4991 1359 5047 cst;
1383 4990 1439 5038 et
1457 4984 1639 5042 venire
1657 4986 1725 5042 ad

178 5053 456 5124 imitandos
493 5068 638 5124 rivos
675 5078 732 5125 at
754 5079 991 5127 mortuos
1017 5071 1071 5126 in
1098 5071 1204 5128 line
1227 5073 1437 5141 saeculi,
1468 5086 1522 5131 et
1548 5093 1726 5135 resur-

178 5154 438 5213 hab-em
465 5169 790 5216 mortuorum
819 5163 871 5219 la
899 5177 1060 5219 carne
1078 5205 1093 5230 ,
1124 5165 1266 5236 quod
1292 5165 1465 5222 adhuc
1491 5169 1724 5227 futurum

180 5245 478 5309 vindicatur.
505 5253 688 5308 Datum
715 5268 835 5310 esse
852 5255 1104 5325 Spiritum
1127 5266 1364 5313 sanctum
1384 5259 1723 5319 credentibus

182 5330 379 5426 ipsum
405 5342 759 5403 Constitutam
778 5346 849 5402 ab
873 5347 967 5402 illo
990 5358 1213 5404 matrem
1247 5349 1538 5407 Ecclesiam
1557 5394 1572 5418 ,
1601 5369 1724 5426 qua:

181 5423 417 5489 Cluilia
457 5436 679 5504 dicitur,
725 5454 794 5495 ει
831 5455 900 5496 eo
936 5441 1059 5512 quia
1088 5443 1466 5502 universaiiter
1492 5423 1720 5518 pericu“

183 5526 279 5586 att,
303 5531 353 5578 et
374 5526 426 5580 in
451 5529 596 5584 nullo
613 5531 874 5587 claudicat
891 5575 908 5601 ,
935 5542 990 5589 et
1013 5549 1110 5604 per
1135 5543 1298 5590 totum
1325 5535 1508 5594 orbem
1530 5538 1719 5596 diiihsa

183 5617 266 5662 est.
289 5611 514 5674 Remissa
537 5636 652 5677 esse
679 5623 1054 5692 ptenitentlbus
1082 5627 1255 5698 priora
1285 5633 1528 5699 peccata,
1556 5642 1611 5688 et
1637 5632 1718 5688 vi-

235 5724 250 5755 ¹
274 5733 343 5777 tis.
365 5734 523 5794 \'atic.,
545 5747 634 5786 non
651 5735 713 5787 de
735 5745 834 5789 Deo
851 5745 978 5790 nata.

1469 257 1670 320 LIBER
1710 257 2211 325 lMPEiiFECTUS.

3371 273 3474 338 222

1883 383 1993 434 tam
2021 375 2277 437 δειεωαὶ
2304 366 2666 459 «tibiarumque
2690 394 2908 460 regnum
2935 386 3272 457 promissum.

1951 465 2177 532 CAPUT
2220 469 2280 530 ll.
2320 501 2390 511 -—-
2429 472 2486 534 5.
2521 473 2821 537 Secundum
2852 477 2990 542 hanc
3017 479 3174 536 tidem
3199 495 3318 556 qua:
3349 497 3471 556 pos-

1877 568 2003 616 sunt
2042 559 2098 618 in
2135 559 2240 620 huc
2265 560 2402 624 libro
2431 565 2596 640 quaeri
2626 574 2679 626 et
2702 565 2994 644 disputari,
3025 570 3468 638 considerandum

1875 659 1977 710 est.
2019 649 2084 710 In
2124 652 2374 732 principio
2401 655 2517 733 facit
2547 654 2686 718 Deus
2713 657 2892 719 ςαιιιιηι
2921 669 2968 714 ει
2992 669 3195 720 terram.
3227 662 3466 729 Quatuor

1874 741 2020 804 medi
2043 758 2075 804 a
2099 743 2416 818 quibusdam
2433 745 2828 825 Scripturarum
2850 753 3224 811 tractatoribus
3247 754 3464 810 tradun-

1874 840 1962 898 tur
2015 835 2178 914 hexis
2220 838 2583 917 exponendas,
2631 856 2857 921 quorum
2900 842 3156 900 vocabula
3202 847 3464 904 enuntiari

1870 941 2048 1003 graece
2083 939 2342 1004 possunt.
2392 931 2554 994 latine
2595 945 2773 997 autem
2798 934 3008 999 deﬁniri
3034 943 3091 993 et
3111 937 3369 1014 explicari
3397 941 3414 972 ¹
3445 957 3461 998 :

1871 1019 2163 1082 secundum
2210 1021 2487 1084 historiam
2499 1067 2516 1096 ,
2565 1025 2858 1089 secundum
2897 1028 3233 1106 allegoriam,
3271 1045 3466 1087 secun-

1870 1111 1998 1174 dum
2038 1114 2371 1193 analogiam,
2401 1118 2692 1180 secundum
2718 1121 3055 1197 mtiologiam.
3090 1123 3317 1183 Historia
3345 1133 3457 1194 est,

1870 1215 1988 1262 cum
2019 1205 2134 1266 sive
2153 1205 2402 1268 divinitus
2423 1251 2439 1280 ,
2461 1210 2571 1270 sive
2601 1210 2908 1270 humanitus
2932 1229 3019 1273 res
3042 1223 3191 1286 gesta
3218 1229 3462 1276 comme-

1868 1304 2124 1356 moratur.
2171 1297 2468 1376 Ailegoria,
2509 1316 2628 1356 cum
2657 1301 2878 1373 ﬁgurate
2903 1303 3041 1359 dicta
3073 1305 3458 1378 intelliguntur.

1866 1387 2152 1462 Analogia,
2197 1407 2316 1453 cum
2367 1393 2569 1456 Veteris
2606 1406 2658 1458 et
2686 1397 2815 1457 Novi
2842 1397 3302 1456 Testamentorum
3331 1416 3458 1458 con-4

1865 1482 2106 1553 grucntia
2146 1482 2560 1545 demonstratur.
2593 1487 2910 1562 Aitioiogia,
2941 1505 3064 1548 cum
3089 1492 3350 1550 dictorum
3376 1493 3458 1551 fa-

1864 1578 2176 1642 etorumquc
2202 1589 2373 1634 cansre
2405 1578 2716 1634 redduntur.

1935 1660 2161 1724 CAPUT
2202 1664 2288 1726 lli.
2318 1698 2384 1705 —
2414 1669 2466 1727 6.
2501 1669 2614 1730 Hoc
2642 1685 2768 1746 ergo
2796 1671 2938 1743 quod
2966 1674 3219 1752 scriptum
3246 1685 3361 1746 est,
3388 1675 3458 1733 In

1863 1753 2112 1829 principio
2158 1757 2274 1828 fecit
2318 1757 2456 1820 Deus
2497 1760 2677 1816 coelum
2727 1771 2772 1816 et
2816 1772 3028 1832 terram,
3073 1768 3240 1844 quaeri
3281 1777 3458 1848 potest

1841 1852 2038 1904 .utrum
2073 1851 2439 1930 tantummodo
2467 1851 2757 1910 secundum
2787 1853 3062 1915 historiam
3083 1857 3450 1930 accipiendum

1861 1935 1964 2005 sit,
2011 1951 2077 1997 an
2119 1919 2526 2017 etiam.ﬁgurate
2561 1943 2760 2018 aliquid
2791 1945 3081 2018 signiﬁcet,
3109 1957 3163 2004 et
3186 1919 3455 2022 quomodo

1859 2037 2116 2098 congruat
2141 2031 2444 2110 Evangelia,
2476 2043 2530 2089 et
2557 2051 2661 2112 qua
2690 2051 2848 2095 causa
2870 2037 3005 2094 liber
3025 2039 3125 2096 iste
3140 2040 3217 2096 sic
3234 2041 3454 2100 inchoa-

1859 2124 1945 2178 tus
1988 2119 2076 2180 sit.
2123 2119 2425 2184 Secundum
2454 2124 2730 2182 historiam
2757 2138 2934 2189 autem
2956 2131 3212 2208 quaeritur
3229 2134 3355 2206 quid
3373 2134 3444 2192 sit

1856 2206 1925 2269 In
1953 2212 2201 2288 principio
2221 2256 2237 2288 ,
2269 2214 2321 2272 id
2348 2224 2429 2276 est
2447 2258 2462 2285 ,
2491 2226 2666 2273 utrum
2694 2219 2747 2274 in
2775 2206 3035 2299 principio
3060 2224 3345 2296 temporis,
3374 2241 3446 2282 an

1857 2298 1908 2392 in
1937 2303 2197 2378 principio
2222 2307 2272 2362 in
2297 2308 2409 2384 ipsa
2439 2308 2708 2387 Sapientia
2730 2298 2856 2380 Dei,
2886 2313 3009 2392 quia
3031 2322 3084 2370 et
3104 2315 3217 2386 ipse
3238 2316 3330 2373 Del
3353 2317 3452 2373 Fi-

1855 2389 1956 2452 lius
2000 2393 2313 2470 principium
2357 2413 2419 2454 se
2461 2399 2625 2476 dixit,
2669 2403 2882 2481 quando
2915 2389 2964 2464 ei
3003 2404 3200 2463 dictum
3229 2416 3337 2476 εει,
3366 2407 3450 2466 Tu

1853 2485 1964 2559 quis
1990 2502 2076 2558 es;
2101 2497 2154 2548 et
2174 2487 2327 2565 dixit,
2352 2490 2670 2570 Principium
2693 2497 2829 2566 quod
2854 2506 2899 2554 ει
2920 2497 3099 2570 loquor
3111 2500 3250 2557 vobis
3267 2500 3447 2580 (Joan.

1851 2589 1943 2636 Vm
1965 2617 1980 2648 ,
2019 2577 2135 2654 25).
2177 2580 2275 2644 Εει
2301 2585 2441 2642 enim
2473 2585 2796 2658 Principium
2827 2589 2943 2644 sine
2971 2591 3259 2670 principio,
3280 2577 3343 2658 ct
3367 2603 3449 2653 εει

1851 2667 2178 2742 Principium
2209 2689 2330 2740 cum
2356 2676 2462 2738 alio
2486 2679 2769 2751 principio.
2801 2681 3127 2754 Principium
3146 2667 3272 2741 isine
3298 2688 3444 2764 prin-

1850 2761 1991 2831 cipio.
2019 2764 2163 2824 solus
2191 2765 2350 2822 Pater
2374 2775 2490 2834 est,
2522 2768 2642 2824 ideo
2671 2786 2739 2826 ex
2774 2787 2878 2826 uno
2907 2773 3168 2850 principio
3189 2761 3309 2834 esse
3330 2793 3447 2833 om-

1850 2853 1936 2914 nia
1961 2856 2227 2918 credimus
2256 2877 2268 2920 ;
2302 2860 2464 2922 Filius
2491 2871 2671 2924 autem
2698 2865 2768 2923 ita
2795 2864 3118 2946 Principium
3148 2877 3230 2924 est
3248 2911 3264 2944 ,
3292 2860 3349 2924 ut
3372 2870 3442 2927 de

1850 2943 2009 3002 Patre
2037 2948 2124 3008 sit.
2156 2949 2270 3020 ipsa
2297 2951 2454 3012 etiam
2469 2951 2652 3025 "prima
2680 2966 2921 3013 creatura
2952 2943 3322 3024 intellectualis
3345 2977 3444 3041 po-

1849 3042 1952 3096 test
1989 3037 2090 3094 dici
2132 3042 2446 3118 principium
2489 3045 2554 3101 iis
2593 3046 2786 3120 quibus
2825 3059 2983 3128 caput
3020 3060 3132 3117 est,
3173 3068 3292 3128 qua:
3319 3037 3444 3110 fecit

1847 3124 2007 3182 Deus.
2054 3127 2188 3185 Cum
2235 3133 2374 3190 enim
2410 3143 2554 3192 recte
2583 3139 2875 3214 appelletur
2897 3124 3213 3218 principium
3244 3154 3438 3218 caput,

1845 3215 1899 3271 in
1927 3219 2010 3274 illa
2033 3221 2340 3293 gradatione
2363 3226 2648 3296 Apostolus
2675 3230 2952 3293 mulierem
2978 3215 3152 3288 tamen
3175 3250 3279 3296 non
3307 3215 3442 3293 dixit

1845 3321 2002 3378 caput
2037 3311 2281 3384 alicujus.
2313 3315 2443 3370 Nam
2472 3327 2524 3371 et
2550 3319 2720 3375 virum
2746 3321 2876 3376 dixit
2901 3332 3058 3394 caput
3085 3325 3322 3382 mulieris
3340 3368 3358 3392 ,
3383 3335 3439 3384 et

1844 3410 2001 3472 caput
2021 3403 2118 3461 viri
2139 3404 2408 3461 Christum
2431 3451 2444 3476 ,
2471 3417 2524 3463 et
2545 3421 2706 3490 caput
2729 3411 2927 3468 Christi
2958 3415 3121 3470 Deum
3145 3415 3190 3494 (l
3219 3416 3336 3474 Cor.
3361 3435 3436 3489 xu,

1844 3491 1902 3562 5)
1933 3509 1944 3544 :
1978 3493 2045 3547 ita
2073 3493 2315 3552 Creatori
2340 3509 2582 3560 creatura
2613 3503 2962 3560 subnectitur.

1915 3584 1966 3637 7.
2013 3585 2094 3639 An
2136 3586 2255 3642 ideo
2295 3587 2359 3642 In
2397 3593 2644 3664 principio
2681 3593 2881 3650 dictum
2908 3605 3021 3662 est,
3049 3598 3298 3676 quoniam
3325 3601 3436 3680 prl-

1841 3689 1986 3728 mum
2032 3675 2226 3732 factum
2267 3681 2390 3740 cst?
2430 3683 2508 3738 An
2536 3699 2640 3737 non
2668 3686 2837 3756 potuit
2865 3686 3003 3747 inter
3027 3675 3299 3746 creaturas
3327 3678 3437 3762 pri-

1841 3781 1986 3822 mum
2025 3768 2136 3831 ﬁeri
2176 3771 2370 3825 omium
2402 3781 2456 3828 et
2485 3783 2656 3843 terra,
2689 3777 2730 3831 si
2763 3779 2949 3856 Angeli
2979 3789 3033 3835 et
3058 3797 3245 3838 omnes
3274 3783 3434 3841 intel-
3478 3799 3482 3802 ·

1840 3855 2098 3913 icctuaies
2128 3859 2422 3918 Potestatcs
2450 3867 2674 3940 primum
2708 3855 2870 3923 factae
2890 3872 3053 3926 sunt?
3080 3873 3210 3940 Quia
3239 3883 3294 3930 et
3317 3876 3433 3932 An-

1837 3947 1986 4018 gelos
2023 3960 2320 4007 creaturam
2365 3954 2492 4022 Dei,
2541 3966 2595 4011 et
2636 3958 2703 4012 ab
2745 3974 2810 4014 co
2838 3961 3003 4018 factos
3025 3963 3305 4022 credamus
3331 3983 3431 4024 nc—

1837 4055 1987 4097 ccsse
2029 4051 2129 4098 est.
2179 4044 2309 4100 Nam
2356 4057 2411 4103 et
2459 4050 2688 4120 Angelos
2731 4057 3062 4112 enumeravit
3088 4059 3344 4130 propheta
3377 4063 3429 4119 in

1836 4135 2128 4190 centesimo
2174 4138 2578 4210 quadragesimo
2619 4151 2808 4199 octavo
2858 4148 3065 4222 psalmo
3105 4164 3225 4205 cum
3247 4151 3422 4209 dixit:

1836 4221 1959 4298 Ipse
1968 4227 2122 4299 jussit
2143 4272 2157 4295 ,
2187 4239 2234 4283 et
2260 4230 2395 4298 facta
2424 4242 2578 4297 sunt;
2603 4233 2710 4305 ipse
2734 4221 3022 4304 mandavit,
3055 4249 3098 4294 et
3117 4251 3286 4295 creata
3304 4252 3426 4299 sunt

1837 4315 2004 4386 (Psal.
2024 4334 2233 4385 chvm,
2246 4320 2323 4392 5).
2343 4321 2446 4377 Sed
2463 4323 2505 4378 si
2523 4324 2748 4394 primum
2763 4326 2882 4382 iacti
2897 4339 3019 4385 sunt
3035 4329 3243 4406 Angeii,
3260 4334 3426 4404 quau'i

1835 4417 2010 4477 potest
2059 4420 2231 4464 utrum
2281 4412 2334 4466 in
2377 4423 2614 4484 tempore
2652 4415 2774 4472 facti
2814 4429 2971 4496 sunt,
3012 4435 3078 4477 an
3121 4433 3243 4479 ante
3269 4440 3428 4482 omne

1835 4506 2046 4570 tempus
2070 4543 2084 4567 ,
2114 4517 2182 4557 an
2211 4504 2262 4558 in
2290 4505 2508 4560 exordio
2535 4509 2807 4579 temporis.
2837 4511 2892 4567 Si
2919 4513 2970 4574 in
3003 4521 3244 4585 tempore
3264 4559 3279 4585 ,
3308 4517 3419 4589 jam

1834 4599 1949 4646 erat
1995 4601 2202 4664 tempus
2243 4603 2526 4666 antequam
2574 4600 2759 4670 Angeli
2813 4601 3037 4682 tierent;
3080 4615 3134 4661 et
3162 4609 3412 4679 quoniam

1833 4686 1992 4741 etiam
2023 4694 2229 4764 tempus
2256 4690 2428 4761 ipsum
2457 4701 2699 4749 creatura
2721 4704 2805 4752 est
2823 4739 2839 4772 ,
2863 4697 3046 4770 incipit
3067 4715 3284 4759 necesse
3305 4717 3425 4760 esse

1833 4786 1890 4833 ut
1937 4778 2135 4852 aliquid
2173 4783 2479 4853 priusquam
2513 4787 2743 4864 Angelos
2775 4785 2969 4844 iactum
2997 4791 3337 4864 accipiamus.
3364 4795 3422 4851 Si

1831 4880 2009 4926 autem
2057 4871 2112 4928 in
2153 4873 2375 4929 exordio
2420 4878 2673 4953 temporis
2717 4878 2886 4937 ibctos
2923 4880 3185 4954 dicimus,
3219 4895 3274 4941 ut
3299 4903 3420 4945 cum

1829 4960 1959 5031 ipsis
1985 4963 2206 5034 coeperit
2230 4971 2438 5037 tempus
2455 5007 2472 5034 ,
2499 4967 2781 5025 dicendum
2803 4979 2885 5028 est
2915 4972 3104 5030 falsum
3128 4989 3250 5032 esse
3273 4977 3415 5052 quod

1829 5054 2042 5125 quidam
2092 5055 2314 5128 volunt,
2364 5073 2485 5116 cum
2533 5061 2671 5118 caelo
2712 5073 2766 5120 et
2813 5073 2952 5132 terra
2981 5069 3006 5101 ⁸
3048 5077 3258 5148 tempus
3294 5084 3416 5128 esse

1827 5148 2076 5220 coepisse.

1898 5244 1948 5300 8.
1983 5244 2039 5300 Si
2069 5253 2248 5300 autem
2273 5247 2418 5317 prius
2447 5263 2605 5321 quam
2635 5259 2843 5323 tempus
2864 5293 2880 5319 ,
2911 5253 3102 5326 Angell
3127 5253 3250 5312 facti
3267 5267 3414 5330 sunt,

1825 5335 2173 5406 quaerendum
2218 5347 2302 5394 est
2342 5340 2611 5412 quomodo
2639 5342 2836 5398 dictum
2863 5344 2933 5399 sit
2961 5344 3014 5401 in
3038 5351 3417 5420 consequenti-

1825 5425 1923 5482 bus
1969 5444 1982 5482 :
2035 5427 2100 5483 Et
2142 5428 2274 5486 dixit
2308 5428 2449 5486 Deus
2467 5472 2481 5497 ,
2525 5431 2683 5487 Fiant
2722 5433 2996 5502 Iuntinaria
3017 5436 3072 5493 in
3096 5439 3415 5519 ﬁrmamento

2232 5567 2760 5644 retu,
2986 5576 3164 5641 μείω
3191 5579 3413 5644 redinte-

1821 5626 2136 5736 matur-100i
2159 5641 2254 5691 ope
2275 5626 2489 5684 Vaticani
2503 5626 2706 5704 diﬁcia;
2729 5626 3030 5736 quodiint
3051 5626 3412 5712 ἕξὲὦςῆξῆἦῇ,

1919 5691 2084 5736 oneris
2105 5700 2247 5736 mnu
2272 5699 2521 5736 exaratum
2545 5704 2736 5736 natam
2776 5698 3018 5736 ικιιιιιηιιια

1919 5691 2084 5760 operis
2105 5700 2247 5760 niam}
2272 5699 2521 5760 exaratum
2545 5691 2763 5760 nancisci
2774 5698 3033 5760 malum,

1887 5752 1908 5781 ²
1932 5751 2005 5804 sic
2026 5757 2110 5802 us.
2140 5752 2282 5804 vattc.
2309 5759 2364 5806 Αι
2382 5754 2580 5820 tulgati.
2603 5762 2716 5812 ante
2735 5751 2910 5818 Cirim
2928 5768 2974 5820 rt
2995 5767 3194 5824 terram.
