3906 6392
541 310 648 368 223

539 433 652 491 cuti
676 473 691 500 ,
723 439 777 485 ut
807 430 1002 484 luceant
1025 442 1176 496 super
1200 431 1383 478 terram
1407 463 1420 488 ,
1448 431 1494 477 et
1522 422 1748 477 dividant
1771 423 1901 477 inter
1924 435 2117 480 noctem

537 538 586 583 et
608 526 739 580 diem
763 540 782 590 ;
812 533 860 578 et
885 523 984 579 sint
1003 522 1057 576 in
1081 521 1251 592 signa,
1285 526 1332 573 et
1359 527 1610 589 tempora,
1638 527 1687 573 et
1713 519 1844 585 dies,
1869 528 1914 573 et
1933 537 2112 575 annos.

536 617 634 675 Hic
652 618 796 674 enim
820 623 995 688 potest
1013 612 1178 669 videri
1204 621 1330 667 tunc
1375 619 1547 713 empta
1575 625 1694 713 esse
1723 621 2112 713 tempora,cum

533 710 728 768 caelum
765 719 821 764 et
856 706 1132 763 luminaria
1172 703 1293 760 cali
1317 701 1574 758 ordinatis
1600 702 1874 758 itineribus
1899 717 2114 758 currere

506 775 818 876 iempissent
861 819 874 856 :
916 798 1058 872 quod
1101 796 1148 854 si
1180 811 1361 852 verum
1392 803 1507 862 est,
1537 793 1804 898 quomodo
1833 803 2114 899 potuerunt

531 897 645 954 dies
685 909 804 952 esse
835 901 1114 964 antequam
1142 899 1349 960 tempus
1375 897 1549 955 esset,
1578 887 1622 941 si
1648 901 1678 940 a
1702 901 1861 990 cursu
1881 885 2111 990 lumina-

529 989 667 1044 rium
710 996 918 1058 tempus
959 997 1205 1041 exorsum
1249 989 1363 1047 est,
1399 995 1516 1052 qua:
1543 988 1730 1050 quarto
1755 977 1839 1034 die
1863 978 2110 1034 dicuntur

530 1095 651 1137 esse
673 1079 808 1135 facta
828 1078 851 1132 ?
875 1079 956 1133 An
980 1078 1079 1133 ista
1103 1075 1309 1131 dierum
1330 1073 1554 1144 digestio
1573 1072 1865 1128 secundum
1885 1085 2107 1126 consue-

526 1174 762 1231 tudinem
804 1172 1048 1226 humanze
1088 1168 1386 1240 fragilitatis
1425 1165 1666 1222 ordinata
1710 1173 1790 1219 est
1834 1165 1949 1235 lege
1984 1181 2109 1220 nar-

524 1265 677 1322 randi
704 1274 758 1321 et
787 1262 1073 1318 humilibus
1101 1260 1370 1316 humiliter
1390 1257 1689 1315 insinuandi
1715 1258 1978 1325 sublimia,
2001 1273 2103 1329 qua

523 1365 579 1413 et
619 1357 732 1427 ipse
761 1368 938 1411 sermo
964 1352 1226 1407 narrantis
1252 1366 1357 1406 non
1386 1349 1682 1452 potest-nisi
1712 1350 1886 1452 aliqua
1907 1348 2103 1452 habere

521 1459 576 1504 et
620 1448 788 1518 prima
826 1455 880 1502 et
920 1443 1092 1500 media
1118 1451 1172 1500 et
1197 1443 1420 1499 ultima?
1451 1444 1529 1497 An
1557 1443 1610 1496 in
1637 1441 1961 1546 tempori-bus
1985 1441 2101 1546 istis

523 1539 722 1596 dictum
748 1547 831 1594 est
856 1546 913 1593 ut
935 1545 1113 1593 essent
1133 1536 1434 1602 luminaria,
1458 1551 1574 1606 quae
1597 1545 1834 1606 tempora
1856 1534 2098 1590 homines

520 1632 819 1688 intervallis
861 1645 1128 1687 morarum
1159 1629 1211 1683 in
1239 1628 1478 1698 corporis
1508 1628 1739 1682 motione
1766 1627 2098 1683 metiuntur?

519 1722 646 1779 llaec
673 1721 817 1778 enim
847 1730 1114 1790 tempora,
1142 1719 1186 1773 si
1217 1719 1390 1773 nullus
1415 1727 1591 1772 motus
1611 1733 1890 1787 corporum
1919 1727 2091 1785 esset,

515 1814 660 1870 nulla
711 1821 928 1878 essent,
975 1820 1028 1868 et
1069 1811 1182 1881 ipsa
1225 1818 1347 1864 sunt
1386 1809 1685 1864 hominibus
1714 1809 2090 1864 manifestiora.

513 1909 667 1979 Quod
713 1909 758 1963 si
801 1906 1162 1972 admittimus,
1207 1903 1549 1975 quaerendum
1593 1912 1674 2006 est
1698 1913 1871 2006 utrum
1901 1912 2094 1972 prurter

513 2008 716 2056 motum
735 2013 1021 2070 corporum
1044 1997 1210 2068 possit
1228 2011 1348 2051 esse
1375 2005 1581 2066 tempus
1604 1995 1655 2049 in
1679 2004 1822 2049 motu
1848 1995 2093 2066 incorpo-

511 2107 618 2148 rea:
663 2099 954 2159 creaturae,
994 2089 1152 2144 veluti
1196 2097 1279 2143 est
1302 2087 1476 2141 anima
1505 2088 1585 2142 vel
1615 2087 1724 2157 ipsa
1757 2103 1904 2143 mens
1928 2105 1943 2155 ;
1970 2103 2090 2189 quae

509 2183 689 2254 utique
727 2183 780 2237 in
821 2180 1226 2252 cogitationibus
1255 2188 1527 2238 movetur.
1559 2186 1612 2233 et
1636 2179 1750 2250 ipso
1777 2189 1921 2233 motu
1945 2179 2089 2235 aliud

508 2273 668 2329 habet
709 2273 890 2343 prius,
937 2270 1079 2326 aliud
1122 2271 1420 2341 posterius,
1469 2272 1618 2373 quod
1651 2271 1766 2373 sine
1808 2271 2086 2373 intervallo

507 2365 761 2437 temporis
806 2363 1027 2434 intelligi
1075 2378 1180 2417 non
1227 2371 1419 2433 potest.
1469 2362 1620 2428 Quod
1669 2363 1713 2418 si
1756 2362 2080 2432 accipimus,

502 2458 662 2514 etiam
704 2467 827 2512 ante
872 2458 1066 2512 caelum
1105 2465 1159 2510 et
1187 2465 1382 2511 terram
1423 2464 1597 2526 potest
1631 2456 1846 2526 intelligi
1875 2465 2083 2526 tempus

505 2549 688 2614 fuisse,
717 2549 762 2604 si
782 2558 904 2603 ante
927 2548 1119 2604 caelum
1144 2556 1197 2602 et
1222 2556 1413 2601 terram
1442 2545 1561 2601 facti
1581 2556 1707 2602 sunt
1727 2548 1931 2618 Angeli.
1955 2549 2083 2603 Erat

501 2640 643 2695 enim
685 2639 796 2710 jam
840 2647 1078 2693 creatura
1120 2653 1238 2708 qua:
1265 2638 1497 2692 motibus
1522 2637 1847 2708 incorporeis
1876 2649 2079 2710 tempus

499 2741 680 2804 ageret
725 2748 737 2787 :
785 2740 839 2785 et
879 2738 1023 2785 recte
1069 2729 1374 2800 intelligitur
1415 2744 1538 2784 cum
1576 2730 1661 2784 illa
1688 2731 1845 2785 etiam
1874 2741 2078 2837 tempus

496 2837 616 2879 esse
633 2865 650 2892 ,
679 2833 733 2877 ut
758 2823 810 2876 in
838 2822 1012 2877 anima
1037 2837 1154 2893 quas
1180 2836 1274 2891 per
1290 2837 1574 2891 corporeos
1594 2837 1784 2878 sensus
1804 2825 2078 2928 corporeis

495 2913 724 2970 motibus
761 2912 1056 2968 assuefacta
1099 2922 1198 2967 est.
1228 2911 1333 2966 Sed
1365 2913 1587 2968 fortasse
1616 2930 1721 2969 non
1747 2924 1828 2969 est
1851 2916 1903 2971 in
1934 2917 2075 2986 prin-

492 3005 700 3076 cipibus
739 3012 796 3059 et
839 3005 1096 3059 creaturis
1133 3005 1665 3073 supereminentibus.
1711 3007 1814 3062 Sed
1861 3025 2074 3080 quoquo

492 3095 653 3153 modo
679 3095 780 3150 hoc
802 3111 860 3150 se
885 3094 1076 3150 habeat
1100 3094 1205 3164 (res
1232 3096 1372 3150 enim
1398 3097 1754 3153 secretissima
1775 3109 1878 3167 est,
1899 3109 1952 3156 et
1973 3101 2071 3158 hu-

495 3187 668 3242 manis
715 3185 1037 3256 conjecturis
1083 3187 1556 3260 impenetrabilis),
1603 3191 1731 3246 illud
1757 3203 1902 3250 certe
1926 3196 2069 3251 acci-

487 3276 738 3350 piendum
757 3286 839 3332 est
866 3277 918 3332 in
940 3277 1041 3333 fide
1057 3319 1073 3344 ,
1097 3279 1304 3333 etiamsi
1330 3280 1544 3335 modum
1570 3294 1765 3340 nostrae
1789 3288 2067 3357 cogitatio-

487 3371 570 3426 nis
593 3369 834 3438 excedit,
865 3384 1076 3424 omnem
1106 3379 1402 3427 creaturam
1432 3373 1628 3432 habere
1657 3377 1901 3448 initium;
1934 3392 2065 3438 tem-

486 3478 689 3533 pusque
717 3463 888 3534 ipsum
918 3474 1214 3519 creaturam
1241 3480 1393 3532 esse,
1424 3483 1487 3523 ac
1513 3485 1609 3540 per
1638 3471 1740 3528 hoc
1769 3473 1939 3543 ipsum
1967 3475 2063 3531 ha-

480 3553 612 3612 bere
635 3555 840 3610 initium
858 3595 874 3621 ,
905 3571 1005 3612 nec
1028 3568 1349 3614 coaeternum
1371 3576 1490 3618 esse
1509 3561 1766 3622 Creatori.

552 3646 605 3703 9.
645 3647 826 3704 Potest
860 3649 1019 3705 etiam
1049 3653 1239 3707 caelum
1269 3662 1324 3709 et
1348 3663 1488 3710 terra
1514 3672 1611 3726 pro
1639 3661 1881 3718 universa
1908 3679 2059 3719 crea-

479 3751 598 3798 tura
645 3742 872 3812 positum
922 3743 1125 3812 videri,
1171 3754 1229 3801 ut
1277 3754 1330 3801 et
1378 3746 1479 3804 hoc
1520 3749 1726 3808 visibile
1770 3755 2056 3812 :ethereum

479 3837 869 3891 firmamentum
891 3877 906 3904 ,
936 3837 1132 3892 caelum
1161 3841 1480 3909 appellatum
1508 3844 1594 3908 sit,
1626 3854 1681 3900 et
1703 3846 1789 3900 illa
1815 3858 2056 3904 creatura

476 3925 758 3981 invisibilis
803 3929 1308 3996 supereminentium
1359 3932 1717 4002 Potestatum;
1768 3954 2056 4011 rursusque

475 4027 649 4084 terra,
688 4020 862 4074 omnis
901 4018 1118 4076 inferior
1159 4037 1281 4091 pars
1323 4025 1534 4091 mundi,
1579 4043 1698 4082 cum
1738 4032 2053 4092 animalibus

473 4110 666 4180 quibus
692 4110 1033 4167 inhabitatur.
1071 4115 1152 4168 An
1181 4116 1373 4171 ecelum
1415 4120 1587 4175 omnis
1623 4131 1860 4179 creatura
1891 4128 2055 4183 subli-

471 4203 572 4258 mis
599 4211 756 4274 atque
783 4203 1058 4260 invisibilis
1085 4204 1223 4260 dicta
1250 4217 1367 4273 est,
1397 4216 1536 4263 terra
1565 4226 1692 4266 vero
1732 4229 1890 4271 omne
1920 4219 2050 4274 visi-

468 4293 607 4360 hilc,
650 4303 707 4351 ut
746 4297 903 4352 etiam
949 4297 1025 4352 sic
1073 4299 1241 4368 possit
1286 4299 1386 4355 hoc
1412 4303 1550 4372 quod
1589 4303 1789 4361 dictum
1823 4318 1938 4375 est,
1985 4311 2048 4368 In

466 4387 716 4460 principio
755 4389 872 4459 fecit
902 4388 1039 4444 Deus
1066 4391 1244 4446 emtum
1273 4405 1319 4448 et
1349 4404 1567 4464 terram,
1614 4401 1857 4458 universa
1899 4421 2049 4464 crea-

467 4489 579 4535 tura
608 4481 865 4552 intelligi?
889 4482 1135 4540 Fortasse
1159 4487 1351 4557 quippe
1381 4504 1484 4544 non
1513 4491 1800 4566 incongrue
1823 4499 1874 4553 in
1899 4515 2046 4558 com-

465 4573 736 4640 paratione
787 4573 1067 4630 invisibilis
1111 4588 1404 4646 creaturae,
1454 4597 1612 4640 omne
1653 4589 1859 4645 visibile
1902 4603 2042 4649 terra

459 4663 683 4730 dicitur,
715 4675 772 4720 ut
801 4666 886 4721 illa
915 4668 1037 4722 cteli
1073 4671 1288 4726 nomine
1317 4686 1667 4746 nuncupetur.
1700 4680 1959 4749 Quoniam
1987 4695 2042 4742 et

458 4755 632 4810 anima
656 4771 775 4826 qua:
796 4759 1073 4815 invisibilis
1092 4771 1189 4828 est,
1213 4779 1332 4820 cum
1354 4781 1530 4822 rerum
1552 4770 1836 4828 visibilium
1855 4791 2039 4836 amore

457 4857 809 4917 tumesceret,
855 4859 911 4908 et
949 4867 1131 4910 earum
1172 4855 1454 4928 adeptione
1489 4864 1864 4936 extolleretur,
1897 4880 2035 4928 terra

452 4939 593 4995 dicta
623 4951 738 5005 est.
782 4942 918 5000 sicut
959 4947 1214 5017 scriptum
1249 4961 1331 5006 est
1363 4994 1371 5007 .
1410 4953 1547 5020 Quid
1570 4961 1789 5030 superbit
1827 4972 1959 5019 terra
1988 4977 2035 5021 et

449 5033 577 5088 cinis
605 5033 790 5106 (Eecli.
821 5052 884 5106 x,
914 5036 1008 5110 9)?

521 5126 609 5182 10.
652 5126 756 5184 Sed
785 5130 950 5198 qumri
979 5141 1152 5202 potest
1187 5143 1363 5192 utrum
1395 5139 1506 5207 jam
1531 5139 1773 5199 distincta
1804 5156 1856 5202 et
1880 5164 2028 5205 coms

449 5219 621 5289 posita
668 5221 844 5278 omnia
893 5223 1086 5280 dixerit
1129 5227 1323 5283 caelum
1373 5240 1428 5285 et
1474 5240 1698 5301 terram,
1748 5253 1814 5293 an
1861 5240 2027 5310 ipsam

445 5312 622 5382 primo
658 5312 940 5371 informem
970 5317 1329 5375 universitatis
1356 5325 1629 5380 materiem
1651 5367 1664 5390 ,
1708 5345 1823 5399 qua:
1855 5332 1903 5387 in
1932 5333 2027 5391 has

445 5399 700 5458 formatas
723 5412 776 5460 et
801 5407 1071 5476 speciosas
1095 5419 1307 5466 naturas
1329 5412 1437 5467 Deo
1460 5415 2024 5492 inetfabiliterjubente

442 5490 645 5562 digesta
664 5503 767 5562 est,
789 5496 912 5551 caeli
937 5509 990 5552 et
1011 5507 1166 5555 terra:
1189 5503 1402 5560 nomine
1427 5490 1825 5580 nuncupaverit.
1847 5513 2024 5583 Quan-

438 5597 601 5655 quam
634 5587 775 5642 enim
801 5589 1057 5660 scriptum
1093 5593 1405 5666 legerimus,
1454 5598 1554 5665 Qui
1579 5602 1742 5671 fecisti
1777 5612 2021 5668 mundum

439 5677 504 5732 de
525 5677 732 5748 informi
758 5681 967 5736 materia
996 5683 1150 5756 (Sap.
1250 5731 1264 5756 ,
1298 5689 1423 5761 18)
1453 5700 1625 5750 tamen
1660 5699 1819 5756 etiam
1847 5703 2015 5774 ipsam

439 5771 713 5830 materiam
735 5771 1256 5850 cuiusmodicumque
1285 5783 1372 5850 sit,
1404 5801 1507 5842 non
1533 5803 1814 5859 possumus
1840 5797 2014 5855 dicere

1472 305 1561 362 DE
1598 305 1842 363 GENESI
1883 308 1974 363 AD
2011 309 2381 380 LITTERAM,
2423 313 2479 368 S.
2522 316 2881 378 AUGUSTINI

3707 381 3799 403 ..

1619 423 1748 477 dant
1771 423 1901 477 inter
1924 435 2117 480 noctem
2202 433 2333 482 non
2360 428 2428 483 ab
2456 444 2520 486 eo
2548 431 2761 504 factam,
2792 454 2858 494 ex
2886 456 2991 510 quo
3016 444 3194 502 omnia
3219 449 3534 509 confitemur
3562 463 3618 511 et
3641 461 3801 517 credi-

3705 344 3799 403 234

2225 535 2341 574 mus
2371 539 2383 575 :
2417 533 2472 576 ut
2497 527 2658 581 etiam
2687 529 2802 599 ipsa
2841 531 3067 604 digestio
3110 547 3166 593 et
3199 539 3462 599 ordinatio
3487 546 3794 619 singularum

2225 628 2554 684 quarumque
2584 634 2762 676 rerum
2793 616 3136 684 formatarum
3167 638 3220 687 et
3245 631 3612 696 distinctarum
3651 658 3796 702 mun-

2220 705 2321 760 dus
2369 718 2621 778 vocetur;
2675 715 2786 784 ipsa
2833 732 2960 774 vero
3006 724 3256 781 materies
3301 729 3494 786 omium
3543 742 3599 789 et
3644 744 3792 807 terra,

2219 799 2378 855 veluti
2409 816 2592 859 semen
2623 808 2743 863 caeli
2774 817 2828 864 et
2857 820 3012 868 terrae
3037 817 3298 888 appellata
3321 821 3423 891 sit;
3456 835 3508 881 et
3532 829 3722 886 emittm
3746 843 3795 890 et

2217 893 2361 946 terra
2387 893 2537 962 quasi
2557 897 2834 954 confusum
2860 911 3018 974 atque
3043 909 3363 976 permixtum
3388 915 3455 970 ab
3473 917 3674 976 artifice
3693 920 3793 979 Deo

2215 981 2536 1052 accipiendis
2564 984 2748 1043 formis
2775 989 3047 1049 idoneum.
3095 996 3362 1057 Hactenus
3405 1004 3474 1061 de
3513 1005 3616 1064 hoc
3651 1026 3790 1082 quae-

2213 1071 2374 1127 situm
2401 1074 2470 1130 sit
2493 1078 2633 1146 quod
2655 1079 2851 1138 dictum
2874 1093 2956 1140 est
2974 1127 2989 1153 ,
3018 1085 3085 1143 In
3109 1091 3358 1162 principio
3387 1098 3508 1166 fecit
3525 1071 3790 1159 Deus-cae-

2214 1164 2320 1218 lum
2349 1175 2395 1220 et
2438 1178 2623 1224 terram
2655 1188 2673 1226 :
2701 1172 2833 1229 nihil
2872 1177 3014 1233 enim
3054 1180 3244 1239 horum
3289 1164 3489 1246 temere
3528 1191 3791 1254 afrmare

2213 1258 2467 1325 oportuit.

2279 1347 2505 1406 CAPUT
2535 1351 2624 1409 .
2645 1383 2719 1397 -
2737 1357 2824 1412 11.
2854 1358 3010 1415 Terra
3031 1371 3200 1420 autem
3216 1379 3324 1423 erat
3357 1371 3619 1433 invisibilis
3644 1389 3691 1434 et
3709 1381 3785 1437 in-

2206 1442 2481 1510 composita
2499 1484 2514 1510 ,
2546 1454 2595 1499 et
2617 1447 2830 1504 tenebrae
2856 1461 3000 1507 erant
3022 1471 3174 1526 super
3199 1459 3471 1531 abyssum;
3496 1476 3543 1520 et
3566 1467 3785 1540 Spiritus

2205 1528 2302 1585 Dei
2322 1533 2572 1601 ferebatur
2593 1554 2746 1609 super
2766 1557 2968 1612 aquam.
2999 1545 3082 1600 Ab
3105 1528 3369 1608 haereticis
3391 1528 3467 1629 ()
3493 1556 3584 1629 qui
3610 1528 3783 1620 'Veteri

2205 1619 2548 1680 Testamento
2580 1627 2957 1700 adversantur,
2987 1639 3190 1694 moveri
3218 1642 3477 1703 calumnia
3509 1648 3630 1707 huic
3668 1655 3781 1710 loco

2201 1713 2354 1778 solet,
2380 1729 2496 1769 cum
2517 1716 2721 1785 dicunt,
2742 1723 3018 1790 Quomodo
3037 1727 3089 1782 in
3113 1731 3370 1804 principio
3391 1737 3514 1794 fecit
3529 1739 3668 1798 Deus
3683 1760 3778 1801 cm-

2199 1800 2306 1856 lum
2328 1812 2382 1859 et
2402 1813 2595 1863 terram
2609 1851 2623 1875 ,
2657 1811 2702 1865 si
2717 1811 2827 1882 jam
2849 1822 2987 1871 terra
3008 1821 3162 1875 erat?
3179 1800 3661 1900 non'intelligentes
3684 1834 3780 1891 hoc

2198 1907 2317 1948 esse
2338 1896 2699 1968 subjunctum,
2719 1911 2777 1958 ut
2795 1919 3150 1977 exponeretur
3169 1915 3341 1985 qualis
3362 1896 3502 1976 terra
3519 1921 3694 1990 fuerit,
3713 1927 3778 1984 de

2195 1998 2297 2052 qua
2326 1985 2434 2055 jam
2469 1989 2668 2045 dictum
2698 2003 2814 2062 est,
2851 2000 2968 2068 fecit
3003 2000 3138 2059 Deus
3165 2007 3344 2064 caelum
3378 2020 3428 2065 et
3459 2023 3662 2071 terram.
3692 2018 3777 2076 Sic

2195 2090 2323 2146 ergo
2343 2080 2707 2150 accipiendum
2724 2095 2807 2142 est
2829 2107 2842 2144 :
2867 2089 2924 2145 ln
2947 2094 3204 2168 principio
3218 2097 3340 2156 fecit
3355 2103 3496 2160 Deus
3511 2109 3705 2165 cmlum
3726 2122 3777 2168 et

2195 2173 2427 2235 terram;
2462 2171 2576 2227 hmo
2605 2183 2781 2231 autem
2812 2187 2949 2235 terra
2977 2199 3134 2255 quam
3162 2187 3299 2246 Deus
3323 2192 3466 2264 fecit,
3499 2197 3775 2257 invisibilis

2192 2268 2307 2312 erat
2335 2269 2385 2315 et
2415 2261 2784 2337 incomposita,
2811 2270 2982 2330 donec
3007 2275 3075 2331 ab
3099 2277 3284 2336 eodem
3311 2284 3426 2354 ipso
3447 2261 3775 2348 discernere

2191 2355 2306 2412 tur,
2340 2360 2393 2406 et
2422 2368 2487 2408 ex
2516 2356 2826 2417 confusione
2864 2363 2918 2418 in
2949 2381 3126 2424 rerum
3163 2381 3310 2429 certo
3345 2376 3534 2436 ordine
3570 2387 3772 2442 consti-

2189 2449 2447 2500 tueretur.
2479 2450 2561 2503 Au
2592 2452 2669 2506 sic
2698 2455 2886 2510 melius
2909 2457 3233 2533 intelligitur,
3265 2476 3322 2522 ut
3349 2469 3401 2524 in
3427 2471 3528 2528 hac
3553 2491 3775 2536 exsecu-

2188 2532 2330 2588 tione
2359 2551 2540 2592 rursus
2577 2540 2760 2598 eadem
2800 2561 2978 2603 rerum
3008 2532 3257 2612 materies
3286 2565 3771 2637 commendaretur,

2183 2637 2302 2694 qua:
2327 2629 2573 2698 superius
2597 2634 2715 2690 caeli
2743 2644 2797 2691 et
2822 2645 2979 2695 terrae
3006 2645 3220 2702 nomine
3251 2665 3548 2725 nuncupata
3577 2669 3682 2722 est.
3718 2673 3773 2718 ut

2183 2716 2284 2772 iste
2311 2720 2380 2774 sit
2411 2736 2600 2780 sensus
2629 2742 2644 2781 :
2671 2726 2726 2782 in
2749 2730 3011 2803 principio
3041 2733 3163 2793 fecit
3196 2740 3331 2798 Deus
3358 2716 3552 2804 etelum
3583 2760 3641 2808 et
3667 2763 3772 2810 ter-

2180 2823 2328 2874 ram;
2363 2811 2462 2867 hoc
2503 2824 2679 2871 autem
2720 2821 2861 2890 quod
2905 2824 3095 2880 caelum
3137 2837 3192 2884 et
3231 2840 3374 2889 terra
3418 2835 3618 2896 dictum
3668 2855 3770 2913 est,

2181 2903 2320 2952 terra
2345 2909 2460 2956 erat
2483 2902 2765 2963 invisibilis
2788 2919 2842 2965 et
2870 2911 3244 2990 incomposita,
3276 2933 3330 2978 et
3354 2928 3586 2986 tenebra:
3606 2902 3776 3004 super

2177 2987 2461 3060 abyssum;
2495 2994 2546 3050 id
2571 3005 2671 3063 est,
2699 3002 2840 3072 quod
2863 3005 3056 3062 caelum
3083 3019 3137 3064 et
3158 2987 3296 3069 terra
3317 3019 3642 3088 appellatum
3664 2987 3772 3094 est,

2177 3082 2427 3139 materies
2455 3094 2570 3142 erat
2592 3089 2810 3147 confusa
2837 3097 3076 3165 quaedam
3099 3142 3115 3167 ,
3144 3101 3210 3158 de
3239 3082 3598 3176 qua-mundus
3619 3158 3638 3184 ,
3681 3121 3775 3190 qui

2173 3169 2378 3228 duabus
2425 3177 2671 3236 maximis
2768 3187 3036 3255 partibus,
3089 3194 3228 3249 caelo
3271 3198 3472 3257 scilicet
3517 3213 3574 3260 et
3628 3169 3772 3265 te;ra

2172 3270 2406 3330 constat,
2435 3265 2655 3337 digestis
2690 3272 2968 3332 elementis
3007 3290 3060 3336 et
3097 3292 3311 3356 accepta
3337 3287 3503 3346 forma
3529 3292 3774 3355 fabrica-

2171 3355 2352 3408 retur?
2400 3356 2529 3426 Quae
2571 3361 2812 3420 confusio
2867 3373 3100 3428 materiae
3147 3377 3224 3432 sic
3278 3383 3446 3450 potuit
3499 3386 3771 3448 insinuari

2170 3445 2408 3513 populari
2440 3449 2820 3524 intelligentire,
2852 3459 2898 3514 si
2927 3460 3193 3520 diceretur
3224 3445 3358 3527 terra
3387 3474 3677 3539 invisibilis
3715 3495 3774 3541 et

2167 3531 2537 3608 incomposita,
2565 3542 2649 3597 vel
2675 3543 2995 3617 inordinata,
3028 3556 3110 3610 vel
3139 3556 3413 3632 imparata,
3441 3576 3495 3622 et
3521 3575 3769 3632 tenebrae

2165 3637 2325 3693 super
2351 3627 2629 3700 abyssum,
2664 3635 2715 3690 id
2747 3647 2828 3692 est
2863 3654 3030 3712 super
3071 3627 3475 3715 profunditatim
3516 3627 3772 3724 vastissi:

2163 3728 2302 3769 mam
2330 3735 2342 3770 :
2367 3733 2487 3788 quae
2508 3737 2694 3780 rursus
2715 3727 3043 3795 profunditas
3064 3752 3130 3792 ex
3152 3755 3216 3796 eo
3237 3741 3460 3804 fortasse
3480 3756 3767 3816 nominata

2161 3816 2243 3860 est
2263 3848 2276 3872 ,
2307 3810 2429 3878 quia
2461 3813 2654 3870 nullius
2682 3817 3030 3894 intelligentia
3066 3843 3286 3902 propter
3309 3836 3476 3907 ipsam
3507 3810 3766 3906 informi:

2162 3905 2321 3954 tatem
2350 3909 2613 3972 penetrari
2641 3920 2839 3979 potest.

2231 3993 2316 4046 12.
2357 3993 2426 4049 Et
2454 3999 2668 4058 tenebrae
2700 4017 2842 4062 erant
2869 4025 3020 4082 super
3047 4015 3301 4088 abyssum.
3336 4024 3524 4084 Utrum
3560 4033 3763 4094 subter

2161 4085 2384 4158 abyssus
2411 4102 2526 4148 erat
2549 4103 2606 4150 et
2631 4112 2789 4168 supra
2815 4104 3067 4172 tenebrae,
3101 4085 3251 4181 quasi
3276 4115 3385 4185 jam
3411 4119 3524 4177 loca
3552 4124 3762 4185 distin-

2155 4186 2239 4232 cta
2263 4183 2480 4238 essent?
2505 4185 2585 4240 An
2617 4192 2864 4260 quoniam
2893 4201 3129 4256 materiae
3156 4183 3330 4264 adhuc
3362 4213 3610 4273 confusio
3651 4183 3759 4277 ex-

2153 4272 2398 4340 ponitur,
2417 4279 2567 4372 quod
2595 4283 2754 4340 etiam
2923 4307 3097 4362 grzece
3123 4296 3316 4357 dicitur
3335 4346 3348 4368 ,
3382 4304 3502 4364 ideo
3538 4272 3755 4372 dictum

2151 4369 2234 4415 est
2252 4403 2266 4427 ,
2299 4366 2513 4422 tenebrae
2539 4384 2680 4428 erant
2704 4393 2858 4449 super
2892 4384 3161 4459 abyssum,
3189 4395 3310 4464 quia
3337 4366 3424 4454 lux
3449 4417 3555 4458 non
3579 4421 3710 4463 erat
3735 4428 3750 4465 :

2150 4465 2269 4520 qua).
2293 4455 2336 4508 si
2367 4469 2537 4528 esset,
2567 4463 2749 4534 utique
2774 4483 2931 4540 supra
2961 4488 3138 4546 esset,
3178 4485 3299 4553 quia
3327 4500 3470 4546 esset
3494 4497 3754 4556 emineno

2147 4541 2280 4610 tior,
2313 4554 2368 4600 et
2396 4562 2456 4602 ea
2487 4566 2605 4620 quae
2635 4556 2732 4610 sibi
2773 4560 3007 4631 subjecta
3037 4541 3221 4638 erant,
3268 4576 3588 4641 illuminaret
3680 4591 3751 4647 Et

2145 4648 2333 4691 revera
2375 4641 2463 4710 qui
2505 4643 2786 4716 diligenter
2825 4657 3126 4717 considerat
3169 4667 3295 4736 quid
3335 4671 3442 4729 sint
3471 4681 3744 4752 tenebrze,

2145 4724 2272 4752 ..:t.:t
2314 4728 2451 4752 --)
2491 4734 2519 4752 2,
2548 4751 2555 4752 ,
2650 4738 2682 4752 -
2933 4747 2945 4752 -
3021 4750 3030 4752 _

2144 4724 2276 4780 nihil
2312 4728 2451 4786 aliud
2490 4734 2689 4792 invenit
2729 4757 2886 4811 quam
2932 4747 3062 4806 lucis
3099 4724 3412 4819 absentiam.
3457 4767 3531 4823 lta
3571 4727 3750 4845 igitur:

2144 4815 2337 4845 -.
2369 4831 2443 4845 -
2499 4823 2567 4845 m-
2639 4829 2652 4845 '

2142 4815 2339 4874 dictum
2366 4831 2469 4891 est,
2499 4823 2736 4885 Tenebrae
2754 4845 2895 4890 erant
2913 4855 3066 4911 super
3082 4844 3335 4918 abyssum,
3365 4870 3429 4912 ac
3452 4859 3497 4914 si
3524 4815 3746 4925 dicitur];

2140 4919 2315 4978 esset,
2347 4912 2461 4968 Non
2504 4929 2618 4974 erat
2656 4921 2740 4976 lux
2770 4940 2932 4996 super
2954 4912 3224 5005 abyssum.
3251 4912 3588 5022 Quapropter
3612 4957 3747 5017 hac

2138 5005 2388 5060 materies
2415 5023 2536 5076 qua:
2576 5020 2923 5086 consequenti
2962 5005 3386 5095 operationewDei
3406 5080 3422 5105 ,
3455 5005 3510 5098 iit
3542 5061 3743 5108 rerum

2135 5089 2338 5148 formas
2363 5097 2602 5156 ordinata
2632 5089 3279 5190 distinguiturJappellata
3406 5089 3559 5190 terra

2136 5180 2303 5238 sibilis
2345 5194 2399 5242 et
2442 5188 2826 5264 incomposita,
2871 5210 2926 5257 et
2968 5180 3526 5280 profunditascarens
3562 5180 3737 5300 ;

2121 5287 2251 5342 qua:
2293 5279 2557 5348 appellata
2609 5295 2689 5341 est
2732 5293 2975 5360 superius
3019 5302 3234 5360 nomine
3276 5309 3397 5365 caeli
3437 5279 3736 5389 etterrm:

2131 5366 2290 5389 -.

2131 5366 2292 5422 veluti
2319 5385 2533 5441 semen,
2568 5387 2624 5432 ut
2655 5378 2764 5450 jam
2801 5384 3000 5445 dictum
3039 5405 3154 5464 est,
3195 5402 3316 5458 (
3353 5414 3408 5461 et
3445 5419 3626 5470 terrae.
3671 5366 3738 5477 Si

2131 5466 2308 5522 tamen
2337 5480 2442 5521 non
2467 5470 2659 5526 caelum
2692 5485 2744 5531 et
2781 5486 2974 5538 terram
3015 5486 3274 5560 dicendo,
3315 5499 3735 5569 universitatem

2127 5550 2277 5618 prius
2304 5569 2598 5626 proponere
2629 5565 2818 5634 voluit,
2849 5579 2907 5626 ut
2930 5585 3142 5647 postea,
3174 5550 3436 5647 insinuata

2127 5644 2307 5672 mund:
2341 5656 2512 5672 ..---
2544 5665 2684 5672 -_--,
2836 5669 2845 5672 -

2125 5644 2307 5699 mundi
2341 5656 2514 5716 partes
2538 5665 2934 5726 exsequeretur.

2230 5759 2399 5832 uasis.
2420 5761 2565 5832 .
2590 5774 2644 5816 At
2669 5768 2802 5832 editi,
2827 5775 3039 5829 mune

2185 5817 2255 5879 ()
2275 5821 2552 5873 .
