3906 6320
200 343 292 401 ηε,
1472 334 1679 392 LIBER
1718 334 2214 398 IMPERFECTUS.

264 456 348 514 l3.
388 453 455 519 ει
503 452 737 526 Spiritus
783 451 881 508 Dei
932 451 1334 524 superferebatur
1383 464 1534 519 super
1578 464 1781 520 aquam.

196 551 462 623 Nusquam
489 546 723 615 dixerat,
757 546 899 602 Deus
925 559 1118 615 aquam
1144 542 1299 608 fecit;
1335 556 1434 598 nec
1474 549 1648 596 tamen
1678 539 1787 595 ullo

196 641 353 715 modo
380 637 709 697 credendum
752 645 836 693 est
874 650 1066 707 aquam
1104 635 1271 690 Deum
1315 648 1421 689 non
1468 631 1693 697 fecisse,
1732 639 1789 687 et

194 751 308 793 eam
348 735 460 805 iam
499 732 665 789 fuisse
703 739 986 801 antequam
1029 728 1122 784 ille
1165 726 1360 799 aliquid
1403 726 1785 781 constituisset.

194 827 406 885 Etenim
435 825 527 881 ille
552 832 637 881 est
663 840 727 879 ea:
748 838 846 893 quo
875 821 1072 886 omnia,
1105 836 1193 891 per
1218 835 1363 890 quem
1390 818 1580 882 omnia,
1610 817 1662 870 in
1690 832 1788 887 quo

194 919 400 983 omnia,
433 916 574 973 sicut
607 912 895 985 Apostolus
934 910 1061 967 dicit
1089 910 1267 981 (Rom.
1293 924 1381 975 xI,
1412 907 1524 978 36).
1556 906 1699 977 Ergo
1736 914 1791 961 et

193 1025 385 1083 aquam
415 1009 559 1063 Deus
586 1006 733 1075 fecit,
759 1015 814 1061 et
836 1004 991 1059 aliter
1016 1001 1237 1058 credere
1262 1016 1485 1072 magnus
1510 1014 1660 1054 error
1685 1008 1786 1054 est.

192 1103 297 1159 Cur
326 1102 493 1173 igitur
521 1115 628 1155 non
656 1098 855 1155 dictum
893 1104 978 1152 est
1014 1094 1155 1167 quod
1180 1109 1370 1166 aquam
1402 1094 1543 1148 Deus
1567 1091 1790 1147 fecerit?

193 1197 275 1250 An
300 1208 498 1250 rursus
520 1191 764 1248 eamdem
785 1190 1084 1258 materiam,
1110 1202 1268 1259 quam
1290 1188 1372 1242 vel
1395 1185 1515 1242 cteli
1537 1195 1590 1241 et
1611 1194 1788 1253 terrae,

194 1285 275 1342 vel
309 1294 475 1341 terra:
501 1281 789 1339 invisibilis
817 1288 871 1336 et
898 1278 1262 1350 incomposita:
1290 1286 1446 1348 atque
1475 1275 1652 1348 abyssi
1692 1291 1792 1330 no-

193 1377 343 1433 mine
377 1380 815 1446 nuncupaverat,
846 1372 1005 1427 etiam
1043 1385 1232 1441 aquam
1276 1368 1443 1423 voluit
1484 1367 1791 1438 appellare?

190 1467 302 1525 Cur
342 1466 493 1522 enim
534 1480 639 1521 non
678 1474 735 1521 et
772 1479 907 1535 aqua
946 1462 1331 1533 appellaretur,
1363 1460 1407 1514 si
1436 1468 1575 1514 terra
1602 1458 1789 1529 potuit,

192 1575 316 1615 cum
346 1558 525 1613 adhuc
555 1572 727 1628 neque
752 1570 884 1626 aqua
912 1553 1161 1609 distincta
1187 1561 1345 1622 atque
1370 1550 1594 1605 formata
1620 1564 1793 1619 neque

192 1660 337 1707 terra
365 1658 548 1717 esset,
583 1664 757 1719 neque
784 1645 979 1717 aliquid
1008 1644 1189 1699 aliud?
1232 1642 1339 1699 Sed
1367 1643 1537 1712 primo
1568 1642 1793 1697 fortasse

192 1742 391 1799 coelum
436 1749 493 1795 et
529 1749 667 1794 terra
696 1737 959 1808 appellata
986 1746 1101 1799 est,
1132 1734 1367 1791 secundo
1409 1742 1549 1788 terra
1590 1733 1795 1788 incom-

193 1836 369 1907 posita
400 1842 459 1889 et
485 1831 711 1903 abyssus
739 1844 929 1885 carens
954 1828 1101 1895 luce,
1136 1828 1293 1882 tertio
1317 1841 1453 1897 aqua
1482 1840 1588 1881 non
1610 1826 1794 1880 incon-

193 1941 328 1998 grue
362 1944 376 1980 :
418 1934 479 1979 ut
514 1922 687 1993 primo
730 1921 897 1993 ipsius
944 1918 1330 1983 universitatis,
1380 1925 1597 1988 propter
1632 1932 1793 1988 quam

196 2018 335 2074 facta
366 2026 455 2073 est
490 2015 559 2071 de
591 2015 811 2070 omnino
841 2014 1005 2068 nihilo
1025 2054 1039 2078 ,
1080 2011 1330 2067 materies
1350 2052 1365 2080 ,
1407 2010 1527 2066 οωιί
1556 2018 1611 2065 et
1638 2017 1795 2064 terra:

196 2112 419 2167 nomine
446 2117 758 2173 voearetur;
800 2105 1034 2162 secundo
1065 2115 1219 2161 terra:
1246 2105 1609 2175 incomposita:
1636 2112 1795 2174 atque

195 2202 378 2275 abyssi
428 2200 648 2261 nomine
696 2199 1051 2254 insinuaretur
1096 2195 1426 2264 informitas,
1477 2196 1600 2267 quia
1657 2196 1796 2251 inter

196 2294 379 2349 omnia
419 2292 688 2348 elementa
729 2299 869 2346 terra
907 2298 990 2344 est
1024 2287 1332 2355 informior,
1360 2296 1415 2342 et
1438 2287 1615 2343 minus
1647 2287 1793 2343 relu-

196 2402 333 2442 cens
355 2401 519 2457 quam
545 2393 770 2448 uetera;
800 2384 955 2440 tertio
987 2398 1138 2453 aqua:
1172 2382 1386 2438 nomine
1410 2381 1797 2453 signiﬁcaretur

198 2477 427 2533 materia
454 2475 692 2547 subjecta
721 2474 869 2546 operi
898 2474 1114 2529 artificis
1134 2516 1148 2542 ,
1192 2490 1327 2546 aqua
1368 2475 1511 2530 enim
1550 2474 1796 2529 mobilior

199 2580 287 2627 est
320 2586 481 2642 quam
509 2579 686 2635 terra;
731 2578 783 2625 et
810 2568 928 2623 ideo
957 2578 1172 2639 propter
1197 2568 1450 2639 operandi
1488 2567 1796 2623 facilitatem

200 2670 259 2716 et
286 2669 493 2717 motum
521 2658 831 2724 faciliorem,
863 2659 1101 2729 subjecta
1128 2660 1375 2715 materies
1400 2658 1587 2715 artifici
1604 2699 1619 2726 ,
1658 2673 1797 2729 aqua

202 2752 378 2823 magis
406 2752 641 2807 vocanda
669 2761 787 2808 erat
815 2768 969 2823 quam
1002 2760 1161 2808 terra.

279 2844 369 2899 Η.
411 2843 481 2899 Et
502 2858 595 2900 aer
618 2842 832 2914 quidem
861 2844 1109 2899 mobilior
1134 2852 1217 2899 est
1244 2860 1400 2916 quam
1431 2860 1599 2916 aqua;
1629 2844 1798 2900 aether

208 2944 392 2992 autem
422 2935 671 2991 mobilior
699 2936 817 3006 ipso
840 2951 967 2992 aere
1005 2951 1110 2991 non
1145 2937 1374 2992 absurde
1400 2937 1633 2992 creditur
1652 2978 1667 3004 ,
1708 2946 1800 2991 aut

207 3027 439 3084 sentitur
463 3043 477 3080 :
506 3027 603 3084 sed
637 3028 782 3083 aeris
816 3028 901 3083 vel
930 3027 1146 3083 aetheris
1169 3028 1381 3083 nomine
1406 3029 1581 3083 minus
1605 3044 1799 3085 conve-

206 3119 421 3175 nienter
456 3118 817 3190 appellaretur
844 3119 1111 3176 materies.
1151 3120 1315 3192 Magis
1357 3121 1497 3177 enim
1539 3122 1652 3177 inec
1690 3122 1800 3179 ele-

208 3219 392 3267 menta
416 3211 525 3267 vim
559 3211 851 3268 creduntur
876 3211 1072 3267 habere
1100 3212 1357 3278 faciendi,
1404 3223 1544 3269 terra
1580 3228 1707 3269 vero
1746 3223 1801 3269 et

205 3318 349 3375 aqua
376 3302 629 3374 patiendi.
658 3303 811 3371 Quod
838 3303 883 3358 si
909 3304 1174 3359 occultum
1197 3312 1298 3373 est,
1329 3306 1457 3360 illud
1483 3315 1626 3361 certe
1647 3322 1799 3376 aper-

211 3394 475 3451 tissimum
511 3404 672 3466 puto,
701 3395 844 3466 quod
888 3410 1077 3466 aquam
1113 3404 1300 3451 ventus
1327 3407 1537 3464 movet,
1570 3408 1625 3453 et
1665 3413 1799 3453 non-

208 3488 356 3543 nulla
384 3497 627 3556 terrena;
666 3497 857 3545 ventus
886 3498 1065 3546 autem
1109 3498 1191 3545 est
1220 3506 1311 3547 aer
1339 3500 1515 3547 motus
1558 3502 1609 3548 et
1650 3493 1800 3563 quasi

210 3581 495 3638 fluctuans.
528 3582 668 3654 Ergo
710 3598 833 3638 cum
876 3600 968 3639 aer
1010 3599 1200 3655 aquam
1244 3593 1457 3640 moveat
1496 3586 1797 3652 manifeste,

210 3672 560 3731 unde-autem
604 3674 718 3745 ipsc
756 3685 1031 3732 moveatur
1072 3685 1131 3731 ut
1168 3676 1238 3747 sit
1280 3686 1501 3745 ventus,
1533 3679 1798 3734 occultum

208 3766 315 3833 sit;
343 3767 462 3838 quis
486 3766 693 3823 dubitet
715 3770 1093 3839 congruentius
1116 3784 1265 3840 aqua:
1286 3770 1501 3827 nomine
1522 3772 1799 3827 materiam

209 3858 392 3914 vocari
419 3858 539 3930 quia
568 3868 843 3927 movetur,
869 3876 1027 3931 quam
1058 3861 1196 3917 aeris
1228 3862 1317 3933 qui
1348 3862 1564 3918 movet?
1603 3862 1801 3920 Moveri

209 3960 393 4007 autem
421 3951 529 4022 pati
553 3960 666 4021 est,
694 3967 909 4009 movere
942 3953 1135 4008 facere.
1167 3953 1281 4008 Huc
1317 3953 1521 4010 accedit
1557 3955 1698 4025 quod
1737 3970 1799 4011 ea

210 4058 331 4113 qua:
359 4050 500 4098 terra
522 4043 725 4115 gignit,
756 4059 891 4115 aqua
916 4044 1231 4117 irrigantur,
1274 4056 1332 4101 ut
1370 4047 1514 4102 nasci
1540 4055 1593 4102 et
1619 4047 1801 4117 perﬁci

211 4132 448 4205 possint,
489 4134 559 4190 ita
595 4144 655 4191 ut
690 4150 855 4207 prope
884 4135 1124 4192 videatur
1159 4138 1214 4192 in
1247 4137 1363 4193 haec
1391 4137 1505 4209 ipsa
1528 4139 1798 4195 nascentia

209 4224 404 4281 eadem
445 4240 580 4297 aqua
624 4227 885 4283 converti.
926 4227 1185 4296 Quocirca
1224 4231 1601 4302 congruentius
1647 4246 1799 4302 aqua:

212 4319 429 4375 nomine
452 4319 809 4391 appellaretur
832 4322 1100 4388 materies,
1128 4338 1249 4379 cum
1273 4321 1480 4378 subdita
1502 4324 1650 4394 operi
1673 4325 1800 4379 arti-

214 4410 334 4466 ficis
367 4412 729 4469 insinuaretur
771 4423 987 4484 propter
1020 4415 1370 4472 mobilitatem
1404 4423 1461 4472 et
1490 4418 1797 4473 conversio-

216 4520 343 4560 nem
393 4506 445 4560 in
492 4522 716 4578 quaeque
766 4507 1037 4565 nascentia
1081 4523 1338 4580 corpora,
1388 4524 1546 4580 quam
1586 4512 1799 4567 nomine

212 4599 356 4655 aeris
382 4599 435 4654 in
455 4615 563 4671 quo
584 4600 696 4656 sola
718 4602 982 4658 mobilitas
1010 4611 1192 4673 posset
1213 4603 1579 4671 animadverti,
1608 4614 1798 4661 caetera

214 4706 345 4747 vero
367 4692 559 4763 quibus
586 4693 805 4749 materia
833 4695 1137 4764 expressius
1164 4692 1571 4765 significaretur,
1602 4695 1800 4751 defuis-

213 4792 368 4849 sent;
397 4792 458 4838 ut
482 4792 623 4840 totus
646 4784 746 4841 iste
777 4786 849 4840 sit
876 4800 1065 4842 sensus
1100 4803 1115 4839 :
1151 4784 1219 4840 In
1244 4786 1491 4857 principio
1520 4788 1636 4859 fecit
1662 4786 1799 4842 Deus

212 4877 397 4931 catum
427 4885 474 4931 et
502 4885 715 4945 terram,
756 4879 809 4935 id
846 4888 930 4936 est
966 4880 1243 4937 materiam
1279 4896 1397 4952 qum
1421 4882 1543 4938 caeli
1567 4892 1621 4938 et
1645 4892 1800 4940 terra:

214 4967 446 5023 formam
474 4983 665 5041 capere
689 4980 901 5041 posset;
934 4988 1052 5043 qua:
1073 4972 1294 5029 materia
1314 4982 1446 5028 terra
1469 4974 1730 5031 invisibilis
1755 4985 1800 5031 et

213 5058 547 5129 incomposito
580 5071 716 5129 erat,
756 5061 809 5117 id
846 5070 930 5119 est
964 5062 1205 5123 informis
1240 5073 1294 5120 et
1322 5066 1438 5123 luce
1466 5082 1653 5123 carens
1678 5083 1801 5139 pro-

214 5149 449 5209 funditas
484 5169 646 5225 :quaa
686 5162 865 5213 tamen
907 5158 1155 5227 quoniam
1190 5161 1422 5215 moventi
1468 5170 1522 5217 et
1560 5165 1800 5232 operanti

214 5242 405 5299 artifici
449 5245 657 5302 subdita
699 5257 876 5317 esset,
920 5258 1137 5321 propter
1164 5250 1266 5308 hoc
1294 5251 1464 5324 ipsum
1494 5256 1635 5325 quod
1661 5256 1801 5313 cedit

214 5337 458 5407 operanti
477 5380 494 5407 ,
522 5354 661 5411 aqua
686 5342 845 5397 etiam
872 5342 1140 5401 nominata
1165 5356 1268 5402 est.

291 5432 380 5489 f5.
420 5431 479 5488 ιιι
507 5432 610 5491 hac
638 5435 798 5508 igitur
822 5438 1057 5494 materia:
1082 5439 1465 5513 significatione
1495 5442 1640 5513 prius
1668 5444 1799 5499 insi-

215 5532 411 5582 nuatns
436 5535 522 5584 est
556 5527 678 5584 finis
710 5529 855 5600 ejus,
885 5530 941 5586 id
981 5540 1063 5588 est
1101 5544 1316 5604 propter
1352 5534 1477 5605 quid
1521 5534 1658 5591 facta
1696 5538 1796 5605 sit;

214 5618 453 5675 secundo
494 5619 609 5691 ipsa
652 5621 976 5693 informitas,
1018 5625 1175 5681 tertio
1212 5627 1440 5683 servitus
1473 5628 1571 5684 sub
1599 5628 1800 5686 artifice

213 5719 378 5785 atque
401 5714 685 5787 subiectio.
714 5717 891 5791 itaque
913 5720 1087 5791 primo
1110 5722 1305 5778 coelum
1329 5732 1383 5778 et
1402 5732 1561 5791 terra,
1583 5735 1800 5797 propter

214 5802 322 5864 hoc
346 5806 489 5866 enim
525 5808 663 5869 facta
690 5813 969 5884 materies;
1001 5816 1234 5874 secundo
1264 5825 1401 5875 terra
1433 5817 1710 5875 invisibilis
1744 5828 1801 5877 et

1895 449 2240 523 incomposita
2261 495 2278 521 ,
2319 462 2372 510 et
2407 456 2638 513 tenebrae
2670 471 2831 529 super
2854 471 3132 531 abyssum,
3174 458 3230 517 id
3253 452 3482 533 est'ipsa

1895 543 2194 603 informitas
2228 547 2345 604 sine
2375 549 2605 619 lumine,
2639 550 2779 607 unde
2819 552 2978 609 etiam
3020 561 3161 609 terra
3200 552 3484 611 invisibilis

1893 634 2031 693 dicta
2060 646 2178 704 est;
2228 640 2383 696 tertio
2424 656 2557 715 aqua
2598 643 2834 714 subjecta
2880 644 3087 716 spiritui
3130 644 3199 701 ad
3242 644 3483 703 habitum

1894 726 2199 801 formasque
2244 732 2526 802 capiendas
2566 752 2579 787 :
2620 734 2738 790 ideo
2782 750 2943 808 super
2981 751 3171 807 aquam
3217 736 3486 793 ferebatur

1893 820 2121 891 Spiritus
2167 824 2289 890 Dei,
2335 835 2393 880 ut
2434 826 2687 898 Spiritum
2734 839 3078 899 operantem,
3120 845 3312 902 aquam
3356 846 3485 888 vero

1894 912 2035 967 unde
2060 926 2371 984 operaretur
2396 917 2743 989 intelligamus
2764 962 2779 986 ,
2808 920 2857 975 id
2887 930 2970 976 est
3004 922 3281 979 materiam
3317 921 3483 979 fabri-

1895 1004 2139 1061 cabilem.
2166 1004 2295 1061 Cum
2318 1009 2461 1063 enim
2486 1010 2583 1065 ista
2607 1010 2706 1065 tria
2726 1011 2951 1068 dicimus
2970 1013 3126 1068 unius
3146 1013 3224 1070 rei
3243 1014 3480 1083 nomina,

1896 1099 2115 1152 materia
2138 1100 2338 1165 mundi,
2366 1102 2587 1157 materia
2611 1102 2873 1171 informis,
2896 1105 3117 1160 materia
3140 1105 3481 1174 fabricabilis,

1897 1190 2084 1245 borum
2112 1192 2285 1261 primo
2312 1194 2512 1249 nomini
2538 1196 2676 1252 bene
2700 1197 3004 1269 adjungitur
3022 1200 3215 1258 ctelum
3236 1211 3290 1258 et
3311 1211 3481 1270 terra;

1896 1284 2128 1340 secundo
2155 1285 2451 1341 obscuritas
2471 1329 2485 1351 ,
2515 1288 2755 1344 confusio
2774 1332 2788 1356 ,
2823 1290 3178 1359 profunditas,
3212 1293 3481 1361 tenebrat;

1900 1376 2053 1429 tertio
2077 1376 2299 1432 cedendi
2330 1377 2551 1435 facilitas
2572 1422 2584 1444 ,
2620 1382 2702 1435 cui
2725 1382 2834 1447 jam
2873 1382 2938 1438 ad
2964 1384 3289 1451 operandum
3315 1384 3483 1455 Spiri-

1898 1472 1980 1520 tus
2007 1466 2337 1535 superfertur
2364 1470 2604 1524 artificis.

1969 1560 2055 1613 16.
2097 1558 2165 1613 Et
2210 1560 2435 1631 Spiritus
2484 1562 2581 1617 Dei
2628 1567 3031 1636 superferebamr
3076 1585 3226 1639 super
3274 1586 3479 1641 aquam.

1895 1649 2011 1705 Non
2045 1652 2113 1705 ita
2146 1654 2576 1722 superferebatur
2613 1656 2749 1710 sicut
2791 1658 2968 1713 oleum
3006 1674 3185 1730 aquae,
3224 1660 3307 1715 vel
3347 1676 3483 1731 aqua

1899 1749 2053 1795 terrae
2073 1783 2088 1807 ,
2118 1741 2169 1795 id
2196 1750 2308 1809 est,
2339 1744 2487 1813 quasi
2514 1745 2905 1812 contineretur;
2946 1746 3070 1813 sed,
3112 1749 3155 1803 si
3189 1747 3254 1803 ad
3291 1750 3391 1804 hoc
3415 1749 3485 1805 de

1898 1833 2195 1888 visibilibus
2221 1836 2464 1905 exempla
2495 1836 2750 1905 capienda
2787 1846 2939 1903 sunt,
2987 1839 3121 1894 sicut
3158 1838 3486 1910 superfertur

1900 1922 1984 1977 lux
2014 1923 2111 1978 ista
2139 1925 2267 1979 solis
2296 1934 2387 1979 aut
2420 1926 2560 1981 luna:
2591 1927 2673 1981 his
2700 1927 3038 1997 corporibus,
3080 1946 3197 1999 qua:
3224 1930 3485 1986 illuminat

1898 2013 2159 2070 interra:
2195 2031 2299 2070 non
2338 2017 2479 2071 enim
2525 2018 2824 2074 continetur
2866 2020 2999 2085 illis;
3046 2020 3138 2075 sed
3185 2036 3304 2077 cum
3346 2024 3484 2078 coelo

1899 2106 2251 2173 contineatur,
2285 2109 2397 2163 istis
2427 2110 2776 2180 superfertur.
2818 2110 2946 2166 Item
2978 2112 3272 2169 cavendum
3305 2124 3388 2171 est
3416 2130 3485 2172 ne

1900 2199 2049 2269 quasi
2080 2200 2313 2255 locorum
2338 2201 2521 2270 spatiis
2544 2202 2635 2257 Dei
2656 2202 2910 2272 Spiritum
2936 2204 3221 2274 superferri
3250 2206 3486 2263 materia:

1900 2302 2145 2361 putemus
2168 2334 2181 2358 ,
2212 2293 2303 2348 sed
2332 2292 2382 2347 vi
2409 2294 2635 2363 quadam
2664 2295 2933 2351 effectoria
2961 2306 3015 2352 et
3042 2296 3394 2369 fabricatoria,
3428 2308 3487 2357 ut

1898 2381 2023 2436 illud
2064 2384 2149 2438 cui
2194 2385 2525 2454 superfertur
2566 2385 2857 2453 efficiatur,
2902 2397 2955 2443 et
2994 2389 3305 2455 fabricetur;
3350 2391 3488 2449 sicut

1899 2473 2225 2543 superfertur
2245 2476 2486 2531 voluntas
2510 2477 2728 2532 artificis
2749 2477 2910 2548 ligno,
2938 2480 3022 2534 vel
3046 2481 3235 2551 cuique
3260 2482 3337 2538 rei
3361 2483 3488 2538 sub-

1893 2564 2050 2635 jecta:
2078 2564 2145 2619 ad
2172 2566 2521 2635 cperandum,
2554 2567 2637 2623 vel
2658 2568 2822 2623 etiam
2853 2569 2980 2638 ipsis
3009 2572 3265 2627 membris
3293 2589 3487 2644 corpo-

1899 2656 1973 2711 ris
1996 2658 2111 2723 sui,
2140 2672 2259 2727 quae
2285 2658 2351 2712 ad
2378 2658 2704 2727 Operandum
2732 2671 2929 2715 movet.
2962 2663 3025 2715 Et
3060 2663 3173 2718 haec
3198 2666 3487 2722 similitudo

1901 2764 2022 2805 cum
2066 2750 2175 2821 jam
2221 2752 2291 2806 sit
2333 2752 2477 2806 omni
2522 2767 2746 2823 corpore
2790 2754 3166 2823 excellentior,
3206 2772 3366 2827 parva
3404 2768 3488 2815 est

1904 2852 2102 2910 tamen,
2135 2850 2191 2897 ct
2211 2858 2374 2914 prope
2402 2843 2532 2898 nihil
2558 2843 2625 2898 ad
2653 2844 3043 2915 intelligendam
3070 2847 3486 2918 superlationem

1900 2936 2129 3006 Spiritus
2154 2937 2284 3003 Dei,
2313 2937 2549 3007 subjecta
2578 2936 2677 2991 sibi
2703 2937 2767 2991 ad
2796 2937 3122 3007 operandum
3159 2939 3342 2994 mundi
3370 2954 3485 2995 ma-

1902 3027 2034 3082 teria
2060 3046 2071 3080 :
2103 3027 2196 3082 sed
2226 3043 2329 3082 non
2359 3028 2656 3083 invenimus
2681 3026 3059 3085 evidentiorem
3087 3029 3485 3086 similitudinem

1901 3128 1957 3176 et
1990 3121 2417 3192 propinquiorem
2456 3121 2533 3176 rei
2572 3120 2639 3176 de
2677 3137 2780 3192 qua
2816 3122 3106 3192 loquimur,
3148 3122 3203 3178 in
3240 3122 3303 3178 iis
3328 3123 3488 3180 rebus

1901 3230 2019 3285 qum
2062 3214 2129 3269 ab
2172 3214 2476 3269 hominibus
2522 3214 3014 3286 quomodocumque
3069 3216 3185 3286 capi
3245 3223 3483 3287 possunt.

1902 3304 2235 3374 Quapropter
2256 3306 2309 3359 in
2328 3306 2629 3375 liujusmodi
2651 3307 2971 3376 cogitatione
2990 3307 3190 3377 optime
3210 3307 3336 3362 illud
3361 3324 3489 3380 pra:-

1902 3405 2112 3466 ccptum
2148 3397 2449 3463 tenebitur,
2493 3396 2634 3467 quod
2669 3398 2923 3467 scriptum
2965 3407 3047 3453 est
3086 3416 3098 3451 :
3135 3398 3488 3456 Benedicentes

1903 3488 2097 3555 Deum,
2141 3490 2359 3544 exaltate
2398 3490 2541 3543 illum
2582 3501 3036 3561 quantumcumque
3074 3493 3361 3562 potueritis,
3395 3510 3485 3548 su—

1903 3584 2093 3652 perabit
2122 3594 2167 3637 et
2197 3583 2363 3637 adhuc
2395 3582 2577 3655 (Eccli.
2601 3599 2747 3647 XLIII,
2774 3584 2887 3655 55).
2930 3583 3041 3638 Hoc
3078 3592 3252 3640 autem
3287 3585 3487 3643 dictum

1902 3676 1990 3741 sit,
2024 3676 2067 3729 si
2094 3675 2194 3730 hoc
2221 3676 2336 3730 loco
2361 3675 2589 3745 Spiritus
2616 3674 2709 3729 Dei
2737 3674 2965 3745 Spiritus
2990 3684 3221 3742 sanctus,
3251 3692 3405 3747 quem
3432 3678 3485 3733 iu

1904 3767 2015 3836 ipsa
2044 3767 2293 3822 ineffabili
2322 3775 2377 3822 et
2402 3765 2818 3821 incommutabili
2856 3765 3113 3822 Trinitate
3146 3780 3483 3837 veneramur,

1902 3858 2173 3927 accipitur.

1975 3952 2060 4004 l7.
2102 3950 2284 4004 Potest
2326 3956 2499 4005 autem
2547 3961 2597 4005 et
2642 3949 2796 4004 aliter
2846 3949 3087 4021 intelligi,
3135 3958 3190 4005 ut
3240 3949 3485 4022 spiritum

1903 4043 2018 4109 Dei,
2068 4042 2280 4099 vitalem
2321 4051 2638 4110 creaturam,
2684 4058 2787 4113 qua
2820 4045 3097 4098 universus
3125 4043 3225 4098 iste
3263 4043 3485 4099 visibilis

1904 4135 2133 4192 mundus
2174 4144 2334 4207 atque
2361 4136 2537 4191 omnia
2575 4150 2827 4205 corporea
2858 4138 2873 4167 ⁸
2904 4136 3243 4192 continentur
3272 4144 3326 4191 et
3367 4151 3485 4191 mo-

1902 4242 2109 4299 ventur,
2134 4230 2520 4301 intelligamus;
2549 4229 2631 4284 cui
2658 4229 2796 4285 Deus
2820 4230 3156 4299 omnipotens
3177 4228 3359 4286 tribuit
3376 4229 3484 4284 vim

1904 4321 2184 4393 quamdam
2226 4320 2324 4375 sibi
2374 4319 2637 4375 serviendi
2686 4320 2751 4374 ad
2797 4319 3123 4390 operandum
3157 4320 3208 4374 in
3254 4319 3317 4375 iis
3366 4334 3486 4391 qua:

1901 4417 2206 4487 gignuntur.
2238 4414 2337 4482 Qui
2365 4414 2581 4485 spiritus
2605 4429 2725 4468 cum
2747 4414 2815 4468 sit
2842 4412 2985 4468 omni
3006 4427 3229 4483 corpore
3249 4413 3484 4469 mtbereo

1903 4506 2108 4572 melior,
2149 4506 2271 4575 quia
2299 4519 2511 4560 omnem
2543 4503 2801 4558 visibilem
2831 4514 3126 4558 creaturam
3153 4502 3328 4559 omnis
3352 4502 3487 4558 invi-

1902 4600 2068 4655 sibilis
2113 4607 2355 4654 creatura
2384 4597 2669 4661 antecedit,
2717 4613 2823 4652 non
2851 4596 3082 4653 absurde
3124 4596 3343 4668 spiritus
3389 4596 3486 4653 Dei

1903 4694 2111 4749 dicitur.
2161 4692 2296 4760 Quid
2325 4692 2466 4748 enim
2512 4707 2617 4747 non
2645 4701 2727 4747 est
2756 4692 2849 4747 Dei
2878 4708 2943 4747 ex
2975 4692 3040 4747 iis
3063 4708 3181 4764 qua:
3209 4692 3484 4761 condidit,

1902 4801 2021 4842 cum
2050 4786 2210 4841 etiam
2232 4785 2298 4839 de
2331 4785 2441 4854 ipsa
2480 4793 2618 4838 terra
2648 4784 2846 4838 dictum
2884 4783 2975 4851 sit,
3004 4782 3211 4839 Domini
3238 4793 3311 4839 est
3354 4793 3489 4839 terra

1903 4891 1947 4936 et
1977 4878 2235 4949 plenitudo
2265 4879 2372 4949 ejus
2396 4877 2413 4949 (
2434 4875 2576 4931 Psal.
2605 4891 2755 4942 xxm,
2790 4877 2815 4930 l
2844 4875 2860 4945 )
2884 4892 2897 4942 ;
2922 4885 2975 4931 et
3004 4876 3132 4933 illud
3153 4878 3172 4909 ¹
3201 4876 3489 4933 universali

1903 4972 2274 5044 complexione
2320 4970 2459 5042 quod
2505 4970 2760 5040 scriptum
2805 4978 2906 5037 est,
2944 4969 3195 5037 Quoniam
3241 4980 3328 5025 tua
3370 4977 3487 5023 sunt

1904 5065 2092 5131 omnia,
2135 5063 2368 5130 Domine,
2397 5062 2483 5133 qui
2519 5063 2715 5116 animos
2739 5079 2880 5118 antas
2910 5063 3067 5134 (Sap.
3109 5078 3182 5127 xI,
3213 5060 3350 5133 27)?
3378 5059 3486 5118 Sed

1906 5170 2032 5215 tunc
2055 5167 2229 5230 potest
2268 5159 2367 5213 iste
2394 5157 2610 5228 spiritus
2655 5158 2732 5212 sic
2756 5156 2996 5228 intelligi,
3042 5156 3087 5212 si
3116 5154 3255 5227 quod
3282 5154 3484 5213 dictum

1904 5260 2005 5317 est,
2038 5250 2107 5306 In
2129 5252 2377 5323 principio
2398 5251 2510 5324 fecit
2531 5250 2669 5305 Deus
2689 5251 2867 5304 caelum
2886 5258 2933 5304 et
2953 5259 3158 5317 terram,
3189 5256 3394 5305 tantum
3413 5249 3486 5307 de

1903 5346 2096 5403 visibili
2137 5354 2378 5401 creatura
2408 5344 2605 5400 dictum
2654 5342 2983 5408 sentiamus;
3030 5348 3089 5395 ut
3126 5356 3288 5413 super
3314 5350 3487 5399 mate-

1903 5440 2037 5495 riam
2061 5454 2240 5495 rerum
2284 5437 2566 5493 visibilium
2598 5436 2649 5490 in
2673 5433 2890 5490 exordio
2912 5432 3276 5490 fabricationis
3303 5448 3489 5493 earum

1904 5534 2294 5606 superferretur
2314 5530 2591 5587 invisibilis
2618 5527 2853 5599 spiritus,
2875 5527 2964 5599 qui
2990 5536 3165 5584 tamen
3187 5528 3347 5585 etiam
3372 5528 3490 5600 ipso

1904 5638 2146 5685 creatura
2177 5636 2338 5691 esset,
2370 5624 2423 5679 id
2467 5632 2549 5678 est
2576 5638 2680 5678 non
2713 5622 2875 5691 Deus,
2907 5622 2999 5679 sed
3029 5639 3057 5677 a
3088 5622 3197 5680 Deo
3222 5623 3358 5679 facta
3400 5632 3489 5683 at-

1969 5768 1984 5799 ¹
2011 5773 2093 5816 Ms.
2118 5764 2287 5824 Vatic.,
2309 5772 2509 5824 corpora

1970 5831 1989 5859 ³
2013 5835 2094 5878 Ms.
2120 5822 2287 5889 vatim,
2306 5822 2407 5877 illa.
