3906 6320
200 485 466 561 percipiat,
510 485 569 541 in
595 486 782 543 anima
811 491 897 544 est
936 478 1135 543 tamen.
1191 486 1322 544 Huic
1348 489 1628 544 contraria:
1669 499 1794 545 sunt

195 578 445 646 ωιτη,
481 578 872 635 iuseusibilitas
904 577 1171 650 quaedam,
1196 579 1283 634 vel
1317 579 1362 634 si
1389 581 1581 635 melius
1607 580 1792 635 insen-

191 669 412 731 sualitas
424 667 644 742 dicitur,
679 671 738 729 id
749 679 835 729 est
857 685 962 729 non
981 673 1204 740 sentire,
1231 673 1473 744 quamvis
1497 663 1792 730 inferantur

189 771 308 840 qua
335 765 523 822 sentiri
548 771 794 836 possent,
825 766 872 823 si
909 773 1051 823 esset
1076 767 1130 822 in
1158 767 1244 822 illa
1271 767 1378 822 vita
1404 767 1492 822 lux
1519 766 1618 823 ista
1651 767 1791 824 unde

183 857 440 918 Sternitur.
471 857 657 930 Neque
685 858 790 916 hoc
815 873 935 915 cum
970 857 1266 916 ministeria
1293 859 1486 916 desunt
1513 855 1753 934 corporis
1773 903 1788 929 ,

183 949 327 1007 sicut
351 949 408 1006 in
439 950 596 1007 czecis
623 957 714 1006 aut
743 949 957 1007 surdis:
985 966 1105 1005 nam
1145 951 1199 1007 in
1224 950 1449 1007 istorum
1477 951 1668 1009 animis
1709 959 1792 1009 est

185 1041 288 1098 ista
318 1037 436 1110 lux,
467 1041 536 1098 de
561 1055 664 1113 qua
691 1055 836 1097 nunc
869 1043 1106 1114 agimus;
1140 1043 1233 1098 sed
1275 1044 1626 1100 instrumenta
1671 1061 1792 1100 cor-

182 1125 334 1206 pdris
355 1132 574 1190 desum.
617 1129 803 1204 Neque
830 1131 923 1190 illo
953 1134 1130 1200 modo,
1163 1150 1269 1206 quo
1297 1136 1459 1191 modo
1485 1136 1538 1190 in
1580 1135 1791 1192 silentio

183 1241 289 1284 vox
309 1237 424 1283 non
455 1225 689 1293 auditur,
720 1239 840 1281 cum
876 1233 928 1282 et
955 1226 1054 1281 ista
1081 1227 1170 1282 lux
1194 1233 1275 1283 est
1303 1227 1356 1282 in
1387 1229 1582 1295 anima,
1613 1233 1667 1284 et
1691 1227 1789 1283 ad-

183 1329 311 1378 sunt
331 1315 586 1390 corporis
632 1319 1008 1386 instrumenta,
1040 1320 1135 1374 sed
1175 1319 1305 1374 nihil
1345 1319 1486 1392 quod
1529 1322 1791 1376 sentiatur

181 1412 444 1471 infertur.
474 1411 589 1468 Non
611 1425 739 1484 ergo
763 1414 852 1484 qui
883 1413 947 1468 iis
970 1413 1144 1469 causis
1169 1429 1274 1468 non
1299 1415 1480 1481 sentit,
1514 1423 1659 1469 caret
1689 1415 1789 1470 ista

181 1507 340 1577 luce;
373 1508 473 1565 sed
499 1519 620 1563 cum
651 1505 772 1563 talis
799 1507 1031 1578 potentia
1073 1522 1176 1562 non
1217 1513 1299 1562 est
1338 1508 1391 1562 in
1440 1509 1638 1575 anima,
1669 1523 1789 1578 quae

177 1603 291 1675 jam
320 1615 427 1658 nec
454 1603 630 1657 anima
652 1601 759 1656 dici
781 1600 934 1668 solet,
965 1598 1059 1657 sed
1085 1607 1291 1656 tantum
1313 1602 1441 1668 vita,
1465 1603 1636 1673 qualis
1661 1615 1785 1671 pcr-

182 1691 408 1750 hibetur
436 1709 560 1750 esse
585 1691 707 1747 vitis
735 1701 788 1748 et
817 1692 1042 1762 arboris,
1076 1701 1130 1749 et
1170 1707 1625 1764 quarumcumque
1661 1693 1787 1748 stir-

182 1781 334 1857 pium
362 1801 378 1841 :
409 1785 456 1841 si
478 1793 654 1842 tamen
703 1799 793 1840 cas
823 1785 903 1841 vel
933 1785 1089 1841 talem
1119 1783 1318 1842 habere
1340 1785 1646 1856 persuaderi
1675 1787 1786 1842 ullo

183 1863 350 1937 modo
369 1885 569 1949 potest,
594 1893 726 1949 quas
741 1877 976 1933 nonnulli
999 1879 1155 1933 nimis
1172 1887 1411 1934 errantes
1432 1877 1666 1934 haeretici
1685 1876 1782 1949 (a),

183 1987 294 2028 non
325 1969 504 2028 solum
534 1973 734 2026 sentire
764 1987 858 2040 per
896 1985 1108 2040 corpus,
1137 1970 1189 2025 id
1220 1979 1300 2026 est
1325 1971 1524 2039 videre,
1558 1969 1743 2026 audire
1766 2013 1782 2038 ,

183 2071 239 2121 et
261 2061 502 2120 calorem
524 2063 806 2135 ignemque
826 2061 1162 2129 discernere;
1195 2061 1289 2119 sed
1311 2063 1467 2119 etiam
1490 2062 1785 2132 intelligere

181 2153 474 2224 rationem,
521 2164 577 2211 et
619 2157 964 2227 cogitationes
983 2165 1194 2212 nostras
1223 2169 1380 2211 nosse
1410 2155 1735 2210 arbitrantur
1767 2172 1782 2210 :

182 2247 280 2305 sed
310 2245 382 2305 de
409 2247 492 2303 his
518 2247 623 2303 alia
662 2247 883 2320 quaestio
927 2255 1027 2304 est.
1061 2247 1444 2304 Insensibilitas
1475 2261 1601 2318 ergo
1630 2256 1782 2302 tene-

181 2343 296 2400 brae
326 2342 488 2414 hujus
527 2343 686 2411 lucis,
731 2355 832 2414 qua
873 2341 1130 2414 quidquid
1171 2341 1417 2406 sentitur,
1449 2353 1570 2395 cum
1613 2341 1782 2409 ipsam

183 2435 294 2491 vim
324 2431 589 2490 sentiendi
618 2449 724 2490 non
761 2434 919 2490 habet
941 2435 1046 2489 vita
1075 2433 1343 2506 quaslibet.
1391 2433 1785 2489 Convenienter

181 2533 370 2582 autem
415 2527 587 2582 lucem
624 2525 763 2582 hanc
800 2525 904 2582 dici
951 2525 1214 2591 concedit,
1255 2526 1494 2597 quisquis
1537 2521 1785 2580 concedit

183 2625 340 2673 recte
387 2614 494 2673 dici
538 2617 742 2682 lucem,
789 2631 892 2690 qua
937 2633 1024 2673 res
1071 2631 1294 2688 quaeque
1350 2617 1630 2673 manifesta
1677 2624 1780 2672 est.

181 2706 325 2764 Cum
368 2715 546 2764 autem
587 2707 832 2773 dicimus,
876 2707 1213 2763 Manifestum
1257 2717 1341 2762 est
1381 2707 1482 2763 hoc
1526 2721 1782 2762 canorum

180 2813 333 2868 esse,
361 2797 699 2857 manifestum
726 2809 808 2856 est
833 2801 936 2856 hoc
976 2801 1132 2857 dulce
1157 2817 1299 2868 esse,
1335 2801 1672 2856 manifestum
1701 2808 1783 2856 est

183 2893 294 2950 hoc
332 2892 576 2965 frigidum
608 2907 748 2959 esse,
780 2901 834 2948 et
875 2893 1018 2964 quod
1062 2893 1200 2949 forte
1239 2894 1399 2963 hujus
1441 2895 1650 2964 generis
1686 2908 1784 2961 per

182 2985 496 3056 corporales
525 2995 716 3040 sensus
741 2985 1080 3055 attingimus;
1121 2985 1234 3039 haec
1261 2986 1351 3039 lux
1397 3000 1497 3056 qua
1545 2985 1642 3038 ista
1671 2999 1785 3038 ma-

182 3076 382 3132 nifesta
408 3083 552 3142 sunt,
597 3077 779 3147 utique
807 3077 948 3132 intus
976 3077 1027 3130 in
1073 3077 1246 3130 anima
1271 3087 1373 3144 εει,
1418 3075 1660 3148 quamvis
1689 3092 1785 3146 per

181 3183 388 3240 corpus
429 3167 722 3223 inferantur
749 3179 866 3237 quae
907 3168 980 3222 ita
1022 3168 1343 3222 sentiuntur.
1376 3163 1618 3221 Tertium
1645 3167 1783 3222 lucis

184 3277 359 3334 genus
381 3262 453 3331 '_in
479 3262 737 3318 creaturis
761 3260 980 3332 intelligi
1009 3269 1202 3331 potest,
1247 3276 1354 3331 quo
1379 3260 1778 3316 ratiocinamur.

184 3355 328 3412 Huic
371 3355 652 3410 contraria:
695 3354 931 3410 tenebra:
971 3362 1099 3409 sunt
1147 3353 1598 3418 irrationabilitas,
1645 3353 1784 3406 sicut

185 3455 316 3503 sunt
341 3449 530 3502 anima:
557 3448 865 3502 bestiarum.

257 3538 352 3595 25.
389 3538 512 3595 Sive
533 3553 659 3610 ergo
685 3538 856 3594 lucem
881 3538 1187 3602 aetheream,
1217 3536 1328 3590 sive
1353 3535 1653 3590 sensualem
1684 3548 1780 3589 cu-

182 3631 276 3703 jus
297 3631 542 3686 animalia
565 3631 905 3702 participant,
939 3631 1049 3685 sive
1071 3630 1382 3684 rationalem
1412 3644 1569 3698 quam
1593 3629 1778 3698 Angeli

185 3733 243 3779 et
271 3724 514 3779 homines
541 3723 758 3788 habent,
785 3738 817 3776 a
859 3723 966 3776 Deo
996 3722 1187 3776 factam
1213 3721 1458 3790 primitus
1501 3721 1555 3775 in
1604 3737 1781 3776 rerum

190 3823 379 3869 natura
409 3814 520 3870 lucc
546 3815 804 3869 sententia
825 3813 936 3867 vult
959 3813 1210 3884 intelligi;
1233 3812 1477 3866 divisisse
1503 3812 1671 3866 Deum
1700 3812 1780 3866 in-

185 3917 274 3966 ter
303 3907 472 3963 lucem
491 3915 546 3962 et
571 3906 840 3972 tenebras,
861 3919 927 3961 eo
952 3905 1068 3975 ipso
1085 3919 1191 3975 quo
1215 3905 1301 3958 lux
1333 3905 1464 3958 facta
1493 3913 1592 3969 est,
1614 3919 1778 3974 onor-

190 4009 268 4057 tet
306 3997 489 4070 accipi,
523 3998 665 4070 quod
692 3997 832 4052 aliud
869 4005 953 4051 est
991 3997 1099 4064 lux,
1129 3997 1271 4049 aliud
1315 3995 1419 4048 illa:
1458 3987 1780 4063 privationes'

187 4091 346 4160 lucis,
377 4101 509 4162 quas
531 4090 582 4144 in
612 4088 894 4144 contrariis
921 4087 1155 4142 tenebris
1180 4085 1444 4141 ordinavit
1471 4086 1628 4140 Deus.
1662 4085 1778 4141 Non

189 4187 334 4242 enim
375 4185 541 4239 Deum
585 4183 777 4238 fecisse
819 4181 1070 4236 tenebras
1111 4181 1312 4234 dictum
1365 4187 1447 4234 est
1478 4196 1489 4231 :
1523 4178 1774 4248 quoniam

190 4279 398 4350 species
423 4278 564 4348 ipsas
583 4277 725 4331 Deus
751 4273 894 4338 fecit,
916 4286 1021 4327 non
1051 4272 1372 4343 privationes
1398 4287 1515 4341 quae
1543 4271 1608 4325 ad
1639 4270 1777 4324 nihi-

189 4372 300 4426 lum
322 4369 608 4441 pertinent,
631 4365 772 4420 unde
796 4365 863 4419 ab
887 4365 1090 4419 artiﬁce
1111 4365 1221 4419 Deo
1251 4364 1384 4418 facta
1412 4374 1534 4417 sunt
1563 4363 1772 4429 omnia;

190 4477 321 4534 quas
345 4471 519 4515 tamen
551 4458 705 4512 abeo
733 4455 1004 4511 ordinatas
1033 4456 1394 4525 intelligimus,
1419 4470 1539 4508 cum
1560 4454 1772 4520 dicitur,

192 4553 256 4608 Et
279 4552 446 4606 divisit
467 4549 604 4604 Deus
632 4549 761 4602 inter
783 4547 1008 4601 lucerna
1031 4549 1278 4612 tenebras,
1305 4562 1371 4600 ne
1399 4547 1479 4601 vel
1508 4546 1635 4615 ipsae
1664 4545 1773 4614 pri-

189 4647 432 4700 vationes
471 4655 576 4697 non
623 4641 884 4695 baberent
921 4638 1166 4694 ordinem
1207 4653 1386 4702 suun],
1433 4638 1546 4692 Deo
1585 4645 1776 4690 cunaa

190 4746 406 4810 regente
424 4741 584 4806 atque
603 4733 1026 4789 administrante.
1058 4731 1207 4786 Sicut
1235 4731 1289 4784 in
1317 4729 1578 4784 cantando
1607 4729 1775 4784 inter-

191 4832 481 4904 positiones
499 4829 832 4884 silentiorum
859 4828 1021 4884 certis
1043 4823 1438 4896 moderatisque
1462 4826 1771 4893 intervallis,

189 4921 430 4996 quamvis
456 4931 645 4976 vocum
669 4920 991 4990 privationes
1009 4920 1138 4986 sint,
1169 4919 1303 4974 bene
1329 4927 1504 4974 tamen
1526 4919 1775 4976 ordinan-

189 5023 278 5069 tur
311 5013 384 5069 ab
423 5013 490 5068 iis
515 5013 606 5084 qui
634 5020 851 5068 cantare
897 5011 1090 5077 sciunt,
1128 5019 1186 5066 et
1231 5011 1474 5067 suavitati
1519 5013 1776 5070 universae

191 5106 472 5163 cantilenae
513 5105 709 5177 aliquid
756 5104 1055 5160 conferunt.
1106 5103 1174 5158 Et
1219 5105 1419 5159 umbrae
1465 5106 1517 5159 in
1556 5107 1776 5176 picturis

192 5198 544 5255 eminemiora
569 5211 795 5268 qumque
827 5197 1176 5268 distinguunt,
1211 5211 1274 5252 ac
1302 5211 1409 5252 non
1437 5199 1637 5268 specie,
1681 5200 1776 5256 sed

193 5291 381 5348 ordine
403 5290 634 5362 placent.
671 5287 803 5343 Nam
841 5296 897 5342 et
921 5287 1169 5342 vitiorum
1211 5291 1514 5343 nostrorum
1547 5301 1652 5344 non
1693 5299 1777 5346 est

192 5389 378 5440 auctor
401 5383 578 5448 Deus;
609 5382 700 5437 sed
735 5389 915 5436 tamen
956 5379 1228 5434 ordinatur
1262 5389 1370 5448 est,
1400 5392 1523 5436 cum
1561 5395 1630 5438 co
1657 5383 1776 5440 loco

189 5484 500 5549 peccatores
519 5471 819 5536 constituit,
843 5481 901 5526 et
933 5485 996 5525 ea
1021 5471 1224 5541 perpeti
1252 5472 1396 5541 cogit
1420 5487 1537 5542 qum
1563 5488 1775 5529 meren-

195 5583 299 5626 tur.
335 5569 412 5623 Ad
444 5568 547 5623 hoc
573 5567 709 5621 valet
739 5563 881 5636 quod
925 5580 1050 5619 oves
1080 5575 1348 5634 ponuntur
1385 5565 1452 5619 ad
1482 5565 1772 5636 dexteram,

192 5663 333 5720 haedi
361 5671 542 5718 autem
577 5661 643 5715 ad
671 5661 940 5716 sinistram
966 5657 1179 5730 (Matth.
1217 5674 1349 5724 xxv,
1378 5659 1487 5729 55).
1524 5660 1777 5727 ρυωὰίηιι

189 5773 320 5827 ergo
348 5763 404 5810 et
433 5751 566 5809 facit
602 5753 761 5820 Deus,
802 5761 853 5807 et
886 5750 1123 5820 ordinat;
1151 5750 1395 5822 quaedam
1422 5769 1544 5809 vero
1573 5761 1778 5813 tantum

253 5873 326 5943 (a)
351 5870 612 5922 Ianichtei.

1469 371 1674 430 LIBER
1715 372 2101 435 IMPERFECT
2106 373 2208 436 US.

1899 489 2123 545 ordinat.
2157 491 2338 547 Justus
2363 498 2415 546 et
2442 491 2586 559 facit,
2613 500 2668 549 et
2691 494 2933 563 ordinet;
2962 503 3268 569 peccatores
3301 513 3482 564 autem

1898 583 1952 638 in
1987 592 2246 655 quantum
2286 594 2593 654 peccatores
2631 595 2774 654 sunt,
2806 601 2910 645 non
2955 590 3099 661 facit,
3146 595 3241 650 sed
3271 598 3485 658 Ordine!

1899 686 2124 733 tantum.
2149 677 2358 750 Quippe
2392 693 2512 734 cum
2547 680 2668 736 illos
2696 681 2761 736 ad
2785 682 3081 754 dexteram,
3110 685 3226 743 illos
3251 690 3323 746 ad
3347 691 3486 747 sinis

1899 777 2063 824 stram
2091 771 2384 837 constituit,
2415 771 2628 842 etquod
2655 773 2706 827 in
2731 773 2903 846 ignem
2926 781 3182 833 :cternunt
3200 779 3349 850 jubet
3373 779 3474 853 ire,

1899 859 1964 916 ad
1993 861 2303 918 meritorum
2335 863 2575 919 ordinem
2616 865 2772 921 valet.
2813 865 2885 923 lla
2926 869 3132 939 species
3158 879 3483 946 naturasque

1898 952 2043 1023 ipsas
2072 959 2125 1010 et
2167 953 2310 1017 facit,
2340 963 2394 1010 et
2428 955 2668 1022 ordinat;
2703 959 3026 1028 privationes
3062 969 3244 1020 autem
3271 968 3481 1036 species

1898 1057 2016 1101 rum
2060 1047 2401 1119 deiectusque
2438 1057 2744 1104 naturarum
2798 1063 2904 1106 non
2942 1051 3087 1120 facit,
3135 1053 3230 1110 sed
3268 1056 3485 1116 ordinat

1897 1145 2123 1194 tantum.
2158 1139 2297 1194 Dixit
2334 1140 2530 1212 itaque,
2566 1140 2682 1194 Fiat
2721 1143 2843 1207 lux;
2879 1153 2925 1198 et
2949 1143 3085 1215 facta
3116 1155 3190 1201 at
3217 1148 3329 1204 tux.
3357 1149 3479 1208 Non

1898 1227 2058 1297 dixit,
2111 1229 2267 1285 Fiant
2311 1231 2576 1296 tenebrze;
2624 1239 2678 1286 et
2711 1231 2862 1288 facta:
2914 1241 3039 1290 sunt
3078 1237 3333 1294 tenebrae.
3373 1241 3484 1297 tto-

1895 1333 2013 1373 rum
2045 1334 2173 1390 ergo
2217 1333 2377 1374 unum
2404 1321 2548 1386 fecit,
2591 1322 2827 1378 alterum.
2858 1337 2969 1378 non
3009 1324 3149 1394 nscit,
3197 1335 3480 1401 utrumque

1897 1420 2072 1466 tamen
2107 1411 2389 1478 ordinavit,
2415 1427 2535 1468 cum
2562 1413 2739 1468 divisit
2769 1415 2910 1471 Deus
2952 1417 3090 1474 inter
3111 1417 3284 1475 lucem
3310 1427 3363 1477 et
3386 1429 3471 1480 te-

1895 1502 2106 1558 nebras.
2141 1503 2214 1557 ita
2259 1511 2313 1558 et
2347 1505 2464 1575 ipso
2502 1505 2726 1561 faciente
2761 1507 2980 1577 pulchra
3007 1517 3133 1566 sunt
3165 1513 3392 1585 singula,
3419 1521 3476 1574 et

1896 1595 2012 1666 ipso
2031 1597 2314 1652 ordinante
2341 1597 2560 1666 pulchra
2579 1606 2705 1653 sunt
2732 1600 2932 1655 omnis.

1965 1684 2194 1742 CAPUT
2234 1685 2320 1739 Vl.
2348 1717 2417 1726 —-
2439 1686 2527 1742 26.
2572 1687 2636 1742 Et
2670 1692 2857 1744 vocavit
2884 1691 3021 1746 Dm
3048 1691 3212 1750 lucem
3245 1697 3396 1765 (ient,
3425 1704 3480 1755 et

1899 1777 2126 1832 tenebras
2143 1779 2333 1832 vocavit
2355 1790 2566 1834 noctem.
2588 1779 2720 1836 Cum
2747 1791 2800 1837 et
2823 1784 2912 1838 lux
2936 1800 3126 1841 nomen
3154 1788 3225 1842 sit
3251 1790 3475 1861 alicujus

1894 1868 1993 1936 rei,
2021 1875 2076 1924 et
2101 1869 2218 1924 dies
2242 1885 2478 1937 rursum,
2511 1879 2566 1926 et
2599 1875 2835 1929 tenebrae
2874 1885 2930 1931 et
2962 1891 3068 1932 nox
3096 1888 3380 1952 utrumque
3409 1881 3481 1940 sit

1893 1975 2109 2028 nomen,
2139 1971 2422 2034 utrumque
2441 1964 2513 2019 ita
2535 1965 2642 2020 dici
2668 1967 2916 2036 oportuit,
2947 1971 3161 2027 n‘omiua
3189 1973 3348 2029 rebus
3373 1974 3477 2030 im-

1891 2051 2063 2122 posita
2089 2069 2230 2120 esse,
2267 2063 2324 2108 ut
2349 2055 2434 2110 illa
2459 2071 2550 2112 res
2581 2058 2664 2110 cui
2691 2071 2884 2114 nomen
2913 2061 3213 2131 impositum
3245 2073 3345 2131 est,
3377 2068 3481 2123 uti-

1893 2161 1994 2217 que
2048 2149 2152 2201 alio
2197 2164 2408 2219 quoque
2453 2153 2686 2218 nomine,
2737 2168 2841 2208 non
2882 2155 3024 2208 enim
3075 2157 3227 2213 aliter
3267 2167 3479 2230 poterat

1889 2239 2229 2294 enuntiare'.
2277 2241 2344 2294 Et
2386 2240 2457 2294 ita
2499 2241 2696 2296 dictum
2741 2252 2842 2308 est,
2895 2244 3100 2301 Vocavit
3138 2245 3276 2304 Deus
3313 2250 3478 2306 lucem

1892 2331 2045 2398 diem,
2078 2340 2136 2386 ut
2163 2333 2524 2390 indill’erenter
2553 2338 2712 2390 etiam
2732 2337 2838 2392 dici
2867 2351 3122 2394 converse
3149 2351 3347 2411 posset,
3372 2341 3480 2400 Vo-

1890 2421 2028 2474 eavit
2059 2421 2198 2476 Deus
2224 2423 2366 2478 diem
2412 2425 2604 2489 lucem,
2642 2436 2692 2481 et
2723 2429 2930 2482 vocavit
2962 2438 3170 2485 noctem
3205 2435 3478 2492 tenebat.

1889 2514 2026 2581 Quid
2065 2515 2113 2570 ei
2153 2519 2612 2586 respondebimus,
2653 2521 2697 2573 si
2733 2523 2853 2590 quis
2886 2537 2918 2576 a
2958 2525 3112 2580 nobis
3140 2527 3209 2580 ita
3244 2531 3474 2599 quaerit:

1892 2605 2020 2661 Luci
2050 2623 2242 2663 nomen
2269 2610 2572 2680 impositum
2595 2623 2676 2667 est
2698 2614 2832 2680 dies,
2859 2629 2924 2670 an
2951 2616 3055 2672 diei
3083 2633 3276 2676 nomen
3306 2622 3480 2694 impo-

1892 2697 2053 2752 situm
2081 2707 2162 2754 est
2187 2700 2316 2755 lux?
2342 2703 2462 2772 quia
2495 2702 2611 2758 inec
2647 2703 2754 2759 duo
2781 2706 2986 2776 utique,
3018 2708 3072 2762 in
3111 2718 3363 2780 quantum
3407 2714 3478 2771 ad

1889 2805 1976 2843 res
2001 2791 2378 2861 significandas
2405 2795 2678 2851 articulata
2718 2811 2848 2852 voce
2873 2801 3232 2871 enuntiantur,
3261 2806 3477 2864 nomina

1891 2889 2034 2936 sunt.
2065 2883 2176 2938 Hoc
2215 2885 2374 2939 modo
2401 2888 2560 2942 etiam
2591 2888 2656 2943 de
2685 2889 2802 2945 aliis
2831 2890 3039 2948 duobus
3057 2895 3224 2965 quteri
3259 2905 3435 2967 putest
3459 2916 3474 2957 :

1892 2971 2148 3028 Tenebris
2169 2991 2363 3031 nomen
2395 2978 2700 3048 impositum
2727 2989 2809 3036 est
2837 2997 2962 3051 nox,
2993 2999 3062 3040 an
3087 2987 3230 3042 nocti
3257 2987 3477 3061 imposi-

1889 3072 2000 3118 tum
2044 3074 2127 3120 est
2165 3082 2358 3122 nomen
2400 3069 2673 3126 tenebrae?
2713 3072 2782 3128 Et
2825 3074 3062 3144 quidem,
3101 3086 3160 3133 ut
3203 3079 3478 3155 Scriptura

1889 3154 2163 3223 describit,
2205 3160 2540 3216 manifestum
2585 3173 2667 3218 est
2709 3165 2846 3221 lucis
2883 3180 3076 3224 nomen
3118 3154 3479 3233 dictumesse

1889 3247 2052 3313 diem,
2078 3258 2133 3304 et
2156 3251 2489 3306 tenebrarum
2514 3269 2706 3309 nomen
2733 3255 2934 3313 dictum
2952 3272 3074 3315 esse
3090 3271 3322 3319 noctem.
3341 3266 3477 3335 (δή

1886 3350 2008 3391 cum
2037 3339 2261 3409 diceret,
2293 3343 2437 3398 Deus
2465 3343 2588 3399 fecit
2615 3345 2808 3413 lucem,
2840 3357 2895 3402 et
2928 3348 3112 3406 divisit
3137 3355 3477 3416 interlucet.

1884 3438 1943 3483 et
1989 3433 2256 3497 tenebras,
2302 3434 2538 3489 nondum
2565 3437 2633 3492 de
2659 3437 2934 3494 vocabulis
2968 3441 3222 3512 agebam
3251 3463 3263 3499 :
3289 3456 3477 3517 por-tea

1888 3519 2120 3576 adhibita
2146 3533 2272 3578 sunt
2299 3525 2574 3594 vocabula,
2603 3527 2718 3582 dies
2744 3535 2800 3584 et
2823 3544 2958 3598 non;
2985 3544 3108 3588 cum
3133 3545 3192 3590 et
3223 3535 3316 3591 ilia
3349 3540 3472 3597 sine

1885 3611 2049 3667 dubio
2085 3617 2339 3671 vocabula
2369 3619 2495 3682 sint,
2527 3619 2612 3673 lux
2644 3629 2698 3674 et
2731 3622 2983 3691 tenebra,
3033 3637 3122 3682 res
3162 3628 3366 3700 aliquas
3399 3632 3476 3689 sl-

1884 3704 2208 3772 gnilicantia,
2240 3707 2378 3760 sicut
2402 3709 2517 3763 dies
2543 3720 2596 3764 et
2625 3725 2748 3764 nox.
2787 3711 2928 3783 Ergo
2954 3713 3061 3769 hoc
3106 3716 3177 3772 ita
3204 3719 3475 3791 accipien-

1885 3795 2012 3848 dum
2035 3805 2137 3861 est,
2166 3798 2285 3867 quia
2318 3801 2579 3854 enuntiari
2601 3801 2755 3856 aliter
2775 3818 2882 3858 non
2910 3815 3090 3874 posset
3116 3823 3204 3864 res
3229 3825 3350 3881 quae
3376 3825 3476 3871 no-

1887 3902 2009 3941 men
2037 3889 2263 3958 accepit,
2291 3890 2390 3944 nisi
2418 3891 2593 3962 aliquo
2613 3895 2862 3961 nomine;
2888 3910 2954 3950 an
2979 3897 3155 3968 potius
3181 3901 3284 3956 ista
3309 3914 3474 3962 voce-

1885 3981 1960 4036 tio
1979 3982 2286 4050 accipienda
2311 3992 2396 4039 est
2412 3985 2522 4054 ipsa
2547 3985 2862 4042 distinctio?
2887 3989 3002 4046 Non
3019 3993 3163 4048 enim
3189 3995 3365 4054 omnis
3381 3997 3474 4055 lux

1884 4070 2020 4136 dies,
2039 4081 2131 4126 aut
2159 4087 2346 4129 omnes
2370 4075 2602 4131 tenebrae
2632 4091 2769 4144 nox;
2797 4080 2888 4135 sed
2916 4081 3003 4136 lux
3028 4085 3336 4144 ettenebra
3350 4097 3472 4146 eer-

1883 4164 1952 4217 tis
1988 4164 2129 4219 inter
2157 4182 2220 4222 se
2249 4168 2450 4224 vicibus
2488 4170 2746 4226 ordinatae
2775 4180 2938 4244 atque
2962 4176 3251 4249 distincta,
3283 4181 3389 4239 diei
3411 4191 3469 4241 et

1886 4258 2058 4312 noctis
2089 4261 2394 4316 nominibus
2431 4265 2784 4333 appellantur.
2813 4267 2987 4325 (hunc
3011 4272 3209 4344 quippe
3234 4277 3474 4335 vocabo-

1885 4347 1992 4401 lum
2020 4349 2085 4402 ad
2107 4348 2504 4407 distinctionem
2535 4355 2696 4409 valet.
2728 4355 2880 4414 Unde
2900 4360 3066 4415 etiam
3093 4375 3288 4421 nomen
3324 4367 3471 4439 quad

1885 4454 1995 4494 rem
2020 4449 2186 4504 notet,
2218 4443 2537 4511 appellatum
2562 4453 2665 4513 est,
2702 4448 2856 4518 quasi
2878 4459 3153 4510 meamea.
3181 4453 3343 4514 Nocet
3368 4471 3471 4518 att-

1881 4536 2012 4595 tem,
2039 4528 2088 4583 id
2124 4539 2205 4584 est
2226 4530 2513 4603 distinguat
2542 4543 2598 4590 et
2613 4535 2936 4595 dootitauta'
2953 4541 3022 4598 ad
3053 4541 3470 4609 discernendum

1882 4618 2118 4690 adjuvet.
2145 4621 2396 4680 Fortasse
2424 4637 2557 4696 ergo
2579 4627 2751 4697 ipsum
2776 4628 3023 4690 divisisse
3047 4633 3189 4693 inter
3215 4636 3391 4698 hicem
3411 4649 3472 4702 et

1881 4713 2148 4778 tenebras,
2172 4713 2273 4771 hoc
2292 4725 2376 4771 est
2399 4733 2618 4775 vocasse
2637 4719 2810 4776 lucem
2836 4722 3000 4793 diem,
3025 4736 3080 4783 et
3107 4731 3354 4790 tenebras
3371 4748 3473 4791 no-

1877 4815 2042 4875 ctem,
2076 4816 2133 4863 ut
2160 4808 2262 4866 hoc
2287 4811 2356 4866 sit
2373 4812 2652 4869 ordinasse
2685 4815 2786 4870 ista
2813 4818 2957 4887 quod
2985 4834 3228 4880 vocasse.
3254 4824 3338 4880 Au
3363 4825 3470 4885 illa

1883 4901 2136 4956 vocabula
2167 4902 2468 4973 signiﬁcare
2497 4907 2651 4962 nobis
2673 4908 2860 4965 volunt
2873 4921 3036 4982 Quam
3055 4913 3229 4972 luam
3248 4915 3466 4986 diruit,

1881 5001 1934 5048 et
1960 5007 2095 5064 quas
2125 4995 2398 5063 tenebras;
2426 5006 2678 5069 tanquam
2706 5002 2750 5056 si
2788 5001 3014 5074 diceret,
3041 5005 3193 5064 Fecit
3217 5007 3360 5067 Deus
3381 5007 3469 5067 ll-

1879 5102 2019 5155 cem,
2053 5096 2108 5143 et
2130 5087 2312 5144 divisit
2335 5091 2475 5147 inter
2500 5091 2673 5148 lucem
2697 5104 2751 5150 et
2779 5096 3057 5166 benches;
3084 5099 3260 5156 luem
3284 5103 3466 5161 eum

1881 5179 1999 5235 dico
2020 5181 2182 5248 diem,
2203 5192 2260 5238 et
2281 5183 2525 5240 tenebras
2549 5185 2674 5244 dico
2689 5200 2903 5246 noctem
2926 5207 2941 5245 ε
2964 5206 3032 5248 ne
3051 5192 3284 5265 utiquam
3301 5194 3465 5255 aﬂuit

1883 5271 2054 5327 lucem
2073 5273 2359 5345 intelligas,
2381 5292 2506 5346 quae
2527 5292 2634 5334 non
2657 5280 2730 5335 sit
2743 5280 2864 5336 dies
2883 5299 2899 5349 ε
2925 5289 2981 5338 et
2995 5297 3068 5339 Ic
3089 5283 3298 5356 aliqua
3325 5285 3464 5347 ὡς

1885 5363 2132 5419 tenebras
2167 5366 2444 5438 intelligas,
2467 5383 2592 5440 quae
2625 5386 2734 5425 non
2759 5371 2871 5427 sint
2895 5372 3036 5430 nos?
3059 5372 3193 5432 Nam
3213 5377 3269 5434 si
3287 5381 3468 5442 aliis

1950 5501 2077 5582 11‘3-
2099 5501 2606 5582 _‘;?9.°9_ees-.9_ei}tie,
2621 5517 2856 5582 eaque-1
2879 5509 2931 5582 et
2984 5499 3266 5582 ιρςιιῖονοεὶ
3289 5466 3468 5582 habet:

1881 5566 2065 5636 peteret
2088 5563 2465 5636 audierant)!
2489 5563 2935 5636 odltilialiuauut,
2959 5563 3142 5636 peierat
3150 5563 3468 5634 Maii:

1883 5625 2029 5698 Ιιοοξιξ
2063 5625 2278 5695 profecto
2307 5639 2333 5675 a
2358 5625 2568 5698 librariis
2599 5629 2823 5698 (manus,
2852 5625 3006 5698 διφίρ
3043 5625 3252 5698 an.”

1884 5645 2029 5696 LUC“?
2064 5645 2278 5695 μι-υιυςιυ
2307 5645 2333 5675 il
2361 5645 2568 5697 ιΠδΓξῙΊΙδ
3260 5645 3270 5650 '
3328 5645 3467 5698 Μ

1884 5700 1970 5767 ’ἐξδῖ
1971 5687 2434 5767 Ρ¹Ξ1Ῐ3⁴Ι¹Ῑέ²ζῖίζῖε¹ἶ²ἐεῗ
2457 5693 2675 5767 "nim-‘3“
2697 5705 2816 5767 (ἔδεεν
2834 5707 2944 5767 Ψιε
2965 5650 3262 5767 δεξιάὲιὼιθ
3285 5715 3316 5753 θ
3333 5697 3467 5755 inar-

1881 5749 2336 5831 jfreps‘cj'gt,
2353 5749 2693 5831 emendandus
2711 5749 2918 5831 huic-in.
2939 5760 3132 5831 medim

3303 5825 3466 5893 υκαι
