3906 6306
455 352 552 412 281

457 471 547 531 lux
570 468 685 525 dies
708 465 878 538 possit
899 459 1141 532 intelligi,
1185 465 1239 515 et
1271 472 1458 514 omnes
1485 455 1720 510 tenebrae
1746 451 1916 508 noctis
1943 465 2045 505 no-

459 565 603 624 mine
629 565 998 620 censerentur,
1027 555 1250 609 fortasse
1277 566 1384 606 non
1411 565 1546 620 opus
1575 556 1720 604 esset
1744 546 1946 610 dicere,
1980 541 2049 597 Et

459 653 648 712 vocavit
676 651 812 706 Deus
832 650 991 704 lucem
1013 645 1167 710 diem,
1197 651 1242 698 et
1265 642 1491 696 tenebras
1511 638 1700 693 vocavit
1724 645 1936 691 noctem.

529 749 622 803 27.
663 746 792 801 ltem
818 741 984 814 quzeri
1016 746 1192 810 potest
1233 751 1390 806 quem
1426 733 1565 789 diem
1598 731 1756 795 dicat,
1800 739 1854 784 et
1892 742 2049 799 quam

461 847 694 898 noctem.
725 835 782 892 Si
824 833 983 889 istum
1009 830 1149 886 diem
1190 828 1299 881 vult
1337 825 1504 895 accipi
1540 838 1698 894 quem
1739 821 1868 876 solis
1904 829 2052 874 ortus

461 929 718 993 inchoat,
741 936 796 983 et
831 922 1031 981 claudit
1071 933 1314 983 occasus,
1357 925 1410 973 et
1439 917 1592 970 istam
1621 922 1832 969 noctem
1861 926 1978 982 quze
2022 924 2050 962 a

463 1022 594 1081 solis
623 1033 815 1077 occasu
859 1030 1026 1086 usque
1069 1014 1123 1068 in
1153 1022 1327 1068 ortum
1370 1008 1636 1073 tenditur;
1681 1021 1791 1061 non
1835 1003 2054 1059 invenio

463 1110 730 1188 quomodo
751 1124 870 1167 esse
889 1105 1182 1178 potuerint,
1206 1113 1492 1172 antequam
1518 1099 1641 1155 coeli
1668 1096 1946 1152 luminaria
1971 1093 2054 1148 fa-

463 1215 550 1265 cta
588 1210 790 1261 essent.
842 1200 922 1254 An
965 1198 1078 1269 ipsa
1120 1195 1288 1266 spatia
1331 1193 1581 1247 horarum
1630 1201 1684 1245 et
1733 1199 2052 1257 temporum,

467 1299 630 1356 etiam
657 1295 773 1352 sine
809 1289 1118 1347 discrimine
1153 1286 1369 1357 fulgoris
1394 1293 1552 1354 atque
1592 1281 1816 1347 umbrae,
1843 1279 1955 1350 jam
1985 1278 2057 1331 ita

467 1387 648 1445 vocari
685 1379 1006 1456 potuerunt?
1047 1381 1108 1435 Et
1143 1375 1411 1449 quomodo
1440 1375 1493 1430 in
1522 1375 1666 1429 illam
1695 1373 1865 1427 lucem
1893 1368 2058 1425 ratio-

468 1478 670 1546 nalem,
695 1476 743 1533 si
764 1474 880 1530 hac
905 1471 1202 1543 signiﬁcata
1225 1477 1326 1534 est,
1351 1476 1440 1522 aut
1461 1464 1762 1521 sensualem
1783 1462 1924 1518 cadit
1946 1461 2060 1517 haec

475 1571 815 1639 vicissitudo,
853 1585 973 1642 qua:
1003 1569 1219 1624 nomine
1255 1565 1360 1619 diei
1401 1573 1455 1619 et
1496 1563 1665 1617 noctis
1696 1555 2060 1630 signiﬁcatur?

473 1666 556 1724 An
589 1681 698 1722 non
728 1664 1024 1722 secundum
1053 1660 1192 1732 quod
1233 1658 1430 1722 evenit,
1467 1656 1561 1712 sed
1599 1653 1889 1711 secundum
1917 1650 2061 1722 quod

473 1766 650 1830 potest
669 1757 906 1822 evenire,
931 1756 1028 1809 ista
1053 1753 1315 1807 insinuata
1339 1757 1498 1814 sunt;
1527 1747 1650 1817 quia
1678 1754 1732 1801 et
1757 1743 1948 1800 rationi
1970 1757 2064 1814 po-

453 1859 581 1908 -test
602 1865 754 1906 error
787 1846 1095 1912 succedere,
1127 1852 1180 1899 et
1208 1841 1386 1898 sensui
1415 1839 1656 1910 quaedam
1688 1835 1986 1892 stoliditas?

547 1940 773 1998 CAPUT
815 1937 926 1993 VII.
952 1966 1024 1976 —
1046 1935 1137 1991 28.
1180 1933 1247 1988 Et
1273 1933 1409 2003 facta
1435 1939 1506 1985 est
1547 1944 1772 1998 vespera,
1802 1934 1848 1980 et
1874 1927 2066 1998 factum

475 2043 548 2088 est
573 2047 721 2086 mane
741 2030 847 2085 dies
875 2045 1026 2082 unus.
1057 2026 1171 2081 Non
1202 2023 1393 2080 eodem
1415 2019 1576 2076 modo
1605 2033 1745 2073 nunc
1769 2015 2067 2087 appellatur

475 2125 613 2191 dies,
641 2139 746 2194 quo
775 2137 898 2177 cum
925 2121 1215 2183 diceretur,
1241 2115 1310 2171 Et
1332 2116 1523 2172 vocavit
1544 2113 1684 2168 Deus
1714 2113 1878 2166 lucem
1901 2110 2099 2173 diem;"

475 2217 572 2273 sed
613 2232 680 2272 eo
707 2213 866 2270 modo
893 2227 1000 2285 quo
1017 2201 1273 2277 dicimus,
1305 2207 1451 2264 verbi
1480 2207 1669 2277 gratia,
1715 2203 1928 2275 triginta
1953 2201 2068 2256 dies

477 2307 678 2364 habere
705 2320 943 2362 mensem
973 2321 986 2359 :
1023 2303 1124 2380 hoc
1148 2302 1292 2358 enim
1332 2299 1546 2355 nomine
1579 2295 1685 2352 diei
1725 2303 1908 2351 noctes
1936 2307 2069 2364 quo-

477 2415 582 2472 que
601 2398 953 2463 includimus;
985 2396 1231 2468 superius
1250 2401 1430 2449 autem
1454 2392 1525 2446 ita
1546 2390 1718 2445 dictus
1738 2398 1821 2443 est
1848 2387 1982 2453 dies,
2013 2395 2070 2441 ut

477 2506 512 2548 ι
539 2500 697 2548 nocte
715 2491 1108 2561 sejungeretur.
1133 2487 1315 2558 Itaque
1335 2499 1457 2541 cum
1484 2483 1569 2538 illa
1591 2480 1830 2553 operatio
1849 2478 1951 2534 diei
1977 2493 2072 2548 per

480 2585 659 2642 lucem
701 2593 848 2656 gesta
873 2583 1262 2654 ,insinuaretur,
1296 2584 1686 2647 consequenter
1713 2574 1903 2628 factam
1935 2569 2070 2627 dici-

481 2685 570 2733 tur
589 2693 709 2733 esse
732 2689 1030 2747 vesperam,
1067 2679 1125 2730 et
1150 2673 1345 2727 factum
1371 2684 1491 2725 esse
1517 2682 1674 2722 mane
1704 2665 1844 2720 diem
1873 2680 2068 2729 unum;

481 2779 542 2826 ut
561 2769 768 2826 scilicet
790 2767 860 2823 sit
881 2782 1016 2822 unus
1037 2765 1152 2821 dies
1181 2780 1211 2819 a
1233 2772 1410 2833 cmpto
1436 2761 1522 2816 die
1554 2775 1721 2830 usque
1750 2758 1814 2812 ad
1842 2766 2072 2828 emplum

480 2860 645 2927 diem,
674 2859 727 2915 id
753 2866 836 2914 est
859 2873 890 2913 a
919 2871 1078 2913 mane
1118 2870 1284 2926 usque
1317 2853 1385 2908 ad
1410 2867 1584 2916 mane,
1615 2851 1799 2920 quales
1823 2848 1939 2904 dies
1976 2863 2074 2903 an-

484 2956 798 3023 numeratis,
820 2963 878 3011 ut
898 2954 1028 3018 dixi,
1049 2952 1291 3008 noctibus
1313 2950 1662 3021 appellamus.
1687 2946 1793 3002 Sed
1810 2945 2076 3016 quomodo

484 3051 622 3108 facta
645 3058 728 3106 est
756 3062 999 3120 vespera,
1022 3055 1078 3102 et
1101 3047 1296 3100 factum
1323 3053 1407 3099 est
1433 3042 1626 3097 tuane?
1650 3042 1728 3094 An
1759 3048 1898 3094 tanta
1928 3051 2076 3092 mora

486 3139 743 3213 temporis
770 3139 896 3196 fecit
924 3139 1099 3193 lucem
1144 3136 1305 3202 Deus,
1355 3142 1411 3189 et
1435 3131 1616 3188 divisit
1642 3131 1780 3186 inter
1813 3129 1985 3184 lucem
2025 3135 2080 3182 et

486 3233 758 3299 tenebras,
804 3237 999 3302 quanta
1044 3242 1192 3284 mora
1237 3225 1473 3281 tenditur
1510 3223 1624 3278 dies
1665 3222 1867 3286 lucens,
1905 3218 1959 3274 id
1998 3229 2080 3274 est

489 3342 599 3384 non
625 3332 973 3381 annumerata
999 3320 1194 3378 nocte?
1217 3319 1282 3374 Et
1306 3317 1393 3373 ubi
1420 3324 1504 3372 est
1529 3314 1668 3385 quod
1699 3313 1952 3383 scriptum
1973 3318 2076 3378 est,

495 3416 680 3474 Subest
716 3415 847 3470 enim
885 3413 995 3481 tibi,
1032 3427 1146 3466 cum
1181 3410 1315 3465 voles
1353 3424 1497 3479 posse
1547 3405 1714 3477 (Sap.
1747 3421 1838 3471 xu,
1872 3403 1996 3474 18),
2035 3402 2079 3457 si

489 3524 628 3582 opus
653 3518 739 3566 est
773 3508 885 3564 Deo
919 3505 1269 3578 productione
1304 3500 1576 3571 temporis,
1611 3506 1670 3554 ut
1695 3497 1895 3568 aliquid
1923 3495 2081 3567 perﬁ-

489 3600 631 3658 ciat?
658 3601 742 3656 An
767 3597 945 3654 omnia
988 3595 1202 3668 quidem
1248 3605 1496 3664 tanquam
1540 3591 1594 3645 in
1636 3597 1750 3644 arte
1791 3597 1951 3658 atque
1991 3602 2081 3643 ra-

491 3695 636 3752 tione
655 3693 890 3765 perfecta
911 3698 1036 3747 sunt
1058 3689 1192 3756 Deo,
1217 3702 1321 3743 non
1344 3686 1396 3740 in
1426 3683 1775 3756 productione
1805 3679 2079 3751 temporis,

493 3786 590 3844 sed
617 3786 671 3842 in
700 3785 813 3856 ipsa
839 3783 892 3840 vi
916 3798 1021 3854 qua
1051 3781 1168 3836 illas
1193 3779 1352 3834 etiam
1381 3792 1488 3843 res,
1519 3790 1650 3848 quas
1673 3789 1778 3829 non
1807 3783 1969 3839 stare,
1989 3770 2083 3827 sed

498 3877 727 3935 transire
752 3875 1042 3940 cernimus,
1083 3872 1345 3928 stabiliter
1384 3867 1579 3924 efﬁcit?
1605 3866 1721 3921 Non
1761 3865 1904 3921 enim
1942 3872 1996 3920 ct
2030 3863 2082 3918 in

493 3982 743 4026 sermone
764 3974 948 4023 nostro
969 3979 1093 4021 cum
1114 3962 1276 4018 verba
1301 3960 1401 4014 alia
1430 3967 1724 4026 transeant,
1751 3967 1806 4013 et
1831 3956 1933 4011 alia
1963 3970 2087 4012 suc-

499 4060 714 4125 cedant,
754 4055 1008 4114 credibile
1037 4063 1120 4110 est
1158 4053 1228 4108 ita
1267 4051 1383 4108 ﬁeri
1414 4050 1467 4106 in
1515 4050 1627 4120 ipsa
1658 4057 1797 4117 arte,
1828 4062 1931 4118 qua
1955 4062 2085 4118 0pc-

500 4158 655 4209 rante
679 4149 942 4207 stabiliter
969 4145 1255 4202 artiﬁciosa
1281 4141 1514 4199 occurrit
1547 4141 1738 4196 oratio.
1777 4139 2088 4210 Quanquam

501 4259 632 4318 ergo
660 4243 776 4300 sine
805 4240 1155 4314 productione
1181 4237 1436 4308 temporis
1463 4235 1620 4291 faciat
1652 4234 1815 4302 Deus,
1848 4233 1934 4289 cui
1959 4233 2086 4288 sub-

503 4348 588 4397 est
621 4353 780 4412 posse
804 4352 925 4394 cum
963 4335 1134 4400 volet;
1165 4334 1294 4405 ipsa:
1326 4340 1502 4387 tamen
1533 4338 1734 4385 naturae
1767 4327 2089 4399 temporales

501 4441 679 4489 motus
721 4446 845 4487 suos
873 4426 1242 4499 temporaliter
1271 4431 1550 4496 peragunt.
1597 4423 1671 4478 lta
1710 4437 1837 4493 ergo
1867 4421 2090 4478 fortasse

501 4525 702 4582 dictum
725 4533 826 4590 est,
850 4521 918 4577 Et
944 4525 1076 4594 facta
1092 4528 1166 4574 est
1192 4534 1419 4589 vespera,
1442 4527 1487 4572 et
1518 4516 1702 4587 factum
1724 4523 1794 4569 est
1820 4530 1966 4567 mane
1984 4512 2090 4566 dies

478 4635 656 4686 unus,
705 4618 844 4673 sicut
878 4615 1082 4670 ratione
1131 4611 1452 4684 prospicitur
1491 4609 1561 4664 ita
1606 4607 1721 4664 ﬁeri
1762 4606 1958 4663 debere
2001 4613 2092 4661 aut

505 4725 686 4785 posse,
719 4725 823 4765 non
850 4710 918 4764 ita
941 4717 1000 4763 ut
1031 4707 1090 4762 lit
1114 4704 1495 4778 temporalibus
1527 4701 1852 4757 tractatibus.
1882 4700 2012 4755 Nam
2038 4699 2091 4754 in

505 4802 620 4874 ipsa
647 4801 854 4857 ratione
875 4798 1236 4870 operationem
1258 4795 1644 4865 contemplatus
1668 4801 1750 4847 est
1766 4793 1782 4822 ί
1810 4791 1860 4844 in
1892 4789 2093 4860 Spiritu

507 4902 714 4961 sancto,
743 4893 832 4964 qui
858 4891 1011 4958 dixit,
1037 4890 1137 4956 Qui
1169 4897 1332 4942 manet
1361 4888 1413 4941 in
1450 4894 1689 4941 aeternum
1713 4884 1895 4938 creavit
1923 4882 2093 4936 omnia

508 4986 664 5043 simul
679 4984 865 5056 (Eccli.
887 4999 1040 5050 xvm,
1065 4981 1118 5056 l)
1149 5001 1161 5036 :
1186 4980 1278 5037 sed
1299 4978 1728 5036 commodissime
1751 4978 1801 5031 in
1825 4976 1914 5032 illo
1933 4975 2090 5045 libro,

509 5081 662 5154 quasi
699 5093 970 5136 morarum
995 5093 1091 5151 per
1117 5074 1390 5131 intervalla
1419 5073 1674 5128 factarum
1710 5087 1740 5125 a
1778 5071 1884 5125 Deo
1913 5085 2092 5126 rerum

511 5172 716 5246 digesta
745 5170 982 5228 narratio
1008 5177 1110 5233 est,
1148 5176 1205 5221 ut
1228 5167 1340 5236 ipsa
1368 5163 1664 5235 dispositio,
1696 5177 1814 5232 qua:
1848 5162 1915 5216 ab
1947 5160 2096 5216 inﬁr-

511 5268 771 5326 mioribus
813 5265 1007 5322 animis
1052 5261 1501 5332 contemplatione
1550 5258 1721 5314 stabili
1773 5257 1941 5313 videri
1988 5273 2093 5313 non

511 5368 743 5432 poterat,
786 5375 880 5430 per
919 5353 1222 5427 huiusmodi
1264 5353 1506 5409 ordinem
1544 5349 1805 5406 sermonis
1852 5350 2094 5420 exposita

515 5451 669 5522 quasi
693 5450 809 5506 istis
829 5449 996 5506 oculis
1020 5454 1348 5503 cerneretur.

1377 340 1467 397 DE
1505 337 1749 397 GENESI
1789 336 1881 393 AD
1918 333 2290 398 LITTERAM,
2335 332 2393 389 S.
2433 330 2800 390 AUGUSTlNl

3633 329 3751 386 232

2155 448 2221 502 Et
2249 448 2320 502 sic
2351 450 2538 519 factum
2565 455 2655 500 est.
2684 445 2748 500 Et
2778 444 2893 516 fecit
2921 441 3062 499 Deus
3080 443 3476 514 ﬁrmamentum,
3504 452 3551 498 et
3575 443 3752 499 divisit

2152 543 2282 597 inter
2317 557 2501 613 aquam
2529 554 2641 606 qua:
2671 547 2778 593 erat
2816 537 2906 592 sub
2935 537 3275 606 ﬁrmamento,
3312 547 3367 590 et-
3396 537 3528 591 inter
3559 552 3752 608 aquam

2154 652 2267 707 qua:
2306 643 2411 688 erat
2439 635 2606 704 {supra
2634 633 3027 702 ﬁrmamentum.
3063 629 3252 686 Utrum
3281 643 3433 700 aqua:
3466 629 3599 686 tales
3636 629 3756 684 sint

2155 742 2318 799 supra
2340 727 2752 791 ﬁrmamentum,
2780 722 2962 794 quales
2989 720 3090 776 sub
3119 720 3456 776 ﬁrmamento
3477 720 3591 776 ista
3617 719 3758 776 visi-

2156 818 2332 875 biles?
2358 833 2427 872 an
2454 817 2576 888 quia
2609 815 2750 870 illam
2783 829 2975 891 aquam
3003 811 3216 868 videtur
3237 809 3559 882 signiﬁcare,
3587 823 3757 881 supra

2157 927 2316 983 quam
2346 909 2576 981 Spiritus
2617 906 2907 972 ferebatur,
2948 913 3003 960 et
3034 918 3153 959 eam
3182 900 3606 973 intelligebamus
3628 914 3760 955 esse

2159 1005 2327 1074 ipsam
2376 1001 2559 1057 mundi
2603 998 2900 1064 materiam,
2925 995 3038 1051 haec
3079 994 3245 1050 etiam
3293 994 3396 1049 hoc
3423 992 3543 1048 loco
3571 990 3762 1046 ﬁrmav

2160 1105 2342 1152 mento
2370 1092 2699 1164 interposito
2725 1090 2953 1146 discreta
2983 1086 3251 1144 credenda
3290 1093 3393 1154 est,
3439 1094 3499 1140 ut
3533 1084 3753 1140 inferior

2160 1189 2229 1242 sit
2257 1187 2477 1244 materia
2503 1184 2812 1256 corporalis,
2863 1181 3105 1252 superior
3144 1178 3426 1235 animalis?
3460 1177 3573 1232 Hoc
3610 1176 3762 1231 enim

2165 1280 2555 1335 ﬁrmamentum
2595 1277 2742 1341 dicit,
2775 1273 2917 1346 quod
2952 1274 3146 1330 caelum
3174 1281 3358 1343 postea
3383 1277 3556 1327 vocat.
3583 1267 3740 1324 Coele

2166 1373 2232 1427 sti
2260 1383 2438 1428 autem
2463 1387 2691 1441 corpore
2717 1369 2848 1424 nihil
2873 1375 2959 1424 est
2985 1368 3037 1422 in
3064 1364 3380 1436 corporibus
3409 1363 3510 1419 alia
3539 1361 3762 1418 melius.

2165 1464 2281 1519 Alia
2312 1463 2507 1534 quippe
2531 1476 2753 1531 corpora
2774 1459 3035 1526 ccelestia,
3066 1466 3122 1513 et
3151 1457 3458 1521 terrestria;
3489 1463 3544 1510 et
3570 1453 3766 1525 utique

2165 1559 2405 1614 caelestia
2438 1556 2656 1610 meliora
2683 1572 2696 1608 :
2726 1568 2948 1624 quorum
2983 1561 3226 1606 naturam
3257 1546 3515 1621 quidquid
3541 1548 3758 1626 transit,

2167 1651 2349 1707 nescio
2387 1646 2836 1721 quemadmodum
2871 1660 3066 1716 corpus
3095 1643 3265 1716 possit
3297 1642 3511 1708 vocari;
3552 1641 3649 1697 sed
3681 1649 3768 1697 est

2169 1743 2393 1798 fortasse
2439 1741 2520 1795 vis
2567 1739 2809 1810 quaedam
2863 1736 3101 1808 subjecta
3143 1735 3357 1800 rationi,
3407 1748 3509 1806 qua
3553 1733 3769 1790 ratione

2170 1837 2310 1892 Deus
2341 1833 2643 1903 veritasque
2681 1830 3058 1902 cognoscitur:
3093 1843 3213 1900 quae
3251 1835 3463 1894 natura,
3493 1823 3616 1897 quia
3656 1824 3771 1880 for-

2169 1927 2378 1984 mabilis
2405 1934 2487 1982 est
2523 1925 2717 1980 virtute
2752 1933 2913 1994 atque
2945 1920 3246 1993 prudentia,
3286 1918 3437 1990 cujus
3460 1918 3644 1988 vigore
3671 1931 3768 1972 co-

2171 2020 2386 2078 hibetur
2405 2019 2522 2090 ejus
2541 2017 2814 2074 ﬂuctuatio
2839 2025 2999 2086 atque
3025 2013 3426 2084 constringitur,
3452 2021 3507 2067 ct
3533 2010 3604 2066 ob
3629 2010 3767 2066 hoc‘

2171 2115 2322 2186 quasi
2352 2111 2644 2169 materialis
2675 2116 2914 2182 apparet,
2943 2115 3093 2163 recte
3117 2121 3252 2176 aqua
3291 2103 3549 2160 divinitus
3575 2101 3770 2172 appel-

2173 2207 2277 2261 lata
2313 2213 2430 2272 est;
2471 2219 2578 2260 non
2605 2202 2845 2259 locorum
2870 2200 3067 2271 spatio,
3095 2197 3189 2253 sed
3233 2196 3427 2252 merito
3453 2204 3662 2251 naturae
3691 2193 3774 2248 in-

2173 2316 2448 2373 corporea:
2471 2299 2593 2357 caeli
2618 2297 2898 2368 corporei'
2928 2294 3185 2351 ambitum
3218 2292 3502 2349 excedens.
3536 2291 3605 2346 Et
3637 2305 3772 2362 quo-

2174 2395 2317 2451 niam
2342 2395 2538 2452 coelum
2561 2393 2953 2447 ﬁrmamentum
2973 2387 3203 2456 vocavit,
3228 2400 3336 2442 non
3362 2382 3591 2440 absurde
3614 2383 3776 2439 intel-

2175 2490 2355 2561 ligitur
2381 2484 2638 2560 quidquid
2677 2483 2814 2540 infra
2855 2483 3147 2539 aethereum
3190 2479 3388 2535 caelum
3418 2486 3518 2544 est,
3562 2477 3620 2531 in
3666 2492 3773 2548 quo

2178 2591 2362 2652 pacata
2393 2591 2552 2650 atque
2581 2578 2789 2634 ﬁrmata
2809 2577 2829 2608 ³
2856 2586 2979 2632 sunt
3006 2573 3206 2639 omnia,
3237 2570 3540 2626 mutabilius
3565 2584 3696 2626 esse
3723 2580 3775 2625 ct

2176 2675 2558 2732 dissolubilius.
2582 2673 2734 2740 Quod
2761 2687 2928 2744 genus
2957 2668 3252 2740 corporalis
3271 2665 3508 2722 materiae
3527 2673 3658 2721 ante
3686 2680 3775 2720 ac-

2178 2777 2387 2837 ceptam
2429 2764 2662 2836 speciem
2705 2761 3209 2830 distinctionemque
3244 2757 3552 2825 formatum,
3589 2771 3622 2812 a
3671 2772 3776 2828 qua

2181 2860 2568 2915 ﬁrmamentum
2600 2857 2927 2912 nominatum
2961 2861 3064 2921 est,
3108 2852 3322 2907 fuerunt
3362 2851 3450 2921 qui
3491 2848 3777 2906 crederent

2183 2951 2278 3008 has
2298 2951 2535 3007 visibiles
2567 2964 2732 3021 aquas
2749 2957 2805 3004 et
2828 2945 3038 3019 frigidas
3065 2943 3405 3016 superﬁciem
3435 2941 3559 2998 creli
3582 2956 3777 3012 supcr-

2181 3045 2451 3116 amplccti.
2498 3044 2564 3098 Et
2599 3043 2978 3099 documentum
3017 3037 3272 3094 adhibere
3310 3035 3487 3092 conati
3529 3043 3664 3089 sunt
3710 3033 3776 3087 de

2185 3139 2428 3194 tarditate
2451 3137 2620 3194 stella:
2650 3135 2806 3192 unius
2831 3133 2897 3189 de
2925 3140 3128 3203 septem
3160 3127 3494 3201 vagantibus,
3525 3143 3652 3199 qua:
3684 3143 3775 3181 su-

2184 3231 2363 3300 perior
2391 3239 2472 3285 cst
2494 3229 2722 3294 caeteris,
2756 3234 2812 3282 et
2844 3241 2873 3280 a
2915 3223 3118 3281 Graecis
3147 3232 3323 3276 Φαίνων
3355 3220 3570 3288 dicitur,
3603 3228 3663 3274 et
3688 3218 3778 3274 tri--

2185 3323 2330 3393 ginta
2371 3322 2526 3378 annis
2556 3319 2760 3391 peragit
2799 3315 3109 3389 signiferum
3153 3313 3434 3378 circulum,
3473 3321 3530 3366 ut
3568 3310 3646 3366 ob
3681 3309 3781 3365 hoc

2188 3416 2342 3471 tarda
2380 3415 2467 3481 sit,
2506 3413 2631 3484 quia
2661 3420 2745 3468 est
2782 3409 2986 3482 frigidis
3019 3407 3169 3479 aquis
3189 3406 3431 3472 vicinior,
3457 3418 3576 3476 qua:
3617 3418 3780 3474 supra

2186 3508 2380 3564 caelum
2402 3514 2542 3562 sunt.
2575 3505 2704 3574 Quae
2728 3502 2909 3575 Opinio
2933 3500 3114 3558 nescio
3134 3495 3578 3570 quemadmodum
3613 3495 3782 3566 possit

2188 3600 2327 3671 apud
2366 3613 2459 3654 cos
2493 3595 2729 3660 defendi,
2772 3595 2863 3666 qui
2903 3591 3249 3650 subtilissime
3292 3591 3392 3646 ista
3431 3587 3778 3660 quaesierunt.

2188 3691 2330 3749 Nihil
2376 3701 2552 3746 autem
2597 3688 2786 3744 horum
2827 3695 3028 3743 temere
3059 3681 3452 3749 afﬁrmandum,
3489 3678 3585 3736 sed
3629 3687 3782 3736 caute

2190 3785 2368 3843 omnia
2394 3783 2736 3852 modesteque
2763 3788 2887 3835 sunt
2913 3775 3206 3834 tractanda.

2261 3877 2351 3932 30.
2385 3875 2449 3930 Et
2479 3875 2604 3930 dixit
2627 3871 2784 3941 Deus,
2821 3869 2938 3925 Fiat
2961 3871 3336 3940 ﬁrmamentum
3358 3867 3412 3920 in
3438 3865 3602 3920 medio
3635 3878 3781 3937 aqua:

2190 3979 2236 4025 et
2256 3969 2317 4024 sit
2345 3966 2571 4022 dividens
2599 3966 2728 4020 inter
2753 3979 2936 4036 aquam
2972 3970 3018 4016 et
3046 3977 3252 4032 aquam.
3284 3957 3352 4012 Et
3375 3958 3448 4012 sic
3469 3961 3664 4030 factum
3686 3965 3776 4012 est.

2191 4063 2476 4132 Postquam
2504 4059 2655 4125 dixit,
2686 4058 2757 4112 sic
2781 4060 2970 4129 factum
2997 4063 3090 4122 est,
3114 4052 3237 4125 quid
3264 4064 3398 4123 Opus
3425 4057 3542 4106 erat
3562 4064 3779 4105 rursum

2191 4153 2408 4220 addere,
2457 4151 2525 4205 Et
2565 4151 2680 4221 fecit
2728 4147 2867 4203 Deus
2919 4149 3305 4209 firmamentum,
3350 4152 3396 4198 et
3438 4141 3605 4196 divisit
3654 4142 3782 4195 inter

2193 4263 2376 4316 aquam
2401 4260 2514 4314 qua:
2532 4252 2639 4298 erat
2664 4242 2754 4295 sub
2784 4241 3122 4310 ﬁrmamento,
3145 4247 3191 4292 et
3211 4252 3397 4306 aquam
3420 4251 3532 4307 qua:
3557 4245 3670 4289 erat
3697 4249 3781 4288 su-

2195 4357 2289 4411 pra
2309 4336 2723 4408 firmamentum?
2747 4333 2875 4389 Nam
2905 4348 3024 4388 cum
3051 4331 3275 4387 dixisset
3311 4329 3576 4400 superius,
3606 4327 3675 4382 Et
3703 4327 3780 4382 di-

2193 4435 2269 4489 xit
2291 4431 2456 4497 Deus,
2496 4429 2615 4484 Fiat
2655 4429 2777 4494 lux;
2807 4437 2851 4482 et
2882 4431 3018 4499 facta
3045 4434 3116 4480 est
3144 4426 3272 4490 luas;
3301 4437 3409 4478 non
3432 4420 3640 4478 addidit
3659 4436 3778 4476 rur—

2195 4540 2310 4580 sum
2337 4565 2351 4588 ,
2389 4523 2454 4576 Et
2485 4521 2605 4576 fecit
2636 4519 2774 4574 Deus
2818 4526 2991 4573 lucem
3021 4535 3034 4572 :
3077 4517 3163 4572 hic
3206 4524 3387 4571 autem
3430 4523 3777 4586 posteaquam

2195 4615 2347 4684 dixit,
2374 4613 2437 4668 Et
2467 4613 2592 4667 dixit
2617 4611 2754 4666 Deus
2779 4652 2792 4678 ,
2823 4609 2944 4664 Fiat
2974 4625 2992 4664 :
3016 4617 3062 4663 et
3099 4609 3172 4663 sic
3199 4608 3392 4678 factum
3421 4614 3514 4672 est,
3541 4603 3777 4660 additum

2196 4718 2298 4774 est,
2327 4715 2372 4762 et
2398 4706 2516 4779 fecit
2537 4704 2694 4759 Deus.
2734 4702 2816 4757 An
2847 4701 2970 4756 hinc
3012 4709 3233 4772 apparet
3269 4713 3374 4754 non
3419 4704 3667 4768 oportere
3693 4695 3777 4750 lu-

2198 4815 2314 4856 ccm
2343 4799 2485 4853 illam
2508 4795 2732 4866 intelligi
2769 4793 3098 4865 corporalem
3125 4833 3138 4858 ,
3168 4806 3236 4847 ne
3262 4806 3380 4846 eam
3417 4799 3594 4860 aliqua
3633 4792 3778 4842 crea-

2198 4900 2316 4947 tura
2347 4887 2660 4960 interposita
2702 4884 2893 4941 fecisse
2923 4883 3065 4939 Deus
3102 4881 3341 4938 videatur
3366 4880 3565 4952 (Deum
3601 4885 3777 4933 autem

2198 4981 2512 5040 Trinitatcm
2537 4976 2693 5048 dico)
2724 4996 2736 5032 :
2768 4974 2871 5031 hoc
2901 4990 3028 5031 vero
3070 4973 3464 5028 ﬁrmamentum
3493 4967 3637 5034 coeli,
3657 4965 3776 5040 quia

2200 5085 2517 5143 corporeum
2545 5077 2645 5136 est,
2673 5084 2766 5139 per
2797 5068 3163 5138 iucorpoream
3193 5072 3490 5121 creaturam
3510 5059 3776 5132 accepisse

2201 5163 2433 5236 speciem
2462 5162 2789 5232 formamque
2813 5157 3068 5226 creditur,
3100 5166 3158 5213 ut
3177 5157 3321 5228 prius
3349 5157 3673 5226 incorporea:
3691 5164 3774 5205 na-

2203 5266 2336 5313 turae
2362 5253 2745 5312 rationabiliter
2773 5267 2802 5306 a
2828 5251 3048 5307 veritate
3073 5249 3390 5320 impressum
3419 5246 3489 5302 sit
3506 5244 3646 5318 quod
3660 5256 3774 5298 cor-

2202 5350 2454 5424 poraliter
2479 5348 2870 5418 imprimerctur
2886 5386 2903 5413 ,
2934 5353 2991 5399 ut
3019 5343 3142 5399 coeli
3167 5342 3318 5398 ﬁeret
3339 5340 3724 5396 ﬁrmamentum
3751 5345 3768 5386 :

2146 5497 2150 5500 .
2202 5453 2256 5501 et
2284 5443 2400 5500 ideo
2429 5443 2655 5514 positum
2681 5448 2784 5508 est,
2814 5437 2881 5492 Et
2902 5437 3029 5492 dixit
3049 5437 3207 5502 Deus,
3234 5432 3389 5500 Fiat,-
3421 5439 3465 5488 et
3493 5432 3565 5486 sic
3589 5432 3770 5504 factum

586 5541 812 5599 CAPUT
843 5539 976 5596 VIII.
1002 5539 1179 5595 —29.
1227 5539 1287 5593 Et
1315 5537 1443 5593 dixit
1470 5535 1628 5604 Deus,
1662 5534 1781 5589 Fiat
1811 5536 2097 5600 ﬁrmamen-
2173 5575 2197 5614 λ.

515 5633 696 5692 tumin
719 5632 883 5688 medio
898 5647 1060 5702 aqute,
1079 5641 1123 5686 et
1142 5632 1205 5685 sit
1221 5630 1447 5685 dividens
1466 5629 1594 5682 inter
1618 5645 1799 5699 aquam
1821 5635 1866 5681 et
1891 5643 2092 5700 aquam.

576 5769 607 5827 ,ι
749 5766 896 5817 vatic.
915 5800 931 5828 ,
1222 5767 1471 5840 tractibus.
1516 5777 1617 5821 non
1666 5765 1821 5831 ipsam
1867 5765 2100 5819 rationem

509 5829 839 5900 operatiomtm
869 5827 1210 5893 contemplatus
1229 5835 1319 5893 est,
1345 5836 1442 5883 etc.

2268 5641 2282 5671 ι
2311 5639 2446 5697 aditi,
2465 5641 2510 5688 et
2531 5634 2745 5698 objectio.
2766 5634 2857 5698 sed
2880 5632 3057 5683 melius
3078 5639 3161 5691 Ms.
3187 5631 3354 5698 vatim,
3371 5627 3621 5698 _et_ob_lwc.‘

2266 5704 2286 5733 ⁸
2309 5686 2381 5750 sic
2399 5686 2718 5749 Venienﬁmus
2739 5697 2800 5746 ad
2830 5704 2911 5745 Ms.
2934 5697 3079 5745 Vatic.
3102 5687 3216 5744 riam
3237 5695 3286 5743 in
3322 5686 3466 5744 editis
3503 5686 3770 5754 legebatur,

2149 5792 2163 5827 ις
2201 5771 2387 5814 natura:
2405 5766 2453 5813 in
2477 5774 2673 5827 corpore
2696 5757 2803 5827 caeli
2819 5756 3103 5822 incorporei.

2271 5828 2291 5858 ³
2323 5833 2404 5875 Ms.
2432 5820 2597 5886 \‘ulicl,
2620 5830 2664 5874 et
2690 5820 2846 5875 ﬁrma.
