3906 6324
249 380 361 435 est;
388 371 440 426 in
471 370 581 442 ipsa
607 368 852 426 rationan
881 378 1068 425 natura
1088 368 1236 439 prius
1262 366 1453 423 factum
1479 369 1591 422 est‘
1612 367 1839 424 fortasse

250 463 398 520 Imde
428 463 823 535 iutprimeretur
849 462 1060 531 corpori
1102 462 1326 531 species.

324 552 551 610 CAPUT
581 551 672 608 IX.
703 582 779 595 —
818 551 953 609 Cum
992 561 1170 607 autem
1213 550 1450 607 additum
1494 560 1598 615 est,
1630 548 1695 604 Et
1724 551 1843 621 fecit

250 642 396 699 Deus
420 645 796 712 firmamentum
813 684 831 710 ,
851 651 899 697 et
926 642 1094 697 divisit
1122 642 1253 695 inter
1279 658 1461 709 aquam
1482 656 1597 711 qua:
1617 649 1723 694 erat
1746 640 1839 695 sub

248 735 577 802 ﬁrmamento
598 775 615 799 ,
638 743 685 787 et
708 750 895 804 aquam
918 748 1034 805 qua:
1055 743 1162 788 erat
1181 749 1337 803 supra
1357 733 1728 801 firmamentum
1746 749 1764 795 ;
1784 740 1841 787 et

248 826 370 895 ipsa
395 824 706 895 conparatio
728 826 747 857 ⁸
775 826 827 879 in
849 824 937 880 illa
963 824 1205 891 materia,
1234 833 1289 878 ut
1307 838 1498 895 corpus
1518 824 1637 880 (εαξη
1666 824 1835 888 ﬂeret,

245 915 622 985 signiﬁcatur?
648 918 728 970 An
760 915 894 971 torte
924 916 1196 970 varietatis
1218 929 1399 981 causa,
1443 923 1499 969 ut
1527 922 1699 969 textus-
1725 928 1840 969 ser-

244 1010 431 1062 monis
461 1008 511 1062 iu
556 1007 826 1063 fastidium
853 1022 958 1063 non
987 1007 1211 1072 veniret,
1252 1021 1410 1076 supra
1452 1020 1557 1060 non
1586 1013 1669 1060 est
1695 1005 1837 1074 posi-

240 1105 368 1157 ιυω
392 1099 535 1169 quod
566 1097 700 1154 intra
731 1100 959 1169 positum
995 1107 1113 1163 est,
1141 1107 1195 1153 et
1220 1113 1325 1151 non
1368 1106 1577 1169 oportet
1615 1111 1838 1166 serupu-

241 1184 369 1247 iose
392 1189 569 1245 omnia
598 1189 779 1243 rimari
807 1187 868 1243 ³2
898 1189 1067 1259 Eligat
1089 1189 1209 1259 quis
1232 1187 1371 1258 quod
1396 1195 1564 1258 potest
1590 1205 1602 1241 :
1633 1195 1835 1240 tantum

247 1294 319 1335 ne
339 1279 538 1351 aliquid
564 1291 763 1335 temere
782 1289 941 1350 atque
966 1280 1288 1349 incognitum
1320 1294 1416 1349 pro
1443 1282 1654 1347 cognito
1681 1292 1834 1332 asse-

244 1380 364 1434 rat;
397 1371 805 1441 memineritque
849 1386 908 1425 se
953 1369 1222 1425 bominem
1262 1371 1330 1425 de
1366 1370 1558 1424 divinis
1585 1368 1835 1439 cperibus

244 1472 507 1533 quantum
528 1463 849 1531 permittitur
866 1477 1122 1532 qiuerere.

318 1553 411 1608 3i.
444 1551 509 1607 Et
536 1554 727 1607 vocavit
771 1552 911 1607 Deus
932 1553 1305 1622 ﬁrmamentum
1351 1552 1547 1607 artum.
1588 1552 1737 1619 Quod
1765 1553 1834 1609 de

245 1645 528 1700 vocatione
564 1645 809 1715 superius
846 1654 1127 1700 tractatum
1160 1655 1265 1710 est,
1307 1643 1393 1699 bic
1421 1660 1630 1715 quoque
1659 1645 1835 1700 consi-

242 1737 428 1794 derari
455 1749 666 1808 potest:
696 1753 801 1793 nou
840 1740 985 1793 enim
1022 1752 1181 1793 oume
1223 1741 1612 1792 ﬁrmamentum
1638 1737 1833 1792 cadum

243 1840 352 1886 est.
387 1828 453 1884 Et
475 1829 597 1884 cidit
621 1828 756 1884 Deus
778 1829 916 1897 quod
948 1827 1132 1883 bonum
1161 1838 1252 1882 est.
1281 1828 1347 1883 Et
1371 1828 1439 1882 de
1470 1827 1571 1882 hoc
1588 1828 1833 1897 superius

241 1923 391 1994 qtmd
436 1931 715 1977 tractatum
760 1930 879 1986 est,
920 1928 1337 1984 retractarctur,
1392 1919 1491 1974 nisi
1539 1919 1677 1989 quod
1727 1934 1832 1974 non

242 2013 493 2070 estindem
519 2012 764 2068 ordinem
784 2011 956 2067 video.
988 2010 1119 2066 Nam
1149 2012 1396 2082 superius
1415 2052 1430 2074 ,
1458 2008 1524 2063 Et
1548 2011 1670 2064 vidit
1696 2008 1834 2066 Deus

243 2104 409 2160 luem
428 2105 547 2175 quia
566 2107 697 2159 bona
719 2114 792 2159 est
813 2119 833 2169 ,'
858 2114 911 2159 et
952 2112 1072 2174 post
1098 2103 1289 2157 deinde
1329 2102 1625 2170 Sultjicitur,
1655 2102 1833 2157 Divisit

242 2195 390 2252 Deus
434 2197 565 2251 inter
596 2197 760 2251 lucem
795 2205 844 2251 et
892 2195 1154 2259 tenebras;
1193 2203 1239 2248 et
1276 2194 1464 2248 voravit
1500 2192 1633 2248 Deus
1672 2195 1832 2249 lucem

242 2289 402 2351 diem,
430 2296 477 2340 et
515 2287 744 2340 tenebras
772 2287 961 2340 vocavit
985 2296 1179 2339 nectent
1202 2301 1220 2339 :
1243 2284 1327 2339 hic
1347 2295 1522 2339 autem
1554 2293 1831 2355 po~tquara

242 2375 445 2432 factum
483 2387 786 2432 enarratum
830 2385 953 2442 est,
1002 2377 1145 2447 quod
1195 2376 1390 2431 tinctum
1438 2376 1729 2442 dicebatur,
1776 2388 1832 2432 et

241 2478 433 2541 p0stea
457 2486 614 2540 quant
649 2479 891 2524 vocatum
920 2478 1003 2523 est
1024 2472 1414 2523 lirutamentum
1457 2468 1649 2520 mrluut
1674 2509 1689 2534 ,
1721 2477 1829 2522 tum

239 2562 461 2627 dicitur,
489 2560 558 2616 Et
579 2562 700 2615 vidit
730 2560 864 2617 Deus
886 2562 1003 2632 quia
1037 2565 1221 2615 bonum
1244 2570 1339 2616 est.
1372 2561 1521 2628 Quod
1545 2562 1588 2615 si
1620 2577 1722 2616 non
1749 2562 1829 2619 [a-

237 2653 389 2709 stidii
410 2652 640 2709 evitandi
670 2654 836 2725 gratia
878 2654 948 2708 ita
971 2654 1230 2708 variatum
1256 2665 1368 2717 est,
1403 2654 1530 2707 illud
1567 2662 1718 2710 certe
1744 2654 1830 2709 iu-

240 2744 487 2814 telligere
531 2745 772 2815 cogimur
816 2744 959 2815 quod
1006 2744 1208 2799 dictum
1258 2752 1358 2799 est.
1411 2743 1478 2798 Et
1531 2746 1645 2816 fecit
1692 2742 1831 2800 Deus

238 2838 418 2894 conia
438 2838 611 2893 simul.
644 2838 819 2907 Quare
846 2838 988 2892 enim
1020 2838 1193 2907 primo
1224 2836 1294 2892 ibt
1324 2836 1601 2907 viditquia
1634 2837 1830 2891 bonum

243 2938 357 2996 est,
395 2938 451 2985 et
475 2939 655 2999 postea
681 2944 876 2984 nomen
905 2929 1192 2999 imposuit;
1222 2928 1307 2983 bic
1335 2937 1509 2981 autem
1534 2929 1704 2998 primo
1732 2944 1831 2983 uo-

238 3036 373 3078 men
402 3021 695 3093 imposuit,
724 3030 778 3075 et
816 3032 997 3091 postea
1030 3020 1159 3075 vidit
1187 3021 1309 3091 quia
1339 3020 1533 3076 bonum
1572 3032 1685 3085 est;
1730 3023 1832 3078 nisi

240 3114 371 3185 quia
393 3114 480 3168 illa
500 3113 803 3169 dili'ereutia
833 3112 1097 3184 signiﬁcat
1124 3129 1391 3167 momrum
1414 3114 1691 3169 intervalla
1721 3129 1827 3169 nou

241 3219 370 3261 esse
400 3204 453 3259 in
479 3205 791 3273 operatione
828 3203 955 3269 Dei,
981 3204 1223 3273 quamvis
1262 3203 1313 3257 in
1341 3204 1471 3273 ipsis
1501 3205 1835 3259 inveniantur

238 3296 547 3368 operibus?
587 3294 892 3351 Secundum
946 3306 1126 3348 autem
1183 3309 1451 3349 morarum
1500 3295 1832 3350 intervallu-

248 3388 402 3458 prius
428 3387 627 3459 aliquid
651 3401 707 3442 et
735 3399 916 3458 postea
945 3385 1177 3442 efﬁcitur
1200 3428 1213 3451 ,
1241 3387 1355 3441 sine
1385 3387 1574 3457 quibus
1603 3388 1834 3443 narratio

242 3477 510 3535 factorum
536 3494 655 3535 esse
692 3495 798 3534 non
829 3487 1005 3549 potest
1041 3478 1285 3548 quamvis
1313 3478 1430 3533 sine
1464 3478 1548 3533 bis
1573 3479 1708 3534 lteus
1732 3479 1831 3535 ista

241 3572 464 3627 el'liecre
501 3571 748 3641 potuerit.
790 3570 856 3624 Et
892 3570 1027 3641 facta
1056 3580 1127 3625 est
1162 3586 1402 3643 vespera,
1447 3581 1495 3625 et
1534 3576 1725 3643 factum
1759 3582 1834 3629 est

240 3679 396 3717 mane
421 3662 529 3716 dies
565 3661 835 3717 secundus.
860 3660 976 3716 .Iain
999 3662 1122 3715 hinc
1147 3662 1389 3731 superius
1421 3672 1697 3717 tractatum
1726 3672 1829 3733 est,

241 3762 301 3809 et
328 3753 546 3809 easdem
571 3756 804 3807 rationes
833 3753 921 3807 bic
947 3769 1158 3823 quoque
1182 3755 1360 3808 Valere
1388 3754 1638 3809 arbitror.

325 3842 551 3900 CAPUT
577 3842 732 3899 X.—
750 3842 841 3898 52.
872 3842 935 3897 Et
961 3844 1087 3897 dixit
1114 3841 1272 3911 Deus,
1297 3843 1669 3916 Congregentur
1689 3862 1833 3918 aqua

242 3952 361 4007 qua
380 3936 472 3990 sub
503 3936 629 3990 cwlo
656 3945 793 4001 sunt,
826 3935 878 3989 in
913 3936 1351 4007 congregationem
1378 3953 1550 4005 unum,
1588 3948 1638 3992 et
1664 3955 1830 4010 appa-

243 4038 356 4084 reat
374 4028 544 4083 arida.
584 4027 653 4082 Et
680 4028 752 4082 sic
781 4030 968 4100 factum
1008 4038 1098 4082 est.
1146 4028 1279 4083 llinc
1322 4029 1645 4099 probalnlius
1685 4029 1831 4085 credi

245 4130 424 4195 potest
445 4136 635 4191 aquam
664 4119 858 4173 dictam
898 4134 1017 4174 esse
1056 4120 1337 4189 superius.
1365 4119 1501 4174 sicut
1539 4120 1833 4175 arbitraba-

246 4230 391 4277 mur,
414 4215 582 4284 ipsam
611 4212 793 4267 mundi
814 4212 1109 4266 materiam.
1143 4210 1272 4265 Nam
1296 4211 1340 4265 si
1369 4212 1671 4265 universum
1694 4227 1829 4281 aqua

246 4306 524 4377 oppletum
553 4314 702 4367 erat,
754 4303 892 4358 unde
924 4304 1008 4358 vel
1047 4318 1155 4373 quo
1194 4303 1364 4373 potuit
1402 4303 1749 4375 congregari?
1774 4305 1830 4361 Si

246 4398 395 4453 enim
441 4394 727 4467 quamdam
776 4393 1140 4449 confusionem
1179 4396 1501 4450 materialem
1541 4412 1691 4466 aqtue
1735 4414 1829 4452 no.

246 4490 397 4545 mine
432 4488 818 4559 appellaverat,
863 4488 976 4542 lucc
1018 4490 1357 4559 congregatio
1401 4491 1705 4559 accipienda
1748 4500 1831 4547 est

247 4581 366 4653 ipsa
393 4581 678 4644 formatio,
712 4590 766 4635 ut
809 4580 928 4635 talis
974 4590 1118 4635 esset
1162 4598 1313 4651 aqua:
1362 4584 1587 4653 species,
1619 4585 1830 4654 qualem

248 4690 391 4730 nunc
417 4688 539 4729 esse
580 4674 865 4728 cernimus.
897 4672 963 4728 Et
1001 4674 1197 4742 ipsum,
1228 4684 1471 4743 appareat
1491 4675 1657 4740 arida,
1688 4676 1828 4745 quod

248 4772 483 4843 positum
516 4779 618 4833 cst,
650 4779 806 4825 teme
841 4767 1087 4823 formatio
1136 4767 1357 4838 intelligi
1392 4779 1582 4837 potest,
1612 4777 1667 4823 ut
1692 4769 1831 4825 lianc

250 4863 475 4921 haberet
488 4861 721 4933 speciem
739 4871 898 4927 terra,
913 4876 1070 4931 quam
1087 4860 1372 4915 cernimus.
1392 4858 1673 4915 Invisibilis
1688 4862 1830 4917 enim

249 4970 308 5018 et
332 4955 680 5029 incomposita
704 4954 843 5011 dicta
867 4966 1001 5018 erat,
1025 4968 1145 5009 cum
1167 4954 1339 5009 adhuc
1367 4954 1600 5009 materia:
1624 4954 1832 5025 species

250 5050 486 5107 deesset.
518 5048 654 5104 Dixit
694 5062 823 5118 ergo
861 5048 1030 5113 Deus,
1068 5043 1404 5117 Congregetur
1439 5062 1569 5117 aqua
1607 5062 1718 5117 qua:
1741 5047 1832 5101 sub

249 5142 379 5198 cato
403 5151 514 5204 est;
546 5140 597 5195 id
624 5148 706 5195 est
731 5138 783 5193 in
815 5138 1036 5193 fortnam
1078 5136 1344 5208 redigatur
1370 5138 1614 5192 materies
1637 5153 1831 5209 corpo-

252 5236 400 5301 ratis,
426 5248 479 5288 ut
509 5250 644 5304 aqua
675 5234 775 5287 ista
804 5232 875 5287 sit
900 5275 914 5298 ,
944 5247 1102 5301 quam
1142 5232 1420 5287 sentimus.
1464 5229 1529 5285 In
1554 5249 1830 5304 congrega-

250 5329 439 5382 tionem
470 5342 622 5381 unum
647 5339 667 5380 :
709 5330 788 5378 vis
814 5324 925 5394 ipsa
966 5324 1147 5377 forma:
1188 5338 1254 5377 co
1276 5324 1590 5378 mnendatur
1619 5326 1834 5380 nomine

254 5421 494 5474 unitatis.
527 5418 637 5474 Hoc
664 5427 746 5473 est
780 5418 923 5473 enim
950 5432 1073 5471 vere
1103 5414 1342 5485 formari,
1373 5416 1425 5471 in
1456 5434 1615 5472 unum
1636 5418 1835 5489 aliquid

318 5531 336 5563 ι
362 5540 436 5579 sic
455 5530 504 5579 in
522 5537 601 5579 us.
623 5528 768 5578 \‘atic.
790 5527 924 5585 Fditi,
946 5526 1073 5589 facta
1102 5532 1190 5577 est.

316 5594 338 5625 ³
360 5598 435 5641 sic
452 5604 552 5640 um.
575 5590 634 5640 ad
657 5586 1016 5653 uiargiuetu.'tn
1039 5597 1179 5653 textu
1208 5596 1371 5639 autem
1381 5600 1497 5653 cum
1526 5586 1635 5640 aliis
1662 5588 1838 5642 editio-

249 5654 402 5708 .ibus
427 5655 595 5709 habet,
613 5648 894 5715 corporalia.
917 5658 995 5701 Ms.
1023 5652 1187 5710 ηας..
1209 5648 1436 5715 operatio.

312 5716 339 5751 ⁸
360 5723 446 5767 Is.
467 5715 637 5774 \'atie.,
667 5726 921 5764 numerare
949 5726 967 5762 :
991 5726 1082 5763 nec
1100 5715 1258 5763 minus
1277 5719 1409 5776 apte.

536 5796 767 5866 Sutor.
799 5804 1073 5883 Auctis}.
1125 5798 1232 5857 ΠΙ.

1523 252 1726 310 LIBER
1762 249 2254 309 IMPERFECTUS.

3420 258 3526 318 238

1946 364 2146 435 redigi;
2175 364 2422 433 quoniam
2452 377 2657 419 summe
2682 380 2843 420 unum
2869 374 2951 421 est
2976 369 3151 424 omnis
3172 368 3353 425 lormre.
3374 373 3521 443 prin-

1945 455 2161 526 cipium.
2191 454 2256 511 Et
2284 465 2525 526 appareat
2550 456 2696 509 arida
2718 472 2737 509 :
2769 457 2817 510 id
2844 468 2925 512 est
2947 499 2963 521 ,
2992 464 3221 529 speciem
3256 464 3521 519 visibilem

1944 548 2190 617 accipiat.
2221 557 2379 618 atque
2403 562 2433 601 a
2454 547 2767 604 confusione
2791 549 3117 605 distinctam.
3142 551 3207 607 Et
3228 552 3363 609 bene
3381 570 3519 623 aqua

1944 652 2323 711 congregatur,
2368 649 2427 695 ut
2470 651 2723 710 appareat
2768 642 2944 705 arida;
2991 643 3040 697 id
3085 652 3202 708 est,
3243 645 3525 705 cohibetur

1942 730 2082 801 quod
2112 730 2478 795 lluitatmare,
2506 730 2728 801 utquod
2765 732 3050 787 obscurum
3076 743 3161 789 est
3206 735 3521 793 illustretur.

1943 818 2011 874 Et
2031 820 2106 875 sic
2132 825 2321 892 factum
2337 832 2408 877 est
2436 838 2453 875 .'
2479 822 2639 878 etiam
2668 821 2769 877 hoc
2791 821 3017 880 fortasse
3042 825 3095 879 in
3126 826 3418 882 rationibus
3434 828 3522 883 in-

1942 912 2257 969 tellectualis
2294 925 2495 969 natura:
2528 916 2673 985 prius
2702 915 2894 970 factum
2938 926 3039 982 est,
3078 928 3133 971 ut
3160 927 3337 988 postea
3376 921 3519 991 quod

1940 1004 2153 1073 dicitur,
2184 1007 2247 1062 Et
2267 1018 2567 1079 congregata
2583 1018 2654 1064 est
2674 1026 2804 1081 aqua
2820 1010 2871 1064 in
2891 1013 3322 1082 congregationem
3333 1030 3513 1080 unam,

1940 1107 1986 1151 et
2009 1101 2246 1167 apparuit
2290 1101 2471 1167 arida,
2518 1117 2623 1156 non
2668 1102 2934 1171 superﬂuo
2979 1102 3214 1158 additum
3246 1106 3514 1173 videatur,

1940 1203 2060 1242 cum
2084 1189 2193 1257 jam
2222 1190 2420 1245 dictum
2446 1201 2589 1247 esset
2610 1233 2625 1257 ,
2652 1191 2717 1246 Et
2744 1194 2816 1247 sic
2841 1194 3029 1262 factum
3056 1205 3162 1259 est;
3186 1195 3278 1250 Sed
3310 1206 3367 1251 ut
3397 1206 3517 1266 post

1939 1281 2250 1335 rationalem
2292 1292 2346 1335 et
2374 1284 2740 1352 incorporeum
2777 1287 3142 1353 operationem
3186 1288 3519 1359 intelligere-

1936 1384 2057 1424 mns
2087 1371 2246 1425 etiam
2270 1376 2599 1444 corporalem
2624 1385 2877 1430 secutam.

2009 1460 2097 1517 53.
2133 1459 2198 1514 Et
2243 1465 2429 1516 vocavit
2462 1464 2595 1518 Deus
2624 1466 2821 1519 aridam
2844 1477 3028 1521 terram
3047 1510 3063 1534 ,
3092 1478 3138 1522 et
3164 1475 3519 1542 congregatio-

1937 1567 2053 1605 nem
2095 1569 2242 1622 aqua:
2288 1571 2426 1609 mare
2471 1556 2675 1610 vocarit.
2730 1557 2919 1614 Adlmc
2948 1558 3220 1615 nobiscmn
3264 1559 3390 1618 facit
3428 1563 3518 1619 illa

1937 1658 2095 1700 causa
2138 1648 2548 1703 vm'abnlortun:
2591 1664 2697 1705 non
2734 1650 2876 1705 enim
2916 1652 3091 1707 omnis
3134 1668 3296 1722 aqua,
3337 1670 3516 1722 mare;

1936 1745 2027 1789 aut
2066 1750 2226 1792 omne
2270 1738 2499 1802 aridum.
2552 1748 2711 1794 terra.
2760 1740 2902 1811 Ergo
2933 1758 3052 1812 qua:
3096 1758 3232 1813 aqua
3273 1753 3436 1812 esset,
3462 1757 3521 1802 et

1936 1840 2053 1896 qua:
2080 1828 2247 1891 arida,
2286 1832 2554 1885 vombulis
2578 1834 2964 1904 segregandam
2992 1833 3111 1890 fuit.
3139 1834 3310 1906 Ipsam
3336 1847 3519 1895 autem

1936 1918 2327 1976 distinctionem
2372 1931 2529 1992 atque
2573 1922 2945 1980 formationem
2990 1924 3154 1982 fuisse
3182 1930 3520 1986 vocationem

1938 2008 2052 2073 Dei,
2083 2027 2187 2065 non
2216 2012 2447 2068 absurde
2472 2013 2644 2069 adlmc
2675 2016 2896 2086 intelligi
2925 2026 3115 2086 potest.
3140 2018 3206 2073 Et
3234 2020 3356 2075 vidit
3378 2020 3519 2077 Deus

1934 2102 2051 2171 quia
2075 2104 2259 2155 bonum
2283 2113 2375 2158 est.
2410 2103 2475 2159 Et
2506 2104 2591 2159 hic
2620 2108 2731 2175 ipse
2759 2106 2891 2160 ordo
2935 2119 3177 2164 servatus
3201 2119 3284 2166 est
3308 2129 3319 2165 :
3344 2126 3513 2182 quare

1936 2191 2058 2247 huic
2085 2196 2245 2248 etiam
2278 2195 2364 2247 illa
2390 2211 2508 2264 quin
2527 2196 2636 2265 jam
2663 2206 2879 2251 [raetata
2901 2208 3044 2265 sunt,
3077 2199 3436 2256 conferantur.

2004 2280 2228 2338 CAPUT
2255 2283 2507 2340 Κίρ-54.
2542 2286 2607 2339 Et
2628 2287 2753 2341 dixit
2784 2286 2939 2351 Deus,
2959 2286 3211 2345 Germiuet
3233 2301 3366 2345 terra
3393 2293 3517 2348 Iter-

1934 2373 2047 2428 bam
2076 2374 2264 2444 pabuli,
2312 2380 2552 2447 ferentem
2590 2394 2755 2432 semen
2787 2380 3061 2433 secundum
3098 2399 3256 2451 genus
3296 2400 3444 2439 suum
3466 2395 3515 2441 et

1934 2466 2349 2531 similitudinem,
2392 2478 2438 2521 et
2466 2469 2656 2540 lignum
2694 2470 3011 2542 fructiferum
3049 2475 3238 2543 faciens
3272 2478 3518 2545 fructum,

1934 2558 2081 2628 cujus
2118 2574 2283 2613 semen
2318 2559 2380 2613 sit
2422 2561 2474 2613 in
2515 2576 2568 2613 se
2603 2561 2878 2614 secundum
2920 2579 3066 2615 suam
3110 2563 3519 2625 similitudinem.

1936 2650 2223 2721 Postquam
2252 2650 2389 2705 facta
2417 2662 2542 2707 sunt
2570 2662 2706 2706 terra
2738 2662 2791 2709 et
2820 2669 2967 2708 mare
2990 2695 3005 2719 ,
3037 2664 3089 2708 et
3120 2664 3304 2711 vocata
3335 2667 3390 2712 et
3412 2672 3515 2728 ap-

1936 2740 2179 2811 probata,
2208 2744 2350 2812 quod
2377 2758 2519 2813 saepe
2547 2743 2778 2798 diximus
2799 2760 2902 2797 non
2931 2759 3198 2800 morarum
3223 2748 3519 2806 intervallis

1935 2834 2303 2904 accipiendum
2328 2850 2469 2903 esse,
2508 2852 2574 2890 ne
2600 2836 2919 2890 incﬂ’abilem
2944 2839 3213 2907 operantis
3238 2839 3330 2894 Dei
3354 2839 3521 2896 facul~

1938 2936 2103 2981 tatem
2136 2928 2355 2982 tarditas
2380 2929 2554 2998 aliqua
2594 2938 2983 2999 consequatur;
3017 2946 3119 2985 non
3150 2932 3359 3000 statim,
3381 2931 3521 2989 sicut

1936 3017 2146 3072 duobus
2172 3018 2360 3073 diebus
2407 3020 2827 3087 [rmcedeutibus
2851 3062 2866 3085 ,
2893 3020 3170 3090 subjicitur
3192 3062 3209 3087 ,
3241 3019 3290 3076 Ρ
3290 3032 3402 3077 acta
3443 3033 3520 3079 est

1937 3126 2159 3181 vespera,
2190 3120 2235 3164 et
2261 3116 2451 3177 factum
2477 3121 2549 3166 est
2576 3127 2722 3165 mane
2753 3113 2859 3166 dies
2882 3114 3058 3166 tertius
3081 3128 3099 3165 :
3138 3112 3232 3167 sed
3274 3113 3519 3186 adjtmgis

1940 3213 2024 3257 tur
2051 3205 2149 3257 alia
2171 3204 2432 3273 operatio,
2470 3202 2536 3258 Ut
2567 3205 2812 3274 germinet
2841 3213 2976 3258 terra
2998 3204 3200 3258 herbam
3239 3206 3412 3276 pabuli
3440 3210 3520 3279 fe-

1937 3306 2126 3349 rentem
2152 3311 2317 3348 semen
2342 3295 2617 3349 secundum
2646 3311 2803 3366 genus
2836 3312 2983 3349 suum
3024 3304 3069 3348 et
3112 3296 3513 3363 similitudinem,

1936 3394 1987 3439 et
2013 3386 2205 3455 lignum
2231 3386 2547 3455 fructiferum
2586 3386 2776 3456 faciens
2805 3389 3048 3455 fructum,
3077 3387 3223 3457 cujus
3256 3404 3423 3442 semen
3445 3389 3516 3443 sit

1938 3475 1989 3529 in
2017 3492 2071 3530 se
2103 3477 2375 3530 secundum
2398 3494 2541 3530 suam
2570 3476 2955 3531 similitudinem.
2994 3477 3144 3543 Quod
3165 3477 3233 3533 de
3263 3478 3379 3534 luce
3403 3478 3517 3549 illa,

1936 3574 1992 3621 et
2020 3568 2375 3633 ﬁrmamento,
2403 3576 2457 3621 et
2480 3568 2720 3637 aquis,et
2742 3568 2889 3622 arida
2909 3568 3107 3622 dictum
3136 3582 3241 3623 non
3271 3578 3381 3632 est;
3406 3585 3515 3627 non

1937 3660 2078 3713 enim
2106 3660 2268 3713 liabet
2291 3660 2375 3712 lux
2407 3659 2760 3712 successionis
2789 3659 3128 3729 propaginem
3148 3698 3164 3723 ,
3192 3666 3283 3713 aut
3318 3660 3515 3716 ctelutn

1936 3750 2005 3806 de
2030 3752 2136 3805 alio
2164 3754 2302 3806 cmlo
2347 3751 2601 3813 nascitur,
2630 3759 2723 3805 aut
2751 3762 2888 3805 terra
2916 3759 3008 3804 aut
3034 3766 3182 3806 mare
3209 3751 3311 3807 alia
3348 3752 3516 3808 maria

1936 3853 1991 3898 et
2011 3843 2142 3897 alias
2167 3853 2337 3898 terras
2366 3844 2586 3914 gignunt
2605 3886 2619 3905 ,
2647 3859 2767 3914 qua:
2795 3842 3099 3899 succedant.
3130 3844 3227 3900 llic
3268 3861 3398 3916 ergo
3426 3845 3510 3901 di-

1936 3936 2159 3992 cendum
2190 3934 2305 4001 fuit,
2332 3939 2569 4008 ferentem
2592 3954 2759 3991 semen
2796 3937 3067 3991 secundum
3097 3955 3255 4008 genus
3282 3950 3430 3993 suum
3462 3950 3513 3994 et

1935 4028 2335 4093 similitudinem,
2357 4039 2403 4082 et
2428 4030 2572 4100 cujus
2592 4045 2756 4083 semen
2784 4030 2850 4083 sit
2883 4029 2933 4082 in
2971 4044 3023 4083 se
3057 4030 3328 4083 secundum
3369 4047 3514 4084 suam

1936 4119 2337 4185 similitudinem,
2368 4120 2456 4175 ubi
2476 4120 2768 4176 similitudo
2790 4120 3119 4177 nascentium
3144 4124 3513 4192 prmtereuntis

1935 4209 2334 4266 similitudinem
2367 4221 2561 4267 servat.

2006 4300 2245 4356 55.ll:cc
2286 4313 2461 4356 autem
2504 4302 2679 4355 omnia
2725 4302 2796 4357 ita
2835 4318 2993 4372 supra
3043 4312 3236 4358 terram
3280 4313 3421 4370 sunt,
3458 4314 3517 4359 ut

1937 4391 2035 4461 ipsi
2067 4403 2221 4447 terra:
2250 4393 2500 4447 radicitus
2520 4393 2843 4455 colimrcant,
2874 4402 2928 4449 ct
2960 4394 3011 4449 ei
3030 4394 3431 4462 continuentur,
3458 4406 3516 4452 et

1938 4498 2147 4537 rursum
2195 4482 2587 4553 quodammodo
2627 4494 2982 4554 separentur:
3032 4496 3312 4556 propterea
3356 4486 3515 4558 hujus
3552 4506 3553 4509 ‘

1940 4583 2144 4628 natura:
2172 4573 2611 4643 significationem
2657 4576 2709 4630 in
2758 4576 2856 4631 ista
2903 4578 3208 4632 narratione
3250 4588 3517 4635 servatam

1936 4664 2193 4729 arbitror;
2212 4665 2331 4734 quia
2348 4676 2402 4720 et
2425 4665 2611 4722 eodem
2637 4665 2722 4720 die
2748 4665 2882 4721 facta
2898 4674 3039 4732 sunt,
3058 4683 3164 4739 quo
3190 4676 3330 4723 terra
3350 4686 3518 4742 appa-

1938 4758 2063 4811 ruit:
2078 4765 2134 4813 et
2151 4770 2325 4813 tamen
2339 4758 2527 4813 iterum
2544 4758 2674 4812 dixit
2694 4759 2926 4822 Deus,'ut
2944 4770 3082 4815 terra
3099 4762 3441 4831 germinaret;
3460 4774 3519 4820 et

1938 4850 2129 4907 iterum
2150 4850 2346 4906 dictum
2368 4860 2469 4918 est,
2499 4849 2565 4904 Et
2584 4850 2656 4904 sic
2675 4855 2867 4923 factum
2886 4860 2955 4906 est
2974 4868 2993 4917 ;
3013 4852 3206 4909 deinde
3224 4855 3518 4911 secundum

1937 4942 2269 5012 superiorem
2316 4943 2574 5013 regulam,
2614 4954 2893 5014 postquam
2937 4943 3135 5000 dictum
3181 4956 3299 5014 est,
3351 4946 3519 5001 Etsic

1939 5042 2129 5107 factum
2155 5046 2226 5091 est
2244 5078 2263 5105 ,
2289 5036 2624 5107 subjungitur
2649 5037 2761 5107 ipsa
2795 5039 3065 5094 exsecutio
3083 5082 3097 5105 ,
3127 5037 3194 5093 Et
3221 5040 3357 5094 dedit
3382 5050 3520 5096 terra

1940 5128 2143 5183 herbam
2171 5129 2360 5200 pabuli,
2392 5131 2630 5200 ferentem
2664 5146 2829 5184 semen
2857 5129 3128 5184 secundant
3151 5147 3305 5201 genus
3330 5146 3481 5187 suum
3502 5147 3527 5197 ;

1939 5232 1987 5276 et
2009 5221 2199 5294 tignum
2219 5222 2533 5295 fructiferum
2562 5221 2752 5293 faciens
2769 5222 3006 5288 fructum,
3026 5220 3175 5290 cujus
3198 5237 3366 5275 semen
3393 5222 3447 5277 in
3465 5238 3523 5278 se

1941 5314 2212 5369 secundum
2242 5330 2385 5368 suam
2430 5314 2829 5368 similitudinem.
2874 5311 2942 5366 Et
2980 5313 3171 5366 iterum
3196 5311 3345 5378 dicit,
3384 5312 3522 5371 Vidit

1944 5404 2081 5461 Deus
2101 5406 2218 5478 quia
2244 5405 2426 5460 bonum
2449 5414 2539 5460 est.
2564 5390 2751 5475 illaque
2777 5414 2829 5459 ct
2852 5419 2959 5457 uno
2983 5403 3071 5457 die
3089 5404 3187 5458 ista
3203 5403 3522 5476 junguntur,

1947 5509 2002 5556 ct
2025 5499 2233 5555 iteratis
2263 5499 2353 5554 Dei
2380 5498 2558 5553 verbis
2593 5496 2985 5566 distinguuntur
3007 5496 3075 5550 ab
3100 5496 3345 5553 invicem.
3366 5497 3525 5566 Quod

1946 5590 2013 5647 de
2044 5601 2181 5645 terra
2227 5599 2283 5645 et
2322 5589 2455 5643 mari
2499 5597 2776 5659 propterea
2827 5595 2951 5658 puto
2982 5605 3086 5643 non
3134 5602 3255 5645 esse
3296 5590 3522 5657 factum,

1947 5683 2071 5755 quia
2090 5683 2259 5755 magis
2284 5681 2473 5736 barum
2493 5695 2671 5737 rerum
2696 5692 2778 5739 est
2800 5680 3147 5738 discernenda
3174 5692 3382 5751 notua,
3402 5696 3526 5754 qua

2906 5796 3166 5879 ίιιυεε.)
