3906 6380
437 443 562 486 sum
589 424 834 486 oriantur
857 437 912 485 et
939 426 1201 490 occidant,
1230 426 1450 482 seminis
1468 425 1808 480 successione
1828 437 2017 493 propa-

443 526 656 593 gantur.
685 524 763 576 An
794 521 914 591 quia
953 529 1090 574 terra
1120 527 1174 574 et
1205 523 1351 572 mare
1385 517 1543 572 simul
1585 517 1696 571 ﬁeri
1726 517 2015 588 potuerint,

445 627 550 668 non
574 611 746 666 solum
776 611 827 665 in
848 611 1145 665 rationibus
1187 617 1443 664 creatura:
1471 606 1788 678 Spiritualis,
1820 607 1908 662 ubi
1941 607 2016 660 si-

446 704 554 759 ‘mul
587 703 760 757 omnia
783 701 912 755 facta
939 709 1078 763 sunt,
1103 699 1196 754 sed
1220 701 1377 754 etiam
1408 700 1456 753 in
1486 700 1596 767 ipsa
1627 698 1883 767 corporali
1905 711 2020 750 mo-

444 795 623 858 tione;
650 792 868 847 arbores
893 803 1021 846 vero
1048 800 1103 845 ’et
1120 797 1343 861 qua-que
1368 790 1566 859 stirpes
1585 789 1730 843 nasci
1753 803 1858 843 non
1892 803 2014 858 pos-

445 896 597 950 sent,
630 886 731 940 nisi
760 888 897 939 terra
942 883 994 938 in
1041 891 1147 954 qua
1193 882 1569 953 germinaverit,
1611 881 2013 950 prmeessisset:

441 983 724 1051 propterea
769 980 824 1033 et
865 975 1208 1045 repetendum
1247 981 1358 1029 erat
1405 974 1610 1043 jusSum
1639 972 1757 1036 Dei,
1789 981 1845 1026 ut
1883 971 2017 1026 facta

444 1063 870 1139 significabantur
892 1066 1158 1130 distantia,
1179 1075 1356 1120 tamen
1388 1079 1492 1120 non
1516 1064 1624 1118 alio
1641 1064 1728 1118 die
1757 1061 2015 1129 iacienda,

444 1163 659 1229 propter
687 1157 824 1227 quod
853 1155 1116 1210 radicibus
1137 1166 1296 1210 terra:
1324 1155 1606 1224 adiguntur
1629 1162 1684 1209 et
1706 1155 2018 1208 continuan-

443 1248 566 1304 tur?
593 1242 697 1302 Sed
721 1247 886 1318 quarti
917 1254 1088 1315 potest
1115 1259 1210 1299 cur
1235 1244 1350 1298 istis
1389 1245 1527 1299 Deus
1563 1257 1669 1297 non
1705 1242 2019 1312 imposuerit

441 1339 653 1395 numina
685 1356 700 1392 :
725 1351 793 1390 an
818 1335 1230 1406 prmtennissum
1257 1343 1357 1398 est,
1386 1335 1506 1404 quia
1531 1333 1812 1388 multitudo
1831 1347 2017 1387 eorum

445 1417 550 1485 non
578 1428 823 1483 sinebat?
853 1428 1044 1481 Verum
1076 1425 1188 1481 haec
1214 1427 1437 1496 quaestio
1467 1425 1654 1480 melius
1677 1435 1858 1494 postea
1886 1439 2017 1479 con-

441 1519 782 1585 aiderabitur,
809 1532 928 1572 cum
955 1517 1796 1586 animadvertemusaliaquaenon
1813 1517 2020 1572 vocavit

444 1612 606 1673 Deus,
633 1610 772 1665 sicut
798 1609 1006 1664 vocavit
1045 1609 1242 1675 lucem,
1275 1617 1328 1664 et
1365 1609 1582 1672 cretum,
1627 1617 1680 1662 et
1719 1616 1936 1674 terram,
1966 1617 2019 1664 et

437 1716 606 1758 mare.
638 1699 704 1755 Et
729 1702 919 1772 radunt
941 1710 1017 1754 est
1044 1703 1269 1769 vespera,
1307 1709 1355 1753 et
1395 1704 1585 1769 factum
1619 1701 1692 1753 est
1729 1713 1876 1754 mne
1913 1700 2018 1756 dies

438 1791 630 1846 tertius.
690 1832 693 1834 -
767 1834 772 1838 .
1864 1791 1870 1795 ’

509 1880 735 1938 CAPUT
762 1879 872 1938 XII.
899 1911 969 1923 —
1001 1881 1090 1937 56.
1124 1880 1192 1935 Et
1228 1881 1354 1936 dixit
1379 1881 1538 1948 Deus,
1567 1881 1722 1937 Fiant
1748 1880 2020 1940 luminaria

440 1976 494 2029 in
513 1976 832 2043 ﬁrmamento
851 1972 984 2040 mali,
1011 1983 1063 2028 ut
1102 1975 1298 2029 luceant
1323 1991 1472 2046 super
1492 1985 1696 2040 terram,
1725 1984 1772 2030 et
1795 1974 2020 2029 dividant

439 2069 570 2123 inter
595 2069 727 2123 diem
753 2079 796 2124 et
829 2079 1051 2132 noctem;
1087 2067 1131 2127 et
1159 2069 1257 2123 sint
1284 2069 1335 2122 in
1363 2069 1518 2140 signia
1546 2080 1591 2122 et
1619 2069 1940 2140 temporibus,
1969 2067 2019 2126 et

439 2162 493 2215 in
514 2161 706 2228 diebus,
727 2171 775 2216 et
803 2163 986 2226 annis;
1017 2172 1062 2215 et
1087 2162 1183 2216 sint
1212 2162 1265 2216 in
1289 2162 1604 2231 splendorem
1630 2164 1684 2216 in
1705 2163 2018 2225 firmamento

440 2254 573 2321 caeli,
604 2263 656 2308 ut
699 2254 898 2310 luceant
936 2261 1085 2325 super
1125 2263 1328 2308 terram.
1377 2255 1575 2323 Quarto
1613 2256 1698 2309 die
1738 2256 2016 2311 luminaria

437 2345 576 2400 facta
605 2354 748 2414 sunt,
777 2344 844 2400 de
885 2343 1074 2414 quibus
1108 2341 1324 2410 dicitur,
1355 2355 1400 2400 et
1425 2349 1524 2399 sint
1561 2347 1616 2399 in
1656 2341 1865 2400 diebus:
1890 2347 2016 2417 quid

439 2443 570 2508 ergo
595 2437 776 2491 volunt
800 2444 911 2491 tres
939 2437 1052 2491 dies
1081 2436 1337 2492 transacti
1367 2436 1482 2490 sine
1505 2435 1888 2492 luminaribus?
1926 2429 2017 2492 aut

439 2545 534 2587 cur
556 2531 656 2585 ista
684 2537 842 2586 erunt
865 2531 917 2584 i'n
950 2529 1159 2592 diebus,
1189 2529 1234 2585 si
1259 2528 1417 2583 etiam
1457 2529 1575 2584 sine
1613 2529 1726 2583 istis
1763 2528 1878 2583 dies
1897 2537 2016 2585 esse

440 2621 759 2693 potuerunt?
790 2623 870 2675 An
915 2622 1036 2692 quia
1063 2615 1359 2676 evidentius
1390 2621 1663 2689 productio
1693 2622 1776 2676 illa
1805 2631 2013 2693 tempo-

439 2713 513 2768 ris
533 2719 586 2767 et
615 2723 882 2766 morarum
906 2711 1237 2766 intervallum
1265 2718 1412 2766 motu
1436 2711 1654 2766 istorum
1677 2711 2013 2766 luminarium

437 2801 683 2872 distingui
732 2803 798 2856 ab
848 2801 1151 2856 hominibus
1188 2797 1403 2871 potest?
1451 2803 1529 2856 Au
1575 2803 1676 2857 ista
1711 2802 1916 2858 dierum
1962 2814 2015 2857 et

437 2893 669 2947 noctium
697 2894 1027 2947 enumeratio
1047 2892 1113 2946 ad
1138 2891 1533 2948 distinctionem
1554 2894 1692 2948 valet
1712 2893 1851 2948 inter
1872 2893 2013 2949 illam

438 2993 684 3038 naturam
711 2995 828 3053 quo:
855 2981 995 3036 facta
1034 2993 1142 3036 non
1171 2991 1252 3036 est
1274 3021 1291 3049 ,
1319 2994 1373 3036 et
1401 2997 1491 3037 eas
1517 2999 1636 3052 qua:
1665 2982 1815 3038 facta:
1849 2993 1972 3038 sunt
1996 3003 2008 3038 :

436 3081 496 3129 ut
520 3089 666 3127 mane
694 3073 1058 3128 nominaretur
1103 3081 1321 3142 propter
1360 3087 1542 3128 earum
1569 3075 1799 3144 speciem
1845 3074 2012 3130 lacta-

441 3181 596 3232 rum;
625 3177 831 3234 uespera
856 3179 982 3218 vero
1009 3163 1223 3234 propter
1252 3165 1646 3234 privationem?
1673 3165 1806 3234 Quia
1836 3181 2010 3237 quan-

439 3265 548 3312 tum
571 3253 842 3310 attinetad
870 3253 1018 3308 illum
1045 3269 1073 3306 a
1111 3268 1219 3323 quo
1236 3252 1372 3309 facta
1401 3255 1546 3316 sunt,
1589 3255 1826 3325 speciosa
1852 3263 2011 3326 atque

436 3348 668 3405 formosa
705 3347 832 3401 sunt
859 3363 872 3398 :
904 3355 1159 3416 quantum
1187 3354 1364 3401 autem
1396 3349 1448 3399 in
1476 3346 1605 3415 ipsis
1632 3356 1714 3401 est
1735 3385 1752 3414 ,
1787 3357 2011 3417 possunt

435 3439 843 3509 deﬁcerc,quia
867 3437 936 3493 de
979 3437 1147 3491 nihilo
1174 3435 1312 3492 tincta
1359 3444 1514 3501 sunt;
1557 3447 1613 3494 ει
1658 3438 1712 3493 in
1754 3449 2007 3509 quantum

436 3543 542 3589 nun
567 3531 837 3596 deﬁciunt,
872 3545 980 3585 non
1010 3539 1092 3586 est
1112 3531 1303 3585 eorum
1329 3531 1588 3596 materia,
1611 3535 1731 3600 qua:
1751 3543 1817 3585 ex
1840 3531 2007 3585 nibilo

436 3631 537 3691 est,
566 3622 658 3678 sed
688 3621 802 3692 ejus
822 3622 909 3692 qui
945 3622 1152 3676 summe
1173 3625 1287 3688 est,
1307 3623 1370 3676 et
1393 3616 1487 3674 illa
1514 3618 1640 3676 facit
1679 3633 1798 3677 esse
1825 3620 1883 3675 in
1905 3620 2009 3692 go-

436 3729 563 3771 nere
585 3722 640 3770 et
668 3713 852 3769 ordine
878 3725 994 3767 suo.
1379 3711 1468 3720 “““

506 3809 593 3863 37.
619 3807 684 3860 Et
709 3806 836 3861 dixit
856 3805 1015 3873 Deus,
1045 3803 1201 3859 Fiant
1231 3805 1284 3859 in
1311 3805 1628 3876 ﬁrmamento
1652 3805 1763 3860 cteli
1789 3805 2011 3862 luminu-

440 3904 514 3958 tia
538 3910 591 3954 ut
612 3902 808 3955 luceant
833 3915 851 3953 :
879 3909 1054 3954 Utrum
1081 3897 1152 3954 de
1171 3898 1290 3956 lixis
1311 3907 1511 3955 tantum
1538 3900 1734 3954 dictum
1757 3907 1841 3955 est
1867 3901 2011 3956 side-

435 3991 696 4057 ribus,‘an
719 3991 879 4046 etiam
919 3989 988 4045 de
1011 3988 1192 4060 vagis?
1228 3989 1340 4046 Sed
1377 3990 1483 4045 duo
1526 3991 1802 4047 luminaria
1833 3994 2007 4062 majus

434 4089 489 4136 et
526 4081 700 4134 minus
737 4081 879 4135 inter
918 4094 1047 4149 vaga
1093 4080 1265 4136 sidera
1307 4091 1650 4146 numerantur
1693 4101 1706 4138 :
1737 4083 2005 4153 quomodo

436 4186 566 4243 ergo
594 4173 646 4226 in
680 4171 1016 4228 ﬁrmamento
1038 4170 1174 4226 facta
1208 4173 1331 4227 sunt
1361 4172 1566 4238 omnia,
1606 4189 1726 4229 cum
1768 4173 2007 4246 singulos

433 4280 559 4323 suos
586 4265 665 4320 vel
689 4263 878 4335 globos
899 4264 983 4320 vel
1008 4265 1237 4320 circulos
1265 4251 1389 4336 vaga
1411 4267 1615 4337 singula
1637 4272 1860 4338 qumque
1881 4279 2005 4338 pos-

431 4353 676 4410 sideant?
701 4355 782 4407 An
819 4353 1068 4424 quoniam
1111 4356 1169 4409 in
1210 4351 1495 4425 Scripturis
1535 4363 1591 4412 et
1617 4361 1782 4414 eteius
1810 4356 2003 4417 multos

433 4443 657 4515 legimus
681 4453 739 4500 et
761 4444 979 4510 caelum,
999 4443 1154 4499 sicuti
1197 4444 1250 4498 in
1277 4442 1377 4499 hoc
1403 4445 1522 4500 loco
1543 4461 1664 4501 cum
1691 4447 1886 4504 dicitur
1909 4449 2001 4505 llr-

435 4545 764 4592 mamentum
789 4536 984 4594 calum
1011 4536 1052 4601 ⁸,
1077 4536 1473 4607 intelligendum
1499 4547 1583 4594 est
1603 4553 1815 4596 omnem
1845 4542 1998 4598 istam

433 4626 719 4682 etheream
743 4626 1038 4682 machinam
1055 4626 1160 4682 dici
1173 4643 1291 4698 qua!
1311 4629 1482 4684 omnia
1501 4631 1671 4686 sidera
1695 4634 1998 4701 continet’;

434 4715 537 4772 sub
558 4731 663 4787 qua
696 4717 818 4788 puri
855 4726 909 4772 et
936 4719 1202 4788 tranquilli
1245 4721 1386 4776 aeris
1428 4724 1688 4777 serenitas
1714 4725 1874 4794 Viget,
1898 4726 1996 4781 sub

432 4821 537 4880 qua
565 4808 692 4864 item
724 4811 822 4864 iste
844 4824 936 4865 aer
959 4810 1291 4873 turbulentus
1317 4821 1372 4868 et
1397 4814 1718 4882 procellosus
1744 4819 1998 4887 agitatur?

432 4898 502 4958 Ut
519 4900 716 4956 acuant
729 4902 1094 4972 αρσια-νᾶπυ,
1109 4914 1158 4958 et
1177 4904 1401 4959 dividant
1417 4907 1547 4960 inter
1563 4905 1693 4960 diem
1715 4917 1763 4962 et
1782 4920 1992 4968 noctem.

424 4994 616 5059 Nonne
637 4995 746 5067 jam
779 4996 918 5051 Deus
961 4991 1211 5053 diviserat
1251 4999 1391 5054 inter
1433 4999 1603 5056 lucem
1646 5005 1993 5074 ett'e'n'ebr‘as,

425 5096 478 5144 ot
499 5091 786 5144 vocaverat
807 5085 980 5144 lucem
1007 5087 1149 5144 diem
1173 5131 1187 5156 ,
1215 5098 1270 5145 et
1314 5090 1561 5147 tenebras
1587 5105 1865 5151 vocaverat
1895 5108 1993 5150 no-

423 5179 604 5236 ctem?
626 5194 693 5236 ex
713 5194 826 5250 quo
847 5193 1074 5250 apparet
1095 5195 1218 5236 eum
1257 5181 1398 5238 inter
1418 5181 1561 5238 diem
1590 5195 1647 5241 et
1669 5197 1882 5242 noctem
1909 5189 1994 5244 di-

423 5271 611 5328 visisse
635 5272 800 5344 :qoid
823 5273 926 5330 sibi
949 5289 1090 5328 nunc
1110 5273 1224 5329 vult
1247 5275 1389 5346 quod
1413 5275 1608 5333 dicitur
1633 5279 1702 5335 de
1721 5281 1993 5337 luminari-

423 5360 539 5427 bus,
569 5373 617 5418 et
635 5363 864 5419 dividant
881 5365 1014 5419 inter
1033 5361 1167 5419 diem
1194 5374 1241 5421 et
1282 5367 1516 5422 noctem?
1557 5371 1634 5425 An
1655 5369 1726 5424 ita
1766 5379 1906 5428 nunc
1935 5375 1992 5431 ﬁt

421 5451 524 5508 ista
547 5451 738 5522 divisio
758 5467 853 5524 per
871 5455 1176 5524 luminaria,
1199 5467 1255 5512 ut
1273 5455 1576 5515 hominibus
1595 5468 1721 5516 nota
1745 5464 1813 5519 sit
1832 5461 1990 5523 etiam

421 5542 554 5602 solis
589 5547 893 5603 carnalibus
913 5548 1084 5605 senilis
1115 5549 1182 5605 ad
1210 5551 1386 5606 rerum
1412 5551 1634 5609 istarum
1657 5559 1985 5629 eonteInpla-

476 5653 798 5726 Ψ.ψῆ
830 5653 1119 5726 ma”

483 5719 504 5751 ί
523 5719 596 5768 sie
617 5718 666 5766 in
689 5724 772 5767 ns.
795 5720 940 5773 vatio.
966 5728 1021 5770 Αι
1039 5718 1094 5772 tn'
1113 5723 1272 5784 editis,
1299 5725 1558 5780 amicitia
1579 5728 1799 5782 cantaret.

1627 307 1714 364 DE
1741 301 2010 373 GENESI,
2048 303 2108 364 S.
2146 303 2504 364 AUGUSTIM

2132 424 2328 478 tionem
2359 428 2660 492 utentibus;
2691 430 2760 483 ita
2803 443 2927 485 vero
2963 431 3102 485 Deus
3119 441 3238 488 eam
3277 433 3410 492 fecit
3441 446 3560 495 ante
3581 443 3684 497 cir-

2128 516 2325 569 cuitum
2350 517 2706 584 luminarium,
2740 529 2792 575 ut
2829 519 2993 575 videri
3025 523 3126 578 nisi
3155 539 3184 577 a
3213 527 3397 594 paucis
3419 542 3542 585 sano
3571 533 3676 602 spi-

2127 605 2230 658 ritu
2256 615 2306 658 et
2331 621 2516 662 serena
2545 608 2747 664 ratione
2770 625 2872 664 non
2897 611 3098 681 possit?
3116 618 3194 668 An
3213 614 3353 670 inter
3371 617 3523 673 alium
3542 619 3674 678 diem

2127 707 2176 751 et
2203 699 2358 752 aliam
2389 712 2600 755 noctem
2642 703 2815 757 divisit
2859 703 3032 766 Deus,
3063 705 3113 760 id
3152 715 3234 762 est
3276 708 3414 763 inter
3454 707 3674 782 speciem

2126 803 2283 857 quam
2328 789 2662 858 imprimebat
2706 793 2777 846 illi
2825 793 3132 849 inl‘ormitati
3163 838 3176 859 ,
3223 806 3278 852 et
3311 797 3674 860 informitatetti

2125 894 2244 948 qum
2267 878 2438 934 adhuc
2467 882 2736 936 formanda
2760 883 3023 950 restabat;
3050 884 3186 940 alius
3209 901 3335 941 vero
3355 899 3432 945 est
3457 891 3552 946 iste
3569 883 3675 950 dies

2125 978 2177 1022 et
2207 970 2307 1024 alia
2339 987 2463 1038 nox,
2484 988 2705 1041 quorum
2734 972 2978 1029 volvente
3000 978 3138 1032 caelo
3164 978 3472 1036 vicissitudo
3511 977 3674 1039 anim-

2125 1058 2436 1128 advertitur,
2485 1078 2601 1132 quae
2659 1063 2774 1119 ﬁeri
2831 1079 2938 1120 non
2977 1077 3158 1137 posset
3192 1069 3293 1125 nisi
3327 1071 3457 1127 solis
3484 1083 3598 1129 ortu
3624 1080 3676 1132 ει

2123 1163 2312 1204 occasu
2333 1150 2356 1204 ?

2195 1238 2419 1295 CAPUT
2459 1241 2596 1296 Xlli.
2615 1273 2686 1295 -ιι-
2708 1245 2797 1301 58.
2838 1245 2906 1301 Et
2924 1249 3028 1302 sint
3051 1251 3103 1303 in
3124 1251 3279 1320 signis
3303 1263 3352 1306 et
3374 1251 3684 1325 temporibus,

2124 1340 2168 1382 et
2199 1330 2251 1384 in
2276 1331 2470 1397 diebus,
2502 1345 2548 1386 et
2571 1336 2625 1388 in
2654 1338 2818 1391 annis.
2842 1337 3058 1394 Videtur
3081 1339 3208 1394 mihi
3238 1341 3338 1398 hoc
3365 1343 3502 1413 quod
3528 1344 3680 1412 dixit,

2124 1423 2176 1475 in
2197 1423 2376 1494 signis,
2402 1425 2613 1495 planum
2641 1428 2831 1486 fecisse
2860 1431 2985 1486 illud
3006 1434 3146 1502 quod
3175 1435 3327 1501 dixit,
3357 1447 3402 1491 et
3425 1439 3474 1492 in
3499 1450 3683 1509 tempo-

2124 1517 2294 1582 ribus;
2327 1533 2392 1572 ne
2420 1519 2561 1575 aliud
2585 1523 2954 1592 acciperentur
2989 1527 3160 1597 signa,
3189 1537 3240 1583 ει
3267 1530 3404 1584 aliud
3437 1535 3684 1602 tempora.

2126 1605 2249 1661 Haec
2273 1609 2415 1663 enim
2437 1625 2575 1664 nunc
2594 1611 2726 1666 dixit
2751 1622 3008 1685 tempora,
3025 1633 3141 1685 quae
3168 1617 3559 1675 intervallorum
3578 1621 3683 1678 dis-

2125 1698 2376 1755 tinctione
2402 1705 2751 1759 mternitatem
2805 1708 3286 1765 incommutabilem
3311 1729 3468 1783 supra
3489 1729 3553 1770 se
3578 1732 3684 1770 ma-

2123 1793 2249 1847 nere
2294 1793 2615 1863 significant,
2664 1809 2721 1851 ut
2763 1799 2987 1868 signum,
3031 1799 3082 1854 id
3123 1811 3204 1856 est
3244 1805 3392 1871 quasi
3422 1805 3684 1876 vestigiiﬁti

2122 1883 2431 1938 aiternitatis
2460 1894 2668 1956 tempus
2691 1898 2957 1959 appareat.
2991 1883 3116 1944 Item
3147 1907 3267 1946 cum
3298 1894 3548 1965 adjnngit,
3577 1898 3686 1953 etin

2123 1973 2317 2038 diebus,
2347 1985 2395 2029 et
2420 1977 2471 2029 in
2501 1979 2667 2044 annis,
2696 1981 2926 2034 ostendit
2954 1997 3072 2052 qua:
3115 1982 3311 2038 dixerit
3351 1991 3602 2056 tempora,
3633 1996 3686 2044 ut

2122 2064 2238 2120 dies
2277 2065 2404 2121 ﬁant
2439 2071 2787 2126 conversione
2836 2071 3058 2125 lixorum
3105 2074 3372 2139 siderum;
3411 2078 3539 2131 anui
3569 2087 3685 2134 vero

2122 2157 2405 2224 manifesti,
2445 2177 2564 2214 cum
2596 2162 2676 2216 Sol
2706 2161 3011 2231 signilerum
3045 2165 3301 2220 circulum
3335 2170 3561 2240 peragit;
3591 2171 3682 2225 ob;

2122 2249 2386 2305 scuriores
2413 2260 2587 2305 autem
2613 2268 2731 2306 cum
2757 2253 2804 2306 id
2838 2255 3248 2327 unumquodque
3269 2254 3522 2328 vagorum
3550 2253 3684 2316 side?

2121 2355 2238 2393 rum
2266 2341 2315 2394 in
2341 2343 2450 2395 suis
2480 2343 2696 2397 orbibus
2727 2343 2873 2403 facit.
2904 2345 3016 2400 Non
3047 2348 3190 2401 enim
3217 2348 3374 2417 dixit,
3407 2351 3469 2404 Et
3497 2354 3684 2407 mensi-

2121 2428 2238 2493 bus,
2261 2431 2380 2501 quia
2411 2432 2631 2488 fortasse
2658 2435 2854 2490 mensis
2885 2453 3056 2490 annus
3081 2446 3163 2492 est
3193 2438 3364 2505 lunae;
3398 2442 3530 2495 sicut
3557 2440 3683 2496 dub-

2119 2521 2292 2578 decim
2314 2523 2450 2578 lunae
2471 2527 2611 2590 anui,
2642 2540 2811 2580 annus
2839 2537 2920 2582 est
2948 2527 3062 2598 ejus
3087 2529 3276 2585 sideris
3306 2529 3444 2601 quod
3461 2541 3687 2588 οαξοοήᾱ

2119 2612 2288 2670 (ἴε-ιιιεί
2316 2625 2522 2679 vocant,
2556 2625 2608 2670 et
2640 2618 2848 2686 triginta
2872 2621 3002 2673 solis
3026 2621 3151 2674 anni
3177 2635 3356 2677 annus
3383 2617 3466 2678 esi
3493 2623 3687 2694 ejussi-

2118 2701 2260 2759 deris
2295 2705 2434 2775 quod
2461 2715 2633 2760 Φαίνων
2659 2707 2870 2762 dicitur.
2907 2709 2970 2763 Et
3009 2710 3232 2767 fortasse
3259 2711 3340 2768 ita
3365 2729 3485 2769 cum
3519 2717 3686 2772 omnia

2120 2793 2292 2849 sidera
2321 2796 2387 2849 ad
2413 2796 2550 2850 idem
2580 2799 2850 2865 redierint,
2881 2817 3050 2855 annus
3073 2817 3301 2872 magnus
3327 2799 3686 2877 pervigilando.

2119 2901 2226 2956 quo
2249 2886 2396 2939 multi
2434 2887 2596 2941 multa
2634 2888 2897 2944 dixerunt.
2939 2894 3019 2945 An
3049 2893 3101 2946 in
3129 2895 3295 2964 signis
3323 2896 3476 2962 dixit,
3503 2897 3688 2968 quibul

2117 2987 2318 3032 certum
2350 2979 2450 3034 iter
2475 2979 2796 3050 signiﬁcatur
2827 2984 3137 3054 navigandi:
3161 2988 3212 3039 in
3244 2990 3552 3060 temporibus
3593 2993 3683 3044 air-

2119 3075 2244 3132 tem,
2274 3069 2413 3122 velut
2437 3079 2516 3124 est
2538 3085 2758 3126 vernum
2781 3081 3004 3141 tempus,
3028 3085 3083 3130 et
3108 3087 3287 3142 aestas,
3313 3081 3372 3134 et
3390 3091 3681 3148 autumnus,

2116 3166 2170 3212 et
2196 3159 2398 3225 hiems;
2419 3162 2542 3229 quia
2579 3173 2631 3215 et
2659 3162 2753 3216 ista
2783 3164 3102 3221 circumactu
3131 3167 3370 3224 siderum
3398 3169 3680 3237 variantur;

2115 3266 2341 3320 suasque
2368 3252 2511 3306 vices
2550 3261 2709 3323 atque
2745 3255 2986 3312 ordinem
3027 3259 3274 3316 servant:
3299 3263 3354 3317 in
3395 3262 3566 3318 diebui
3591 3272 3684 3319 au:-

2116 3351 2222 3397 tcm
2238 3353 2283 3396 et
2300 3343 2349 3396 in
2367 3345 2532 3408 mntis,
2557 3346 2692 3400 sicut
2713 3351 3008 3417 expositum
3033 3350 3142 3418 jam
3168 3364 3273 3420 est,
3302 3340 3684 3423 aocipieudum?

2182 3433 2272 3488 59.
2314 3434 2380 3488 Et
2410 3436 2506 3488 sint
2534 3437 2584 3490 in
2613 3436 2930 3508 splendorem
2960 3441 3011 3494 in
3038 3442 3360 3510 ﬁrmamento
3397 3446 3509 3508 cteli
3533 3457 3584 3501 ut
3607 3442 3684 3502 ω-

2111 3537 2256 3580 ceant
2281 3543 2434 3595 super
2457 3537 2661 3583 tetram.
2688 3529 2854 3598 Supra
2883 3529 2996 3600 jam
3022 3530 3226 3588 dictum
3253 3547 3390 3600 crat,
3424 3537 3578 3592 Fiant
3606 3537 3683 3591 ιν

2112 3619 2325 3672 minaria
2351 3621 2413 3688 in;
2431 3622 2742 3688 firmamento
2779 3621 2914 3688 cadi,
2955 3634 3009 3678 ut
3045 3627 3246 3681 luceant
3287 3645 3444 3693 super
3472 3627 3686 3696 ternuit;

2017 3727 2026 3735 π
2111 3724 2206 3763 cur
2252 3720 2494 3780 putamus
2536 3727 2652 3765 esse
2679 3712 3000 3781 repetitum?
3027 3717 3106 3770 An
3131 3718 3584 3786 quemadmodum
3609 3720 3686 3775 di-

2109 3809 2250 3854 ctum
2278 3801 2452 3857 estde
2487 3804 2756 3872 stirpibus,
2805 3814 2862 3860 ut
2898 3805 3069 3862 {erant
3109 3822 3319 3876 semen,
3351 3823 3406 3866 et
3431 3814 3499 3868 sit
3530 3813 3580 3866 iu
3609 3813 3687 3868 eis

2111 3905 2312 3957 semen,
2361 3895 2648 3961 secundum
2678 3911 2845 3966 genus
2873 3912 3024 3952 suum
3060 3909 3115 3954 et
3151 3900 3588 3971 similitudinem;
3617 3903 3686 3959 ita

2110 3981 2530 4039 bicecontrario
2563 3985 2761 4040 dictum
2808 3997 2890 4042 est
2926 3988 2994 4044 de
3040 3991 3411 4060 luminaribus,
3456 3994 3688 4051 Ficum

2108 4071 2229 4140 aint,
2260 4073 2312 4127 id
2340 4082 2420 4129 est
2447 4073 2575 4130 ﬁant
2606 4085 2660 4132 et
2685 4094 2787 4130 non
2817 4078 3054 4147 gignant,
3085 4079 3178 4136 sed
3217 4084 3334 4154 ipsa
3365 4086 3494 4142 sint.
3529 4085 3594 4140 Et
3615 4086 3686 4140 ei:

2109 4166 2298 4236 factum
2323 4174 2416 4219 est.
2441 4164 2584 4221 Ordo
2605 4167 2692 4221 ille
2713 4179 2973 4223 servamr.
3693 4244 3696 4249 ι

2176 4255 2265 4312 ιο.
2303 4255 2374 4310 Et
2401 4258 2517 4328 fecit
2555 4256 2698 4314 Deus
2738 4261 2839 4314 duo
2881 4261 3185 4329 luminaria;
3231 4265 3486 4324 lunainare
3527 4273 3686 4340 nmina

2107 4345 2304 4400 initium
2332 4345 2450 4412 diei,
2477 4357 2524 4400 et
2553 4348 2800 4404 luminare
2819 4351 2984 4406 minus
3003 4353 3198 4408 initium
3218 4359 3400 4425 noctis,
3431 4370 3478 4413 et
3497 4361 3681 4415 stella.

2106 4435 2241 4503 Quid
2266 4436 2408 4492 dicat
2432 4439 2634 4493 initium
2666 4441 2793 4507 diei,
2825 4451 2878 4497 et
2905 4443 3111 4499 initium
3135 4451 3333 4514 noctis,
3365 4467 3493 4518 mox
3520 4468 3683 4522 appos-

2105 4526 2260 4583 rebit.
2289 4525 2360 4582 Et
2389 4529 2561 4585 stellae
2580 4545 2708 4585 vero
2735 4533 2876 4602 quod
2901 4535 3124 4603 addidit,
3166 4547 3348 4594 utrum
3390 4544 3684 4611 pertineant

2104 4620 2172 4676 ad
2196 4621 2400 4677 initium
2430 4624 2602 4680 noctis
2631 4639 2828 4691 annon,
2869 4627 3170 4698 artibiguum
3201 4641 3306 4686 est.
3337 4634 3564 4702 Quidam
3590 4652 3682 4691 au-

2107 4721 2210 4767 tem
2234 4713 2416 4768 volunt
2444 4713 2528 4769 hic
2548 4715 2830 4784 significari
2854 4716 3030 4772 lunam
3060 4720 3270 4788 plenam
3299 4741 3422 4780 esse
3445 4728 3682 4796 primitus

2103 4800 2315 4868 factam,
2355 4804 2495 4874 quod
2532 4805 2682 4876 plena
2711 4806 2832 4862 luna
2863 4807 3011 4862 initio
3039 4812 3207 4866 noctis
3236 4819 3493 4887 assurgit,
3527 4819 3577 4874 id
3605 4829 3684 4874 est

2104 4907 2224 4946 mox
2243 4903 2357 4962 post
2371 4895 2496 4950 solis
2511 4911 2774 4954 occasum.
2799 4897 2904 4952 Sed
2924 4899 3051 4953 illud
3068 4901 3362 4966 absurdum
3384 4917 3488 4973 est,
3511 4921 3563 4963 ut
3581 4919 3687 4963 non

2101 4996 2132 5036 a
2157 4983 2345 5052 prima,
2367 4987 2458 5040 sed
2484 5002 2514 5041 a
2535 4996 2682 5042 sexta
2710 4988 2912 5044 decima
2939 4991 3020 5047 vel
3047 4995 3229 5063 quinta
3257 4997 3470 5054 decima
3501 5016 3680 5057 nume-

2101 5075 2250 5128 randi
2272 5092 2537 5131 sumamus
2551 5080 2847 5160 exordium.
2868 5081 2978 5138 Nec
2994 5084 3116 5138 illud
3146 5101 3382 5160 moveat,
3413 5092 3554 5162 quod
3579 5107 3681 5162 per;

2103 5165 2291 5220 fectum
2321 5166 2430 5220 ﬁeri
2454 5168 2695 5224 debuerit
2719 5171 2977 5229 luminare
3002 5176 3142 5244 quod
3171 5177 3372 5235 factum
3397 5192 3499 5238 est.
3528 5182 3676 5249 Omni

2099 5261 2237 5314 enil‘u
2267 5260 2352 5315 die
2375 5262 2607 5334 perfecta
2637 5273 2744 5330 est;
2768 5266 2858 5320 sed
2877 5267 2990 5338 cjus
3013 5269 3265 5338 perfectio
3284 5274 3356 5328 ab
3383 5275 3680 5331 hominibus

2098 5368 2201 5406 non
2229 5355 2454 5423 videtur,
2483 5357 2580 5411 nisi
2603 5373 2721 5412 cum
2750 5375 2814 5413 ex
2837 5363 3101 5417 contraria
3128 5375 3286 5433 parte
3315 5370 3416 5424 soli
3441 5369 3676 5440 opposita

2098 5447 2270 5502 luerit.
2287 5448 2417 5503 Nam
2440 5449 2596 5505 etiam
2613 5466 2732 5506 cum
2753 5452 2842 5507 illo
2860 5454 3164 5523 constituta,
3191 5463 3449 5529 quoniam
3471 5463 3570 5519 sub
3592 5463 3679 5518 illo

2095 5550 2198 5608 est,
2228 5541 2439 5598 videtur
2474 5543 2646 5598 ﬁniri:
2668 5543 2961 5626 seductior!)
2987 5547 3294 5634 tuncplena
3317 5563 3435 5630 est;
3459 5559 3588 5630 .quia
3615 5574 3675 5614 ex

2095 5635 2195 5690 alia
2216 5643 2366 5706 parte
2379 5635 2690 5707 illustratur,
2713 5656 2812 5698 nec
2831 5639 3000 5701 videri
3024 5653 3195 5716 potest
3209 5646 3282 5702 ab
3299 5647 3367 5704 iis
3389 5653 3478 5722 qui
3503 5651 3676 5707 sttb't'ér

2097 5739 2240 5796 sunt,
2272 5727 2324 5784 id
2353 5739 2434 5785 est
2457 5738 2652 5788 terram
2681 5727 2937 5793 incolunt.
2967 5733 3124 5807 Ουόᾶ
3143 5731 3249 5795 ιιὸῇ
3275 5727 3460 5815 paucis
3487 5729 3671 5816 Verbis,
