3906 6384
421 406 693 455 momento
712 392 1026 452 attributum
1053 392 1374 449 intellexeris

496 491 584 547 67.
612 488 747 546 Nam
788 504 962 560 neque
988 486 1056 544 de
1094 486 1326 543 fontibus
1355 484 1761 565 ethﬂuminihus
1801 486 2002 542 dictum

423 594 507 641 est
530 582 800 656 quomodo
828 580 962 638 facta
1003 579 1128 636 sint.
1168 577 1269 649 Qui
1313 578 1456 635 enim
1498 578 1861 650 scrupulosius
1901 577 2001 633 ista

421 683 668 748 qua-runt
695 682 749 729 et
792 672 1100 738 disserunt,
1145 671 1379 727 :cthereo
1420 669 1731 741 superlapsu
1758 670 1826 725 de
1866 668 2001 725 mari

420 764 627 822 dulcem
656 763 989 821 invisibiliter
1011 764 1191 818 dicunt
1216 763 1418 819 extrahi
1445 777 1718 833 vaporem,
1748 761 1831 816 his
1855 760 2003 816 vide-

418 854 544 912 licet
576 854 979 911 ascensionibus
1019 869 1152 925 quas
1192 854 1335 909 nullo
1374 853 1534 908 modo
1572 852 1771 908 sentire
1816 865 2001 923 possu-

417 965 583 1005 mus:
616 948 738 1004 inde
779 946 1085 1019 conglobari
1132 947 1330 1010 nubes;
1363 957 1522 1016 atque
1550 946 1620 1000 ita
1663 954 1858 1033 tergam
1898 943 1999 997 im-

416 1041 600 1100 bribus
622 1040 966 1097 madefactam
991 1040 1158 1096 antris
1173 1039 1549 1095 occultioribtts
1571 1037 1998 1107 instillareatque

417 1132 670 1191 insudare
694 1142 919 1197 tantum,
961 1140 1214 1202 quantum
1257 1139 1499 1185 coactqu
1540 1141 1593 1183 et
1629 1143 1724 1198 per
1756 1127 1997 1182 diversos

416 1223 659 1281 tramites
687 1222 889 1293 lapsum
919 1230 1166 1292 erumpat
1194 1222 1245 1276 iu
1275 1222 1466 1278 fontes.
1497 1220 1610 1275 sive
1638 1233 1853 1289 parvos,
1883 1218 1995 1273 sive

412 1315 693 1387 gignendis
733 1314 1038 1370 ﬂuminibus
1086 1313 1325 1368 idoneos.
1367 1312 1532 1382 Cujus
1560 1310 1635 1366 rei
1678 1311 1996 1365 documenta

411 1421 533 1464 esse
557 1406 779 1473 volunt,
810 1407 951 1478 quod
991 1406 1312 1460 marinarum
1354 1420 1608 1475 aquarum
1651 1402 1992 1457 decoctarum

410 1516 580 1571 vapor
598 1501 809 1555 sinuato
836 1500 1155 1569 cooperculo
1176 1508 1449 1567 exceptus,
1482 1497 1757 1550 humOrem
1785 1493 1993 1549 dulcem

409 1591 745 1663 gustantibus
769 1589 1003 1644 exhibet.
1039 1589 1102 1643 lit
1126 1589 1372 1642 omnibus
1398 1587 1505 1642 fere
1547 1586 1885 1641 manifestum
1912 1592 1995 1639 est

409 1684 702 1742 dimiuutos
728 1683 900 1738 foutcs
930 1682 1159 1752 inopiam
1189 1682 1387 1736 sentire
1421 1680 1735 1749 pluviarum.
1763 1680 1993 1732 Attesta-

409 1783 500 1833 tur
520 1786 574 1832 et
597 1774 775 1835 divina
824 1774 1041 1829 l.istoria
1067 1815 1081 1837 ,
1126 1788 1246 1827 cum
1282 1771 1424 1826 tilias
1468 1782 1707 1840 tempore
1731 1768 1991 1823 aridilalis

407 1867 634 1925 imnrem
668 1875 909 1937 posceret
941 1882 954 1917 :
978 1864 1139 1934 jussit
1164 1865 1336 1929 enim,
1382 1876 1501 1917 cum
1531 1861 1645 1932 ipse
1686 1868 1899 1923 oraret,
1934 1867 1993 1913 ut

407 1974 541 2031 puer
563 1975 691 2015 suus
714 1959 779 2013 ad
802 1973 947 2012 mare
966 1956 1296 2017 attenderet;
1326 1955 1464 2009 unde
1490 1969 1610 2009 cum
1638 1952 1839 2007 videret
1861 1949 1991 2005 oriri

406 2065 719 2122 perparvom
745 2048 1081 2111 nubeculam,
1108 2047 1335 2117 pluviam
1358 2045 1486 2116 Regi
1510 2046 1526 2076 ¹
1549 2044 1776 2099 sollicito
1798 2042 1989 2097 adesse

403 2140 705 2206 nuntiavit,
735 2154 837 2209 qua
880 2154 1000 2191 mox
1041 2136 1198 2191 etiam
1244 2134 1451 2206 fugiens
1496 2135 1742 2202 irrigatus
1784 2142 1865 2188 est
1896 2129 1987 2204 (Ill

404 2232 532 2305 Reg.
565 2248 725 2293 ιγιιι.
757 2232 847 2295 45,
875 2230 990 2301 44).
1020 2229 1089 2297 Et
1117 2228 1278 2283 David
1308 2229 1435 2283 dicit
1464 2246 1479 2282 :
1511 2226 1745 2292 Domine,
1774 2226 1858 2296 qui
1889 2223 1987 2278 ad-

402 2338 552 2377 vocas
574 2338 757 2393 aquam
788 2322 961 2384 muris,
994 2330 1039 2373 et
1068 2317 1286 2385 elfnndis
1316 2335 1424 2372 eam
1450 2334 1601 2389 super
1632 2317 1810 2387 faciem
1842 2326 1989 2369 terra:

402 2413 513 2487 (Ex
530 2415 683 2470 Amos
703 2430 752 2477 v,
782 2414 843 2479 8,
869 2423 913 2467 et
949 2429 1031 2476 Ix,
1055 2411 1130 2484 6).
1154 2412 1486 2482 Quapropter
1520 2410 1653 2465 mari
1685 2410 1979 2475 nominato,

403 2506 472 2563 de
509 2506 629 2561 aliis
675 2506 828 2576 aquis
853 2504 1120 2575 superﬂue
1149 2504 1382 2571 diceret,
1414 2504 1525 2557 sive
1562 2503 1678 2559 istis
1722 2502 1980 2569 roriferis,

399 2614 520 2669 qua:
550 2597 806 2653 lemnitate
848 2612 1004 2650 auras
1034 2596 1328 2649 volantibus
1367 2595 1552 2648 avibus
1582 2594 1841 2664 praebent,
1871 2591 1983 2648 sive

400 2689 620 2745 fontium
646 2704 710 2743 ac
736 2688 1010 2742 fluminum
1036 2705 1050 2753 ;
1082 2686 1125 2740 si
1153 2696 1206 2741 et
1235 2687 1339 2740 illa:
1362 2684 1785 2740 cxltalationibus
1816 2685 1977 2749 liuut,

400 2793 455 2839 ct
499 2784 614 2839 ista:
641 2782 930 2853 reciprocis
956 2780 1231 2845 imbribus,
1262 2794 1396 2850 quos
1425 2789 1564 2833 terra
1590 2778 1790 2844 sorbet,
1835 2791 1981 2832 ema-

399 2883 550 2931 nam.

468 2966 695 3023 CAPUT
731 2966 850 3021 XV.
888 2996 957 3007 —
986 2965 1075 3021 48.
1112 2964 1332 3037 Ejiciant
1372 2980 1517 3033 aqum
1554 2964 1753 3034 reptilia
1781 2965 1979 3017 anima-

399 3074 512 3113 rum
540 3059 784 3112 vivarum.
833 3056 941 3110 Cur
979 3055 1214 3109 additum
1242 3064 1320 3110 est
1350 3053 1613 3107 vivarum?
1652 3057 1729 3108 An
1757 3063 1980 3124 possunt

398 3148 519 3206 esse
546 3149 758 3213 animm,
788 3147 887 3202 nisi
918 3146 1133 3200 vivant?
1158 3147 1239 3200 An
1269 3146 1424 3200 istam
1454 3144 1869 3199 manifestiorem
1901 3145 1980 3200 vi-

398 3250 505 3295 tam
531 3238 904 3295 commendare
944 3236 1127 3300 voluit,
1173 3252 1291 3306 qua:
1332 3236 1471 3291 inest
1498 3235 1811 3289 animalibus
1849 3250 1977 3290 sen-

378 3331 688 3392 tientibus,
729 3328 978 3399 quoniam
1014 3327 1246 3396 stirpes'
1276 3341 1337 3380 ea
1381 3326 1603 3381 carent?
1648 3325 1715 3379 Et
1756 3325 1978 3380 volatilia

398 3422 617 3478 volantia
642 3436 792 3492 super
829 3430 1015 3473 terram
1040 3418 1130 3473 sub
1159 3418 1476 3487 ﬁrmamento
1503 3418 1632 3472 caeli.
1664 3416 1720 3472 Si
1748 3417 1977 3471 volatilia

398 3531 502 3573 non
531 3516 712 3570 volant
748 3513 803 3567 in
839 3512 927 3567 illo
955 3510 1236 3581 purissimo
1274 3525 1433 3577 aere,
1480 3511 1568 3564 ubi
1609 3509 1751 3565 nulla
1797 3508 1977 3565 nubila

397 3607 673 3673 oriuntur,
702 3605 827 3661 hinc
858 3601 1197 3659 manifestum
1226 3611 1308 3656 est
1336 3601 1401 3655 ad
1432 3601 1823 3657 ﬁrmamentum
1853 3616 1975 3657 eum

396 3701 699 3771 pertinere;
741 3696 863 3768 quia
892 3694 990 3748 sub
1020 3693 1357 3749 firmamento
1394 3693 1513 3748 C(Bli
1543 3691 1741 3748 dictum
1766 3703 1849 3748 est
1879 3708 1974 3746 vo-

394 3792 558 3847 latilia
589 3791 769 3846 volare
806 3803 968 3857 super
1018 3795 1239 3842 terram.
1287 3785 1352 3840 Et
1380 3788 1452 3840 sic
1480 3788 1668 3859 [cretum
1698 3795 1790 3841 est.
1831 3784 1976 3840 Ordo

395 3883 487 3939 ille
520 3890 778 3938 servatur.
820 3879 1049 3947 ideoque
1078 3877 1415 3947 suhjungitur
1451 3877 1589 3933 sicut
1628 3877 1682 3932 iII
1724 3877 1971 3945 cancris,

396 3983 613 4042 excepta
641 3972 779 4035 luce,
808 3984 925 4039 qua:
952 3968 1098 4038 prior
1124 3966 1259 4022 facta
1282 3975 1384 4021 est.

465 4063 552 4118 49.
587 4060 653 4115 Et
678 4061 795 4132 fecit
833 4057 970 4113 Deus
997 4067 1129 4112 cetos
1166 4074 1408 4129 magnos,
1440 4066 1485 4111 et
1519 4075 1715 4113 onmem
1751 4060 1975 4113 animum

396 4155 693 4211 animalium
733 4152 1050 4222 repentium,
1093 4167 1206 4220 qua:
1241 4151 1494 4218 eiecerunt
1531 4166 1676 4219 aqua?
1702 4152 1975 4206 secundum

394 4266 551 4323 genus
578 4262 771 4313 eorum,
798 4253 845 4299 et
880 4259 1025 4298 onme
1048 4242 1247 4296 volatile
1277 4251 1547 4312 pennatam
1580 4244 1854 4296 secundum
1882 4260 1971 4314 ge-

396 4358 490 4395 nus
514 4356 681 4395 suum.
711 4336 1106 4393 Meminerimus
1132 4349 1257 4389 sane
1282 4334 1571 4390 secundum
1597 4350 1749 4390 suum
1780 4352 1967 4408 genus,

397 4431 467 4488 de
488 4432 552 4486 iis
574 4429 835 4486 creaturis
856 4427 982 4493 dici,
1003 4442 1122 4497 qua:
1142 4426 1381 4481 seminali
1406 4427 1690 4498 prepagine
1717 4443 1969 4499 reparan-

357 4554 366 4603 ε
397 4533 482 4577 tur
514 4540 528 4576 :
558 4537 677 4576 nam
705 4519 774 4575 de
803 4518 981 4574 herbis
1005 4504 1114 4587 iani
1145 4520 1261 4582 hoc,
1296 4528 1350 4573 et
1374 4519 1441 4574 de
1468 4519 1744 4576 arboribus
1771 4521 1971 4578 dictum

396 4623 500 4671 est.
537 4611 601 4669 Et
624 4628 768 4666 omne
792 4610 991 4664 volatile
1017 4619 1310 4679 permotum.
1339 4610 1443 4665 Cur
1471 4611 1707 4667 additum
1733 4624 1814 4670 est
1840 4633 1970 4685 pen-

373 4706 612 4762 'natum7
640 4706 721 4760 Au
746 4712 920 4775 potest
944 4717 1063 4759 esse
1100 4703 1311 4759 volatile
1335 4704 1476 4774 quod
1508 4720 1707 4774 pennas
1734 4722 1838 4762 non
1870 4708 1967 4763 ha-

394 4799 557 4856 beat?
582 4797 676 4854 sed
703 4798 747 4852 si
776 4804 983 4866 potest,
1016 4796 1268 4866 numquid
1309 4795 1410 4852 hoc
1445 4812 1611 4869 genus
1634 4798 1757 4854 fecit
1786 4801 1964 4868 Deus;

393 4890 818 4964 quandoquidem
880 4904 984 4943 non
1048 4888 1311 4944 invenitur
1356 4889 1445 4945 ubi
1494 4891 1563 4945 sit
1608 4891 1846 4947 factum?
1899 4910 1967 4951 an

391 4986 611 5042 omnino
641 4992 811 5054 potest
834 4981 1117 5053 quidquam
1147 4982 1324 5038 volare
1356 4984 1471 5038 sine
1512 4984 1728 5055 pennis?
1753 4985 1883 5042 Nam
1913 4998 1968 5045 et

393 5075 818 5148 vespertiliones,
848 5082 903 5128 et
929 5073 1149 5129 locustae
1172 5114 1185 5137 ,
1216 5082 1269 5128 et
1297 5089 1493 5130 masere
1511 5116 1526 5139 ,
1556 5084 1611 5130 et
1632 5076 1676 5131 si
1705 5078 1829 5147 quid
1861 5078 1963 5136 hu-

386 5166 619 5238 jusmodi
662 5174 747 5222 est
786 5163 926 5234 quod
954 5163 1145 5232 plumis
1168 5170 1378 5229 careat,
1426 5165 1613 5234 pennis
1641 5181 1746 5221 non
1797 5178 1961 5225 caret.

393 5259 500 5315 Sed
530 5266 803 5329 pennatam
826 5253 1060 5310 additum
1090 5263 1169 5308 est
1188 5294 1202 5315 ,
1232 5268 1299 5308 ne
1324 5254 1465 5311 solas
1490 5271 1615 5311 aves
1640 5258 1961 5330 intelligere-

388 5363 543 5413 mus;
571 5347 818 5416 quoniam
848 5346 1017 5414 pisces
1046 5344 1256 5415 pennati
1292 5354 1449 5413 sunt,
1496 5355 1551 5402 et
1578 5362 1739 5418 super
1769 5361 1962 5407 terram

389 5437 570 5492 volant
598 5437 732 5492 infra
763 5452 926 5507 aquas
954 5454 966 5489 :
997 5435 1116 5491 ideo
1145 5452 1249 5492 non
1275 5436 1472 5493 dictum
1500 5449 1614 5507 est,
1644 5456 1806 5509 aves;
1842 5447 1959 5513 sed,

391 5532 618 5586 volantia
641 5530 959 5600 generaliter
977 5537 1033 5585 et
1057 5529 1256 5585 volatile
1281 5542 1571 5601 pennatam.
1597 5533 1665 5591 Et
1685 5536 1806 5594 vidit
1824 5538 1961 5598 Deus

452 5664 468 5694 ι
493 5662 565 5710 Sic
584 5665 667 5710 Ms.
692 5661 841 5710 vatic.
862 5667 916 5710 At
933 5659 1068 5719 editi,
1090 5659 1138 5713 ei
1155 5658 1372 5713 sollicita.

450 5728 468 5757 ³
493 5724 564 5783 sic
585 5727 667 5775 Its.
690 5722 831 5771 Vatia.
864 5729 911 5771 At
937 5722 1063 5777 editi;
1091 5722 1284 5786 stipites,

1611 274 1700 334 ne
1739 272 2005 347 cmest
2046 276 2104 333 s.
2145 265 2511 337 AUGUSTI'NI

3586 296 3689 360 ιω

2113 392 2231 462 quia
2259 390 2445 447 bonum
2479 403 2573 451 est.
2603 393 2673 453 Et
2708 395 2799 456 hic
2824 398 2965 457 sicut
2991 390 3048 458 in
3082 395 3292 463 caeteris
3336 398 3467 467 locis
3496 405 3686 474 intelli-

2109 483 2357 556 gendum.

2179 575 2268 632 50.
2296 575 2365 631 Et
2388 578 2640 635 benedixit
2664 597 2725 638 ea
2744 623 2763 650 ,
2789 582 2963 641 dicens
2988 600 3011 642 :
3033 584 3273 655 Crescite.
3297 602 3349 648 et
3376 596 3683 669 multiplica-

2106 667 2249 731 mini,
2280 679 2327 723 et
2359 668 2544 742 replete
2564 688 2723 745 aquas
2743 675 2899 732 maris
2919 691 2941 741 ;
2963 686 3010 733 et
3037 680 3264 737 volatilia
3286 667 3682 759 multiplicemur

2104 775 2257 830 super
2281 771 2484 817 terram.
2519 762 2953 824 Benedictionem
2994 769 3062 826 ad
3103 771 3481 835 fecunditatem
3507 783 3685 841 Valere

2107 852 2295 917 voluit,
2326 868 2446 923 quae
2482 854 2532 910 in
2560 858 2900 915 successione
2925 862 3089 932 prolis
3125 878 3347 937 apparet
3369 914 3382 933 .
3416 884 3471 928 ut
3496 889 3557 930 ea
3587 875 3683 934 be.

2106 942 2426 1014 nedictione,
2453 947 2575 1019 quia
2606 948 2811 1005 infirma
2841 962 2892 1008 et
2922 956 3165 1013 mortalia
3196 974 3375 1018 creata
3401 976 3552 1031 sunt.
3591 984 3685 1041 ge-

2105 1050 2205 1090 nus
2226 1050 2381 1131 suum
2404 1038 2672 1094 nascendo
2689 1042 3010 1100 custodiant.
3035 1045 3139 1104 Sed
3165 1065 3286 1107 eum
3312 1055 3471 1111 etiam
3493 1038 3686 1131 stirpes

2104 1128 2372 1183 nascendo
2414 1140 2632 1187 teneant
2669 1132 3064 1195 similitudinem
3096 1150 3560 1218 praetereuntium,
3589 1128 3690 1213 cur

2102 1232 2193 1311 eas
2220 1236 2322 1274 non
2352 1220 2659 1279 benedixit?
2686 1228 2766 1281 An
2796 1229 2916 1299 quia
2946 1245 3104 1288 sensu
3125 1248 3310 1293 carent
3330 1280 3345 1305 ,
3372 1242 3461 1311 qui
3490 1246 3688 1305 rationi

2101 1310 2307 1367 vicinus
2334 1313 2455 1368 est?
2482 1314 2597 1372 Non
2632 1318 2774 1373 enim
2818 1332 2966 1378 varat
3002 1324 3245 1397 fortasse,
3284 1310 3427 1403 quod
3452 1340 3686 1396 secunda

2101 1417 2327 1472 persona
2359 1407 2524 1462 utitur
2555 1408 2692 1465 Deus
2718 1410 2768 1466 in
2798 1411 3183 1488 benedicendo,
3218 1433 3274 1477 III
3300 1424 3414 1481 haec
3436 1429 3684 1486 animan-

2103 1496 2172 1593 tia
2190 1501 2471 1593 compellet
2484 1502 2874 1593 quodammodo
2886 1518 3131 1581 tanquam
3145 1516 3407 1573 audientia
3430 1520 3683 1593 dicendo,

2100 1584 2334 1654 Crescite,
2361 1600 2406 1643 et
2433 1592 2859 1663 multiplicamini,
2881 1607 2927 1651 el
2948 1599 3150 1670 implete
3174 1621 3334 1674 aquas
3362 1612 3553 1675 maris;
3582 1584 3685 1671 nec

2099 1684 2274 1732 tamen
2316 1681 2366 1734 iu
2397 1682 2582 1737 eadem
2614 1700 2835 1753 persona
2867 1704 3031 1759 usque
3071 1693 3138 1747 ad
3171 1694 3328 1752 linem
3358 1698 3685 1761 benedictio-

2097 1769 2183 1823 nis
2207 1771 2418 1826 venitur
2445 1791 2457 1826 :
2492 1776 2729 1845 sequitur
2761 1779 2905 1833 enim
2931 1822 2945 1843 ,
2989 1780 3055 1837 Et
3088 1785 3313 1841 volatilia
3338 1790 3684 1863 multiplicen-

2098 1866 2182 1911 tur
2224 1872 2645 1955 superAterram;
2699 1880 2805 1921 non
2852 1869 3014 1934 dixit,
3063 1872 3477 1944 Multiplicamini
3520 1898 3687 1955 super

2100 1959 2317 2006 terram.
2362 1952 2472 2009 Nisi
2516 1954 2652 2011 forte
2691 1958 2791 2014 hoc
2818 1960 2934 2031 ipso
2970 1965 3299 2036 signiﬁcatur
3319 1987 3532 2031 sensum
3557 1952 3683 2033 avni-

2096 2042 2352 2133 Inantium
2386 2060 2490 2099 non
2518 2046 2655 2103 adeo
2694 2048 2922 2107 vicinum
2948 2070 3067 2111 esse
3109 2060 3326 2124 rationi,
3362 2073 3417 2118 ut
3444 2068 3684 2133 perfecte

2094 2131 2265 2235 possit
2291 2134 2532 2235 accipere
2558 2140 2967 2208 compellantem
2986 2188 3003 2214 ,
3033 2148 3169 2205 sicut
3192 2166 3313 2222 qua:
3342 2131 3640 2230 intelligunt
3658 2202 3678 2229 ,

2092 2230 2251 2290 atque
2280 2230 2351 2276 uti
2382 2230 2586 2281 ratione
2614 2241 2856 2297 possunt.

2282 2313 2349 2368 Et
2387 2316 2578 2413 factum
2606 2330 2678 2374 est
2714 2322 2807 2376 sic.
2843 2324 2937 2381 llic
2964 2328 3118 2397 plane
3142 2333 3310 2401 quivis
3352 2338 3533 2396 tardus
3562 2343 3681 2413 jam

2091 2403 2340 2475 evigilare
2370 2406 2559 2473 debet,
2607 2418 2664 2465 ut
2692 2411 2947 2486 intelligat
2978 2420 3160 2487 quales
3200 2424 3284 2479 isti
3313 2426 3427 2484 dies
3452 2403 3685 2492 enume-

2091 2507 2292 2553 rentur.
2351 2500 2482 2557 Cum
2525 2505 2666 2560 enim
2707 2517 2886 2563 certos
2934 2513 3194 2570 seminum
3236 2534 3484 2580 numeros
3535 2527 3682 2589 Deus

2087 2590 2445 2649 animantibus
2470 2595 2706 2664 dederit,
2737 2610 3012 2659 servantes
3041 2607 3226 2662 miram
3265 2623 3415 2668 certo
3442 2618 3636 2677 ordine
3658 2624 3678 2655 ⁸

2086 2686 2465 2749 constantiam,
2512 2700 2568 2743 ut
2596 2701 2745 2745 certo
2769 2692 2974 2749 dierum
3001 2712 3223 2755 nurnero
3241 2743 3259 2768 ,
3287 2718 3386 2775 pro
3412 2723 3513 2764 suo
3535 2728 3679 2783 quo-

2084 2792 2189 2848 que
2225 2794 2453 2850 genere,
2489 2793 2542 2838 et
2576 2794 2830 2857 concepta
2876 2796 3028 2845 utero
3072 2804 3298 2863 gerant,
3323 2807 3378 2854 et
3401 2802 3541 2859 edita
3566 2822 3676 2865 ove

2086 2869 2432 2937 ealefaciant;
2464 2872 2615 2943 cujus
2638 2886 2840 2932 natum
2860 2878 3121 2936 institutio
3147 2883 3237 2940 Dei
3264 2888 3520 2959 sapientia
3540 2910 3683 2955 cono

2083 2972 2357 3027 servatur,
2401 2978 2519 3033 qua:
2549 2966 2716 3021 tendit
2744 2982 2775 3021 a
2817 2967 2921 3025 [ine
2947 2984 3116 3042 usque
3149 2973 3217 3030 ad
3244 2978 3401 3034 titiam
3424 2981 3640 3044 fortiter

2084 3059 2139 3107 ct
2174 3052 2620 3145 disponitomnia
2658 3058 2892 3115 suaviter
2932 3032 3087 3134 (Sep.
3117 3080 3244 3135 vuI,
3273 3032 3681 3145 linquant-odd

2088 3157 2194 3196 uno
2217 3142 2306 3199 die
2332 3154 2615 3213 potuerunt
2640 3158 2695 3204 et
2722 3150 3023 3222 concipere,
3051 3165 3105 3211 et
3133 3167 3286 3215 utero
3308 3142 3634 3233 gravescere
3656 3215 3675 3241 ,

2083 3242 2137 3288 et
2168 3244 2313 3333 parta
2356 3251 2610 3333 vapor-are
2644 3240 2664 3270 ³
2693 3247 2854 3333 atque
2886 3246 3121 3315 nutrire,
3163 3260 3217 3306 et
3244 3254 3467 3326 implere
3501 3240 3681 3333 aquas

2084 3326 2246 3423 maris
2264 3369 2279 3391 ,
2303 3337 2355 3423 et
2376 3328 2713 3398 multiplicari
2742 3346 2903 3402 super
2924 3343 3118 3394 terram
3139 3339 3163 3393 ?
3186 3341 3256 3397 Ita
3278 3347 3420 3403 enim
3446 3326 3680 3423 subiun-

2081 3419 2254 3487 gitur,
2298 3416 2362 3472 Et
2406 3421 2480 3474 sic
2521 3420 2710 3488 [action
2747 3434 2856 3489 est;
2903 3437 3029 3484 ante
3081 3445 3317 3503 vespera:
3355 3416 3673 3503 adventum.

2083 3506 2186 3562 Sed
2217 3508 2465 3563 nimirum
2491 3525 2610 3565 cum
2639 3512 2806 3580 dicit,
2837 3513 2999 3570 Facta
3022 3529 3095 3574 est
3123 3536 3362 3593 vespera;
3387 3534 3675 3593 materiam

2083 3596 2363 3654 informem
2402 3612 2829 3658 commemorat:
2859 3621 2979 3663 cum
3017 3621 3195 3667 autem
3236 3615 3363 3671 dicit
3386 3658 3401 3683 .
3448 3618 3677 3682 Factum

2083 3696 2154 3742 est
2182 3704 2364 3753 mane;
2394 3690 2649 3761 speciem,
2676 3709 2794 3762 qth
2821 3694 2931 3765 ipsa
2958 3702 3267 3768 operatione
3296 3706 3550 3777 impressa
3581 3727 3677 3775 est

2082 3782 2317 3838 materia:
2347 3800 2359 3835 :
2392 3798 2548 3838 mane
2572 3782 2593 3815 ³
2621 3787 2763 3841 enim
2790 3799 2906 3856 post
2936 3794 3300 3861 operationem
3338 3809 3672 3866 transactum

2081 3871 2531 3970 diem-concludit.
2561 3874 2677 3932 Non
2707 3888 2881 3935 tamen
2913 3881 3047 3938 dixit
3076 3888 3232 3955 Heus,
3263 3888 3377 3947 Fiat
3401 3909 3627 3968 vespera
3647 3942 3669 3970 ,

2080 3963 2186 4029 vel,
2213 3963 2304 4019 fiat
2330 3980 2484 4021 mane
2514 3983 2527 4020 :
2558 3974 2995 4027 commemoratio
3019 3984 3103 4030 est
3124 3980 3265 4034 enim
3292 3998 3470 4041 rerum
3496 3963 3675 4049 facta;

2080 4067 2197 4108 rum
2242 4054 2581 4124 brevissima,
2624 4061 2931 4131 significatis
2971 4081 3065 4134 per
3092 4082 3364 4140 vesperam
3409 4086 3463 4132 et
3502 4095 3670 4141 mane

2080 4147 2300 4201 materia
2330 4157 2385 4203 et
2408 4153 2587 4220 specie
2610 4194 2625 4216 ,
2668 4169 2787 4222 qme
2817 4155 2998 4225 utique
3030 4157 3193 4216 Deum
3231 4164 3421 4223 fecisse
3438 4171 3548 4239 jam
3581 4174 3671 4232 di-

2079 4246 2221 4293 ctum
2260 4252 2374 4295 erat
2409 4260 2423 4296 :
2451 4259 2570 4297 cum
2607 4245 2776 4313 ipsum
2813 4245 3079 4304 defectum
3116 4260 3321 4324 tamen,
3352 4258 3403 4314 id
3427 4272 3510 4317 est
3534 4278 3669 4324 cum

2078 4328 2147 4386 de
2177 4331 2355 4401 specie
2380 4333 2446 4387 ad
2471 4336 2745 4389 materiam
2772 4348 2824 4392 et
2855 4339 2922 4393 ad
2953 4340 3177 4399 nihilum
3206 4347 3457 4421 tenditur,
3483 4354 3528 4409 si
3556 4355 3670 4416 hoc

2078 4422 2249 4476 noctis
2274 4423 2488 4477 nomine
2514 4434 2657 4480 recte
2684 4427 3004 4486 insinuatqu
3034 4442 3300 4506 putamus,
3330 4456 3433 4498 nou
3462 4445 3669 4507 dixerit

2077 4511 2433 4611 factum,
2461 4524 2635 4611 tamen
2670 4519 2969 4578 ordinatum
3000 4543 3028 4579 a
3058 4526 3186 4595 Deo,
3226 4546 3347 4588 cum
3385 4537 3461 4592 ait
3493 4556 3665 4611 supe-

2076 4603 2186 4657 rius
2207 4643 2224 4670 ,
2260 4602 2435 4659 Divisit
2464 4605 2597 4663 Deus
2616 4609 2745 4664 inter
2773 4612 2933 4667 lucem
2960 4625 3006 4669 et
3031 4619 3257 4675 tenebras
3286 4639 3305 4676 :
3333 4634 3389 4679 ut
3418 4602 3664 4698 vespera:

2076 4696 2333 4752 vocabulo
2356 4698 2682 4771 signiﬁcetur
2706 4702 2948 4760 informis
2977 4711 3196 4767 materia
3217 4755 3232 4781 ,
3264 4731 3382 4786 qua:
3411 4696 3662 4791 quamvis

2074 4802 2141 4842 ex
2170 4788 2337 4845 nihilo
2381 4791 2511 4848 facta
2540 4805 2660 4860 est,
2694 4804 2777 4851 est
2801 4796 2823 4829 ⁸
2850 4807 3022 4855 tamen
3048 4812 3102 4857 et
3128 4803 3285 4862 habet
3308 4788 3657 4880 capacitatem

2073 4881 2371 4974 specierum
2403 4894 2559 4956 atque
2584 4886 2896 4946 formarum.
2923 4894 3104 4966 ,Αοοίρί
3129 4901 3285 4955 etiam
3312 4914 3488 4974 potest
3513 4919 3657 4967 tene-

2075 4971 2287 5029 brarum
2316 4976 2530 5033 nomine
2560 4978 2729 5048 ipsum
2758 4986 2978 5041 omnino
3003 4988 3245 5057 nihilmn,
3271 4971 3411 5066 quod
3436 4986 3540 5055 non
3571 5004 3661 5059 fe-

2072 5069 2144 5162 cit
2172 5068 2351 5162 Petis,
2390 5080 2444 5125 ct
2480 5072 2621 5128 unde
2660 5072 2783 5131 fecit
2821 5094 3169 5153 qumcumque
3206 5085 3378 5146 facere
3414 5107 3511 5162 pro
3554 5110 3652 5153 sua

2071 5158 2320 5256 ineffabili
2348 5161 2583 5256 bonitate
2607 5164 2853 5237 dignatus
2886 5181 2989 5241 est,
3021 5190 3142 5231 eum
3173 5178 3243 5235 sit
3269 5158 3605 5256 omnipotens

2070 5251 2158 5320 qui
2188 5251 2344 5306 clla!“
2367 5253 2435 5308 de
2463 5254 2630 5310 nihilo
2651 5234 2793 5314 tanta
2819 5234 2986 5319 fecit;
3230 5234 3233 5235 ν
3280 5234 3604 5256 mm—rﬂ‘m'
3628 5234 3649 5258 ’

2141 5341 2229 5397 52.
2263 5341 2329 5398 Et
2367 5349 2504 5411 facta
2540 5357 2610 5402 est
2646 5365 2850 5420 vespera
2871 5392 2889 5418 ,
2931 5365 2978 5409 et
3004 5359 3195 5427 factum
3233 5375 3307 5418 est
3349 5382 3495 5424 mane
3536 5371 3647 5428 dies

2136 5496 2151 5558 ξ
2177 5500 2259 5545 Ms.
2286 5500 2451 5553 \‘atic..
2471 5506 2602 5551 certa
2622 5501 2934 5558 ordinatione.

2067 5556 2792 5697 “illam?
2953 5570 2997 5621 id
3034 5582 3109 5625 est
3131 5576 3417 5642 calefacere,
3442 5594 3496 5636 ut
3516 5598 3642 5650 apud

2132 5678 2257 5756 ξ
2275 5685 2442 5756 ratio,
2465 5683 2534 5756 ita
2547 5678 2699 5756 enim;
2714 5678 2908 5743 omissa
2921 5678 3057 5756 voce,
3083 5711 3237 5752 mane.

2134 5739 2153 5775 ἓ
2174 5745 2266 5792 Ms.
2298 5739 2462 5798 \'atic..
2497 5748 2622 5799 facta
2643 5739 2889 5808 esttwnen
2905 5739 3263 5815 .-'6éé'h317eitir
3294 5768 3527 5831 modo.
3546 5775 3634 5837 est,

2320 5878 2385 5905 ,ρ
2422 5888 2423 5891 η
