3906 6324
653 247 669 256 -
707 233 891 279 μω...

255 310 368 370 ul

257 431 497 504 quintus.
528 428 625 485 Hic
659 436 939 498 postquam
963 425 1135 494 dixit,
1185 427 1252 482 Et
1291 427 1364 483 sic
1398 431 1587 498 factum
1622 435 1726 491 est,
1759 440 1864 480 non

259 522 507 580 subdidit
532 520 690 576 sicuti
715 519 850 575 solet
877 520 1295 583 exsecutionem,
1328 519 1476 588 quasi
1508 520 1696 572 iterum
1728 517 1864 572 facta

256 618 414 679 sint;
437 616 548 685 jam
582 614 728 670 enim
759 613 1006 682 superius
1030 613 1230 667 dictum
1258 620 1390 668 erat.
1424 611 1529 666 Nec
1555 627 1616 666 ea
1650 611 1866 665 benedi-

256 709 479 772 ctione,
523 723 644 777 qum
681 705 748 759 ad
784 704 1102 775 gignendam
1148 704 1349 773 prolem
1391 705 1639 773 pertinet,
1687 703 1862 772 aliqua

257 814 409 855 nova
440 809 628 852 natura
674 796 1060 858 fabricabatur;
1105 794 1199 850 sed
1243 810 1361 863 qua!
1403 794 1536 849 facta
1572 804 1723 848 erant
1770 809 1863 862 per

256 889 696 948 successionem,
729 885 1201 940 consert'abantnr.
1247 884 1314 938 Et
1351 885 1470 938 ideo
1500 900 1596 939 nec
1624 883 1748 938 illud
1782 883 1861 938 di-

251 992 414 1039 ctum
451 991 572 1046 est,
618 981 680 1035 Et
717 979 848 1034 vidit
893 979 1032 1033 Deus
1054 979 1174 1047 qttia
1203 978 1397 1032 bonum
1423 985 1506 1032 est.
1539 978 1686 1046 :jam
1717 976 1858 1031 enim

251 1088 356 1130 res
379 1074 492 1144 ipsa
519 1073 808 1142 placuerat,
835 1085 954 1139 qua:
980 1079 1185 1124 tantum
1215 1069 1473 1124 servanda
1505 1079 1622 1123 erat
1663 1069 1713 1122 in
1743 1067 1858 1123 feti-

253 1167 388 1223 bus.
421 1164 566 1222 Nihil
591 1164 677 1219 hic
706 1164 879 1233 itaque
901 1161 1183 1234 repetitum
1212 1170 1315 1223 est,
1348 1161 1446 1216 nisi
1482 1160 1622 1230 quiid
1651 1161 1762 1224 ait,
1795 1159 1859 1214 Et

253 1262 460 1328 factum
498 1265 573 1311 est
608 1256 719 1320 sic;
764 1254 1052 1324 statimque
1089 1251 1384 1320 subjectum
1431 1251 1497 1305 de
1541 1266 1762 1317 vespera
1805 1259 1859 1305 ct

253 1364 424 1405 mane
457 1367 471 1403 :
498 1347 692 1418 quibus
721 1345 1040 1410 nominatis,
1067 1353 1329 1398 transacta
1359 1358 1518 1412 opera
1545 1342 1612 1397 de
1645 1341 1855 1396 informi

255 1439 493 1496 materia
533 1448 588 1493 et
625 1438 804 1509 specie
829 1452 947 1506 qua:
991 1435 1280 1507 imponitur
1301 1473 1317 1498 ,
1345 1435 1625 1503 significari
1656 1434 1854 1490 dictum

253 1543 366 1591 est.
388 1533 502 1590 Nisi
540 1532 675 1589 forte
697 1531 895 1602 aliquid
921 1530 1113 1586 melius
1134 1537 1293 1601 atque
1318 1530 1597 1584 sublimius
1626 1529 1856 1584 occurrit

253 1627 654 1698 qmcrcntilms.

332 1720 423 1776 53.
459 1717 530 1774 Et
556 1719 685 1774 dia‘it
722 1717 890 1783 Deus,
924 1716 1110 1786 Ejiciat
1141 1725 1275 1772 terra
1315 1716 1537 1770 animam
1573 1715 1732 1768 ricam
1772 1731 1852 1768 se-

251 1812 486 1867 cundum
515 1827 663 1865 suum
689 1825 881 1880 genus:
906 1808 1293 1880 quadrupedum
1312 1849 1327 1871 ,
1356 1817 1402 1861 et
1440 1806 1779 1875 serpentium,
1808 1815 1854 1860 et

251 1906 538 1962 bestiarum
573 1913 721 1957 terra:
745 1902 1020 1956 secundum
1061 1918 1216 1972 genus
1235 1943 1250 1964 ,
1288 1911 1334 1954 et
1375 1916 1554 1970 perora
1581 1899 1854 1952 secundant

254 2013 447 2068 genus.
490 1995 560 2050 Et
586 2000 776 2065 factum
805 2004 877 2049 est
901 1996 995 2050 sic.
1037 1995 1168 2049 Cum
1199 1995 1396 2049 dictum
1425 1993 1580 2048 fuerit
1607 1995 1849 2059 animum,

251 2106 359 2145 cur
382 2089 625 2143 additum
648 2089 714 2142 sit
741 2087 939 2151 virum;
969 2086 1169 2156 etquid
1194 2087 1263 2140 sit
1283 2085 1556 2140 secundum
1579 2103 1770 2156 genus;
1800 2095 1854 2141 et

248 2182 326 2237 de
351 2181 512 2237 solita
557 2179 902 2234 conclusione
941 2193 1043 2248 qua
1086 2177 1308 2238 dicitur,
1339 2187 1382 2230 et
1419 2179 1610 2248 factum
1637 2187 1711 2230 est
1741 2177 1811 2230 sic
1832 2217 1848 2240 ,

250 2273 395 2328 sicut
415 2271 665 2341 superius
705 2278 984 2323 tractatum
1015 2278 1097 2323 est
1124 2310 1136 2330 ,
1161 2268 1546 2322 considerantia
1573 2277 1626 2321 et.
1655 2268 1852 2336 accipi-

247 2366 396 2421 enda
441 2374 588 2420 sunt.
629 2361 760 2417 Cum
804 2373 979 2417 autent
1027 2362 1080 2416 iit
1111 2363 1271 2417 latina
1313 2362 1488 2429 lingua
1521 2362 1735 2414 nomine
1764 2361 1854 2414 he-

249 2458 485 2513 stiarum
526 2471 689 2510 omne
732 2455 1035 2509 irrationale
1060 2453 1254 2508 animal
1291 2453 1607 2522 generaliter
1649 2452 1852 2522 signifi-

248 2556 442 2609 cetur;
467 2546 555 2600 hic
580 2555 756 2600 tamen
796 2543 1182 2614 distinguenda:
1216 2553 1341 2597 sunt
1369 2543 1576 2612 species
1596 2584 1608 2604 ,
1637 2555 1690 2595 ut
1719 2558 1854 2613 qua-

249 2637 533 2707 drupedes
589 2637 912 2706 accipiamus
973 2636 1150 2690 oinuia
1202 2636 1475 2702 jumenta;
1537 2643 1850 2704 serpentes,

255 2731 440 2784 omnia
464 2728 736 2798 repentia;
770 2727 962 2782 bestias
986 2727 1065 2782 vel
1091 2727 1256 2788 feras,
1288 2727 1465 2780 omnia
1491 2727 1852 2796 quadrnpcdia

257 2820 560 2880 indomita;
603 2833 797 2888 pecora
838 2834 966 2875 vero
988 2860 1004 2883 ,
1037 2818 1397 2888 quadrupedia
1441 2835 1559 2887 qua:
1592 2833 1694 2872 non
1725 2834 1851 2887 ope-

259 2911 432 2968 rando
471 2909 758 2980 adjurant,
806 2909 899 2965 sed
936 2909 1063 2965 dant
1089 2910 1317 2979 aliquem
1359 2907 1585 2964 frttctum
1626 2924 1851 2979 pascen-

260 3002 426 3058 tibus.

335 3091 568 3150 CAPUT
607 3091 744 3148 XVI.
765 3120 834 3132 --
865 3092 952 3146 54.
996 3091 1063 3145 Et
1090 3092 1204 3162 fecit
1238 3089 1371 3145 Deus
1397 3091 1578 3147 bestias
1602 3102 1749 3145 terra:
1771 3108 1848 3146 se-

263 3185 485 3241 cundum
527 3201 713 3256 genus,
752 3194 797 3238 et
840 3199 1023 3254 pecora
1059 3184 1331 3238 secundum
1369 3199 1554 3254 genus,
1597 3193 1642 3236 et
1685 3184 1853 3237 omnia

264 3277 520 3346 serpentia
545 3284 690 3327 terna
711 3273 987 3328 secundant
1013 3289 1188 3344 genus.
1220 3273 1342 3328 lltec
1370 3274 1578 3328 iteratio
1601 3274 1741 3344 quod
1771 3275 1852 3328 di-

264 3378 407 3424 ctum
452 3377 537 3422 cst
558 3408 571 3431 ,
601 3365 666 3420 Et
705 3367 822 3436 fecit
862 3364 1035 3426 Deus,
1068 3381 1186 3420 cum
1214 3365 1322 3433 jant
1354 3365 1551 3418 dictum
1574 3375 1716 3420 esset
1739 3407 1754 3428 ,
1783 3364 1852 3419 Et

265 3466 459 3532 factum
487 3467 559 3513 est
587 3459 697 3523 sic;
725 3458 1016 3514 secundum
1047 3457 1374 3526 superiorem
1405 3456 1641 3526 regulam
1672 3458 1851 3512 consi-

262 3551 502 3606 deretur.
529 3548 667 3606 Sane
697 3549 782 3604 hic
813 3563 1062 3618 pecorum
1092 3546 1306 3602 nomine
1331 3547 1508 3601 omnia
1539 3558 1664 3617 puto
1693 3549 1852 3618 signi-

267 3644 418 3699 ficata
471 3647 592 3698 esse
646 3642 1005 3712 quadrupedia
1061 3656 1180 3711 qua:
1235 3639 1335 3694 sub
1393 3655 1518 3694 cura
1579 3641 1850 3694 hominum

268 3738 476 3792 vivunt.
505 3736 574 3790 Et
599 3735 722 3790 vidit
748 3734 890 3797 Deus
914 3735 1035 3805 quia
1059 3733 1244 3788 bonum
1263 3743 1336 3788 est
1364 3749 1382 3788 :
1407 3735 1560 3788 solite
1582 3734 1851 3804 accipien-

267 3826 415 3883 dum.

338 3919 426 3974 55.
459 3917 526 3972 Et
552 3918 682 3972 dixit
710 3915 878 3980 Deus,
910 3916 1182 3972 Faciamus
1210 3918 1460 3971 hominem
1489 3918 1557 3970 ad
1584 3918 1851 3988 imaginem

267 4019 316 4064 ct
340 4009 721 4064 similitudinem
747 4019 989 4064 nostram.
1019 4009 1088 4064 Et
1112 4009 1196 4064 hic
1217 4009 1682 4064 animadvertenda
1708 4025 1852 4080 qua:-

266 4102 390 4157 datn
417 4113 473 4158 et
495 4101 820 4169 conjunctio,
847 4111 903 4156 et
925 4101 1180 4157 discretio
1209 4103 1574 4156 animantium.
1605 4102 1736 4156 Nam
1759 4118 1850 4156 eo-

271 4195 390 4250 dem
431 4195 519 4250 die
561 4193 756 4249 factum
801 4195 1067 4249 hominem
1107 4194 1271 4260 dicit,
1315 4210 1421 4264 quo
1459 4195 1671 4248 bestias.
1719 4195 1849 4250 Sunt

271 4287 410 4341 enim
437 4285 598 4340 simul
640 4285 820 4340 omnia
857 4295 1066 4341 terrena
1095 4286 1380 4340 animantia
1406 4302 1420 4351 ;
1449 4295 1502 4340 ct
1531 4295 1704 4342 tamen
1733 4303 1853 4356 pro-

274 4386 388 4447 pter
410 4377 779 4432 excellentiam
809 4377 1059 4440 rationis,
1101 4375 1392 4431 secundum
1425 4393 1581 4447 quam
1609 4377 1674 4432 ad
1718 4379 1850 4432 ima-

274 4470 446 4539 ginem
477 4468 568 4524 Dei
595 4477 651 4524 et
674 4468 1075 4523 similitudinem
1099 4467 1331 4523 efficitur
1357 4470 1534 4533 homo,
1568 4470 1849 4539 separatim

275 4560 340 4616 de
365 4561 457 4616 illo
480 4559 695 4624 dicitur,
726 4569 1002 4631 postquam
1027 4560 1096 4614 de
1123 4561 1333 4615 cancris
1359 4563 1586 4616 terrenis
1611 4563 1852 4617 animan-

277 4643 414 4707 tibus
437 4652 593 4707 solite
611 4651 918 4706 conclusum
945 4659 1048 4717 est,
1073 4649 1322 4717 dicendo,
1346 4652 1411 4704 Et
1431 4653 1552 4704 vidit
1575 4652 1712 4706 Deus
1735 4654 1853 4723 quia

277 4743 460 4798 borium
488 4751 581 4798 est.

345 4834 435 4890 56.
474 4832 930 4891 Considerandum
968 4834 1129 4890 etiam
1176 4832 1335 4900 illud,
1374 4833 1513 4904 quod
1555 4834 1605 4888 in
1644 4835 1852 4892 ezcteris

277 4943 381 4984 non
413 4926 550 4983 dixit
589 4927 762 4992 Deus,
796 4925 1106 4994 Faciamus;
1138 4937 1194 4982 ut
1223 4927 1324 4982 hoc
1347 4943 1557 4998 quoque
1586 4927 1745 4982 modo
1767 4943 1852 4981 vo-

279 5020 435 5077 luerit
456 5017 686 5090 Spiritus
706 5028 920 5075 sauctus
944 5019 1186 5073 humana:
1210 5029 1412 5073 natum-
1435 5019 1700 5073 insinuare
1722 5033 1851 5088 pne-

278 5112 543 5166 stantiam.
572 5108 667 5166 Cui
695 5121 873 5166 autem
904 5126 1044 5166 nunc
1070 5111 1266 5165 dictum
1298 5118 1400 5172 est,
1428 5109 1721 5176 Faciamus,
1748 5111 1850 5165 nisi

278 5203 356 5257 cui
382 5201 656 5257 dicebatur
675 5202 728 5256 in
754 5203 988 5266 caeteris,
1013 5199 1172 5255 Fiat?
1191 5201 1375 5256 Omnia
1397 5200 1537 5254 enim
1561 5216 1658 5271 per
1679 5202 1848 5270 ipsum

281 5295 409 5351 facta
435 5305 593 5361 sunt,
619 5305 676 5351 et
695 5297 812 5351 sine
833 5295 947 5365 ipso
977 5294 1170 5349 factum
1194 5303 1276 5350 est
1315 5293 1442 5347 nihil
1483 5293 1658 5360 (Joan.
1687 5310 1739 5358 t,
1771 5292 1849 5365 '5).

279 5387 378 5444 Sed
424 5388 548 5458 quid
575 5399 827 5459 putamus
853 5388 1010 5442 aliter
1042 5387 1238 5442 dictum
1265 5401 1386 5441 esse
1405 5429 1420 5451 ,
1463 5386 1584 5440 Fiat
1612 5428 1625 5452 ,
1669 5388 1768 5442 nisi
1796 5397 1852 5443 ιιι

281 5481 387 5550 ipse
416 5478 784 5547 faceretjussu
807 5479 1005 5543 Patris;
1039 5488 1092 5533 et
1116 5479 1292 5543 aliter,
1328 5477 1624 5543 Faciamus,
1663 5478 1763 5532 nisi
1795 5488 1852 5533 nt

279 5571 432 5626 ambo
465 5571 666 5640 pariter
702 5570 972 5625 facerent?
1001 5572 1082 5624 An
1126 5570 1300 5623 omnia
1345 5585 1461 5638 qme
1498 5569 1622 5622 facit
1660 5570 1847 5636 Pater,

279 5677 370 5732 per
401 5662 592 5717 Filium
624 5660 748 5716 facit
766 5701 781 5721 .
809 5670 864 5716 et
904 5661 1021 5716 ideo
1049 5675 1188 5715 nunc
1216 5659 1488 5713 Faciamus
1512 5659 1710 5714 dictum
1739 5669 1850 5725 est,

276 5765 329 5810 ιιι
358 5755 458 5824 ipsi
491 5754 715 5818 homini,
738 5764 953 5822 propter
979 5770 1132 5823 quem
1153 5753 1428 5820 Scriptura
1453 5753 1562 5822 ipsa
1588 5752 1720 5806 facta
1747 5765 1848 5821 est,

1544 308 1743 364 LIBER
1786 305 2290 368 IMPERFECTUS.

1975 423 2045 479 ita
2090 425 2141 479 in
2182 427 2356 497 seipso
2401 426 2858 484 demonstraretur
2893 444 2956 486 ea
2994 418 3114 506 quaé
3139 435 3308 493 Filius
3341 414 3555 496 dicente

1975 517 2130 573 Patre
2158 519 2314 587 facit,
2347 522 2506 578 etiam
2546 525 2714 592 ipsum
2741 526 2950 583 Patrem
2991 526 3200 590 facere;
3229 538 3286 584 ut
3313 530 3456 600 quod
3495 532 3549 586 in

1972 613 2182 667 callet-is
2204 614 2498 680 dieebatnr,
2534 616 2668 679 Fiat,
2701 629 2746 672 et
2772 620 2958 688 factum
2989 631 3080 688 est,
3114 621 3200 676 hic
3224 634 3541 692 experiatur,

1971 717 2076 756 non
2104 706 2386 772 separatim
2421 706 2581 761 fuisse
2612 707 2896 764 dictionem
2922 720 2976 765 et
3005 713 3288 780 separatim
3314 713 3551 772 echetio-

1974 809 2140 858 nem,
2184 796 2276 850 sed
2311 807 2590 868 utrumque
2630 800 2806 864 simul,
2838 816 2956 856 cum
2998 801 3085 856 hic
3108 802 3317 864 dicitur.
3362 803 3552 860 Facia-

1969 900 2079 939 mus
2100 886 2124 939 ?

2038 980 2125 1033 57.
2159 979 2226 1033 Et
2266 981 2392 1036 dixit
2422 981 2580 1046 Deus,
2615 982 2886 1039 Faciamus
2911 984 3161 1041 hominem
3185 989 3253 1042 ad
3277 989 3544 1062 imaginem

1966 1079 2012 1124 et
2036 1072 2413 1126 similitudinem
2443 1085 2684 1130 nostram.
2728 1076 2912 1131 Omnis
2945 1081 3116 1148 imago
3155 1081 3344 1136 similis
3380 1092 3464 1138 est
3499 1084 3548 1140 ei

1965 1162 2118 1231 cujus
2158 1163 2330 1234 imago
2357 1173 2470 1228 est;
2520 1181 2618 1221 nec
2663 1176 2836 1222 tamen
2866 1184 3025 1224 omne
3067 1171 3206 1240 quod
3252 1173 3423 1228 simile
3467 1184 3549 1230 est

1963 1252 2120 1308 alzcui
2141 1296 2153 1312 .
2185 1257 2346 1310 etiam
2385 1257 2557 1327 imago
2598 1269 2680 1312 est
2706 1258 2821 1328 ejus
2847 1278 2858 1312 :
2892 1260 3028 1314 sicut
3055 1261 3105 1315 itt
3145 1263 3362 1330 Speculo
3391 1275 3444 1319 et
3473 1265 3550 1334 pi-

1962 1355 2132 1409 ctura,
2157 1348 2275 1416 quia
2301 1348 2555 1417 imagines
2572 1359 2714 1411 sunt,
2736 1351 2894 1404 etiam
2914 1351 3113 1407 similes
3129 1363 3281 1414 sunt;
3308 1364 3482 1410 tantctt
3499 1354 3547 1411 si

1961 1437 2097 1491 alter
2123 1453 2186 1492 ex
2213 1439 2382 1493 altero
2412 1450 2562 1494 natus
2581 1455 2682 1494 non
2710 1449 2812 1504 est,
2844 1441 3019 1496 nullns
3045 1458 3230 1498 eorum
3259 1445 3432 1515 imago
3458 1446 3545 1500 al-

1963 1530 2126 1583 tcrins
2151 1529 2252 1584 dici
2277 1539 2469 1600 potest.
2499 1533 2672 1601 Imago
2693 1531 2832 1587 enim
2854 1543 2976 1587 tunc
3003 1543 3103 1590 est.
3137 1549 3256 1588 cum
3277 1535 3343 1589 de
3369 1537 3546 1605 aliquo

1961 1622 2292 1691 exprimitur.
2321 1623 2428 1676 Cnr
2448 1639 2594 1691 ergo,
2617 1639 2738 1678 cum
2760 1623 2956 1678 dictum
2981 1635 3144 1690 esset,
3167 1626 3233 1677 ad
3253 1626 3544 1697 imaginem,

1959 1715 2194 1769 additum
2222 1725 2321 1780 est,
2351 1726 2396 1768 et
2423 1717 2834 1783 similitudinem;
2858 1719 3006 1786 quasi
3038 1718 3200 1787 possit
3225 1734 3345 1773 esse
3373 1720 3548 1789 imago

1959 1807 2274 1862 dissimilis?
2319 1807 2601 1862 Snfliccrt-t
2649 1825 2775 1878 ergo
2818 1810 2886 1862 ad
2920 1810 3188 1878 imaginem
3230 1809 3426 1863 dicere.
3462 1811 3544 1865 An

1958 1903 2098 1956 aliud
2121 1914 2201 1956 est
2222 1902 2414 1967 simile,
2438 1902 2576 1956 aliud
2595 1904 2911 1966 similitudo;
2935 1903 3072 1957 sicut
3087 1903 3223 1957 aliud
3243 1918 3323 1958 εει
3340 1913 3542 1971 castus,

1959 1993 2100 2046 aliud
2129 1997 2375 2054 castitas;
2402 1993 2542 2047 aliud
2577 1994 2746 2058 fortis,
2775 1994 2913 2046 aliud
2961 1993 3213 2047 fortitudo
3239 2012 3252 2048 :
3282 2005 3337 2048 nt
3361 2011 3545 2064 quem-

1958 2085 2242 2138 admodum
2285 2101 2632 2156 quacumque
2670 2094 2793 2140 sn:.t
2837 2085 3018 2150 fortia,
3070 2085 3375 2140 fortitudine
3421 2095 3546 2142 sunt

1959 2175 2143 2241 fortia;
2176 2187 2225 2232 et
2251 2193 2595 2247 qutmtnnqne
2615 2187 2734 2230 sunt
2760 2188 2926 2241 casta,
2949 2177 3190 2230 castitate
3211 2185 3333 2231 sunt
3357 2186 3500 2231 casta
3525 2194 3540 2232 :

1960 2267 2028 2320 ita
2058 2282 2404 2337 qna3cnmqne
2429 2277 2551 2320 sunt
2578 2267 2792 2328 similia,
2816 2266 3163 2321 similitudine
3191 2267 3296 2320 sint
3315 2265 3543 2320 similia?

1958 2360 2072 2416 Non
2101 2371 2275 2414 autem
2310 2362 2480 2430 imago
2520 2369 2696 2414 nostra
2730 2361 2857 2413 satis
2887 2360 3093 2429 proprie
3123 2359 3314 2412 dicitur
3352 2357 3542 2411 simili-

1960 2451 2087 2505 tudo
2116 2463 2292 2505 nostra
2325 2468 2466 2514 essm
2509 2467 2628 2505 cum
2669 2459 2843 2504 tamen
2887 2451 3096 2520 proprie
3116 2449 3322 2504 dicatur
3351 2448 3542 2502 similis

1959 2543 2111 2597 nobis
2136 2558 2252 2597 esse
2280 2561 2291 2597 :
2324 2554 2379 2597 ut
2418 2543 2486 2595 ibi
2515 2544 2582 2597 sit
2608 2558 2668 2598 ea
2709 2543 2995 2596 similitudo
3021 2585 3034 2607 ,
3066 2559 3165 2611 qua
3197 2542 3388 2595 similia
3420 2551 3543 2595 sunt

1956 2652 2300 2705 quaecumque
2331 2637 2542 2699 similia,
2573 2637 2659 2690 ubi
2682 2654 2721 2689 e.
2745 2645 2764 2690 t
2788 2645 2842 2689 et
2863 2637 3100 2700 castitas,
3123 2651 3224 2704 qtta
3247 2644 3390 2688 casta
3417 2643 3540 2688 sunt

1957 2742 2306 2797 qumcnmque
2337 2735 2460 2780 sunt
2483 2737 2645 2780 casta.
2685 2727 2910 2780 (Iastitas
2949 2736 3123 2780 autem
3154 2724 3348 2780 nullius
3377 2723 3540 2793 parti-

1957 2820 2219 2889 cipalione
2248 2830 2392 2872 casta
2415 2828 2514 2882 est,
2546 2819 2636 2872 aed
2663 2819 2776 2886 ejns
2811 2818 3210 2887 participatione
3246 2825 3364 2871 sunt
3393 2825 3539 2870 casta

1957 2926 2302 2982 qumcnmque
2328 2919 2470 2964 easta
2502 2919 2642 2964 sunt.
2690 2912 2818 2977 Quae
2858 2910 3038 2977 utique
3069 2908 3119 2961 itt
3151 2908 3258 2962 Deo
3298 2918 3406 2971 est,
3451 2904 3540 2960 ubi

1957 3012 2040 3056 est
2063 3003 2220 3056 etiam
2250 3003 2334 3054 illa
2365 3002 2643 3072 sapientia,
2671 3017 2788 3069 qua:
2815 3016 2916 3053 non
2940 2997 3304 3068 participando
3329 2998 3541 3068 sapiens

1957 3104 2057 3158 est,
2091 3095 2182 3148 sed
2214 3095 2364 3164 cujns
2392 3095 2792 3164 participatione
2833 3093 3044 3162 sapiens
3083 3101 3164 3146 est
3190 3091 3363 3144 anima
3390 3105 3538 3160 qua:-

1957 3204 2183 3258 cnmque
2212 3190 2423 3260 Sapiens
2447 3197 2546 3242 est.
2575 3187 2906 3256 Quapropter
2925 3185 3083 3239 etiam
3107 3183 3395 3237 similitudo
3423 3181 3537 3248 Dei,

1959 3296 2053 3349 per
2089 3296 2242 3349 quam
2287 3279 2418 3332 facta
2459 3287 2579 3332 sunt
2607 3277 2821 3341 omnia,
2869 3276 3079 3345 proprie
3119 3274 3312 3328 dicitur
3356 3272 3542 3329 simili-

1960 3372 2115 3433 tudo;
2161 3372 2280 3440 quia
2325 3385 2430 3424 non
2475 3369 2878 3439 participatione
2921 3367 3142 3436 alicujus
3181 3365 3539 3421 similitudinis

1958 3465 2146 3519 similis
2172 3473 2254 3519 est
2273 3507 2288 3530 ,
2329 3464 2420 3517 sed
2455 3464 2566 3532 ipsa
2597 3471 2678 3517 cst
2705 3464 2870 3532 prima
2901 3459 3212 3525 similitudo,
3241 3459 3391 3527 enjus
3419 3474 3541 3529 par-

1961 3561 2264 3629 ticipatione
2290 3559 2480 3613 similia
2512 3567 2666 3621 sunt,
2708 3571 3055 3627 qutncumque
3096 3570 3190 3624 per
3227 3555 3369 3608 illaut
3415 3552 3541 3608 fecit

1958 3655 2117 3708 Dens.

2029 3745 2097 3798 58
2151 3741 2426 3811 Expositio
2451 3755 2578 3810 ergo
2622 3739 2844 3792 fortasse
2884 3745 2996 3799 est,
3025 3735 3164 3806 quod
3193 3735 3426 3788 additmn
3457 3743 3542 3789 est

1958 3835 2025 3888 ad
2053 3831 2430 3886 similitudinem
2452 3872 2466 3895 ,
2511 3845 2631 3882 cum
2668 3829 2776 3897 jam
2806 3828 3002 3881 dictum
3033 3837 3172 3880 esset
3198 3868 3212 3889 ,
3245 3825 3311 3877 ad
3353 3825 3538 3894 imagi-

1956 3940 2106 3988 nem;
2139 3931 2194 3975 ut
2231 3920 2602 3975 ostenderetur
2624 3934 2740 3973 eam
2769 3935 2886 3987 qua:
2929 3918 3099 3986 imago
3124 3915 3260 3972 dicta
3287 3925 3361 3970 cst
3386 3957 3400 3976 ,
3433 3928 3539 3968 non

1958 4017 2028 4071 ita
2051 4015 2277 4069 similem
2305 4029 2424 4068 esse
2452 4013 2579 4076 Deo,
2609 4012 2756 4082 quasi
2785 4011 3005 4078 alicujus
3031 4008 3390 4063 similitudinis
3419 4023 3539 4074 par-

1960 4107 2282 4177 ticipantcm,
2313 4104 2407 4159 sed
2438 4104 2573 4158 hanc
2594 4104 2760 4173 ipsam
2785 4117 2902 4156 esse
2933 4100 3358 4162 similittnlinem,
3389 4099 3538 4167 cujus

1959 4199 2337 4270 participarcnt
2369 4196 2550 4250 omnia
2582 4210 2700 4264 quae
2725 4193 2973 4248 dicuntur
2997 4206 3115 4246 esse
3154 4191 3366 4245 similia.
3390 4190 3540 4244 Sicut

1959 4292 2070 4362 ipsa
2099 4300 2180 4344 est
2217 4297 2270 4343 et
2308 4288 2522 4341 castitas
2545 4329 2559 4352 ,
2603 4286 2756 4355 cujus
2786 4284 3186 4355 participatione
3229 4291 3390 4336 casltl‘
3417 4289 3542 4336 sunt

1957 4385 2183 4446 animae;
2232 4391 2286 4436 et
2322 4380 2579 4450 sapientia
2601 4421 2615 4442 ,
2647 4377 2797 4445 cujus
2843 4375 3239 4446 participatione
3268 4373 3541 4442 sapientes

1961 4485 2085 4529 sunt
2110 4473 2331 4536 animm;
2361 4483 2416 4526 et
2447 4469 2804 4541 pulchritudo,
2826 4468 2974 4536 cujus
2995 4465 3395 4536 participatione
3422 4465 3540 4534 pul-

1958 4569 2085 4623 chra
2112 4575 2236 4619 sunt
2282 4577 2628 4634 quatcumque
2658 4561 2874 4632 pulchra
2904 4569 3044 4614 sunt.
3073 4559 3129 4614 Si
3155 4559 3294 4612 enim
3336 4569 3538 4612 tantum

1957 4657 2354 4714 similitudinem
2400 4654 2632 4715 diceret,
2678 4669 2782 4705 non
2811 4651 3131 4721 significaret
3159 4651 3224 4704 ab
3265 4651 3378 4719 ipso
3419 4664 3539 4704 esse

1957 4752 2186 4823 genitam
2214 4766 2227 4804 :
2255 4749 2299 4802 si
2341 4757 2518 4804 autem
2564 4745 2932 4800 tantummodo
2974 4743 3252 4813 imaginem
3299 4743 3539 4806 diceret,

1958 4843 2278 4911 significaret
2308 4839 2376 4893 ab
2402 4839 2515 4910 ipso
2544 4838 2756 4907 quidem
2796 4836 3050 4906 genitam,
3081 4835 3172 4888 sed
3205 4851 3307 4887 non
3336 4830 3539 4901 signiﬁ-

1958 4942 2106 4989 caret
2136 4933 2203 4986 ita
2231 4931 2481 4995 sin'tilem,
2512 4937 2569 4982 ut
2597 4943 2699 4982 non
2733 4936 2935 4981 tantum
2962 4927 3180 4989 similis,
3210 4923 3300 4978 sed
3335 4925 3441 4990 ipsa
3469 4921 3542 4974 si-

1958 5023 2201 5081 militudo
2227 5032 2388 5078 esset.
2422 5021 2490 5077 Ut
2519 5029 2694 5074 autem
2723 5019 2853 5074 nihil
2895 5019 3091 5073 castius
3122 5019 3231 5087 ipsa
3260 5013 3539 5079 castitate,

1959 5126 2014 5172 ct
2041 5115 2173 5171 nihil
2218 5113 2510 5184 sapientius
2550 5113 2663 5181 ipsa
2693 5111 2951 5183 sapientia
2973 5151 2987 5172 ,
3032 5118 3084 5163 et
3111 5109 3236 5161 nihil
3269 5106 3542 5174 pulchrius

1959 5211 2070 5279 ipsa
2102 5205 2529 5277 pulchritudine;
2561 5205 2630 5258 ita
2655 5205 2785 5259 nihil
2814 5203 3037 5256 similius
3065 5201 3175 5268 ipsa
3199 5198 3543 5254 similitmline

1958 5299 2081 5362 dici,
2113 5306 2203 5351 aut
2227 5297 2468 5366 cogitari,
2504 5311 2594 5348 aut
2620 5309 2737 5348 esse
2759 5292 2976 5346 omnino
2999 5297 3189 5358 potest.
3224 5287 3373 5343 Unde
3397 5287 3544 5342 intel-

1958 5392 2138 5462 ligitur
2163 5391 2230 5444 ita
2258 5389 2399 5444 Patri
2431 5402 2550 5442 esse
2589 5386 2816 5440 similem
2858 5379 3253 5435 similitudinem
3285 5394 3456 5442 suam,
3489 5391 3545 5434 ut

1960 5484 2078 5550 ejus
2105 5492 2344 5535 naturam
2379 5479 2687 5549 plenissime
2717 5471 3202 5544 perfectissimeque
3236 5471 3469 5539 impleat.

2032 5573 2119 5627 59.
2154 5573 2419 5639 Quantum
2447 5577 2621 5621 autem
2646 5567 2710 5619 ad
2738 5566 2966 5636 Speciem
2988 5562 3149 5617 rebus
3169 5562 3544 5630 imponendam

1962 5665 2134 5718 valeat
2179 5663 2268 5716 Dei
2315 5657 2625 5722 similitudo,
2674 5672 2769 5726 per
2798 5671 2956 5726 quam
3000 5653 3134 5708 facta
3181 5663 3301 5708 sunt
3331 5652 3540 5720 omnia,

1962 5769 2263 5822 quanquam
2310 5751 2568 5803 humanas
2607 5749 2952 5819 cogitationes
2994 5747 3253 5800 altissime
3289 5753 3543 5814 superet,
