3906 6306
477 275 583 334 247

478 396 548 451 de
576 393 827 451 thesauro
853 409 948 448 suo
973 408 1107 448 nova
1136 404 1186 450 et
1209 403 1384 449 vetera
1412 392 1619 466 (Matth.
1652 405 1771 454 xm,
1801 388 1926 459 59.),
1946 402 2066 459 qua:

477 489 586 544 duo
633 490 788 541 etiam
845 489 1179 543 Testamenta
1233 487 1499 541 dicuntur.
1554 486 1608 540 lu
1662 484 1834 540 Libris
1889 491 2067 537 autem

479 580 726 635 omnibus
748 581 943 636 sanetis
969 580 1156 634 intueri
1183 589 1390 648 oportet
1418 595 1536 648 qua:
1577 577 1644 631 ibi
1691 587 1888 631 arterna
1937 574 2065 629 iuti-

482 680 714 731 tuentur,
742 686 858 740 quae
888 671 1019 725 laeta
1044 682 1343 733 narrentur,
1373 687 1489 740 qiue
1517 669 1689 723 futura
1709 667 2067 738 praenuntien-

483 771 588 822 tur.
618 778 736 832 qua:
754 764 954 831 agenda
985 764 1354 832 prmaniautnr
1381 763 1462 816 vel
1492 771 1824 815 moneantur.
1859 760 1912 814 lu
1939 773 2065 813 uar-

479 855 687 908 ratioue
731 870 855 923 ergo
893 869 1067 908 rerum
1107 857 1358 908 factarum
1401 854 1654 924 qua-ritur
1682 862 1856 906 utrum
1888 849 2062 905 omnia

479 947 770 1000 secundum
803 947 1078 1014 tiguratum
1117 945 1524 1000 'tantuuunodu
1565 945 1884 999 intellectum
1927 943 2066 998 acci-

479 1039 706 1108 piantur,
740 1056 805 1090 an
833 1040 990 1091 etiam
1041 1039 1331 1090 secundum
1370 1038 1524 1089 lidetll
1577 1050 1750 1090 rerum
1795 1046 2062 1103 gv-smrum

475 1133 758 1185 asserenda
787 1141 837 1184 et
867 1130 1193 1186 defendenda
1220 1130 1342 1183 siut.
1370 1128 1498 1184 Nam
1523 1143 1625 1181 non
1650 1143 1767 1182 esse
1794 1128 2061 1196 accipien-

474 1221 541 1275 da
598 1224 914 1289 iigttt'aiilt'l‘,
973 1222 1147 1274 nullus
1206 1221 1527 1274 cbristianus
1579 1221 1758 1273 dicere
1808 1219 2059 1285 audebit,

475 1313 756 1367 attendens
785 1314 1092 1380 Apostolnm
1124 1312 1408 1374 dicentem,
1445 1311 1625 1364 Omnia
1661 1321 1828 1362 autem
1863 1311 1971 1363 lucc
2010 1311 2063 1364 in

474 1404 643 1475 ﬁgura
682 1404 1028 1473 contingebant
1066 1404 1166 1457 illis
1207 1403 1247 1474 (Ι
1277 1403 1392 1456 (for.
1425 1419 1477 1465 x,
1511 1403 1595 1471 ll)
1627 1413 1715 1455 :et
1745 1402 1872 1454 illud
1920 1401 2062 1471 quod

475 1495 528 1550 in
550 1495 739 1550 Genesi
785 1499 1036 1564 scriptum
1063 1506 1166 1556 est,
1222 1495 1285 1548 Et
1323 1507 1466 1549 erant
1516 1497 1616 1548 duo
1667 1495 1718 1548 in
1769 1511 1920 1548 carne
1961 1511 2063 1548 una

476 1585 626 1655 (Gen.
658 1604 713 1651 ιι,
741 1587 834 1654 ει)
858 1629 871 1645 ,
904 1603 1148 1656 magnum
1179 1599 1568 1642 sacramentum
1601 1587 2061 1642 commendantem

477 1679 528 1734 in
553 1681 820 1733 ()bristoet
849 1684 898 1731 in
919 1682 1151 1734 Ecclesia
1175 1679 1387 1749 (Ep/tes.
1415 1698 1462 1742 v,
1487 1681 1601 1748 δὲ).

548 1770 601 1824 2.
645 1770 699 1824 Si
738 1786 865 1840 ergo
909 1781 1132 1840 utroque
1170 1771 1326 1824 modo
1356 1772 1440 1824 illa
1475 1773 1744 1841 Scriptura
1777 1773 2060 1827 scrutanda

481 1871 582 1923 est,
610 1862 1198 1930 quan-amnsquomodo
1223 1862 1420 1915 dictum
1461 1874 1537 1916 est
1583 1873 1776 1932 pra-ter
1818 1863 2062 1934 allegori-

475 1968 593 2008 cam
649 1953 1112 2015 si,.:i.itit-:~.tionem,
1169 1953 1231 2006 lu
1263 1956 1510 2024 principio
1554 1957 1668 2025 fecit
1713 1955 1845 2008 Deus
1884 1958 2062 2010 ros/um

478 2054 524 2097 et
550 2055 731 2098 terram
757 2063 773 2098 :
804 2061 975 2099 u'rum
1009 2047 1058 2098 in
1087 2046 1268 2112 princi,
1293 2046 1638 2114 ioteuiporis;
1668 2064 1732 2099 an
1753 2053 1870 2116 quia
1893 2050 2061 2114 primo

475 2135 710 2188 omnium
747 2136 807 2187 fat
830 2146 876 2188 ta
907 2139 1040 2192 sint:
1069 2152 1134 2189 an
1167 2138 1215 2188 in
1247 2139 1522 2204 principio,
1555 2141 1693 2207 quod
1717 2149 1797 2191 est
1832 2139 2057 2192 Verbum

477 2227 568 2280 Dei
621 2228 919 2292 uuigcuilu-s
965 2228 1146 2282 Filius.
1200 2228 1261 2281 lit
1307 2228 1572 2297 quomodo
1629 2233 1790 2296 possit
1850 2231 2057 2284 ostendi

478 2316 644 2371 Deum
687 2317 805 2372 sine
851 2318 950 2371 ulla
979 2321 1061 2372 sui
1093 2319 1507 2374 connuutatioue
1549 2321 1755 2387 epeiai
1789 2321 2057 2374 mutabilia

477 2418 531 2464 ct
562 2411 891 2479 temporalia.
927 2411 990 2464 Et
1036 2413 1162 2479 quid
1204 2413 1527 2481 signiﬁcetur
1574 2416 1786 2468 nomine
1831 2412 1950 2467 cudi
2007 2422 2061 2466 et

479 2509 633 2554 terrzr
656 2517 670 2566 ;
696 2510 871 2556 utrum
900 2503 1190 2568 Spiritualis
1217 2503 1611 2572 corporalisq'ze
1656 2515 1896 2557 creatura
1937 2504 2058 2558 caeli

476 2600 533 2648 et
559 2604 714 2648 terra:
748 2595 1060 2648 vocabulum
1103 2595 1386 2662 acet-peril,
1431 2611 1495 2646 an
1534 2595 1895 2649 tantummodo
1935 2610 2056 2650 cor-

477 2686 675 2755 poralis
708 2702 720 2738 :
750 2695 804 2738 ut
833 2686 882 2738 in
913 2686 1011 2739 hoc
1040 2686 1173 2739 libro
1203 2685 1269 2740 de
1311 2688 1568 2754 spirilnali
1603 2688 1829 2741 ltlt'tliSSC
1862 2688 2057 2742 intelli-

476 2787 661 2849 gatur.
691 2787 846 2847 atque
883 2779 952 2831 ita
980 2778 1176 2832 dixisse
1200 2777 1391 2832 cmlum
1423 2790 1468 2829 et
1503 2790 1692 2831 terram
1718 2821 1730 2839 ,
1763 2789 1816 2832 ιιι
1846 2795 2057 2832 onmetn

476 2878 774 2923 ereaturam
812 2883 1124 2935 corpoream
1172 2869 1496 2935 superiorem
1547 2879 1702 2934 atque
1757 2869 2058 2924 inferiorem

477 2958 773 3026 signiﬁcare
814 2957 1057 3008 vofuerit.
1101 2957 1180 3009 An
1225 2958 1499 3024 uttinsque
1554 2958 1789 3008 informis
1840 2959 2058 3013 materia

479 3047 618 3100 dicta
655 3057 730 3100 est
765 3049 958 3101 «mlum
991 3057 1044 3100 et
1097 3056 1232 3099 terra
1264 3064 1276 3100 :
1306 3048 1591 3115 spirituabs
1640 3049 1881 3102 vidi-licet
1932 3052 2056 3116 vita,

482 3137 635 3190 sicuti
668 3152 788 3190 esse
817 3145 991 3203 potest
1021 3135 1070 3188 in
1097 3151 1175 3197 se,
1211 3154 1311 3188 nou
1339 3153 1591 3190 conversa
1623 3139 1686 3189 ad
1719 3138 2056 3205 Creatorem;

482 3228 573 3281 tali
625 3228 765 3280 enim
805 3227 1158 3280 Conversionc
1207 3226 1460 3279 formatur
1489 3238 1646 3297 atque
1677 3229 1984 3298 perﬁcitur;
2014 3231 2059 3284 si

480 3327 656 3372 autem
683 3333 786 3370 non
814 3325 1184 3379 coiivcrtalur,
1219 3317 1460 3371 iulbrtuis
1489 3329 1570 3372 cst
1603 3337 1616 3372 :
1645 3321 1935 3388 corporalis
1967 3336 2061 3374 att-

482 3420 589 3465 tem
620 3411 661 3463 si
697 3411 856 3479 possit
893 3410 1110 3480 intelligi
1144 3427 1237 3479 per
1262 3410 1605 3478 privationem
1655 3412 1829 3464 omnis
1870 3426 2062 3481 corpo-

481 3520 590 3558 rea:
609 3503 896 3572 qualitatis,
928 3517 1046 3572 quae
1075 3511 1293 3570 apparet
1320 3501 1370 3554 io
1401 3506 1618 3556 materia
1649 3503 1870 3556 formata
1891 3545 1907 3570 ,
1934 3518 2058 3558 cum

476 3596 585 3668 jam
614 3606 735 3650 sont
767 3595 1294 3664 sttot'icSt'Ot‘ltttrlllll,
1324 3599 1434 3649 sive
1465 3595 1598 3660 visu,
1636 3598 1752 3651 sive
1787 3598 1892 3650 alio
1929 3612 2061 3668 quo-

481 3686 611 3740 libet
633 3702 790 3740 sensu
819 3685 1062 3754 Corporis
1089 3686 1479 3754 perceptibilcs.

552 3780 605 3834 3.
649 3781 728 3832 An
759 3779 951 3830 coelum
985 3778 1379 3847 intelligendum
1426 3788 1506 3832 est
1547 3787 1787 3832 creatura
1819 3779 2061 3849 spiritua-

481 3875 568 3934 lis,
601 3874 668 3927 ab
689 3873 1034 3942 exordioqu
1075 3874 1206 3925 facta
1252 3883 1352 3935 est,
1393 3875 1622 3941 perfecta
1673 3874 1755 3927 illa
1811 3881 1865 3926 et
1912 3875 2061 3928 beata

482 3980 694 4032 semper
717 3981 730 4016 :
765 3975 902 4016 terra
931 3979 1075 4022 vero,
1094 3963 1384 4030 corpu-alis
1406 3966 1652 4016 materies
1677 3963 1848 4018 adhuc
1871 3965 2064 4033 imper-

479 4060 646 4112 lccta;
674 4055 794 4122 quia
825 4063 975 4115 terra,
1010 4053 1189 4120 inquit.
1221 4062 1324 4104 erat
1353 4052 1612 4105 invisibilis
1639 4063 1685 4105 ct
1715 4053 2062 4122 incomposita,

485 4155 532 4200 et
563 4145 775 4198 tenebras
802 4153 944 4197 erant
971 4159 1123 4211 super
1146 4142 1417 4212 abyssum;
1447 4143 1636 4211 quibus
1662 4144 1836 4196 verbis
1864 4145 2066 4200 videtur

486 4240 860 4295 iniortnitatcm
908 4237 1206 4307 signiﬁcare
1253 4236 1560 4289 substanti:c
1605 4237 1936 4304 corporalis?
1983 4241 2065 4293 An

486 4331 757 4399 utriusque
785 4329 1084 4383 informitas
1130 4328 1211 4381 liis
1253 4331 1410 4383 ctam
1459 4328 1840 4396 posterioribus
1891 4328 2066 4384 verbis

486 4424 850 4493 signilicatnr:
883 4419 1180 4488 corpOralis
1204 4418 1414 4490 quidem
1445 4433 1511 4472 eo
1553 4418 1691 4488 quod
1722 4419 1919 4473 dictum
1948 4429 2064 4485 est,

489 4511 646 4568 Terra
677 4525 781 4567 erat
811 4512 1071 4565 invisibilis
1097 4522 1140 4563 et
1171 4510 1500 4579 iuromposita
1532 4525 1549 4563 :
1574 4510 1864 4579 spiritualis
1891 4521 2066 4566 autem

485 4622 552 4662 eo
579 4605 719 4674 quod
749 4606 946 4658 dictum
975 4613 1076 4666 est,
1109 4602 1349 4657 Tcncbra:
1374 4614 1514 4655 erant
1542 4620 1691 4672 super
1710 4603 1944 4675 abyssum
1967 4622 1985 4669 ;
2013 4613 2070 4660 ut

483 4699 745 4754 translato
769 4696 930 4750 verbo
957 4696 1290 4750 tenebrosam
1319 4696 1565 4765 abyssum
1591 4694 1942 4765 intelligamus
1971 4712 2066 4749 ua-

485 4799 663 4846 turam
685 4789 806 4842 vitae
832 4786 1134 4851 informem,
1165 4788 1262 4840 nisi
1279 4797 1620 4840 convertatur
1637 4785 1700 4840 ad
1724 4784 2064 4841 Creatorem:

486 4895 596 4951 quo
623 4879 736 4932 solo
763 4878 919 4931 modo
947 4875 1163 4931 formari
1189 4887 1392 4946 potest,
1441 4887 1496 4930 ut
1545 4893 1647 4930 non
1697 4877 1765 4930 sit
1812 4877 2065 4949 abyssus;

489 4983 545 5029 et
565 4971 867 5034 illuminari,
895 4981 949 5024 ιιι
977 4971 1180 5025 nonsit
1209 4970 1533 5026 tenebrosa?
1577 4971 1645 5025 Et
1687 4970 1952 5041 quomodo
1984 4970 2069 5024 di-

489 5073 634 5120 etum
663 5074 763 5126 est,
801 5061 1038 5117 Tenebra:
1064 5071 1204 5115 erant
1229 5078 1381 5130 super
1405 5061 1682 5131 abyssum?
1717 5078 1782 5116 an
1813 5063 1932 5132 quia
1963 5078 2068 5118 non

491 5166 610 5212 erat
639 5154 764 5209 lus?
785 5169 900 5224 quzc
931 5152 974 5207 si
996 5160 1158 5215 esset,
1188 5152 1364 5221 utique
1385 5162 1706 5220 superesset,
1737 5161 1790 5207 et
1821 5162 2069 5223 tanquam

492 5244 1000 5317 superfunderetur:
1026 5241 1165 5312 quod
1199 5252 1321 5294 tunc
1353 5243 1406 5294 lit
1436 5241 1488 5294 in
1520 5251 1756 5295 creatura
1786 5242 2064 5310 spirituali,

494 5353 614 5393 cum
636 5339 958 5392 convertitur
975 5335 1039 5390 ad
1059 5333 1486 5390 incommutabile
1512 5343 1669 5403 atque
1688 5333 2020 5404 incorporale
2048 5337 2067 5364 ’

488 5429 692 5493 lumen,
717 5429 857 5499 quod
881 5428 1019 5482 Deus
1048 5436 1148 5482 est.

1853 5505 1886 5511 ..α
1929 5506 1934 5510 ,
1949 5495 2024 5514 απ..
2065 5476 2067 5482 Ι

550 5669 571 5705 ι
594 5667 732 5725 Fditt,
757 5664 1028 5728 ﬁam-atina.
1056 5673 1106 5716 Αι
1127 5673 1233 5716 Mss.
1258 5669 1336 5716 vix
1360 5666 1459 5716 ullo
1482 5675 1706 5728 cxcerto,
1727 5664 2009 5728 ﬁgurat-mn.

551 5729 577 5766 '
594 5733 669 5784 sic
689 5735 797 5778 Hii.
819 5727 1003 5789 aliquot
1023 5730 1216 5790 Optima:
1237 5737 1384 5780 notae.
1410 5739 1464 5779 Αι
1488 5727 1623 5789 αλιιῇ
1646 5727 2036 5786 interim-trahite.

1401 275 1486 330 DE
1525 271 1773 330 GENESI
1813 271 1902 326 AD
1939 263 2312 338 LITTERAM,
2351 269 2409 325 S.
2455 268 2817 328 AUGUSTINI

3667 277 3764 338 ιιι

2173 382 2396 442 CAPUT
2436 385 2498 441 11.
2537 416 2609 427 -
2648 387 2909 454 Quomodo
2927 388 3056 443 dixit
3087 387 3242 455 Deus,
3272 390 3396 446 Fiat
3419 391 3550 459 iox;
3581 408 3648 448 an
3677 411 3756 464 ρι’

2419 493 2720 549 creaturam,
2762 501 2828 538 an
2862 501 2953 554 per
2971 495 3212 539 internum
3271 483 3514 540 Verbum.

2245 576 2298 629 4.
2341 574 2410 630 Ει
2433 576 2701 646 quomodo
2725 575 2859 631 divit
2906 577 3044 632 Deus
3063 618 3077 640 ,
3109 575 3229 630 Fiat
3263 578 3395 633 lux!
3422 588 3600 633 utrum
3629 589 3769 637 ictu--

2174 666 2428 736 poralitcr
2446 708 2460 732 ,
2488 681 2556 721 an
2585 667 2636 720 in
2671 666 2826 722 Verbi
2853 668 3180 722 aeternitate?
3209 668 3274 722 Et
3297 667 3343 722 si
3371 669 3750 739 temporaliter,

2173 760 2354 830 utique
2382 760 2738 825 mutabiliter;
2765 760 3033 832 qmmodo
3055 775 3184 832 ergo
3214 761 3386 831 [uissit
3413 761 3634 833 intelligi
3659 764 3754 821 hoc

2170 850 2349 906 dicere
2387 852 2545 917 Deus,
2588 852 2686 906 nisi
2733 865 2824 922 per
2880 861 3212 915 creaturam;
3268 853 3388 922 ipse
3432 853 3632 923 quippe
3675 864 3753 910 est

2172 944 2660 999 incommutabilis?
2686 945 2749 999 Et
2774 945 2817 998 si
2847 959 2942 1014 per
2964 953 3262 1000 creaturam
3282 943 3422 999 dixit
3449 945 3613 1010 Deus,
3639 944 3750 1000 Fiat

2171 1036 2292 1100 lux;
2317 1036 2585 1106 quomodo
2619 1044 2702 1091 cst
2732 1037 2900 1106 prima
2943 1045 3187 1092 creatura
3231 1035 3343 1102 lux,
3400 1036 3446 1090 si
3491 1046 3607 1091 erat
3649 1035 3752 1106 jam

2170 1139 2433 1194 creatura,
2457 1145 2552 1200 per
2583 1144 2743 1200 quam
2788 1129 2927 1184 licus
2961 1129 3183 1192 diceret,
3220 1127 3339 1182 Fiat
3367 1128 3500 1183 lux?
3535 1129 3616 1184 An
3652 1143 3751 1186 non

2171 1231 2251 1275 cst
2279 1221 2366 1274 lux
2415 1221 2582 1290 prima
2623 1230 2910 1286 creatura;
2955 1221 3076 1291 quia
3117 1219 3226 1288 jam
3261 1219 3468 1274 dictum
3515 1204 3648 1285 erat,
3689 1217 3751 1276 ιιι

2171 1312 2417 1382 principio
2437 1313 2556 1380 fecit
2587 1309 2725 1366 Deus
2744 1311 2921 1365 calum
2955 1321 3001 1365 et
3037 1320 3256 1374 terram;
3301 1317 3359 1365 ct
3409 1321 3616 1381 poterat
3663 1326 3751 1382 per

2168 1404 2440 1458 ctelestem
2461 1413 2760 1458 creaturam
2787 1419 2887 1457 vos
2915 1403 3026 1458 ﬁeri
3055 1403 3425 1471 tcmporaliter
3452 1410 3614 1473 atque
3639 1418 3748 1459 mu-

2169 1493 2420 1561 tabilitcr,
2452 1511 2552 1564 qua
2598 1495 2866 1550 diceretur
2887 1536 2903 1560 ,
2937 1493 3056 1548 Fiat
3088 1494 3222 1548 lux!
3244 1491 3402 1560 Quod
3449 1494 3495 1549 si
3542 1494 3611 1549 ita
3651 1503 3745 1561 est,

2168 1588 2459 1657 Corporalis
2509 1587 2596 1642 lus
2628 1587 2761 1641 facta
2800 1597 2884 1641 est
2923 1586 3043 1649 ista,
3084 1601 3243 1656 quam
3276 1586 3557 1656 corporeis
3593 1586 3747 1642 mulis

2166 1680 2454 1742 cernimus,
2493 1681 2706 1736 dicente
2758 1681 2865 1736 lico
2913 1694 3008 1750 per
3051 1689 3352 1735 creaturam
3405 1679 3741 1749 spirituaiem,

2166 1787 2323 1838 quam
2358 1771 2494 1824 Deus
2513 1771 2622 1840 jam
2652 1771 2866 1835 fecerat,
2903 1787 3022 1828 cum
3054 1771 3105 1825 iu
3152 1771 3416 1841 principio
3460 1770 3586 1826 fecit
3617 1770 3745 1828 Deus

2167 1864 2356 1917 («tofum
2385 1872 2438 1916 et
2465 1873 2681 1924 terram,
2737 1861 2856 1915 Fiat
2882 1862 3007 1926 lux;
3042 1876 3109 1915 eo
3147 1859 3310 1916 modo
3352 1874 3462 1931 quo
3498 1876 3592 1932 per
3635 1860 3743 1916 talis

2169 1964 2427 2008 eri-aturzu
2477 1954 2786 2009 interiorem
2829 1961 2887 2008 et
2926 1952 3194 2008 occultum
3248 1959 3458 2006 ιιιοιιιιιι
3507 1951 3742 2007 divinitus

2167 2046 2267 2099 dici
2300 2047 2485 2114 potuit.
2513 2043 2628 2098 Fiftl
2653 2046 2761 2099 lux.

2238 2141 2292 2195 5.
2338 2143 2414 2194 Au
2446 2140 2605 2194 etiam
2637 2139 2987 2209 corporaliter
3011 2137 3190 2193 sonuit
3217 2151 3323 2192 vos
3352 2135 3578 2190 dicentis
3613 2133 3698 2190 Dei
3723 2174 3737 2198 ,

2168 2231 2285 2286 Fiat
2309 2233 2431 2294 luat;
2457 2233 2592 2285 sicut
2627 2231 2975 2299 corporaliter
3009 2229 3183 2284 sonuit
3222 2243 3326 2284 vox
3363 2227 3589 2284 dicentis
3623 2225 3735 2294 Dei,

2169 2323 2243 2378 Tu
2266 2340 2318 2377 es
2342 2321 2507 2377 Filius
2529 2339 2666 2376 meus
2691 2323 2900 2375 dilectus
2929 2320 3140 2387 (Matth.
3165 2336 3241 2380 ut.
3278 2321 3368 2388 l7)
3408 2337 3421 2374 :
3447 2328 3506 2375 et
3533 2318 3630 2374 hoc
3655 2331 3738 2389 per

2165 2423 2463 2468 creaturam
2495 2414 2852 2482 eoi-poralem,
2883 2427 3041 2482 quam
3075 2411 3277 2466 iecerat
3327 2411 3484 2476 Deus,
3535 2425 3650 2465 cun
3689 2408 3736 2464 ia

2167 2508 2424 2578 principio
2455 2505 2580 2562 fecit
2602 2506 2796 2561 cmlum
2823 2515 2877 2560 ct
2902 2516 3119 2570 terram,
3149 2515 3438 2575 antequam
3467 2505 3613 2558 lietct
3636 2503 3733 2568 lus,

2165 2617 2283 2668 qua:
2312 2601 2362 2654 in
2389 2600 2491 2655 liae
2519 2611 2741 2654 sonante
2772 2614 2900 2654 voce
2930 2598 3064 2653 facta
3096 2598 3218 2653 est?
3243 2599 3308 2653 lit
3343 2598 3388 2652 si
3420 2597 3488 2651 ita
3508 2605 3618 2660 est,
3644 2607 3733 2666 qua

2169 2693 2340 2761 lingua
2367 2694 2543 2747 sonuit
2575 2694 2671 2748 ista
2700 2709 2800 2747 vox
2827 2733 2844 2759 ,
2875 2691 3083 2747 dicente
3119 2691 3249 2756 Deo,
3305 2689 3426 2744 Fiat
3469 2691 3589 2751 tux;
3627 2686 3734 2758 quia

2167 2783 2397 2837 nondum
2437 2793 2552 2837 emt
2601 2785 2895 2853 linguarum
2926 2782 3206 2837 diversitas
3235 2823 3252 2848 ,
3279 2797 3402 2852 quin
3423 2789 3596 2850 postea
3614 2777 3733 2833 facta

2165 2888 2246 2932 cst
2285 2879 2336 2931 iu
2373 2877 2722 2932 aediﬁcatione
2765 2877 2924 2931 turris
2952 2884 3071 2946 post
3102 2875 3361 2930 diluvium
3382 2871 3532 2942 (Gen.
3559 2886 3627 2934 si,
3654 2867 3733 2936 7)?

2165 2969 2419 3035 Qiuenam
2453 2971 2624 3032 lingua
2657 2978 2771 3023 erat
2798 2983 2898 3022 una
2941 2977 2996 3022 et
3033 2967 3144 3020 sola
3168 3008 3183 3031 ,
3226 2981 3331 3037 qua
3376 2965 3514 3020 Deus
3549 2963 3735 3018 locutus

2166 3073 2270 3123 est.
2296 3060 2414 3116 Fiat
2435 3062 2631 3116 ln.t?ct
2682 3061 2801 3130 quis
2850 3069 2964 3115 erat
3003 3074 3160 3130 quem
3212 3055 3496 3126 Oportebat
3544 3052 3730 3116 audire,

2167 3167 2322 3226 atque
2355 3153 2682 3223 intelligere.
2712 3152 2778 3206 ad
2813 3167 2969 3222 quem
3001 3167 3101 3205 vox
3143 3149 3448 3219 huiusmodi
3487 3144 3733 3217 prolem-

2169 3245 2293 3300 tur?
2314 3248 2393 3300 Au
2424 3247 2536 3300 haec
2566 3243 2793 3299 absurda
2818 3243 3151 3313 carnalisque
3190 3241 3444 3313 cogitatio
3478 3245 3556 3293 est
3585 3244 3730 3306 atque

2167 3336 2436 3407 suspicio?

2238 3431 2290 3484 6.
2331 3429 2466 3497 Quid
2508 3441 2638 3498 ergo
2678 3425 3054 3482 dicemushin
3096 3423 3146 3479 id
3191 3423 3334 3494 quod
3367 3419 3663 3491 intelligitur
3684 3414 3730 3471 in

2168 3537 2300 3576 εοιιο
2330 3518 2634 3582 vocis,euui
2671 3517 2882 3577 dicitur,
2917 3515 3037 3570 Fiat
3085 3515 3194 3576 lux.
3251 3530 3358 3570 non
3407 3521 3579 3567 autem
3631 3507 3732 3577 ipso

2167 3624 2455 3679 corporeus
2480 3621 2665 3668 sonus,
2691 3608 2791 3660 hoc
2821 3607 2956 3661 bene
2980 3604 3240 3675 accipitur
3265 3619 3385 3660 esse
3415 3619 3510 3657 vox
3535 3598 3660 3656 Dei?
3685 3603 3732 3651 et

2168 3713 2345 3759 utrum
2377 3702 2476 3756 hoc
2500 3702 2668 3771 ipsum
2695 3700 2759 3754 ad
2784 3708 3024 3754 naturam
3051 3700 3316 3768 pertineat
3341 3696 3496 3752 Verbi
3519 3693 3646 3763 eius,
3671 3689 3730 3744 de

2169 3812 2276 3868 quo
2303 3797 2514 3858 dicitur,
2546 3793 2607 3848 In
2638 3794 2888 3863 principio
2909 3801 3017 3846 erat
3051 3789 3288 3855 Verbum,
3320 3800 3369 3844 et
3409 3787 3612 3842 νειυιιιιι
3633 3788 3729 3836 erat

2170 3889 2307 3959 apud
2331 3887 2510 3949 Deum,
2539 3895 2583 3937 et
2608 3883 2742 3939 Deus
2768 3894 2876 3939 erat
2915 3881 3129 3937 Verbum
3146 3881 3173 3936 .’
3214 3881 3350 3936 Cum
3394 3879 3532 3933 enim
3561 3875 3625 3930 de
3651 3871 3730 3926 illo

2171 3979 2380 4038 dicitur,
2431 3975 2613 4030 Omnia
2661 3991 2747 4045 per
2792 3974 2954 4045 ipsum
2990 3975 3122 4044 facta
3151 3982 3271 4025 sunt
3298 3968 3476 4038 (Joan.
3505 3981 3543 4031 ι,
3575 3965 3620 4028 Ι,
3641 3961 3725 4028 5);

2171 4073 2301 4127 satis
2348 4068 2642 4124 ostenditur
2666 4076 2719 4121 et
2746 4067 2831 4120 Ius
2882 4082 2976 4135 per
3021 4064 3190 4134 ipsum
3233 4064 3391 4127 facet,
3444 4074 3559 4113 cuin
3612 4051 3730 4108 dixit

2175 4163 2334 4226 Deus,
2362 4160 2475 4214 Fiat
2505 4161 2611 4214 lux.
2638 4156 2787 4224 Quod
2825 4157 2868 4210 si
2918 4159 2987 4210 ita
3029 4165 3131 4217 est,
3170 4164 3430 4210 aeternum
3481 4157 3560 4202 est
3601 4139 3727 4216 quod

2171 4254 2305 4310 dixit
2329 4254 2484 4316 licus,
2522 4250 2636 4304 Fiat
2675 4251 2802 4314 lux;
2852 4249 2974 4319 quia
3023 4246 3252 4303 \‘erbum
3305 4243 3398 4300 Dei
3443 4243 3574 4297 Deus
3603 4231 3725 4306 apud

2173 4349 2362 4412 Deum,
2387 4345 2550 4400 Filius
2579 4344 2763 4397 unicus
2785 4343 2897 4407 Dei,
2922 4340 3062 4396 Patri
3082 4349 3380 4396 coarternus
3404 4344 3484 4391 est
3514 4352 3525 4386 :
3553 4342 3724 4400 quam‘

2172 4441 2254 4496 vis
2283 4441 2392 4494 Deo
2413 4437 2515 4492 lioc
2540 4438 2590 4490 in
2616 4445 2818 4490 :eterno
2841 4433 3018 4489 Verbo
3035 4432 3245 4487 dicente
3271 4437 3510 4486 creatura
3535 4432 3722 4490 tempo-

2174 4533 2302 4588 ralis
2331 4533 2464 4585 iacta
2487 4531 2576 4584 sit.
2607 4528 2739 4585 Cum
2768 4532 2909 4584 enim
2948 4525 3110 4582 verba
3151 4525 3260 4579 sint
3313 4517 3578 4591 temporis,
3617 4523 3723 4566 cum

2174 4623 2418 4686 dicimus,
2446 4620 2688 4687 Quando,
2717 4627 2771 4674 et
2798 4616 3114 4690 aliquando;
3140 4625 3396 4671 :etcruum
3442 4621 3608 4665 tamen
3651 4609 3725 4657 est

2175 4717 2230 4772 in
2255 4715 2431 4769 Verbo
2461 4713 2576 4780 Dei,
2603 4710 2816 4782 quando
2847 4709 2956 4764 ﬁeri
2982 4709 3180 4780 aliquid
3200 4709 3425 4763 debeat:
3451 4712 3505 4758 ct
3539 4709 3654 4754 tunc
3676 4691 3724 4746 iit

2176 4807 2386 4878 quando
2411 4805 2522 4860 fieri
2559 4803 2804 4858 debuisse
2827 4802 2878 4856 in
2907 4801 2998 4855 illo
3026 4799 3203 4855 Verbo
3249 4810 3352 4862 est,
3395 4797 3446 4851 in
3487 4805 3588 4862 quo
3608 4797 3720 4878 Anon

2174 4876 2258 4953 est
2285 4894 2496 4966 quando
2519 4902 2574 4948 et
2600 4891 2901 4962 aliquando,
2938 4892 3186 4961 quoniam
3233 4899 3398 4944 totum
3443 4880 3562 4940 illud
3604 4876 3717 4930 Ver.

2177 4991 2301 5044 bum
2325 4997 2578 5042 :eternum
2606 4993 2707 5038 est.

2176 5080 2400 5140 CAPUT
2427 5079 2598 5135 lll.—
2617 5077 2752 5143 Quid
2769 5077 2835 5132 sit
2859 5077 2956 5131 lux.
2967 5076 3076 5132 illa.
3095 5075 3254 5131 διατι
3278 5088 3375 5126 ιιοιι
3395 5070 3589 5126 dictum,
3612 5057 3721 5114 Fiat

2283 5176 2461 5230 caelum
2486 5214 2502 5240 ,
2525 5183 2643 5236 etc.,
2665 5172 2827 5236 sicut,
2851 5168 2970 5224 Fiat
2994 5169 3105 5224 ius.
3137 5164 3409 5232 Responsio
3455 5159 3651 5251 prima:
3680 5235 3691 5248 ο

2248 5269 2302 5322 7.
2341 5266 2408 5322 Et
2428 5263 2550 5335 quid
2577 5271 2658 5318 est
2677 5263 2763 5316 lux
2791 5262 2902 5331 ipsa
2932 5275 3051 5330 qua:
3078 5258 3212 5314 facta
3247 5257 3360 5311 est?
3385 5262 3552 5306 utrum
3578 5251 3718 5335 ξριτιξ

2177 5356 2366 5414 rituale
2395 5333 2541 5424 quid,
2574 5367 2640 5406 an
2671 5350 2983 5421 corporale?
3009 5349 3064 5404 Si
3085 5349 3226 5404 enim
3251 5339 3530 5415 spirituale,
3567 5333 3722 5403 pote"

2179 5451 2288 5520 ipsa
2318 5461 2436 5501 csse
2463 5445 2630 5515 prima
2659 5454 2914 5502 creatura.
2936 5441 3044 5511 jam
3073 5440 3174 5495 hoc
3201 5437 3342 5492 dicto
3361 5431 3598 5523 perfect-1.

2180 5517 2351 5610 primo
2374 5538 2565 5592 ratium
2589 5534 2847 5602 appellata
2869 5541 2970 5595 est,
2996 5546 3116 5587 eum
3138 5530 3334 5584 dictum
3354 5530 3454 5581 est,
3478 5517 3540 5610 In
3555 5517 3698 5610 ptjtla

2184 5602 2266 5700 pio
2307 5629 2417 5690 {erit
2467 5626 2597 5679 Deus
2634 5625 2812 5679 mlunt
2853 5636 2899 5678 ει
2947 5633 3128 5677 terram
3155 5637 3174 5676 .'
3201 5616 3412 5687 utquod
3437 5607 3557 5664 dixit
3582 5602 3718 5658 ΠΜ.

2187 5719 2305 5775 Fiat
2327 5719 2418 5774 tux
2431 5736 2451 5786 ,-
2470 5731 2516 5774 et
2527 5724 2662 5790 faeta
2684 5728 2755 5774 est
2773 5721 2884 5785 tua,
2897 5732 3015 5774 eam
3032 5723 3312 5774 revocante
3323 5707 3388 5764 ad
3403 5720 3460 5762 se
3475 5701 3720 5760 Grato".
