3906 6324
162 290 278 350 240

159 405 452 468 conversio
479 405 596 476 ejus
614 404 752 460 facta
780 409 936 472 alque
957 399 1248 456 illuminata
1279 396 1616 466 intelligatur.

249 504 300 558 8.
343 500 411 556 Et
441 514 540 555 cur
573 498 644 552 ita
679 496 880 551 dictum
917 501 1038 557 est,
1085 489 1152 544 lu
1186 489 1436 559 principio
1477 487 1592 558 fecit
1627 485 1766 540 Deus

161 596 353 650 teriam
377 602 426 646 et
454 602 674 654 terram;
703 598 756 642 ct
778 603 882 640 non
913 583 1110 639 dictum
1138 592 1242 646 est,
1275 580 1329 634 In
1359 579 1616 650 principio
1635 578 1767 632 dixit

161 689 335 752 Deus,
365 684 486 742 Fiat
511 682 712 740 ccelum
737 690 790 735 et
816 689 987 740 terra;
1033 686 1088 731 et
1134 675 1268 729 facta
1307 681 1431 728 sntit
1473 673 1666 728 emtum
1710 679 1766 726 et

157 790 315 835 terra
343 795 358 832 :
389 777 530 833 sicut
570 774 637 830 de
674 774 792 828 luce
827 778 1092 830 narratur,
1119 766 1262 820 Dixit
1301 765 1458 827 Deus,
1483 762 1602 817 Fiat
1636 763 1762 827 lux;

157 881 218 928 et
261 876 393 942 facta
419 879 494 924 est
524 867 653 922 lux?
696 865 884 921 Utrum
939 860 1085 932 prius
1131 857 1508 914 univcrsalitcr
1548 856 1764 910 nomine

159 965 296 1020 ccli
323 973 376 1020 et
401 972 562 1017 terra:
585 953 1144 1028 comprehendendum
1171 960 1286 1007 erat
1309 960 1364 1006 et
1382 948 1761 1004 commendau-

161 1057 302 1112 dum
329 1052 473 1127 quod
493 1051 618 1107 fecit
646 1051 821 1113 Deus;
849 1056 904 1103 et
922 1045 1113 1102 deinde
1141 1060 1237 1116 per
1264 1053 1442 1114 partes
1471 1056 1761 1110 exsequen-

163 1147 300 1202 dm
319 1188 335 1210 ,
363 1142 637 1216 quomodo
667 1141 822 1204 fecit,
853 1154 973 1193 cum
1005 1152 1098 1207 per
1124 1136 1326 1207 singula
1361 1133 1554 1190 dicitur
1573 1174 1587 1196 ,
1620 1131 1761 1185 Dixit

163 1238 346 1304 Deus,-
364 1222 428 1294 ια’
453 1245 573 1302 est,
604 1235 728 1306 quia
757 1248 854 1306 per
887 1230 1118 1286 Verbum
1147 1245 1300 1284 suum
1328 1226 1480 1292 fecit,
1506 1222 1759 1296 quidquid

159 1333 330 1390 fecit?

161 1421 396 1480 CAPUT
442 1419 531 1476 IV.
551 1448 623 1461 —
645 1418 820 1473 Altera
863 1415 1121 1485 responsio
1157 1413 1225 1466 ad
1263 1411 1571 1482 superiorem
1614 1424 1758 1480 quc-

849 1509 1085 1562 stionem.

243 1606 300 1662 9.
338 1605 423 1660 An
446 1617 570 1659 cum
595 1602 828 1674 primum
860 1599 1020 1654 fiebat
1050 1594 1347 1652 iuformitas
1383 1594 1618 1649 materia:
1645 1592 1758 1649 sive

168 1697 472 1768 spiritualis
497 1695 610 1751 sive
634 1692 924 1762 corporalis
947 1733 962 1756 ,
991 1705 1097 1745 non
1123 1697 1237 1743 erat
1269 1686 1551 1742 dicendum
1568 1727 1583 1751 ,
1616 1684 1758 1740 Dixit

156 1788 346 1851 Deus,
375 1785 526 1850 Fiat;
567 1785 689 1854 quia
716 1782 940 1838 formam
972 1779 1130 1835 Verbi
1171 1793 1382 1847 semper
1412 1777 1550 1832 Patri
1577 1777 1756 1830 cuba:-

161 1879 366 1944 rcntis,
393 1892 502 1948 quo
527 1875 853 1946 sempiterne
876 1873 1006 1928 dicit
1036 1873 1173 1926 Deus
1196 1868 1395 1932 omnia,
1424 1883 1595 1938 neque
1623 1880 1758 1921 sono

158 1970 321 2024 vocis
357 1983 529 2038 neque
565 1965 884 2036 cogitatione
914 1972 1147 2033 tempora
1192 1973 1446 2014 sonorum
1486 1957 1751 2023 volvente,

159 2061 269 2116 sed
294 2069 556 2114 coasterna
604 2056 706 2112 sibi
751 2057 866 2110 luce
893 2071 924 2110 a
953 2070 1012 2109 se
1049 2053 1241 2124 genita:
1283 2049 1602 2120 Sapientiae,
1648 2065 1756 2104 non

162 2153 415 2208 imitatur
437 2148 789 2219 imperfectio,
818 2163 937 2202 cum
963 2144 1237 2201 dissimilis
1261 2143 1329 2198 ab
1354 2158 1419 2197 eo
1444 2141 1583 2212 quod
1609 2157 1758 2197 sum-

157 2258 260 2298 me
308 2256 376 2298 ac
408 2240 654 2314 primitus
690 2249 808 2304 est,
856 2235 1176 2292 inlormitate
1212 2233 1437 2306 quadam
1479 2232 1650 2288 tendit
1686 2231 1754 2288 ad

154 2334 431 2395 nihilum;
461 2332 554 2388 sed
602 2341 727 2386 tunc
773 2331 1008 2386 imitatur
1058 2326 1214 2382 Verbi
1259 2325 1502 2388 formam,
1544 2339 1756 2394 semper

154 2437 334 2496 atque
371 2423 872 2481 incommutabiliter
917 2421 1058 2477 Patri
1104 2419 1493 2483 coltazrentem,
1536 2431 1657 2470 cum
1700 2425 1754 2471 et

163 2519 290 2586 ipsa
321 2532 416 2586 pro
442 2516 521 2570 sui
551 2514 764 2585 generis
803 2511 1152 2568 conversione
1195 2508 1260 2564 ad
1293 2506 1345 2562 id
1369 2506 1508 2578 quod
1541 2521 1663 2561 vere
1691 2520 1755 2560 ac

155 2621 388 2679 semper
411 2615 515 2672 est,
540 2604 591 2660 id
618 2615 701 2662 est
727 2603 792 2658 ad
817 2611 1109 2658 creatorem
1137 2617 1248 2655 suae
1276 2599 1583 2653 substantia:
1600 2639 1615 2661 ,
1643 2597 1754 2654 for-

157 2718 318 2758 mam
359 2702 530 2772 capit,
575 2710 630 2754 et
676 2698 731 2754 fit
774 2699 1008 2768 perfecta
1047 2704 1326 2750 creatura:
1357 2702 1411 2747 ut
1442 2693 1492 2746 iu
1521 2707 1586 2747 eo
1611 2691 1752 2760 quod

155 2793 444 2862 Scriptura
470 2803 687 2857 narrat,
719 2789 858 2845 Dixit
897 2788 1060 2850 Deus,
1091 2786 1211 2841 Fiat
1231 2828 1244 2848 ,
1275 2786 1629 2854 intelligamus
1661 2784 1752 2839 Dei

155 2886 372 2942 dictum
403 2885 768 2954 incorporeum
811 2882 863 2935 in
912 2891 1096 2936 natura
1144 2877 1300 2932 Verbi
1345 2877 1462 2946 ejus
1504 2874 1753 2930 cozrlerni

159 2976 472 3033 revocantis
499 2974 563 3028 ad
593 2991 651 3030 se
681 2972 1130 3042 itnpcrfectioncm
1158 2976 1437 3031 creaturm,
1469 2976 1525 3022 ut
1551 2982 1656 3021 non
1687 2965 1757 3020 sit

163 3067 440 3133 inlnrmis,
462 3067 554 3121 sed
580 3063 836 3120 formetur
860 3062 1148 3117 secundum
1173 3059 1378 3129 singula
1407 3074 1526 3128 qua:
1550 3073 1640 3128 per
1667 3071 1754 3111 oro

160 3161 354 3216 dinem
383 3157 718 3227 exsequitur?
749 3155 803 3210 lu
829 3171 932 3225 qua
961 3152 1310 3208 conversione
1338 3162 1391 3206 et
1418 3152 1753 3215 formatione,

166 3251 299 3321 qtia
343 3264 438 3318 pro
462 3262 562 3303 suo
585 3246 745 3301 modo
775 3247 1010 3299 imitatur
1054 3244 1217 3297 Deum
1249 3241 1502 3307 Verbum,
1536 3241 1637 3296 hoc
1673 3247 1760 3296 est

161 3343 263 3398 Dei
322 3340 510 3396 Filium
563 3354 775 3406 semper
824 3337 964 3393 Patri
1014 3335 1391 3399 cohaerentem,
1422 3334 1571 3402 plena
1611 3332 1760 3387 simi-

165 3433 399 3490 litudine
425 3443 478 3488 et
503 3431 731 3488 essentia
758 3431 892 3500 pari,
919 3445 1019 3498 qua
1047 3429 1080 3498 ἰι
1100 3443 1158 3482 se
1183 3438 1234 3482 et
1261 3428 1415 3481 Pater
1449 3441 1611 3479 unum
1637 3433 1760 3479 sunt

166 3527 353 3596 (locu.
380 3542 436 3590 κ.
459 3524 548 3596 50)
567 3542 580 3582 :
602 3541 708 3579 non
732 3535 905 3577 autem
927 3523 1164 3576 imitatur
1181 3520 1316 3574 hanc
1335 3518 1489 3573 Verbi
1509 3517 1755 3584 formam,

164 3620 211 3673 si
257 3633 442 3672 aversa
471 3634 500 3669 ει
529 3616 818 3679 Creatore,
863 3611 1103 3668 informis
1143 3621 1196 3667 et
1239 3609 1541 3681 imperfecta
1581 3624 1758 3666 rema-

167 3719 332 3768 neat:
366 3719 640 3780 propterea
673 3707 788 3776 Filii
828 3704 1261 3760 commemoratio
1289 3719 1393 3758 non
1435 3703 1502 3757 ita
1543 3705 1601 3756 tit
1635 3702 1759 3773 quia

168 3799 428 3864 Verbum,
455 3798 548 3853 sed
581 3807 784 3853 tantum
807 3798 823 3829 ⁸
850 3797 972 3866 quia
1003 3795 1316 3866 principium
1342 3805 1444 3860 est,
1469 3810 1591 3849 cum
1622 3794 1760 3850 dici-

167 3904 288 3958 tur,
330 3891 396 3947 lu
440 3892 688 3963 principio
726 3892 842 3963 fecit
878 3889 1014 3945 Deus
1051 3890 1232 3944 malum
1271 3899 1318 3943 et
1346 3899 1568 3952 terram;
1599 3902 1758 3944 exor-

168 3986 317 4040 dium
343 3984 538 4055 quippe
558 3993 816 4039 creatura:
843 3983 1139 4038 insinuatur
1157 3981 1331 4036 adlmc
1356 3981 1406 4036 in
1439 3981 1760 4036 informitate

167 4075 630 4147 imperfecliouis:
664 4075 714 4129 lit
747 4084 922 4128 autem
967 4072 1080 4127 Filii
1109 4072 1582 4137 commemoratio,
1618 4071 1759 4142 quod

169 4168 329 4222 etiam
364 4165 600 4222 Verbum
629 4172 733 4225 est.
762 4179 829 4219 eo
851 4162 992 4233 quod
1023 4162 1276 4232 scriptum
1308 4169 1414 4230 est,
1437 4159 1578 4214 Dixit
1601 4159 1758 4228 Deus,

173 4256 328 4320 Fiat;
350 4265 409 4311 ut
429 4273 521 4326 per
543 4254 593 4309 id
610 4253 748 4324 quod
776 4253 1089 4324 principium
1111 4262 1212 4317 est,
1238 4252 1467 4306 insinuet
1485 4251 1758 4306 exordium

173 4357 432 4403 creaturae
460 4346 736 4401 cxistentis
771 4345 839 4400 ab
878 4345 968 4399 illo
992 4342 1166 4398 adhuc
1198 4342 1556 4414 imperfectas;
1589 4358 1683 4413 per
1707 4342 1760 4398 id

171 4453 349 4498 autem
384 4440 524 4512 quod
553 4439 782 4496 Verbum
810 4445 913 4504 est,
945 4437 1176 4492 insinuet
1210 4435 1586 4506 perfectionem
1613 4450 1763 4490 crea-

173 4549 308 4594 tu'a:
357 4544 618 4591 revocata:
660 4533 726 4588 ad
769 4547 931 4597 eum,
977 4540 1037 4586 ut
1084 4531 1397 4586 formaretur
1452 4527 1761 4584 inlucrendo

170 4627 438 4693 Creatori,
467 4635 522 4682 et
546 4642 642 4696 pro
667 4640 764 4680 suo
789 4639 988 4696 genere
1025 4621 1279 4678 imitando
1305 4615 1528 4676 formam
1557 4620 1760 4689 sempi-

174 4729 328 4776 terne
347 4727 507 4789 atque
531 4717 1031 4774 incommutabiliter
1049 4713 1395 4770 inhmmntem
1418 4713 1579 4779 Patri,
1604 4727 1634 4765 a
1653 4726 1760 4783 quo

171 4813 354 4868 statim
377 4811 478 4866 hoc
501 4819 586 4866 est
607 4809 746 4880 quod
777 4809 883 4864 ille.

172 4902 406 4960 CAPUT
437 4900 501 4955 V.
525 4929 594 4941 -—
612 4899 892 4970 biformem
916 4914 1023 4954 esse
1047 4905 1326 4951 creaturam
1353 4893 1757 4960 intellectualem,

239 4997 342 5051 nisi
363 4994 658 5068 perﬁciatur
677 5007 912 5047 conversa
934 4992 1001 5044 ad
1021 4990 1243 5043 divinum
1273 4986 1506 5041 Verbum.
1534 4985 1760 5056 Spiritus

238 5095 449 5143 sanctus
474 5101 566 5139 cur
605 5100 757 5153 super
794 5097 976 5152 aquam
1013 5083 1135 5151 ferri
1178 5078 1340 5132 dictus
1380 5086 1452 5130 est
1492 5085 1758 5146 antequam

245 5184 543 5232 narraretur
567 5175 756 5230 dixisse
774 5171 958 5238 Deum,
988 5171 1104 5226 Fiat
1130 5169 1240 5225 lux.

244 5267 335 5325 ll).
372 5264 490 5322 Non
551 5264 695 5321 enim
761 5263 920 5318 habet
968 5259 1252 5315 informem
1310 5258 1467 5313 vitam
1521 5256 1753 5314 Verbum

172 5358 383 5426 Filius,
430 5358 516 5414 cui
555 5372 660 5412 non
703 5356 874 5410 solum
918 5353 1022 5408 hoc
1067 5359 1151 5408 est
1197 5365 1318 5408 esse
1361 5350 1501 5420 quod
1540 5351 1751 5418 vivere,

169 5452 269 5510 sed
310 5450 470 5506 etiam
520 5447 626 5505 hoc
673 5454 755 5502 est
796 5445 1009 5508 vivere,
1062 5442 1202 5514 quod
1253 5449 1337 5496 est
1382 5442 1649 5511 sapienter
1692 5456 1754 5497 ac

171 5543 332 5600 beate
375 5541 576 5598 vivere.
621 5537 876 5594 Creatura
915 5549 1076 5601 vero,
1122 5547 1424 5604 quanquam
1466 5533 1754 5602 spiritualis

167 5647 225 5696 et
249 5633 622 5693 intellectualis
645 5630 727 5687 vel
773 5627 1076 5693 rationalis,
1116 5641 1234 5698 qua:
1272 5625 1480 5681 videtur
1517 5639 1636 5682 esse
1677 5626 1752 5684 illi

201 5740 1502 5817 _.'hprlusedltis,tsdaimt.lnltas.,sedtanttan.

1561 278 1764 337 LIBER
1802 234 2076 338 emittis.

3353 285 3466 349 150

1876 392 2051 448 Verbo
2084 396 2462 467 propinquior,
2498 407 2675 469 potest
2714 383 2912 458 habere
2951 401 3232 460 informem
3257 404 3458 460 vitam;

1872 485 1992 554 quia
2020 503 2123 542 non
2152 488 2289 544 sicut
2317 488 2419 546 hoc
2441 500 2524 546 est
2545 490 2596 546 ei
2623 507 2743 547 esse
2767 491 2908 564 quod
2947 492 3127 549 vivere
3147 535 3165 560 ,
3198 495 3270 550 ita
3314 496 3414 552 boe
3438 498 3453 530 '

1870 577 2048 633 vivere
2084 580 2227 650 quod
2270 583 2536 653 sapienter
2559 599 2622 638 ac
2663 585 2816 642 beate
2855 585 3054 643 vivere.
3087 589 3288 644 Aversa
3316 591 3457 647 enim

1870 685 1900 724 a
1926 670 2196 740 Sapientia
2222 672 2660 738 incommutabili,
2683 675 2844 732 stulte
2867 693 2931 732 ac
2955 677 3149 733 misere
3169 678 3316 743 vivit,
3338 696 3458 748 quia

1870 762 2165 819 informitas
2192 765 2310 833 ejus
2337 775 2436 820 est.
2480 766 2763 823 Formatur
2789 779 2969 825 autem
2994 785 3252 828 conversa
3280 772 3345 828 ad
3378 773 3454 829 in-

1867 857 2242 913 commutabile
2271 859 2450 914 lumen
2494 859 2811 931 Sapientiae,
2842 861 3074 919 Verbum
3119 865 3232 920 Dei.
3264 868 3304 921 Α
3349 883 3457 939 quo

1867 951 2011 1006 enim
2040 950 2243 1005 exstitit
2273 960 2330 1006 ut
2358 952 2428 1006 sit
2456 961 2742 1023 utcumque
2769 968 2831 1008 ac
2856 954 3027 1020 vivat,
3055 954 3123 1010 ad
3151 956 3297 1012 illutn
3322 972 3454 1014 cou-

1865 1044 2089 1097 vcrtitur
2109 1051 2165 1096 ιιι
2188 1043 2458 1112 sapienter
2475 1058 2539 1097 ac
2560 1043 2713 1099 beate
2732 1046 2892 1099 vivat.
2917 1045 3236 1116 Principium
3258 1050 3456 1120 quippe

1864 1146 2128 1191 creatura:
2173 1135 2548 1191 intellectualis
2591 1145 2674 1191 est
2716 1145 2914 1191 :rterna
2960 1136 3260 1208 Sapientia;
3310 1140 3453 1212 quod
3515 1131 3518 1134 ’

1864 1227 2181 1297 principium
2233 1241 2453 1281 manens
2501 1225 2553 1280 in
2606 1241 2666 1282 se
2719 1227 3250 1296 ineommutabiliter,
3303 1229 3455 1288 nullo

1864 1320 2024 1375 modo
2051 1329 2226 1375 cessat
2253 1320 2275 1352 ’
2305 1320 2507 1374 occulta
2535 1318 2882 1388 inspiratione
2910 1321 3203 1376 vocationis
3230 1321 3371 1392 loqui
3398 1321 3452 1380 ei

1862 1420 2122 1467 creatura:
2161 1411 2246 1465 cui
2277 1411 2593 1480 principium
2619 1419 2734 1476 est,
2775 1419 2832 1464 ut
2853 1421 3192 1466 convertatur
3212 1411 3278 1466 ad
3306 1411 3355 1468 id
3380 1427 3450 1470 es

1861 1520 1967 1573 quo
1987 1512 2089 1569 est,
2119 1502 2263 1574 quod
2288 1503 2442 1557 aliter
2467 1503 2688 1556 formata
2714 1517 2776 1556 ac
2799 1501 3027 1571 perfecta
3054 1517 3175 1558 esse
3198 1518 3304 1557 non
3332 1517 3450 1574 pos.

1862 1595 1952 1649 sit.
1981 1593 2212 1664 Ideoque
2236 1594 2590 1662 interrogatus
2613 1592 2733 1662 quis
2759 1603 2923 1659 esset,
2952 1592 3224 1663 respondit
3249 1611 3264 1648 :
3292 1592 3449 1650 Prin-

1862 1686 2071 1757 cipium,
2099 1685 2216 1754 quia
2242 1693 2288 1738 et
2311 1683 2488 1753 loquor
2516 1683 2652 1737 uobis
2681 1683 2861 1753 (Joau.
2887 1699 3004 1750 vnt,
3034 1683 3152 1755 25).

1934 1781 2021 1834 ll.
2068 1777 2220 1845 Quod
2264 1785 2442 1833 autem
2485 1777 2649 1832 Filius
2689 1776 2937 1847 loquitur.
2979 1776 3132 1832 Pater
3179 1775 3441 1848 loquitur,

1860 1869 1982 1940 quia
2039 1869 2197 1924 Patre
2248 1868 2498 1938 loquente
2538 1867 2733 1922 dicitur
2780 1866 3049 1930 Verbum,
3093 1866 3235 1938 quod
3283 1865 3448 1925 Filius

1861 1970 1945 2016 est
1968 1999 1983 2022 .
2009 1968 2212 2014 aeterno
2237 1973 2418 2022 more,
2441 1958 2487 2012 si
2537 1973 2684 2013 more
2726 1957 3008 2014 dicendum
3044 1967 3174 2023 est,
3199 1957 3448 2030 loquente

1861 2052 1973 2107 Deo
2014 2052 2244 2106 Verbum
2281 2060 2602 2107 cmcternum
2651 2050 2772 2123 (η).
2824 2050 2967 2106 Inest
3006 2051 3148 2106 enim
3191 2049 3305 2107 Deo
3350 2052 3445 2109 be-

1859 2145 2091 2216 nignitas
2138 2159 2377 2210 summa,
2421 2154 2476 2200 et
2515 2153 2697 2199 sancta
2751 2153 2806 2198 et
2851 2146 3023 2213 justa;
3079 2151 3136 2199 et
3181 2144 3395 2216 quidem
3421 2145 3444 2178 ⁸

1859 2253 1969 2294 non
2005 2253 2069 2294 ex
2112 2238 2394 2308 indigentia
2415 2277 2429 2300 ,
2458 2237 2553 2292 sed
2581 2253 2646 2292 ex
2676 2235 3025 2292 beneﬁcentia
3056 2235 3275 2292 veniens
3293 2251 3446 2293 amor

1874 2330 1926 2384 in
1955 2344 2116 2401 opera
2145 2344 2261 2383 sua.
2295 2329 2579 2399 Pr0pterea
2609 2330 2911 2400 priusquam
2937 2329 3276 2396 scriberetur,
3306 2328 3447 2384 Dixit

1859 2418 2000 2474 Deus
2029 2461 2043 2483 ,
2093 2418 2214 2473 Fiat
2261 2419 2387 2482 lux;
2436 2421 2710 2491 pra'cesait
2762 2419 3040 2490 Scriptura
3093 2419 3320 2487 dicens,
3377 2419 3446 2476 Et

1860 2512 2085 2583 Spiritus
2135 2512 2230 2594 Dei
2265 2512 2669 2584 "(perferebatur
2704 2528 2859 2582 super
2896 2528 3100 2583 aquam.
3144 2512 3278 2581 Quia
3329 2512 3446 2570 sive

1858 2618 2012 2674 aqum
2040 2603 2256 2659 nomine
2290 2604 2558 2673 appellare
2585 2603 2750 2658 voluit
2771 2612 2936 2658 totam
2974 2604 3306 2675 corporalem
3333 2620 3446 2661 ma-

1859 2701 2080 2761 teriam,
2119 2706 2176 2751 ut
2199 2712 2266 2752 eo
2289 2697 2449 2751 modo
2479 2696 2769 2752 insinuaret
2803 2696 2942 2752 unde
2965 2696 3100 2752 facta
3129 2708 3184 2753 et
3219 2697 3446 2756 formata

1857 2789 1968 2844 sint
2015 2788 2190 2844 omnia
2217 2830 2232 2853 ,
2275 2805 2394 2860 qum
2434 2789 2487 2843 in
2529 2789 2642 2845 suis
2677 2790 2957 2859 generibus
2986 2790 3098 2860 jam
3132 2789 3447 2862 dignoscere

1861 2895 2143 2951 pessumus
2168 2921 2184 2947 ,
2229 2881 2501 2950 appellans
2543 2896 2767 2952 aquam,
2811 2883 2933 2951 quia
2971 2896 3039 2937 ex
3082 2880 3294 2936 humida
3344 2897 3446 2938 na-

1861 2983 1974 3028 tura
2015 2974 2257 3029 videmus
2298 2974 2474 3028 omnia
2511 2974 2563 3028 in
2597 2983 2738 3029 terra
2779 2989 2874 3044 per
2911 2975 3121 3044 species
3148 2975 3318 3030 varias
3338 2973 3448 3033 for-

1861 3068 1991 3121 mari
2013 3077 2171 3138 atque
2189 3081 2562 3128 concrescere;
2585 3067 2698 3122 sive
2721 3066 3050 3138 spiritualcm
3077 3068 3237 3122 vitam
3261 3083 3449 3139 quam-

1861 3156 1981 3212 dam
2019 3166 2144 3212 ante
2169 3157 2391 3212 formam
2418 3159 2783 3213 conversionis
2810 3159 2958 3230 quasi
2989 3158 3282 3215 ﬂuitantem
3315 3176 3447 3217 :su-

1865 3247 2227 3317 perferebatur
2277 3248 2458 3318 utique
2508 3248 2736 3319 Spiritus
2793 3249 2921 3314 Dei;
2971 3250 3093 3321 quia
3143 3250 3452 3322 subiacebat

1862 3338 2066 3394 scilicet
2092 3339 2245 3394 bome
2273 3339 2527 3395 voluntati
2556 3340 2827 3396 Creatoris
2845 3382 2860 3405 ,
2891 3342 3144 3413 quidquid
3183 3341 3313 3399 illud
3335 3351 3454 3401 erat

1862 3431 2000 3501 quod
2053 3429 2385 3486 formandum
2427 3431 2910 3503 perilciendumque
2951 3433 3292 3489 inchoaverat
3328 3451 3344 3488 :
3392 3441 3454 3492 ut

1862 3520 2071 3576 dicente
2103 3522 2212 3578 Deo
2241 3522 2291 3576 in
2324 3521 2499 3578 Verbo
2536 3536 2655 3586 suo,
2700 3521 2818 3577 Fiat
2859 3523 2982 3587 lux;
3011 3523 3063 3578 in
3093 3523 3229 3579 bona
3259 3523 3452 3581 volun-

1865 3621 1991 3676 tate,
2021 3613 2120 3667 hoc
2141 3622 2220 3667 est
2251 3613 2302 3667 in
2330 3613 2660 3684 beneplacito
2685 3614 2804 3684 ejus
2829 3630 2924 3684 pro
2944 3613 3161 3670 modulo
3183 3616 3262 3671 sui
3288 3631 3452 3687 geno-

1862 3704 1938 3760 ris
1975 3713 2215 3760 maneret
2241 3704 2383 3773 quod
2415 3708 2605 3760 factum
2635 3714 2751 3771 est;
2799 3714 2854 3761 ct
2898 3705 3019 3762 ideo
3059 3715 3262 3762 rectum
3303 3706 3449 3775 est‘,

1864 3795 2004 3866 quod
2031 3796 2287 3866 placuerit
2322 3796 2463 3858 Deo,
2505 3795 2777 3867 Scriptura
2814 3797 3060 3866 dicente,
3105 3797 3173 3853 Et
3201 3800 3338 3871 facta
3373 3805 3452 3855 est

1865 3887 1984 3950 lux;
2004 3895 2051 3942 et
2077 3885 2197 3940 vidit
2226 3884 2364 3942 Deus
2383 3887 2542 3942 lucem
2566 3888 2685 3957 quia
2727 3887 2860 3942 bona
2880 3898 2974 3944 est.

1864 3977 2092 4034 CAPUT
2122 3976 2294 4031 Vl.—
2319 3977 2539 4033 Trinitas
2584 3979 2836 4034 insinuata
2870 3995 2982 4033 cum
3021 3980 3075 4034 in
3109 3979 3446 4049 inchoatione,

2256 4081 2365 4124 tum
2385 4071 2437 4124 in
2465 4071 2767 4142 perfectione
2796 4081 3058 4127 creature.

1941 4161 2030 4217 l2.
2071 4160 2141 4218 Ut
2181 4161 2626 4232 quemadmodum
2671 4162 2722 4216 in
2768 4162 2883 4231 ipso
2926 4161 3147 4218 exordio
3191 4163 3452 4220 inchoata!

1865 4265 2142 4318 creaturze,
2174 4269 2292 4324 quae
2319 4254 2441 4309 caeli
2467 4263 2521 4309 et
2545 4263 2700 4310 terra:
2727 4254 2964 4318 nomine,
2994 4262 3208 4324 propter
3234 4253 3284 4308 id
3309 4252 3451 4325 quod

1865 4347 1934 4403 de
1962 4349 2048 4403 illa
2073 4345 2449 4418 perliciendum
2472 4355 2606 4411 erat,
2634 4354 3050 4402 commemorata
3074 4352 3189 4410 est,
3219 4343 3470 4401 Trinitas-

1929 4507 1946 4539 ί
1971 4504 2088 4555 Editi
2112 4518 2124 4553 :
2151 4501 2268 4562 (Μία
2288 4501 2412 4554 sicut
2433 4513 2526 4551 non
2544 4499 2632 4551 hoc
2652 4505 2724 4552 est
2741 4498 2790 4552 ei
2808 4512 2910 4552 esse
2931 4499 3062 4562 quod
3080 4497 3252 4559 vivere,
3273 4498 3342 4551 ita
3363 4511 3453 4552 nee

1863 4566 1953 4619 hoc
1974 4565 2130 4618 vivere
2151 4564 2298 4627 quod,
2324 4571 2419 4614 etc.
2445 4569 2627 4627 Attuss.
2667 4575 2842 4627 magno
2855 4574 3104 4627 consensu
3125 4565 3321 4612 lerunt:
3350 4569 3452 4613 non

1862 4629 1984 4680 sicut
2001 4630 2089 4678 hoc
2109 4621 2179 4678 est
2195 4625 2240 4676 ei
2262 4621 2368 4690 esse
2394 4623 2523 4690 quod
2545 4623 2730 4690 rivere_,
2748 4621 2824 4690 ita
2845 4622 2935 4690 hoc
2957 4621 3128 4681 cicere,
3154 4630 3250 4690 etc.
3276 4630 3330 4676 Et
3361 4637 3452 4690 ve.

1862 4692 1965 4741 rius
1993 4705 2042 4741 ιιι
2072 4684 2572 4752 Augustiaidoetrina,
2594 4686 2850 4752 quiiolib.
2873 4686 2939 4735 de
2969 4684 3453 4752 tunnortalitate‘ani-

1863 4765 1975 4812 mae,
1998 4765 2103 4815 cap.
2127 4747 2176 4811 8',
2202 4765 2250 4815 n_.
2278 4749 2353 4809 t5,
2377 4748 2586 4815 animum
2609 4747 2700 4815 nisi
2724 4748 2853 4815 vivat
2874 4761 2987 4815 esse
3025 4759 3120 4797 non
3142 4760 3283 4812 posse
3304 4747 3449 4807 dicit;

1862 4807 2077 4880 mosque
2095 4807 2200 4880 cap.
2223 4812 2256 4861 9
2282 4807 2348 4880 ad
2370 4807 2516 4880 bulla
2538 4822 2639 4868 res,
2678 4809 2851 4874 inquit,
2885 4810 3048 4873 seipsa
3081 4807 3233 4860 caret.
3268 4815 3349 4860 Est
3366 4820 3453 4859 au-

1870 4894 1892 4922 ι
1913 4871 2011 4927 teni
2047 4871 2236 4925 animus
2266 4876 2362 4922 vita
2375 4871 2616 4935 quaedam.
2635 4887 2658 4916 ι

1925 4941 1946 4971 ⁸
1969 4939 2040 4988 sic
2062 4944 2170 4986 Lov.
2196 4942 2251 4985 Al.
2274 4943 2373 4983 Am.
2393 4930 2455 4983 'et
2486 4938 2580 4990 Er.,
2604 4930 2824 4984 cessabit.
2857 4940 2962 4982 Mss.
3001 4932 3194 4990 decem,
3216 4930 3450 4982 cessabat.

1860 4997 2163 5048 mlhcrtinus
2179 4996 2332 5047 codex
2356 4993 2536 5057 aliique
2551 4995 2805 5044 duodecim
2826 4992 3042 5045 melioris
3057 5000 3202 5052 uota,
3225 4996 3450 5057 cessasz

1860 5067 1915 5112 Et
1934 5056 2482 5124 consequenteromues
2503 5069 2652 5120 prape
2677 5064 2780 5108 MSS.
2825 5057 2897 5107 sic
2933 5063 3294 5124 prosequuntur
3325 5067 3340 5103 :
3391 5056 3453 5104 Ut

1859 5115 2116 5173 converterl
2131 5128 2210 5171 tur
2245 5118 2311 5170 ad
2342 5118 2396 5170 id
2418 5130 2482 5169 ea:
2503 5115 2610 5182 ἰιυό
2641 5124 2782 5178 esset,
2815 5115 2952 5183 quod
2978 5115 3199 5167 aliter....
3221 5127 3326 5166 esse
3354 5126 3451 5167 non

1860 5191 2095 5306 ροῗῗένη
2118 5242 2347 5310 quidam._
2366 5249 2422 5310 at
2442 5249 2546 5310 Mss.
2571 5255 2724 5305 prope
2744 5254 2936 5310 omnes,
2955 5239 3149 5310 quidem

1922 5309 1944 5340 ἰ
1966 5299 2206 5366 Μεςίεὸκ,
2245 5311 2290 5356 et
2328 5304 2438 5355 ideo
2474 5299 2776 5354 lectum'est.
2821 5299 3183 5366 Vindocinens'ts
3201 5299 3379 5366 codex,
3401 5305 3451 5366 et

1859 5368 1970 5421 ideo
1992 5369 2175 5420 dictum
2194 5362 2280 5419 est.
2313 5374 2368 5417 At
2385 5367 2548 5416 caeteri
2580 5372 2688 5414 Mss.
2722 5370 2775 5414 et
2797 5363 2913 5413 editi
2945 5364 3024 5413 hic
3054 5370 3108 5413 et
3144 5364 3194 5412 iu
3231 5362 3357 5412 libro
3386 5363 3450 5412 ad

1858 5431 2030 5497 Dulcit.
2056 5432 2254 5489 habent,
2278 5433 2463 5497 rectum
2482 5432 2569 5477 est.
2595 5425 2735 5497 Paulo
2758 5431 2867 5497 post
2888 5424 3105 5497 in_editis
3117 5422 3308 5497 caputﬁ

1858 5496 2040 5558 piebat,
2059 5498 2118 5562 βε
2139 5483 2539 5562 quemadmodum
2554 5501 2571 5562 ;
2590 5495 2739 5562 atque
2752 5483 2901 5562 :ipfra
2935 5483 3303 5562 legebatttr,_ita
3329 5491 3376 5537 et
3395 5483 3448 5537 in

1857 5547 2234 5607 itomerisioné....
2252 5550 2524 5602 insinuatur
2552 5547 2571 5598 ὲ
2592 5547 2771 5611 quibus
2791 5547 2911 5599 locis
2929 5547 3179 5611 sequimur
3198 5556 3303 5611 Mss.

1920 5618 1992 5727 $9)
2009 5625 2120 5674 Quae
2141 5619 2433 5677 sequuntur,
2460 5608 2623 5682 usque
2637 5609 2865 5684 adﬁnem
2883 5623 2987 5674 cap.
3007 5608 3068 5670 '7,
3085 5608 3312 5661 translata
3331 5614 3449 5662 sunt

1856 5681 1905 5730 in
1947 5682 2102 5728 mrum
2121 5677 2186 5726 de
2213 5681 2322 5725 octo
2343 5671 2530 5723 Dulcnu
2545 5673 2922 5736 mutationibus,
2945 5684 3167 5736 rcswus.
3189 5670 3443 5736 adque“.

2906 5707 2922 5736 ,
2945 5706 3167 5736 ..ρ-νυ...

1856 5742 1906 5802 8,
1924 5754 2007 5790 nu.
2032 5740 2063 5788 2
2083 5746 2136 5788 et
2149 5737 2197 5786 ὅ.
