3906 6332
537 466 921 531 succederent;
964 473 1022 523 et
1065 478 1253 522 rursus
1295 477 1609 530 accensam,
1656 470 1717 517 ut
1759 476 1917 517 mane
1944 460 2116 526 fleret,

538 566 821 629 antequam
849 555 951 613 hoc
980 556 1110 612 solis
1135 554 1314 612 officio
1338 564 1647 627 gereretur;
1675 552 1819 624 quod
1856 568 1888 607 a
1929 561 2121 625 quarto

539 649 628 706 die
654 651 883 723 capisse
904 650 1041 717 fieri,
1061 648 1247 707 eadem
1273 649 1547 719 Scriptura
1574 656 1817 703 testatur.

536 741 765 800 CAPUT
802 741 916 800 XII.
950 772 1023 785 —
1050 743 1167 798 Alia
1207 742 1473 814 diﬁicultas
1514 741 1578 796 de
1615 741 1925 795 successione
1967 740 2119 793 trium

609 834 806 888 dierum
829 843 875 890 et
897 835 1119 890 noctium
1142 843 1258 888 ante
1277 835 1399 889 solis
1427 833 1753 887 creationem.
1785 829 2117 901 Congregatio

608 940 856 996 aquarum
882 924 1133 997 quomodo
1161 929 1317 996 facta.

607 1018 698 1073 24.
740 1018 891 1087 Quod
914 1027 1200 1090 antequam
1227 1017 1397 1084 fleret,
1424 1031 1530 1089 quo
1553 1016 1779 1072 circuitu
1806 1016 1907 1072 sibi
1930 1024 2118 1088 potue-

540 1108 645 1163 rint
669 1116 783 1164 tres
810 1106 926 1164 dies
950 1118 1237 1179 noctesque
1262 1107 1581 1173 succedere,
1622 1108 1754 1163 lucis
1781 1123 1901 1178 qua:
1944 1108 2116 1178 primo

536 1200 677 1258 facta
722 1211 805 1259 est
846 1212 1194 1273 permanente
1231 1211 1417 1257 natura
1436 1242 1452 1267 ,
1481 1201 1529 1257 si
1556 1201 1645 1256 lux
1673 1201 1964 1271 corporalis
1990 1210 2114 1258 tunc

534 1293 671 1352 facta
698 1293 1042 1366 intelligenda
1068 1302 1171 1360 est,
1195 1301 1251 1350 et
1270 1293 1508 1348 invenire
1534 1301 1590 1348 et
1611 1292 1878 1362 explicare
1898 1291 2115 1348 difficile

532 1394 633 1443 est.
660 1384 771 1442 Nisi
798 1384 933 1442 forte
953 1386 1148 1441 molem
1173 1392 1439 1441 tenellam
1459 1392 1513 1439 et
1532 1397 1809 1455 aquosam,
1829 1392 2113 1454 antequam

533 1486 680 1535 esset
723 1478 792 1534 ab
832 1478 1091 1533 alterutro
1126 1485 1414 1547 utrumque
1449 1474 1756 1542 discretum,
1786 1474 1927 1545 quod
1958 1474 2115 1531 tertio

531 1568 621 1626 die
648 1567 843 1624 factum
874 1567 1140 1632 scribitur,
1175 1566 1423 1623 tenebras
1450 1566 1617 1620 Deum
1657 1565 1955 1636 appellasse
1995 1563 2113 1635 quis

529 1658 764 1725 dixerit,
792 1667 1010 1731 propter
1033 1657 1351 1714 crassiorem
1378 1656 1799 1727 corpulentiam,
1831 1671 1988 1727 quam
2018 1656 2111 1710 lux
2173 1667 2197 1734 ές

530 1758 814 1820 penetrare
857 1763 964 1804 non
1010 1756 1250 1818 poterat,
1296 1746 1379 1802 vel
1424 1753 1640 1823 propter
1680 1745 2112 1801 obscurissimam

530 1841 774 1895 umbram
802 1848 963 1896 tantm
989 1840 1178 1906 molis,
1206 1853 1365 1909 quam
1395 1844 1728 1899 necesscest
1754 1846 1811 1891 ut
1844 1851 1910 1893 ex
1947 1837 2112 1893 altera

529 1941 685 2005 parte
707 1932 902 1989 habeat
926 1947 1143 2002 corpus,
1176 1932 1220 1986 si
1246 1946 1312 1986 ex
1337 1930 1510 2001 aliqua
1534 1939 1686 2002 parte
1715 1930 1801 1984 lux
1832 1929 2006 1985 fuerit.
2029 1929 2111 1985 Ad
2174 1928 2212 2001 fit?

2170 2021 2176 2026 ’
2214 2030 2530 2101 conspicuas
2564 2036 2821 2100 aquarum
2867 2038 3233 2098 terrarumque
3256 2028 3462 2097 species
3484 2026 3814 2097 qualitates-

529 2041 690 2097 quem
733 2025 907 2081 locum
954 2023 1097 2080 enim
1139 2022 1422 2094 cujuslibet
1458 2020 1697 2092 corporis
1739 2021 1908 2077 moles
1936 2021 2109 2076 lucem

528 2118 815 2189 pervenire
842 2131 946 2173 non
977 2116 1131 2181 sinit,
1171 2115 1223 2170 in
1250 2129 1316 2171 co
1342 2114 1461 2171 loco
1487 2114 1673 2169 umbra
1701 2122 1786 2171 est
1815 2130 1829 2165 :
1857 2114 2111 2182 quoniam

530 2207 682 2264 locus
706 2222 897 2264 carens
921 2221 983 2263 ea
1004 2208 1142 2271 luce.
1171 2222 1273 2278 qua
1301 2206 1675 2273 illustraretur,
1703 2206 1805 2262 nisi
1826 2204 2110 2277 impediret

531 2313 729 2369 corpus
747 2298 1071 2369 oppositum,
1100 2297 1202 2352 hoc
1229 2306 1393 2353 totum
1417 2306 1499 2353 est
1521 2297 1660 2368 quod
1688 2297 1871 2351 umbra
1892 2295 2106 2352 dicitur.

529 2389 662 2460 Qum
688 2390 731 2447 si
756 2404 855 2462 pro
879 2391 1020 2446 mole
1045 2390 1283 2461 corporis
1312 2397 1418 2445 tztm
1449 2404 1635 2459 magna
1666 2388 1847 2453 fuerit,
1870 2397 1926 2443 ut
1950 2402 2110 2445 occu-

527 2492 620 2554 pet
635 2483 861 2553 spatium
881 2489 1059 2548 terra),
1088 2490 1340 2550 quantum
1363 2497 1427 2536 cx
1452 2482 1616 2536 altera
1639 2490 1787 2551 parte
1805 2481 1919 2537 dies
1946 2495 2108 2537 occu-

470 2646 471 2649 η
528 2552 640 2644 put,
668 2552 772 2629 nox
805 2581 1048 2628 vocatur.
1079 2572 1264 2645 Neque
1301 2572 1444 2627 enim
1486 2588 1674 2627 omnes
1713 2572 1945 2628 lenebra:
1978 2586 2105 2626 nox.

2162 2668 2170 2742 ζ
2210 2673 2292 2728 sui
2326 2671 2538 2742 generis
2576 2668 2858 2725 declaratis
2885 2686 2898 2723 :
2928 2678 2987 2723 ut
3015 2669 3068 2722 in
3112 2682 3178 2723 eo
3212 2664 3358 2737 quod
3382 2665 3621 2737 sequitur
3650 2663 3813 2722 Scri-

2159 2756 2169 2778 ⁵
2210 2770 2365 2833 plura
2393 2761 2608 2827 dicens,
2651 2758 2810 2815 Terra
2843 2768 3011 2813 autent
3037 2767 3143 2813 erat
3170 2756 3432 2812 invisibilis
3458 2766 3505 2811 et
3531 2756 3812 2827 incompo-

2160 2881 2168 2919 ί
2210 2854 2341 2919 sita,
2383 2866 2431 2907 et
2458 2852 2672 2906 tenebrw
2695 2859 2839 2906 erant
2864 2865 3015 2915 super
3037 2848 3316 2919 abyssum:
3338 2855 3387 2901 et
3430 2846 3657 2916 Spiritus
3704 2845 3813 2902 Dei

524 2665 658 2722 Nam
696 2674 751 2721 et
796 2666 847 2721 in
889 2666 1155 2736 Speluncis
1192 2666 1383 2738 amplis
1407 2706 1423 2729 ,
1461 2666 1513 2721 in
1550 2680 1772 2736 quarum
1809 2664 1987 2721 abdita
2013 2666 2107 2721 lux

525 2757 826 2829 irrumpere
865 2773 961 2828 per
986 2757 1285 2830 oppositam
1327 2757 1521 2812 molem
1570 2773 1677 2813 non
1719 2757 1932 2821 sinitur,
1982 2763 2110 2812 sunt

525 2850 709 2920 utique
735 2849 1005 2914 tenebras;
1034 2851 1159 2919 quia
1186 2849 1274 2903 lux
1297 2863 1403 2902 non
1431 2857 1516 2903 est
1541 2848 1646 2914 ibi,
1680 2857 1954 2918 totumque
1979 2861 2105 2918 spa-

525 2940 657 2995 tium
688 2941 815 2996 illud
845 2941 992 2996 locus
1016 2950 1099 2997 est
1126 2956 1318 2997 carens
1344 2941 1462 2997 luce
1486 2960 1499 2995 :
1525 2956 1624 2997 nec
1648 2950 1823 2996 tamen
1859 2941 1994 2996 tales
2023 2949 2103 2997 te-

526 3030 707 3085 nebras
729 3041 1053 3101 acceperunt
1076 3031 1390 3086 vocabulum
1418 3032 1588 3086 noctis
1607 3073 1621 3095 ,
1654 3030 1747 3086 sed
1776 3031 1881 3086 illa:
1907 3047 2026 3102 qua:
2051 3032 2105 3087 in

527 3135 645 3176 eam
688 3129 889 3191 partem
935 3130 1092 3177 terra:
1134 3123 1461 3189 succedunt,
1481 3122 1620 3179 unde
1638 3132 1951 3191 removetur
1968 3123 2101 3180 dies.

526 3213 679 3268 Sicut
702 3227 805 3267 non
832 3214 1007 3268 omnis
1032 3213 1119 3268 lux
1141 3212 1257 3269 dies
1282 3214 1610 3285 appellatur;
1643 3229 1763 3269 nam
1783 3225 1837 3270 et
1856 3214 1995 3269 luna:
2015 3214 2102 3271 lux

524 3313 631 3373 est,
656 3312 714 3359 et
736 3303 990 3371 siderum,
1020 3313 1076 3360 et
1105 3306 1461 3370 lucernarum,
1492 3314 1547 3361 et
1573 3307 2020 3373 coruscationum,
2049 3315 2103 3362 et

523 3412 857 3469 quarumque
883 3412 1061 3453 rerum
1093 3398 1163 3453 ita
1192 3396 1501 3468 fulgentium
1528 3417 1541 3453 :
1570 3398 1662 3454 scd
1694 3399 1781 3453 illa
1810 3398 1896 3454 lux
1923 3399 2106 3469 appel-

523 3489 666 3547 latur
691 3490 826 3556 dies,
853 3491 937 3546 cui
962 3505 1065 3546 nox
1106 3490 1423 3561 praecedenti
1453 3491 1826 3562 recedentique
1847 3491 2100 3547 succedit.

591 3583 683 3641 25.
724 3583 831 3640 Sed
860 3583 904 3639 si
947 3582 1196 3653 primaria
1222 3582 1313 3637 lux
1344 3580 1432 3637 illa
1464 3583 1694 3653 undique
1721 3591 1876 3638 terra:
1902 3583 2101 3637 molem

519 3678 841 3737 circumfusa
870 3686 1212 3744 contexerat,
1244 3676 1356 3733 sive
1392 3685 1592 3741 staret,
1637 3676 1751 3732 sive
1777 3676 2099 3742 circumiret,

516 3764 630 3832 non
669 3783 785 3829 erat
812 3789 877 3829 ex
905 3789 1006 3843 qua
1036 3781 1185 3842 parte
1212 3771 1516 3826 admitteret
1541 3779 1751 3825 noctem
1790 3768 1891 3824 sibi
1921 3782 2105 3824 succe-

520 3867 687 3932 dere;
713 3864 837 3936 qnia
864 3879 1127 3935 nusquam
1155 3863 1264 3933 ipsa
1293 3862 1629 3925 discedebat,
1657 3870 1714 3915 ut
1732 3860 1782 3915 ei
1811 3860 2006 3915 faceret
2032 3859 2100 3914 lo-

520 3974 665 4015 cum.
696 3958 777 4013 An
804 3972 867 4012 ex
895 3971 997 4010 una
1021 3964 1171 4026 parte
1202 3955 1336 4009 facta
1360 3963 1475 4009 erat
1494 3996 1509 4017 ,
1536 3962 1593 4007 ut
1618 3954 1727 4023 ipsa
1749 3952 2097 4018 circumiens,

522 4050 681 4107 etiam
726 4058 935 4104 noctem
986 4064 1050 4104 ex
1078 4050 1179 4103 alia
1206 4056 1357 4119 parte
1386 4055 1775 4116 consequenter
1822 4046 2102 4101 circumire

522 4140 897 4213 permitteret?
922 4139 1053 4195 Cum
1089 4140 1229 4194 enim
1257 4147 1419 4193 totam
1452 4147 1645 4192 terram
1672 4136 1843 4191 adhuc
1864 4152 1999 4207 aqua
2025 4145 2103 4192 te-

506 4226 699 4306 geret,
728 4231 863 4288 nihil
893 4229 1215 4301 impediebat
1255 4239 1313 4284 ut
1345 4242 1543 4299 aquosa
1568 4236 1622 4282 ct
1645 4226 1862 4297 globosa
1889 4227 1905 4258 ¹
1934 4227 2102 4281 moles

520 4340 587 4383 cx
615 4339 716 4380 una
764 4331 911 4395 parte
941 4321 1139 4379 faceret
1185 4321 1326 4376 diem
1354 4320 1486 4376 lucis
1532 4317 1847 4390 praesentia,
1896 4334 1959 4373 ex
1999 4319 2102 4374 alia

520 4426 731 4474 noctem
765 4415 901 4471 lucis
919 4413 1179 4481 absentia,
1204 4427 1321 4484 qua:
1347 4412 1398 4466 in
1429 4426 1547 4466 eam
1570 4418 1773 4482 partem
1795 4408 2105 4464 succederet
2188 4440 2189 4443 η

519 4521 551 4562 a
574 4516 809 4576 tempore
837 4505 1160 4574 vespertino,
1182 4519 1247 4558 ex
1276 4518 1379 4573 qua
1406 4503 1493 4557 lux
1525 4502 1576 4556 in
1604 4501 1762 4555 aliam
1788 4500 2099 4555 declinaret.

594 4596 685 4652 26.
724 4597 842 4663 Quo
873 4610 1002 4665 ergo
1023 4604 1358 4664 congregata:
1385 4603 1509 4649 sunt
1537 4609 1709 4664 aquae.
1737 4592 1783 4648 si
1814 4601 1976 4648 totam
1997 4600 2103 4648 ter-

519 4705 634 4747 ram
648 4703 796 4758 prius
810 4687 1219 4759 oecupaverant?
1231 4687 1333 4741 illa:
1344 4686 1548 4742 scilicet
1560 4702 1678 4756 qua:
1686 4686 1937 4741 detracta:
1955 4692 2100 4751 sunt,

526 4789 586 4836 ut
609 4791 745 4836 terra
780 4779 1086 4844 nudaretur,
1112 4778 1163 4833 in
1190 4792 1344 4849 quam
1374 4786 1576 4847 partem
1603 4784 1936 4847 congregata:
1953 4775 2103 4830 sunt?

498 4857 574 4929 'Si
607 4872 749 4929 enim
778 4880 890 4926 erat
919 4868 1118 4939 aliquid
1144 4868 1339 4924 nudum
1368 4877 1522 4923 terra:
1540 4909 1556 4933 ,
1583 4883 1691 4939 quo
1716 4882 2105 4939 congregaren-

491 5023 493 5025 ,
518 4974 642 5028 tur;
670 4962 777 5032 jam
806 4959 1095 5031 apparebat
1116 4959 1285 5025 arida,
1311 4974 1411 5014 nec
1432 4968 1600 5013 totum
1620 4958 1845 5030 abyssus
1869 4971 2100 5028 occupa-

517 5056 629 5112 bat.
667 5052 720 5110 Si
749 5062 927 5107 autetn
974 5058 1140 5106 totum
1186 5058 1466 5114 texerant;
1507 5048 1624 5120 quis
1652 5057 1767 5104 erat
1804 5050 1953 5105 locus
1993 5063 2103 5120 quo

517 5148 897 5218 colligerentur
915 5186 931 5210 ,
961 5153 1018 5198 ut
1036 5151 1193 5198 terra:
1216 5141 1436 5197 ariditas
1463 5140 1787 5212 appareret?
1814 5139 2104 5210 Numquid-

518 5252 641 5295 nam
668 5238 720 5293 in
740 5236 906 5292 altum
930 5240 1269 5304 congregatae
1289 5240 1416 5287 sunt
1432 5271 1449 5296 ,
1478 5231 1616 5287 sicut
1645 5229 1704 5286 lit
1724 5245 1845 5287 cum
1874 5229 1941 5284 ad
1967 5245 2100 5285 ven-

516 5328 774 5385 tilandum
800 5329 855 5383 in
896 5341 1021 5382 area
1047 5324 1242 5381 messis
1271 5323 1396 5379 trita
1424 5323 1746 5393 subrigitur,
1775 5333 1831 5380 et
1848 5333 2101 5394 congesta

518 5421 572 5476 in
602 5435 848 5491 aggerem
893 5418 1061 5475 nudat
1103 5418 1278 5473 locum
1319 5431 1481 5487 quem
1520 5415 1710 5472 dill‘usa
1750 5416 2101 5472 contexerat?

517 5512 650 5582 Quis
678 5511 782 5567 hoc
804 5510 1038 5577 dixerit,
1078 5525 1199 5566 eum
1229 5507 1435 5565 viderat
1476 5522 1855 5579 usquequaque
1885 5522 2101 5579 campos

519 5603 684 5660 maris
710 5602 1041 5673 aequabiliter
1072 5601 1248 5668 fusos,
1277 5602 1365 5674 qui
1392 5602 1552 5657 etiam
1581 5616 1701 5656 cum
1726 5616 1879 5672 aqum
1905 5599 2099 5656 ﬂuctu-

519 5696 660 5754 antis
687 5693 902 5765 qnidam
924 5694 1070 5749 velut
1094 5703 1304 5750 montes
1338 5696 1615 5766 eriguntur
1635 5733 1651 5758 ,
1684 5692 1882 5749 sedatis
1911 5705 2098 5748 rursus

582 5809 601 5841 ³
624 5812 732 5859 I85.
754 5805 953 5869 Ilith
970 5802 1179 5866 συῡωο.

1034 326 1094 351 κ
1453 350 1543 407 DE
1578 345 1829 407 causa
1866 346 1958 403 so
1995 340 2367 411 LITTERAM,
2403 344 2463 403 s.
2500 343 2868 404 sucus-mu
3504 328 3516 358 ·-
3540 340 3594 411 ._

3701 348 3821 408 ass

3558 403 3612 421 ηε

2229 459 2631 529 tempestatibus
2652 459 3085 530 complanantur?
3105 460 3170 517 Et
3190 459 3240 517 si
3264 475 3365 534 qua
3390 460 3569 519 littora
3591 461 3817 519 nudan-

2225 557 2313 607 tur
2334 552 2524 621 latius,
2554 568 2663 608 non
2688 562 2861 625 potest
2898 553 3006 611 dici
3046 554 3191 610 nulla
3217 569 3339 612 esse
3382 555 3486 612 alia
3533 564 3812 614 terrarum

2223 644 2398 714 spatia
2417 685 2433 709 ,
2459 660 2565 715 quo
2590 644 2809 701 accedat
2829 646 2880 701 id
2906 646 3046 717 quod
3074 646 3287 703 aliunde
3310 647 3549 714 decedit,
3578 650 3728 705 unde
3756 650 3815 707 in

2223 749 2345 791 cum
2376 736 2550 792 locum
2588 753 2657 794 ex
2688 753 2795 808 quo
2824 748 3147 805 recesserat,
3179 740 3373 795 iterum
3398 742 3636 798 accedat.
3668 742 3819 800 Cum

2221 837 2399 885 autem
2427 838 2590 885 totam
2618 831 2838 886 omnino
2879 840 3075 886 terram
3120 830 3323 887 undosa
3346 841 3532 887 natura
3557 834 3819 905 cooperi-

2219 932 2337 990 ret,
2370 938 2477 993 quo
2502 923 2738 989 cederet,
2767 934 2827 978 ut
2846 923 3287 994 nudaretaliquas
3312 925 3522 995 partes?
3550 926 3634 980 An
3661 924 3817 982 forte

2220 1017 2394 1072 rarior
2411 1032 2547 1089 aqua
2575 1016 2723 1073 velut
2748 1017 2939 1073 nebula
2966 1025 3140 1073 terras
3169 1018 3406 1089 tegebat,
3432 1034 3553 1090 qu:e
3576 1033 3819 1092 congre-

2218 1109 2433 1179 gatione
2457 1108 2682 1179 spissata
2725 1117 2839 1175 est,
2882 1116 2941 1163 ut
2974 1124 3040 1164 ex
3083 1108 3263 1164 multis
3288 1123 3382 1164 eas
3422 1109 3704 1179 partibus.
3755 1111 3814 1168 in

2218 1202 2412 1272 quibus
2444 1200 2589 1257 arida
2633 1209 2816 1272 posset
2855 1215 3116 1272 apparere
3138 1241 3153 1266 ,
3190 1199 3451 1255 nudaret?
3488 1201 3815 1273 Quanquam

2218 1302 2273 1348 et
2309 1303 2449 1349 terra
2474 1294 2632 1365 longe
2655 1293 2863 1364 lateque
2890 1292 3206 1359 subsidens,
3254 1293 3426 1363 potuit
3460 1293 3593 1349 alias
3622 1305 3815 1364 partes

2218 1386 2461 1456 przebere
2486 1400 2747 1443 concavas
2770 1426 2786 1452 ,
2815 1384 3008 1457 quibus
3031 1383 3360 1440 confluentes
3385 1393 3442 1441 et
3481 1396 3814 1445 carmentes

2216 1491 2368 1549 aqua:
2390 1477 2769 1548 reciperentur,
2797 1485 2850 1533 et
2868 1485 3149 1549 appareret
3169 1474 3316 1531 arida
3337 1491 3403 1532 ex
3425 1475 3509 1531 bis
3528 1477 3813 1548 partibus,

2217 1568 2358 1624 unde
2385 1567 2579 1624 ltumor
2600 1567 2930 1625 abscederet.

2286 1658 2380 1715 27.
2419 1659 2536 1715 Non
2559 1668 2641 1715 est
2664 1668 2841 1715 autem
2870 1657 3112 1715 informis
3139 1658 3284 1714 omni
3322 1656 3488 1714 modo
3514 1658 3809 1724 materies,

2217 1752 2306 1809 ubi
2332 1753 2492 1809 etiam
2514 1752 2768 1808 nebulosa
2791 1753 2997 1822 species
3019 1759 3242 1823 apparet
3272 1768 3287 1805 :

2319 1842 2547 1901 CAPUT
2582 1836 2976 1913 BIL—Aqua
3017 1852 3065 1896 et
3095 1851 3230 1897 terra
3256 1840 3463 1914 quando
3484 1851 3696 1897 create.

2288 1935 2356 1991 Et
2375 1936 2495 1991 ideo
2540 1937 2705 2008 qtueri
2748 1936 2924 1991 adhuc
2975 1944 3181 2004 potest,
3234 1914 3445 2006 quando
3491 1935 3633 1990 Deus
3669 1934 3815 1992 istas

2214 2136 2318 2190 que
2343 2121 2636 2185 creaverit;
2680 2120 2732 2175 in
2760 2118 2906 2175 nullo
2930 2120 3072 2175 enim
3115 2133 3207 2174 sex
3250 2117 3455 2173 dierum
3496 2117 3598 2173 hoc
3644 2118 3811 2173 iuve-

2214 2211 2580 2283 uitnr.ltaque
2615 2212 2660 2266 si
2708 2211 2811 2266 boe
2858 2218 2981 2267 ante
3008 2223 3221 2265 omnem
3262 2208 3404 2263 diem
3452 2206 3607 2273 fecit,
3658 2208 3813 2265 sicut

2212 2314 2337 2360 ante
2379 2303 2599 2358 istorum
2637 2303 2928 2374 primorum
2971 2301 3181 2357 dierum
3225 2300 3809 2356 commemorationem

2212 2395 2465 2465 scriptum
2490 2402 2594 2461 est,
2624 2393 2692 2447 In
2715 2394 2961 2465 principio
2990 2394 3107 2465 fecit
3137 2390 3271 2447 Deus
3292 2392 3473 2446 culum
3499 2401 3548 2446 et
3568 2400 3767 2444 terrane
3788 2405 3812 2453 ς

2212 2496 2273 2543 ut
2301 2487 2352 2542 in
2384 2495 2539 2541 terrae
2563 2484 2825 2541 vocabulo
2853 2484 3205 2555 intelligamus
3226 2482 3336 2552 jam
3366 2481 3645 2537 formatam
3678 2490 3805 2537 ter-

2210 2594 2395 2635 renam
2420 2577 2652 2649 speciem
2673 2575 2965 2647 superfusis
2981 2575 3131 2646 aquis
3153 2574 3251 2629 ista
3268 2572 3377 2643 jam
3400 2572 3590 2627 visibili
3612 2572 3813 2637 specie

2210 2943 2614 3016 superfcrebatur
2653 2958 2805 3012 super
2830 2958 3024 3011 aquas,
3070 2939 3267 2995 nullam
3315 2939 3595 3009 opinemur
3624 2936 3812 2995 infor-

2210 3036 2448 3092 mitatem
2492 3034 2756 3100 materias,
2799 3032 2892 3088 sed
2932 3041 3127 3087 terram
3152 3038 3208 3086 et
3242 3045 3434 3101 aquam
3476 3029 3593 3084 sine
3640 3029 3806 3097 luce,

2209 3144 2330 3200 qua:
2367 3127 2599 3183 nondum
2625 3135 2741 3182 erat
2764 3123 2899 3180 facta
2919 3165 2935 3191 ,
2976 3124 3088 3179 suis
3109 3122 3218 3194 jam
3247 3121 3539 3176 notissimis
3562 3120 3811 3191 qualita-

2211 3221 2352 3277 tibus
2372 3219 2614 3275 conditas
2646 3237 2659 3273 :
2692 3218 2749 3271 ut
2788 3216 2910 3272 ideo
2939 3224 3076 3270 terra
3116 3212 3397 3270 invisibilis
3420 3212 3561 3267 dicta
3590 3212 3810 3269 intellio

2208 3321 2391 3383 gatur,
2418 3308 2559 3381 quod
2583 3309 2734 3379 aquis
2761 3314 3012 3377 cooperta
3036 3320 3140 3361 non
3159 3313 3338 3376 posset
3365 3303 3555 3367 videri,
3571 3302 3806 3361 etiamsi

2208 3410 2353 3458 esset
2376 3401 2465 3472 qui
2494 3408 2672 3471 posset
2696 3398 2912 3463 videre;
2945 3396 3067 3452 ideo
3090 3411 3220 3451 vero
3255 3393 3599 3463 incomposita
3618 3433 3635 3456 ,
3664 3400 3810 3464 quia

2208 3492 2445 3549 nondum
2469 3506 2496 3545 a
2527 3490 2659 3546 mari
2684 3488 2960 3553 distincta,
2987 3495 3041 3543 et
3068 3485 3240 3543 cincta
3265 3484 3563 3549 littoribus,
3602 3485 3810 3542 etsuis

2210 3586 2403 3642 fetibus
2447 3584 2865 3652 animalibusque
2902 3580 3148 3636 decorata
3178 3597 3192 3634 :
3220 3578 3265 3633 si
3317 3592 3446 3650 ergo
3467 3579 3537 3632 ita
3558 3586 3674 3641 est,
3698 3594 3813 3635 cur

2208 3679 2328 3741 ista:
2355 3675 2562 3746 species
2581 3716 2597 3735 .
2623 3688 2743 3744 qua:
2769 3672 2949 3743 procul
2977 3671 3137 3726 dubio
3155 3669 3461 3740 corporales
3484 3676 3604 3724 sunt
3620 3709 3635 3733 ,
3664 3680 3807 3726 ante

2206 3784 2419 3825 omnem
2443 3768 2585 3823 diem
2608 3766 2759 3822 facta:
2787 3764 2948 3822 sunt?
2972 3764 3080 3820 Cur
3098 3778 3204 3819 non
3225 3764 3476 3832 scriptum
3500 3769 3609 3824 est,
3647 3760 3807 3817 Dixit

2209 3861 2371 3927 Deus,
2399 3858 2517 3913 Fiat
2537 3867 2697 3920 terra,
2730 3865 2787 3913 et
2806 3856 2939 3910 facta
2967 3863 3051 3909 est
3072 3862 3245 3919 terra;
3275 3852 3430 3918 item,
3460 3850 3601 3905 Dixit
3625 3850 3801 3919 Deus,

2208 3951 2326 4007 Fiat
2351 3966 2519 4015 aqua;
2563 3958 2617 4003 et
2646 3950 2777 4004 facta
2815 3955 2899 4002 est
2918 3961 3081 4017 aqua;
3120 3945 3205 4000 vel
3234 3953 3515 4013 utrumque
3542 3955 3807 3999 commu-

2208 4045 2373 4108 niter,
2414 4043 2459 4096 si
2486 4055 2589 4095 una
2634 4039 2785 4111 quasi
2806 4039 2920 4109 lege
2949 4038 3048 4092 loci
3079 4035 3617 4101 infimicontiuentur,
3648 4032 3807 4095 Dixit

2208 4134 2349 4190 Deus
2369 4175 2383 4197 ,
2416 4132 2530 4187 Fiat
2556 4140 2694 4187 terra
2717 4139 2773 4186 et
2797 4144 2950 4201 aqua,
2977 4137 3032 4183 et
3055 4127 3133 4182 sic
3157 4126 3351 4182 factum
3379 4125 3504 4181 est?
3762 4138 3765 4141 ‘

2244 4224 2468 4281 CAPUT
2508 4221 2826 4278 lV.—Ratio
2852 4237 2942 4274 cur
2966 4220 3018 4273 in
3043 4219 3205 4290 prium
3228 4219 3473 4274 versiculo
3498 4216 3759 4276 Gcncseos

2540 4313 2943 4385 subintelligatur
2966 4310 3176 4366 materia
3198 4310 3449 4381 informis.

2277 4408 2383 4465 Cur
2411 4423 2515 4463 non
2545 4406 2744 4461 dictum
2771 4413 2881 4472 est,
2925 4418 3047 4459 cum
3075 4403 3176 4457 hoc
3203 4402 3396 4457 factum
3416 4410 3589 4468 esset,
3643 4401 3806 4462 Vidit

2206 4503 2348 4560 Deus
2365 4544 2381 4570 ,
2412 4502 2535 4572 quia
2557 4501 2752 4555 bonum
2776 4497 2894 4553 est?

2277 4595 2369 4651 28.
2410 4594 2536 4649 llmc
2553 4592 2697 4650 enim
2726 4588 3081 4647 consideratio
3117 4588 3286 4645 suasit
3312 4588 3583 4660 (quoniam
3611 4592 3803 4647 mani-

2207 4686 2401 4743 festum
2430 4694 2515 4741 est
2541 4698 2700 4739 omne
2726 4682 2976 4739 mutabile
3004 4696 3071 4737 ex
3109 4681 3283 4752 aliqua
3313 4680 3639 4737 infnrmitate
3680 4682 3802 4739 for.

2207 4780 2378 4843 mari;
2408 4778 2672 4847 simulque
2697 4774 2824 4831 illud
2846 4783 2903 4829 et
2934 4771 3194 4828 catholica
3220 4772 3350 4827 fides
3376 4772 3672 4843 praescribit
3691 4813 3712 4839 ,
3742 4783 3805 4831 et

2206 4874 2501 4931 certissima
2524 4870 2660 4927 ratio
2677 4869 2854 4931 docet,
2884 4868 3145 4922 nullarum
3172 4874 3477 4921 naturarum
3505 4866 3802 4925 materiam

2206 4981 2327 5022 esse
2354 4964 2622 5035 potuisse,
2654 4960 2756 5016 nisi
2783 4959 2852 5015 ab
2870 4958 3109 5014 omnium
3138 4972 3317 5013 rerum
3344 4971 3454 5012 non
3475 4958 3647 5012 solum
3676 4956 3803 5015 for-

2209 5066 2471 5114 matarum
2490 5097 2503 5122 ,
2532 5054 2627 5109 sed
2648 5052 2807 5108 etiam
2837 5049 3192 5106 formabilium
3221 5048 3529 5103 inchoatore
3559 5048 3672 5103 Deo
3708 5061 3807 5105 at-

2206 5165 2311 5223 que
2329 5156 2593 5213 creatore,
2620 5144 2687 5199 de
2710 5158 2811 5214 qua
2828 5143 2990 5199 etiam
3009 5141 3141 5197 dicit
3153 5140 3203 5195 ei
3223 5139 3465 5211 quaedam
3492 5138 3801 5210 Scriptura.

2208 5243 2307 5310 Qui
2354 5239 2514 5314 fecisti
2557 5235 2801 5291 mundum
2833 5250 2895 5289 ea:
2920 5232 3129 5288 materia
3167 5230 3375 5302 informi
3401 5228 3554 5304 [Sap.
3583 5245 3665 5294 ιι,
3701 5229 3803 5307 i8}

2206 5336 2345 5392 lianc
2368 5333 2642 5391 materiam
2670 5330 2774 5387 illis
2793 5328 2968 5384 verbis
2988 5369 3003 5395 ,
3030 5326 3222 5399 quibus
3249 5340 3345 5397 pro
3372 5324 3631 5396 spirituali
3656 5339 3795 5395 pru-

2205 5427 2386 5485 dentia
2429 5422 2748 5481 tardioribus
2794 5420 2954 5476 etiam
3002 5417 3288 5475 lectoribus
3319 5416 3403 5472 vel
3450 5415 3809 5473 auditoribus

2204 5526 2523 5590 congrueret
2549 5515 2589 5579 ι.
2614 5512 2776 5568 fuisse
2800 5516 3291 5573 commemoratam,
3317 5506 3511 5577 quibus
3530 5514 3657 5562 ante
3679 5507 3807 5563 dic-

2204 5627 2324 5667 rum
2353 5605 2811 5665 enumerationem
2856 5600 3056 5656 dictum
3098 5608 3210 5665 est,
3260 5597 3324 5652 In
3372 5597 3622 5668 principio
3676 5601 3803 5671 fecit

2205 5701 2346 5757 Deus
2364 5699 2543 5755 coelum
2576 5706 2623 5751 et
2651 5705 2862 5759 terram,
2904 5700 3031 5759 etc.,
3049 5689 3222 5746 donec
3249 5690 3541 5755 diceretur,
3570 5686 3641 5742 Et
3672 5689 3810 5745 ἀείτὶε

2270 5802 2287 5829 ι
2312 5804 2417 5845 uss.
2436 5789 2619 5850 plures,
2635 5791 2991 5851 congruerunt.
