3906 6336
493 99 598 158 259

494 229 692 270 vocans
715 214 856 270 diem
880 255 895 278 ,
931 230 994 270 ac
1022 214 1265 269 tenebras
1292 224 1522 278 noctem,
1554 213 1861 269 ostenderet
1884 230 1941 268 se
1965 229 2071 269 non

491 309 831 374 Opiratorem
873 314 1214 377 peccatorum
1240 346 1255 371 ,
1297 304 1391 360 sed
1437 305 1794 360 ordinatorem
1820 304 2073 361 distribu-

493 398 636 454 tione
663 395 1017 453 meritoran
1043 398 1123 452 An
1154 397 1238 451 hic
1263 397 1376 452 dies
1404 397 1566 452 tutius
1595 397 1848 467 temporis
1880 411 2071 454 nomen

490 498 575 544 est
592 530 608 554 ,
631 498 687 544 et
712 487 893 542 omnia
934 489 1198 542 volumina
1225 488 1540 544 sarculorum
1571 488 1672 544 hoc
1699 488 1960 543 vocabulo
1988 486 2070 543 in—

491 579 694 643 cludit;
727 579 954 649 ideoque
979 592 1084 633 non
1103 577 1277 634 dictus
1299 586 1382 634 est
1408 579 1629 649 primos,
1653 580 1744 635 sed
1769 595 1904 634 unus
1923 580 2074 636 dies?

491 669 562 728 Et
582 673 723 744 facta
747 680 820 725 est
846 672 988 726 enim
1014 682 1219 741 vespera
1237 714 1252 738 ,
1274 679 1320 726 et
1348 675 1536 743 factum
1568 682 1638 727 est
1659 714 1673 733 ,
1706 673 1909 743 inquit,
1931 689 2076 727 mune

492 763 600 819 dies
622 773 752 818 satis
782 778 801 817 :
825 771 885 818 ut
907 777 1003 833 per
1025 763 1129 819 hoc
1151 764 1291 834 quod
1322 757 1458 819 facta
1485 765 1568 820 est
1594 779 1813 835 vespera
1835 808 1850 832 ,
1879 779 2073 837 pecca-

491 863 601 912 tum
624 856 894 912 rationalis
911 859 1208 922 creauirze;
1234 857 1372 928 Quod
1395 865 1569 912 autem
1587 855 1783 914 factum
1799 872 1880 915 est
1897 861 2071 926 mane,

493 948 768 1003 renovatio
793 946 910 1017 ejus
932 948 1227 1018 signiﬁcata
1255 947 1513 1003 videatur.

563 1039 654 1096 34.
683 1039 790 1095 Sed
822 1040 936 1094 haec
976 1039 1245 1110 allegoria:
1287 1041 1608 1111 prophetica:
1642 1041 1930 1112 disputatio
1971 1053 2071 1107 est,

493 1145 650 1201 quam
679 1143 784 1184 non
815 1129 917 1185 isto
933 1129 1180 1186 sermone
1199 1135 1556 1202 suscepimus.
1591 1132 1915 1189 lnstituimus
1933 1135 2074 1190 enim

491 1218 558 1276 de
580 1219 864 1290 Scriptun's
879 1235 1021 1276 nunc
1043 1223 1185 1292 loqui
1203 1223 1490 1278 s‘écundum
1509 1226 1880 1294 proprietatem
1899 1233 2075 1281 rerum

491 1319 782 1383 gestarum,
810 1321 914 1368 nou
939 1310 1230 1368 secundum
1255 1316 1533 1384 aenigmata
1556 1314 1842 1387 figurarum
1870 1307 1910 1370 ί.
1935 1313 2077 1389 Ergo

491 1404 559 1460 ad
612 1405 871 1460 rationem
919 1404 1178 1461 factamitt
1237 1403 1679 1480 conditarumque
1731 1419 2074 1475 naturarum,

491 1495 762 1565 quando
797 1497 1095 1552 invenimus
1131 1505 1405 1567 vesperam
1432 1505 1485 1554 et
1515 1515 1670 1555 mane
1697 1501 1749 1554 in
1781 1501 1897 1555 luCe
1925 1502 2078 1572 spiri-

494 1585 623 1640 tuali
642 1584 668 1638 i
709 1588 792 1640 Au
819 1585 1012 1640 divisio
1038 1587 1252 1656 quidem
1287 1590 1419 1643 locis
1449 1603 1478 1641 a
1509 1590 1745 1644 tenebris
1766 1633 1780 1653 ,
1810 1591 2078 1645 distinctio

493 1683 577 1730 est
602 1676 712 1744 iam
740 1675 816 1729 rei
843 1677 1082 1730 («innatae
1107 1677 1177 1731 ab
1206 1678 1415 1732 informi
1442 1697 1456 1743 ;
1503 1679 1788 1749 appellatio
1818 1695 1944 1736 vero
1973 1679 2074 1737 diei

494 1774 550 1834 et
575 1767 768 1830 noctis,
797 1765 1084 1820 insinuatio
1103 1768 1491 1824 distributionis
1512 1769 1534 1801 ¹
1557 1782 1658 1836 est,
1692 1785 1793 1842 qua
1816 1773 2079 1841 signitice-

499 1863 587 1912 tur
628 1857 759 1910 nillil
791 1856 958 1912 Betim
985 1857 1343 1912 inorditiatam
1371 1859 1692 1931 reliquere,
1723 1875 1879 1932 atque
1911 1865 2077 1933 ipsam

498 1946 913 2014 inﬁrmitatem,
961 1963 1054 2017 per
1099 1965 1256 2018 quam
1301 1963 1388 2004 res
1416 1950 1482 2005 de
1528 1955 1706 2022 specie
1750 1953 1802 2008 in
1845 1956 2079 2025 speciem

494 2039 657 2095 modo
700 2039 932 2109 quodam
972 2042 1299 2096 transeundo
1343 2047 1651 2108 mutantur,
1699 2063 1802 2101 non
1833 2061 1951 2103 esse
1993 2048 2078 2102 iu-

493 2132 838 2204 dispositam;
885 2139 1057 2203 neque
1099 2135 1336 2190 defectus
1378 2137 1755 2208 profectusque
1797 2139 2075 2206 creaturae,

496 2223 689 2294 quibus
723 2225 941 2279 sibimet
979 2226 1293 2295 temporalia
1322 2241 1550 2299 qumque
1587 2231 1872 2286 succedunt
1901 2273 1914 2297 ,
1965 2233 2079 2287 sine

493 2316 862 2386 supplemento
878 2321 1001 2373 esse
1019 2317 1230 2374 decoris
1256 2319 1527 2376 universi?
1548 2319 1662 2376 Nox
1683 2323 1826 2378 enim
1851 2321 2079 2379 odinata':

492 2417 615 2462 sunt
643 2407 898 2463 tenebrae.

563 2498 651 2554 55.
700 2498 988 2569 Propterea
1020 2514 1148 2554 vero
1175 2514 1298 2555 cum
1345 2500 1478 2556 facta
1522 2499 1670 2558 esset
1708 2501 1832 2568 lux,
1881 2505 2078 2560 dictum

492 2599 590 2654 est,
637 2587 770 2643 Vidit
798 2589 936 2644 Deus
959 2592 1137 2652 lacera,
1178 2592 1296 2661 quia
1320 2590 1451 2646 bona
1477 2593 1547 2646 'est
1565 2609 1585 2659 ;
1613 2609 1731 2648 cum
1765 2593 1865 2651 hoc
1904 2607 2082 2666 posset

495 2689 615 2749 post
640 2681 818 2736 omnia
843 2680 1081 2750 ejusdem
1109 2681 1214 2735 diei
1240 2682 1441 2747 dicere,
1476 2685 1526 2737 id
1554 2689 1584 2738 e
1616 2681 1654 2751 t,
1687 2689 1746 2740 nt
1772 2701 1891 2741 cum
1915 2669 2082 2756 expli-

489 2779 668 2825 casset
693 2769 754 2837 ’.,-
785 2769 929 2824 Discit
965 2771 1104 2825 Deus
1128 2813 1141 2837 ,
1182 2772 1300 2825 Fiat
1330 2773 1454 2837 lam;
1484 2783 1530 2827 et
1570 2778 1704 2845 facta
1730 2786 1801 2829 est
1841 2771 1965 2841 lux;
2013 2764 2097 2830 Et-

491 2860 659 2917 divisit
701 2860 842 2917 Dm
883 2863 1017 2917 inter
1051 2864 1214 2917 lucem
1241 2873 1286 2916 et
1317 2867 1585 2930 tenebras;
1627 2863 1694 2921 Et
1723 2870 1912 2923 vocarit
1941 2857 2081 2926 Deus

490 2954 651 3008 lucem
677 2954 808 3010 diem
827 2995 843 3018 ,
875 2964 923 3008 et
956 2954 1182 3008 tenebras
1207 2957 1396 3008 vocavit
1428 2961 1659 3022 noctem;
1705 2967 1828 3013 tunc
1855 2949 2075 3029 diceret,

490 3044 559 3100 Et
585 3046 704 3099 sidit
727 3045 862 3100 Deus
887 3048 1004 3116 quia
1027 3048 1213 3101 bonum
1241 3059 1349 3113 est;
1387 3057 1438 3104 et
1465 3051 1719 3122 deinceps
1745 3064 2076 3124 annecteret,

491 3137 560 3190 Et
591 3137 727 3207 facta
748 3147 819 3194 est
846 3153 1050 3208 uespera
1068 3177 1088 3204 ,
1115 3145 1160 3194 et
1187 3144 1378 3213 factum
1400 3152 1471 3196 est
1494 3160 1679 3211 mane;
1725 3147 1859 3200 sicut
1887 3149 1940 3200 in
1964 3137 2080 3202 aliis

491 3228 743 3299 operibus
779 3228 945 3296 facit,
989 3231 1185 3300 quibus
1225 3233 1483 3288 vocabula
1525 3235 1766 3304 imponit.
1819 3235 1913 3293 llic
1954 3256 2081 3312 ergo

491 3329 770 3390 propterea
794 3325 897 3375 non
921 3323 992 3376 ita
1021 3323 1162 3391 fecit,
1204 3326 1453 3394 qttouittm
1487 3345 1514 3380 tt
1553 3327 1777 3383 furumta
1806 3348 1860 3385 re
1891 3333 1954 3385 ad
1983 3334 2082 3388 huc

492 3409 736 3466 distincta
765 3422 852 3467 est
879 3413 967 3467 illa
993 3415 1288 3472 iuformitas
1312 3461 1326 3483 ,
1373 3427 1429 3471 ut
1460 3436 1562 3474 nou
1601 3421 1650 3474 iu
1677 3437 1737 3475 ea
1773 3419 1889 3478 finis
1918 3437 2076 3490 esset,

495 3503 592 3558 sed
629 3504 804 3559 adhuc
848 3504 1125 3561 lanianda
1164 3515 1391 3564 restaret
1429 3511 1528 3582 per
1563 3523 1833 3569 creaturas
1864 3527 2082 3572 caeteras

490 3594 598 3666 jam
628 3598 951 3666 arrpunies.
983 3594 1158 3670 Itaque
1185 3600 1229 3655 si
1259 3609 1602 3675 posteaquam
1629 3605 1872 3661 distincta
1904 3619 2083 3664 essent

495 3688 581 3742 illa
599 3687 861 3745 divisione
881 3701 934 3745 et
959 3693 1246 3757 vocabulis,
1297 3701 1423 3750 tunc
1450 3698 1737 3766 diceretur,
1781 3683 1915 3754 Vidit
1944 3701 2082 3758 Deus

493 3781 612 3852 quia
655 3782 839 3836 basiant
875 3794 989 3851 est;
1027 3783 1142 3840 haec
1191 3785 1326 3842 facta
1372 3793 1738 3863 acciperemus
1772 3795 2079 3866 significari,

494 3874 686 3942 quibus
707 3874 817 3943 jam
844 3875 900 3929 in
929 3887 1027 3931 suo
1045 3885 1241 3946 genere
1264 3879 1390 3934 nihil
1417 3891 1559 3938 esset
1586 3871 1906 3941 addendum.
1949 3888 2081 3956 Quia

495 3980 625 4019 vero
643 3966 818 4020 lucent
845 3967 1012 4021 solam
1045 3968 1118 4023 ita
1147 3970 1473 4038 perfecerat;
1523 3973 1662 4029 Vidit
1695 3976 1851 4043 Deus,
1885 3981 2075 4052 inquit,

497 4057 675 4122 lucent,
701 4059 825 4130 quia
849 4058 982 4114 bona
1011 4067 1104 4128 est,
1127 4069 1180 4116 et
1200 4063 1458 4120 divisione
1478 4081 1540 4120 ac
1562 4069 1861 4125 nominibus
1883 4071 2083 4127 discre-

497 4151 573 4202 vlt
593 4163 624 4202 s
651 4149 905 4205 tenditis.
934 4155 1115 4222 Neque
1141 4151 1266 4208 lunt:
1296 4155 1459 4220 dixit,
1511 4145 1650 4212 Vidit
1675 4159 1814 4215 Deus
1843 4164 1958 4234 quia
1989 4159 2079 4218 bo-

499 4257 622 4296 num
644 4251 763 4308 est;
799 4242 868 4297 ad
898 4242 1000 4297 hoc
1045 4243 1186 4298 enim
1233 4251 1348 4301 erat
1389 4247 1685 4304 iuformitas
1713 4247 1796 4306 illa
1828 4252 2076 4323 disercta,

502 4341 561 4388 ut
581 4335 753 4390 adhuc
783 4333 905 4390 inde
931 4336 1030 4389 alia
1060 4334 1434 4394 formarentur.
1461 4339 1699 4411 Namque
1719 4342 1815 4396 ista
1837 4361 1939 4399 nox
1963 4339 2082 4416 qua:

497 4425 654 4480 nobis
678 4426 954 4481 notissima
984 4429 1066 4482 eet
1085 4425 1233 4498 (facit
1261 4430 1400 4483 enim
1433 4446 1548 4486 eam
1579 4448 1740 4502 super
1766 4445 1934 4490 terras
1955 4437 2083 4495 solis

499 4517 772 4590 circuitus)
798 4561 810 4583 ,
853 4517 1067 4590 quando
1103 4536 1199 4591 per
1228 4515 1565 4580 Iuminarium
1596 4525 2024 4585 distributionem
2051 4547 2082 4586 a

493 4610 578 4666 die
614 4611 900 4679 dividitur,
947 4623 1065 4684 post
1111 4615 1278 4685 ipsam
1323 4613 1637 4674 divisionem
1684 4621 1787 4677 diei
1817 4632 1870 4677 et
1913 4625 2085 4681 noctis

494 4703 722 4769 dicitur,
773 4702 907 4758 Vidit
944 4705 1078 4761 Deus
1113 4709 1232 4779 quia
1274 4709 1461 4764 bonum
1495 4720 1583 4766 est.
1633 4703 1749 4769 Non
1785 4716 1927 4771 enim
1970 4718 2085 4776 haec

495 4810 598 4848 nox
636 4793 877 4849 informis
906 4795 1080 4868 aliqua
1119 4799 1410 4856 substantia
1439 4814 1552 4858 erat
1574 4845 1588 4867 ,
1619 4806 1757 4861 unde
1783 4805 1958 4863 adhuc
1983 4812 2083 4865 alia

497 4881 860 4942 t‘ormareuitir
880 4931 894 4950 ,
947 4887 1041 4944 sed
1071 4893 1298 4960 spatium
1330 4894 1426 4947 loci
1455 4896 1666 4963 plenum
1705 4913 1828 4953 aere
1848 4942 1862 4967 ,
1894 4917 2083 4957 carens

499 4979 700 5033 lumine
727 4975 956 5045 diurno;
997 4983 1084 5036 cui
1109 4983 1289 5054 utique
1320 4987 1458 5041 nocti
1483 4987 1593 5057 jam
1623 4989 1753 5046 nihil
1781 4993 2082 5052 addendum

499 5109 659 5184 fuerat
680 5111 928 5184 laruans,
949 5115 1014 5172 et,
1037 5115 1562 5184 mertaqueproxime
1593 5135 1707 5176 ante
1728 5141 1913 5184 vocem.
1933 5139 2087 5184 osten-

500 5165 1126 5258 ἐςζιέέ
1143 5165 2086 5258 ¹Ξὲεξίέξέῶίῦτῖὶὶὲἓιἓῶἷεῖὶἱίὸἷᾘιζ

500 5246 701 5350 mue
725 5237 774 5285 in
797 5237 960 5287 multis
991 5245 1123 5312 Mss,
1161 5237 1527 5309 distributione;
1566 5237 1616 5301 at
1746 5237 2087 5316 iiiié’,‘"&i;{h’1

646 5299 1062 5354 mentiturus.

562 5357 583 5427 ἕ
615 5370 718 5412 Mss.
741 5368 953 5424 septem,
968 5363 1258 5427 futuram.

561 5426 586 5460 ⁸
615 5433 725 5481 Its.
743 5426 1067 5482 sextdtstittct

561 5431 586 5460 ⁸
615 5433 725 5481 llas.
743 5431 1207 5491 nummi.

691 5496 1004 5575 ἓξὲξ-..ιιι
1025 5507 1137 5575 cura
1164 5492 1340 5546 οωιωιι
1375 5493 1675 5563 ατριὶσαδεει.
1707 5501 1954 5561 ﬂedundat
1975 5526 2087 5575 νοις,

504 5551 675 5605 mima
690 5566 708 5614 ;
722 5551 964 5640 abestque
981 5569 1010 5606 a
1025 5561 1132 5607 uss.

1415 98 1501 156 DE
1523 100 1767 157 GENESI
1808 104 1898 156 AD
1939 97 2308 161 LITTERAM,
2351 97 2410 154 S.
2450 94 2818 156 AUGUSTINI

2183 221 2326 267 esset
2353 212 2409 268 in
2435 227 2630 282 genere
2653 227 2749 267 suo
2765 254 2780 278 ,
2829 227 2936 284 quo
2957 223 3099 269 esset
3127 215 3459 286 speciosior
3483 217 3613 272 sive
3637 177 3868 280 dmin-’3

2180 303 2338 357 ctior.
2395 303 2622 375 VeSpcra
2651 314 2829 358 autem
2856 304 2906 358 in
2939 313 3050 358 toto
3079 304 3173 360 illo
3216 306 3425 362 triduo
3450 347 3470 373 ,
3525 316 3854 378 antequam

2180 389 2370 448 tierent
2401 394 2715 458 luminaria,
2763 395 3114 449 consummati
3156 379 3356 466 operis
3387 397 3677 452 terminus
3720 415 3825 454 non

2179 484 2412 540 absurde
2453 486 2676 540 fortasse
2717 485 3062 555 intelligitur;
3113 502 3276 544 mane
3329 503 3525 558 vero,
3566 477 3823 562 tanquam

2181 573 2368 630 futura:
2398 576 2720 644 operationis
2751 577 3083 645 significatio.
3597 574 3600 577 ’

2333 663 2558 722 CAPUT
2585 665 2772 721 XVIII.
2800 695 2872 706 —
2901 664 3164 732 QuomOdo
3194 669 3346 724 Deus
3380 681 3674 744 operatur.

2253 755 2341 813 36.
2373 755 2478 812 Sed
2498 767 2622 812 ante
2649 756 2825 811 omnia
2851 755 3272 823 tnetninerimus,
3311 751 3475 816 unde
3504 755 3624 832 jam
3651 755 3820 824 multa

2179 848 2445 913 diximus,
2478 865 2584 903 non
2619 843 2998 917 temporalibus
3022 853 3172 921 quasi
3216 853 3400 907 animi
3435 852 3526 908 Sui
3567 848 3666 910 aut
3691 873 3814 912 cor-

2181 939 2327 1011 poris
2368 939 2598 996 motibus
2635 942 2846 1010 operari
2893 941 3054 996 Deum
3079 982 3094 1006 ,
3137 940 3279 996 sicut
3318 939 3602 1014 (speratur
3652 927 3812 1002 liomo

2181 1031 2262 1085 vel
2292 1031 2546 1101 :mgetus;
2599 1029 2694 1084 sed
2724 1031 2939 1086 attcrnis
2982 1039 3138 1101 atque
3163 1019 3742 1093 iiicomttttitabilibus
3769 1049 3820 1094 et

2181 1117 2455 1177 stabiliims
2485 1121 2776 1176 rationibus
2801 1119 3050 1176 coaeterni
3079 1123 3178 1178 sibi
3210 1109 3389 1180 Verbi
3431 1124 3520 1181 sui
3549 1169 3565 1193 ,
3588 1140 3653 1202 et
3685 1123 3815 1202 quo;

2180 1210 2302 1265 datu
2321 1253 2336 1278 ,
2382 1213 2437 1265 ιιι
2463 1211 2532 1265 ita
2560 1211 2783 1266 dixerim
2809 1254 2825 1278 ,
2879 1211 2988 1266 fotu
3019 1215 3038 1245 ³
3066 1207 3267 1283 pariter
3315 1201 3600 1272 corcter'ni
3651 1201 3815 1276 sancti

2180 1303 2410 1376 Spiritus
2450 1303 2552 1358 sui.
2599 1292 2733 1359 Nam
2765 1317 2818 1359 et
2848 1303 2973 1359 illud
3002 1307 3142 1375 quod
3173 1324 3270 1378 per
3299 1326 3554 1380 grzecam
3589 1321 3648 1368 et
3699 1299 3812 1368 lati-

2183 1409 2304 1450 nam
2339 1393 2568 1464 linguam
2597 1393 2797 1449 dictum
2823 1402 2904 1449 est
2929 1386 2995 1450 de
3019 1394 3222 1466 Spiritu
3265 1397 3412 1466 Dei,
3446 1391 3602 1470 quod
3639 1395 3814 1472 supcr-

2183 1485 2436 1559 ferebatur
2458 1501 2609 1558 super
2645 1503 2836 1556 aquas,
2884 1490 3176 1542 secundum
3213 1503 3368 1562 syra:
3403 1475 3614 1562 Ιίιιειιευ
3654 1491 3809 1551 intel-

2184 1565 2376 1630 lettum
2401 1616 2418 1642 ,
2449 1581 2567 1646 qua:
2595 1577 2764 1630 vicma
2791 1584 2874 1631 est
2901 1578 3148 1646 liebrceze,
3181 1583 3339 1651 (nam
3375 1579 3488 1637 hoc
3515 1599 3549 1637 ει
3577 1581 3807 1655 quodam

2183 1668 2340 1749 docto
2365 1668 2654 1723 christiano
2680 1684 2804 1741 syro
2828 1668 2996 1724 fertur
3015 1674 3350 1744 expositum)
3383 1692 3498 1729 non
3522 1669 3806 1749 super/ere-

2183 1747 2352 1823 batur,
2379 1759 2473 1813 sed
2501 1759 2694 1830 {arebat
2717 1757 2890 1831 potius
2917 1762 3130 1832 intelligi
3153 1765 3512 1832 perhibetur.
3539 1747 3654 1821 Nec
3673 1747 3803 1822 sicut

2183 1851 2429 1906 foveutur
2467 1860 2701 1906 tumores
2743 1863 2834 1907 aut
2875 1855 3090 1909 vulnera
3133 1855 3186 1909 in
3227 1871 3480 1928 corpore
3532 1862 3689 1930 aquis
3722 1851 3797 1917 vel

2184 1939 2388 2011 frigidis
2415 1943 2495 1995 vel
2524 1942 2703 1995 calore
2733 1958 2967 2013 congruo
3001 1941 3320 2014 temperatis
3348 1964 3362 2011 ;
3408 1947 3510 2002 sed
3543 1950 3686 2004 sicut
3709 1941 3802 2006 ora

2185 2030 2431 2086 iuventur
2469 2032 2536 2084 ab
2575 2033 2823 2100 alitibus,
2857 2033 2945 2088 ubi
2984 2035 3130 2088 Calor
3155 2035 3247 2090 ille
3288 2041 3536 2094 materni
3566 2039 3800 2112 corporis

2187 2123 2349 2177 etiam
2387 2121 2681 2177 formandis
2723 2125 2880 2193 pullis
2918 2126 3324 2195 quodammodo
3359 2127 3794 2200 aduiiuieulatur,

2184 2229 2279 2286 per
2301 2217 2581 2286 quemdam
2610 2217 2661 2270 In
2687 2225 2785 2270 Suo
2802 2233 2993 2287 genere
3019 2212 3331 2274 dilectionis
3362 2223 3647 2280 aii‘ectum.
3677 2200 3786 2283 Νεῆ

2185 2307 2364 2377 itaque
2394 2313 2490 2378 per
2535 2308 2777 2379 singulos
2821 2308 2936 2362 dies
2966 2309 3189 2363 istorum
3225 2328 3467 2381 operum
3499 2313 3794 2372 divinorum

2186 2409 2436 2467 tauquam
2478 2400 2800 2470 temporales
2828 2407 2986 2455 voces
3017 2401 3107 2456 [)ei
3134 2406 3447 2460 carnaliter
3477 2408 3787 2478 cogitemus.

2183 2491 2298 2547 Non
2325 2495 2470 2548 enim
2494 2493 2561 2548 ad
2591 2495 2693 2548 hoc
2714 2495 2826 2563 ipsa
2849 2493 2936 2548 Dei
2959 2495 3226 2564 Sapientia
3257 2499 3452 2553 noslra
3484 2482 3789 2557 inﬁrmitate

2183 2593 2429 2655 suscepta
2469 2584 2616 2640 venit
2653 2585 2720 2639 atl
2746 2586 3070 2656 colligendos
3097 2587 3194 2642 sub
3222 2587 3343 2644 alas
3372 2606 3506 2645 suas
3547 2591 3683 2645 filios
3706 2589 3789 2648 Je-

2185 2681 2413 2733 rusalem
2439 2719 2455 2742 ,
2483 2677 2927 2748 quemadmodum
2971 2669 3162 2749 gallina
3191 2679 3378 2751 pullos
3410 2681 3544 2737 suos
3583 2679 3783 2756 (Matth.

2189 2781 2358 2834 nm,
2386 2769 2480 2838 37)
2519 2777 2575 2823 ut
2611 2783 2824 2839 semper
2864 2770 3067 2839 parvuli
3099 2772 3314 2837 simus;
3373 2772 3475 2828 sed
3508 2783 3567 2828 ut
3597 2763 3785 2852 malitia

2185 2859 2431 2922 infantes,
2459 2865 2637 2914 mente
2659 2862 2804 2930 pueri
2828 2875 2947 2916 esse
2974 2860 3287 2918 desinamus
3313 2865 3358 2931 (I
3385 2864 3512 2919 Cor.
3541 2867 3654 2928 itv,
3673 2851 3780 2943 ΞΟ).

2255 2953 2343 3006 57.
2379 2953 2446 3006 Et
2473 2956 2525 3006 in
2556 2954 2715 3008 rebus
2746 2954 2988 3007 obscuris
3017 2961 3175 3023 atque
3205 2971 3237 3009 a
3268 2960 3481 3012 nostris
3510 2960 3682 3014 oculis
3710 2945 3783 3015 τέ-

2185 3043 2510 3109 motissimis,
2535 3044 2579 3098 si
2601 3057 2701 3114 qua
2724 3043 2844 3098 inde
2868 3045 3061 3116 Set-ipta
3079 3039 3240 3100 etiam
3268 3049 3458 3105 divina
3481 3043 3779 3122 legerimus,

2186 3149 2305 3205 qua:
2327 3137 2533 3205 possint
2549 3137 2690 3189 salva
2719 3135 2819 3189 fide
2847 3153 2946 3207 qua
2980 3137 3290 3205 imbuimur,
3323 3139 3460 3196 alias
3484 3140 3781 3213 atquealias

2185 3239 2378 3295 parere
2407 3229 2736 3290 sententias;
2783 3228 2832 3280 in
2864 3225 3060 3282 nullam
3082 3232 3269 3284 earum
3295 3247 3399 3287 nos
3428 3234 3686 3304 prtecipiti
3711 3217 3779 3286 al-

2188 3318 2491 3372 Iit'mati'oue
2543 3322 2614 3371 ita
2663 3317 3043 3386 projicianms,
3097 3328 3154 3374 ut
3195 3321 3245 3376 si
3296 3313 3440 3378 forte
3488 3311 3779 3396 diligentius

2185 3409 2421 3463 discussa
2451 3411 2644 3464 veritas
2667 3425 2783 3464 eam
2809 3417 2950 3466 recte
2975 3403 3405 3483 iabei‘actaverit,
3436 3415 3773 3473 corruamus:

2185 3516 2290 3557 non
2322 3518 2416 3571 pro
2441 3505 2700 3556 sententia
2735 3502 3030 3558 divinarum
3065 3494 3476 3576 Set‘ipiurarum
3504 3553 3518 3575 ,
3567 3505 3660 3566 sed
3689 3493 3776 3579 pro

2185 3604 2368 3647 nostra
2397 3594 2466 3647 ita
2497 3594 2809 3649 dimicantes
2830 3637 2844 3660 ,
2891 3603 2949 3650 ut
2977 3612 3094 3650 eam
3126 3599 3359 3655 velimus
3388 3591 3771 3672 scripturarum

2186 3695 2307 3740 esse
2327 3727 2342 3750 ,
2373 3699 2492 3755 qttzc
2533 3693 2712 3739 nostra
2738 3694 2820 3740 est
2842 3702 2856 3751 ;
2882 3703 3000 3741 cum
3033 3691 3207 3757 potius
3238 3703 3360 3746 eam
3396 3711 3517 3762 qua:
3546 3687 3772 3761 Scriptu-

2186 3780 2363 3831 rarum
2391 3787 2506 3842 est,
2533 3787 2769 3831 nostram
2800 3793 2919 3834 esse
2945 3781 3079 3834 velle
3106 3781 3426 3838 ἀριιρίιηιυε.

2241 3870 2468 3927 CAPUT
2499 3870 2643 3927 XIX.
2671 3902 2745 3911 —
2772 3871 2839 3926 In
2867 3872 3089 3928 obscuris
3119 3875 3410 3947 Scriptum;
3438 3879 3562 3932 locis
3587 3869 3711 3931 nihil

2713 3973 2894 4018 temere
2923 3967 3268 4021 asserendum.

2258 4053 2346 4108 58.
2377 4053 2640 4108 Pouam‘us
2661 4057 2803 4110 eniin
2836 4057 2886 4110 iu
2921 4071 2985 4110 eo
3015 4049 3152 4126 quod
3185 4058 3449 4129 scriptum
3477 4069 3559 4114 est
3581 4101 3596 4126 ,
3640 4039 3772 4111 Didii

2189 4143 2344 4211 Deus,
2374 4143 2498 4199 Fiat
2526 4147 2651 4213 lux;
2675 4157 2722 4201 et
2745 4147 2880 4216 facta
2903 4158 2970 4201 est
2998 4149 3126 4215 lux;
3157 4149 3320 4205 al‘ium
3343 4153 3577 4206 sensisse
3608 4133 3764 4204 tuceih

2187 4240 2520 4308 corporalem
2553 4238 2768 4306 factam,
2799 4250 2853 4294 et
2878 4242 3035 4293 alium
3069 4243 3428 4310 spirituaiem.
3458 4241 3592 4299 Esse
3620 4239 3767 4312 Spiri-

2188 4331 2385 4386 tuaiem
2417 4332 2587 4387 lucem
2612 4332 2663 4386 iu
2694 4341 2934 4387 creatura
2962 4334 3218 4403 spirituali
3240 4378 3255 4403 ,
3291 4337 3424 4392 fides
3461 4347 3636 4391 nostra
3666 4327 3760 4387 non

2187 4422 2393 4478 dubitat
2418 4423 2442 4455 ⁸
2474 4440 2488 4476 :
2520 4431 2639 4479 e3se
2663 4432 2838 4478 autem
2881 4425 3054 4480 lucem
3093 4429 3433 4498 cci-poralem
3477 4417 3759 4511 celestetu,

2189 4524 2280 4570 aut
2307 4517 2465 4570 etiam
2491 4515 2651 4585 'supra
2683 4515 2875 4571 omium
2901 4561 2915 4582 ,
2960 4521 3042 4574 vel
3068 4529 3192 4576 aute
3218 4525 3416 4579 (mlum
3441 4564 3455 4589 ,
3483 4524 3564 4576 cui
3589 4511 3758 4605 succo:

2189 4607 2317 4662 dere
2346 4623 2449 4662 nox
2477 4611 2728 4678 potuerit,
2751 4605 2948 4664 tamdiu
2969 4627 3071 4665 non
3098 4624 3178 4667 est
3195 4625 3382 4668 contra
3405 4613 3582 4675 fidem,
3603 4597 3756 4666 donec

2191 4703 2413 4757 veritate
2442 4703 2737 4757 certissima
2769 4703 3060 4758 refellatur.
3107 4705 3255 4770 Quod
3293 4709 3339 4763 si
3372 4703 3564 4762 factum
3593 4689 3752 4784 fuerit,

2193 4807 2297 4848 non
2330 4794 2430 4848 hoc
2470 4787 2699 4849 habebat
2744 4795 2919 4849 divina
2947 4796 3220 4866 Scriptura
3247 4841 3261 4865 ,
3291 4799 3384 4852 sed
3413 4797 3514 4851 hoc
3538 4799 3752 4878 senserat

2195 4887 2421 4939 humana
2466 4886 2778 4954 ignorantia.
2828 4879 2882 4942 Si
2915 4899 3088 4942 autem
3119 4875 3220 4943 lioc
3259 4909 3440 4945 verum
3474 4883 3590 4943 esse

2194 4979 2330 5031 ratio
2357 4977 2822 5041 demonstrarent,
2866 4976 3041 5035 adhuc
3065 4983 3320 5036 incertum
3347 4991 3445 5035 erit
3475 4989 3638 5062 utrum

2194 5070 2246 5124 in
2291 5069 2393 5124 illis
2437 5068 2610 5124 verbis
2646 5080 2953 5126 sanctorum
2993 5071 3275 5129 Librorum
3321 5071 3546 5142 scriptor
3584 5055 3751 5122 sentiri

2259 5204 2275 5236 ⁸
2300 5203 2439 5274 Editi,
2463 5201 2596 5264 flatu.
2624 5210 2683 5274 A_t_
2847 5205 3065 5274 melioris
3086 5208 3360 5274 notaafotu.
3397 5187 3752 5274 Conanti!

2194 5265 2326 5316 illam
2341 5266 2685 5338 interpretandi
2703 5269 2938 5338 rationem
2956 5272 3052 5338 syri
3072 5265 3337 5338 cujusdaq
3354 5281 3495 5338 quam
3514 5265 3590 5315 hic

2196 5323 2501 5394 “gustatus,
2657 5329 2878 5379 Basillum
2899 5332 2948 5381 lu
2972 5323 3163 5382 Iinoiiiia
3187 5323 3216 5382 Ξ
3235 5331 3284 5381 in
3305 5323 3510 5394 ﬂexam.

2259 5391 2369 5456 '_>iC
2386 5390 2443 5438 ad
2461 5390 2676 5456 melioris
2697 5399 2824 5442 noue
2846 5401 2952 5456 Mss.
2975 5403 3306 5453 eruendamttst
3319 5405 3427 5456 αμμ
3445 5391 3494 5440 λιι

2197 5453 2264 5526 tis
2280 5450 2532 5526 legeretur
2560 5468 2596 5526 :_
2616 5452 2747 5502 Iliun
2777 5455 2978 5526 sensisse
3010 5450 3163 5526 ιμειιιιι
3189 5450 3470 5526 militaret”

2195 5509 2357 5564 aliuu'
2377 5513 2675 5582 spiritualem
2697 5529 2797 5582 esse
2827 5517 2983 5570 lucem
3016 5517 3067 5570 in
3099 5509 3316 5571 crcidtit't't
3353 5509 3406 5582 si:

2193 5578 2502 5634 nostralides
2521 5591 2615 5631 non
2638 5578 2844 5634 dubitat.

3662 5380 3749 5430 étlio

3553 5447 3747 5512 91W!

3492 5500 3583 5563 Et.“
3596 5547 3609 5572 ,
3631 5500 3745 5572 ’ᾄῖΐοά
