3906 6314
168 303 420 369 voluerit,
452 321 521 358 an
546 308 694 363 aliud
715 311 909 380 aliquid
941 329 1043 366 nou
1092 333 1265 375 minus
1290 336 1492 375 verum.
1521 328 1669 392 Quod
1701 332 1745 384 si

166 404 353 446 cetera
376 399 652 452 contextio
681 404 942 457 sermonis
964 421 1067 457 non
1097 406 1196 461 hoc
1220 426 1337 463 eum
1370 414 1594 470 voluisse
1623 435 1745 487 pro-

161 479 380 546 baverit.
410 502 517 540 non
538 488 660 543 ideo
682 488 875 545 falsum
899 495 1000 548 erit
1025 497 1183 562 aliud,
1216 504 1355 569 quod
1386 505 1496 573 ipse
1522 479 1738 579 intelligi

160 573 357 637 voluit;
387 577 482 630 sed
510 590 561 631 et
590 596 792 644 verum,
830 594 881 637 et
908 587 1047 654 quod
1074 589 1251 645 utilius
1280 608 1643 663 cegnoscatur.
1687 601 1740 656 Si

158 671 329 715 autem
358 667 632 721 eontextio
658 667 947 739 Scriptura:
978 674 1077 730 hoc
1106 680 1333 735 voluisse
1360 684 1573 757 intelligi
1608 691 1740 744 scri-

157 761 358 819 ptorem
405 772 512 809 non
561 764 967 829 repugnaverit,
1014 768 1186 823 adhuc
1241 777 1457 827 restabit
1502 795 1739 845 qua-rere

154 852 329 895 utrum
356 854 409 897 et
438 846 581 901 aliud
603 864 708 903 non
736 854 979 919 potuerit.
1017 856 1167 923 Quod
1194 861 1236 913 si
1266 872 1318 915 et
1339 865 1478 919 aliud
1502 869 1737 935 potuiSse

151 932 514 990 invenerimus
540 979 556 1003 ,
604 939 862 995 incertum
900 946 1000 999 erit
1030 950 1276 1016 quidnam
1305 968 1489 1009 eorum
1524 960 1608 1012 ille
1638 976 1732 1014 vo-

154 1023 307 1083 raerit
339 1044 351 1078 :
380 1036 435 1081 et
470 1039 754 1101 utrumque
790 1036 975 1089 sentiri
1011 1041 1279 1110 voluisse,
1329 1062 1432 1100 non
1482 1049 1736 1107 inconve-

174 1114 353 1177 _ieuter
395 1114 668 1189 creditur,
719 1124 761 1178 si
793 1126 999 1197 utrique
1021 1133 1298 1188 sententia:
1337 1149 1479 1192 certa
1508 1141 1735 1198 circum-

180 1210 335 1262 tantia
364 1208 707 1283 Suffragatur.

148 1356 153 1357 γ
219 1299 301 1353 59.
343 1284 666 1383 Plerumque
707 1304 848 1363 enim
900 1313 1091 1367 accidit
1129 1325 1183 1369 ut
1217 1318 1411 1387 aliquid
1456 1322 1520 1376 de
1561 1333 1726 1395 terra,

142 1387 397 1455 decu-lo,
430 1378 497 1448 de
522 1397 729 1449 ca-teris
752 1402 931 1454 mundi
965 1402 1120 1473 hujus
1147 1407 1454 1477 elementis,
1489 1414 1551 1466 de
1582 1425 1729 1471 motu

135 1490 193 1534 et
236 1482 588 1540 conversione
634 1487 711 1541 vel
752 1491 910 1545 etiam
942 1498 1303 1564 magnitudine
1336 1513 1387 1555 et
1433 1504 1726 1563 intervallis

136 1572 371 1628 siderum
402 1619 416 1643 ,
465 1572 532 1633 de
563 1581 723 1634 certis
750 1583 1039 1641 defectibus
1065 1590 1190 1643 solis
1216 1608 1277 1645 ac
1315 1593 1483 1660 lunae,
1524 1598 1590 1651 de
1618 1601 1723 1653 cir-

130 1664 366 1718 cuitibns
389 1668 652 1723 annorum
670 1682 721 1725 et
744 1682 1060 1743 temporum,
1092 1682 1157 1733 de
1179 1684 1375 1737 naturis
1394 1687 1720 1761 animalium,

133 1752 385 1809 fruticum
411 1799 427 1824 ,
462 1759 691 1827 lapidum
720 1803 733 1826 ,
766 1764 1252 1836 atquehujusmodi
1285 1777 1489 1829 caeteris
1512 1819 1526 1843 ,
1561 1782 1719 1835 etiam

132 1860 243 1898 non
273 1846 597 1905 Christianus
627 1851 694 1907 ita
726 1857 929 1910 noverit
950 1900 962 1921 ,
996 1868 1047 1912 ut
1075 1865 1364 1919 certissima
1398 1869 1602 1926 ratione
1634 1873 1718 1927 vel

124 1939 459 2005 experientia
510 1954 703 1998 teneat.
744 1932 920 2017 Turpe
956 1961 1037 2004 Cal.
1062 1966 1234 2007 autem
1271 1957 1425 2013 nimis
1456 1965 1727 2033 011101111-⁴

120 2026 334 2082 ciosum
362 2030 423 2084 ac
462 2035 692 2088 maxime
715 2040 1034 2104 cavendum,
1069 2054 1121 2094 ut
1146 2046 1489 2102 christianum
1519 2053 1587 2106 de
1631 2055 1716 2110 liis

126 2117 293 2172 rebus
319 2106 469 2189 quaSi
490 2124 783 2179 secundum
806 2126 1122 2185 eln'istianas
1139 2134 1365 2191 Litteras
1391 2138 1712 2209 loquentem,

118 2208 205 2264 ita
233 2206 460 2268 delirare
484 2214 705 2284 quilibet
736 2219 959 2274 inlidelis
984 2226 1195 2291 audiat,
1239 2239 1292 2280 ut
1318 2270 1331 2289 ,
1366 2234 1713 2299 quemadmo-

117 2300 255 2365 dum
284 2303 473 2365 dicitur
492 2347 508 2373 ,
544 2316 654 2361 toto
680 2312 816 2365 ecelo
846 2330 1022 2370 errare
1052 2322 1403 2389 conspiciens,
1439 2325 1600 2380 risum
1632 2337 1711 2383 te-

110 2409 252 2447 nere
281 2395 364 2449 vix
398 2400 581 2466 possit.
634 2401 702 2456 Et
733 2420 834 2458 non
864 2416 967 2459 tam
997 2411 1272 2465 molestum
1299 2426 1399 2481 est,
1446 2419 1583 2486 quod
1624 2437 1712 2476 er-

110 2499 248 2547 rans
277 2484 435 2542 homo
455 2490 746 2562 deridetur,
792 2498 881 2551 sed
911 2501 1046 2565 quod
1080 2513 1319 2560 auctores
1348 2510 1509 2561 nostri
1538 2512 1604 2563 ab
1630 2514 1709 2568 eis

111 2577 212 2644 qui
242 2576 375 2633 foris
398 2591 540 2646 sunt,
572 2584 690 2639 talia
721 2592 949 2643 sensisse
967 2594 1271 2660 eredumur,
1301 2611 1492 2654 etcum
1516 2619 1708 2673 magno

110 2681 310 2733 eorum
342 2673 500 2725 exitio
527 2674 591 2727 de
632 2693 853 2745 quorum
883 2682 1049 2736 salute
1080 2689 1367 2756 satagimus
1389 2733 1403 2753 ,
1452 2702 1701 2763 tanquam

110 2756 325 2813 indocti
354 2761 811 2831 1101110110111111111111⁸
841 2782 998 2841 atque
1025 2791 1368 2845 resinmntur.
1400 2783 1531 2837 Cum
1559 2788 1701 2842 enim

106 2862 438 2919 quemquam
466 2856 533 2909 de
574 2875 796 2913 numero
837 2862 1258 2924 Christianorum
1290 2873 1337 2925 in
1365 2889 1425 2928 ea
1459 2892 1515 2929 re
1544 2893 1702 2948 quam

107 2941 326 3010 optime
368 2958 600 3011 norunt,
657 2968 834 3008 errare
879 2957 1361 3031 deprehenderint,
1415 2979 1467 3022 et
1510 2986 1698 3027 Vanam

106 3043 436 3089 sententiam
460 3055 606 3094 suam
625 3041 690 3096 de
719 3047 911 3100 nostris
933 3049 1100 3104 let‘is
1116 3069 1387 3123 asserere;
1414 3076 1518 3130 quo
1546 3075 1698 3131 pacto

100 3123 219 3177 illis
237 3124 405 3181 Libris
423 3130 670 3186 credituri
691 3146 831 3202 sunt,
855 3139 920 3194 de
938 3149 1320 3201 resurrectione
1341 3164 1695 3227 mortuorum,

102 3228 165 3269 et
201 3217 267 3277 de
292 3233 384 3288 spe
426 3224 541 3275 vita:
577 3236 789 3280 (eterna:
813 3271 827 3293 ,
873 3248 1140 3305 regnoque
1170 3243 1453 3311 cmlorum,
1486 3252 1696 3317 quando

100 3307 180 3359 de
211 3304 295 3361 his
324 3310 479 3366 rebus
501 3320 631 3383 quas
655 3320 762 3384 jam
790 3326 1038 3392 experiri,
1071 3331 1150 3381 vel
1180 3332 1482 3389 indubitatis
1509 3355 1699 3397 nume-

104 3399 191 3450 ris
234 3403 511 3481 percipere
561 3419 879 3476 potuerunt,
934 3414 1189 3475 fallaciter
1232 3434 1531 3491 putaverint
1576 3449 1694 3489 esse

103 3478 479 3558 conscriptos?
508 3498 639 3563 Quid
662 3501 799 3554 enim
823 3507 1076 3561 1001081110
1096 3514 1428 3586 tristitueque
1452 3522 1694 3591 ingerant

110 3580 468 3661 prudentibus
498 3586 744 3644 fratribus
774 3600 1035 3651 temerarii
1071 3618 1477 3675 prarsumptores
1500 3653 1513 3674 ,
1562 3617 1690 3670 satis

1071 3654 1082 3668 I
1190 3654 1476 3675 WHT---“
1500 3654 1513 3674 ,
1562 3654 1687 3670 ,ωηο

108 3654 218 3722 diei
244 3688 348 3725 non
381 3688 569 3743 potest,
601 3698 718 3735 enm
747 3684 789 3736 si
816 3687 1027 3755 quando
1052 3691 1117 3745 de
1144 3709 1299 3761 prava
1335 3710 1387 3750 et
1418 3702 1543 3755 falsa
1571 3707 1687 3773 opi-

100 3763 269 3816 nione
313 3782 403 3821 sua
446 3772 757 3839 reprehendi
785 3818 799 3841 ,
850 3790 903 3831 et
941 3783 1179 3837 convincn
1211 3792 1467 3857 cmpet‘inl
1511 3796 1577 3850 ab
1608 3798 1688 3854 eis

94 3852 192 3921 qui
224 3865 527 3914 nostrorum
576 3863 849 3921 Librorum
900 3876 1212 3931 auctoritate
1260 3896 1361 3934 non
1415 3892 1680 3955 tenentur,

91 3945 166 3998 ad
196 3945 582 4007 defendendum
616 3956 665 4011 id
694 3961 830 4028 quod
856 3962 1119 4020 levissima
1142 3975 1435 4032 temeritate
1460 3991 1512 4033 et
1531 4000 1688 4051 aper—

98 4038 306 4093 tissima
353 4040 580 4101 falsitate
631 4042 912 4120 dixerunt,
960 4061 1175 4116 eosdem
1226 4065 1410 4122 Libros
1447 4086 1680 4144 sanctos,

1364 4120 1403 4122 "
1447 4120 1680 4144 """"V"

100 4129 245 4187 unde
272 4120 321 4185 id
350 4134 591 4202 probent,
624 4145 859 4210 proferre
880 4162 1153 4218 conantur,
1184 4158 1263 4209 vel
1296 4161 1453 4215 etiam
1481 4180 1684 4222 memo-

93 4220 229 4274 riter
251 4263 269 4285 ,
296 4239 415 4292 qua:
442 4228 504 4279 ad
533 4233 890 4290 testimonium
925 4241 1099 4297 valere
1128 4248 1473 4319 arbitrantur,
1515 4260 1677 4314 multa

92 4309 219 4364 inde
258 4314 417 4369 verba
448 4323 808 4389 pronuntiant,
842 4343 943 4381 non
977 4332 1331 4405 intelligentes
1362 4359 1531 4413 neque
1558 4365 1677 4418 quae

88 4397 414 4470 loquuntur,
446 4423 619 4479 neque
646 4412 715 4467 de
744 4416 931 4484 quibus
958 4397 1223 4480 affirnnint
1250 4431 1290 4498 (Ι
1320 4397 1527 4503 Tum],

87 4508 317 4567 CAPUT
359 4513 478 4571 XX.
508 4549 579 4560 —
622 4522 850 4580 Genesim
888 4546 981 4585 cur
1014 4536 1367 4607 interpretetur
1406 4554 1674 4610 sententias

181 4604 349 4658 varias
376 4613 679 4679 proferendo
700 4656 714 4680 ,
746 4633 846 4671 non
876 4622 1103 4689 aliquam
1132 4643 1286 4682 unam
1314 4641 1597 4693 asserenda.

156 4692 246 4748 40.
280 4696 362 4751 Ad
401 4698 503 4755 hoc
530 4705 669 4758 enim
702 4712 1141 4771 considerandum
1172 4733 1227 4773 et
1260 4725 1665 4801 observandum,

85 4780 279 4838 librum
307 4787 324 4818 ⁸
353 4782 623 4847 Geneseos
653 4800 1027 4869 multipliciter,
1061 4821 1313 4877 quantum
1343 4819 1505 4886 potui,
1536 4780 1669 4879 01111Σ

85 4872 285 4941 cleari,
334 4880 630 4951 protulique
676 4894 968 4949 sententias
1005 4897 1072 4952 de
1100 4902 1274 4957 verbis
1311 4905 1375 4960 ad
1406 4914 1664 4967 exercita-

86 4961 283 5018 tionem
313 4978 550 5025 nostram
581 4975 808 5033 obscure
842 4985 1062 5051 positis;
1113 5006 1215 5044 non
1263 4995 1457 5066 aliquid
1501 5019 1662 5059 unum

88 5060 288 5111 temere
306 5056 579 5117 affirmans
600 5083 722 5121 cum
751 5073 1057 5142 pra-judicio
1082 5080 1298 5138 alterius
1318 5094 1663 5158 expositionis

88 5137 113 5158 ,
144 5150 183 5158 Α,
388 5148 389 5151 η
433 5150 463 5158 ..
536 5152 546 5158 .

753 5137 761 5138 7
857 5137 873 5142 ν
1276 5137 1292 5138 η
1352 5137 1661 5158 ﬁrmum...

86 5137 311 5201 fortasse
339 5148 611 5223 melioris,
660 5168 715 5211 ut
758 5177 853 5230 pro
884 5180 979 5219 suo
1009 5171 1223 5225 modulo
1250 5177 1403 5246 eligat
1439 5184 1661 5255 quisque

91 5232 225 5255 ,ΜΔ
252 5236 381 5255 _,___.
424 5238 425 5241 η
462 5240 479 5255 τ
594 5247 604 5255 ,
747 5252 791 5255 ,ν

87 5232 226 5299 quod
462 5240 677 5325 possit:
711 5252 793 5306 ubi
816 5266 990 5311 autem
1023 5260 1314 5334 intelligere
1339 5285 1444 5326 non
1467 5232 1654 5343 potest,

87 5320 257 5343 om”
308 5326 323 5335 ,
641 5340 651 5343 _

646 5320 649 5325 _
1188 5320 1218 5334 ν
1294 5320 1303 5321 κ
1339 5320 1443 5326 μυ-
1486 5320 1654 5343 mu».

86 5320 497 5397 δοήμυέεὕόί
522 5328 613 5394 det
635 5340 925 5417 honorem,
970 5351 1072 5407 sibi
1101 5356 1362 5417 timorem.
1404 5320 1509 5423 séu
1536 5386 1657 5429 cum
1770 5426 1775 5429 .

140 5530 158 5562 ⁸
182 5534 234 5581 111
248 5535 325 5595 8.,
346 5516 491 5601 ﬁbri;
702 5548 832 5609 editi,
856 5549 1051 5617 librum,
1072 5562 1348 5616 cunctantes

1468 210 1664 267 LIBER
1705 215 1966 275 PRIMUS.

3302 200 3305 201 ί
3329 254 3435 318 eos

1853 515 2189 572 saécularibus
2231 519 2346 575 haec
2386 524 2455 578 ita
2500 532 2667 596 posita
2690 575 2704 597 ,
2739 545 2795 589 ut
2823 545 2997 596 omnia
3029 548 3111 614 pia
3140 553 3298 606 corda
3328 572 3399 613 nu

1852 603 2029 669 triant,
2055 608 2194 662 velut
2221 610 2518 682 imperitum
2542 629 2697 689 atque
2721 603 3229 708 impolitumiiliquid
3248 648 3429 716 exagi-

1852 700 1997 757 tant;
2031 698 2145 751 sine
2182 705 2368 769 pennis
2401 707 2449 760 in
2484 717 2623 764 terra
2653 728 2920 784 reptantes
2944 764 2958 786 ,
2991 737 3042 780 et
3073 730 3245 787 volatu
3273 698 3401 792 raii’a

1848 794 1973 837 rum
2002 788 2020 818 ³
2065 790 2239 844 arium
2286 795 2438 850 nidos
2491 800 2789 860 irridentes.
2848 810 3198 875 Periculosius
3246 836 3423 884 autem

1846 891 2023 933 errant
2065 883 2276 950 quidam
2313 889 2505 944 infirmi
2549 892 2772 966 fratres,
2805 904 2892 970 qui
2921 918 3041 961 cum
3074 910 3423 986 181081111ρὶοι

1843 968 1909 1022 de
1933 972 2226 1029 caelestium
2256 993 2538 1051 corporum
2572 968 2839 1059 numeris,
2885 998 2965 1052 vel
2998 1000 3065 1056 de
3102 968 3423 1073 quibuslibet

1843 1059 2227 1118 elementorum
2256 1071 2434 1124 mundi
2465 1072 2622 1143 hujus
2660 1086 3040 1148 quaestionibus
3077 1059 3340 1155 subtiliter
3363 1114 3417 1157 et

1839 1152 2055 1220 copiose
2098 1156 2363 1217 disserere
2404 1168 2663 1235 audiunt,
2704 1189 3062 1250 evanescunt;
3108 1198 3161 1242 et
3189 1205 3284 1246 eos
3314 1196 3418 1252 sibi

1837 1256 1955 1295 cum
1983 1248 2213 1314 suspirio
2242 1266 2644 1327 praeponentes,
2690 1272 2747 1319 et
2777 1283 2995 1339 magnos
3024 1248 3295 1349 putantes,
3324 1301 3429 1340 κει-ο

1838 1330 2144 1391 1011011111110
2185 1340 2393 1407 pietatis
2422 1346 2611 1403 Libros
2636 1369 2755 1408 cum
2784 1330 2994 1418 fastidio
3029 1330 3295 1437 repetunt,
3351 1380 3417 1438 ά

1834 1436 1969 1488 quos
2010 1424 2234 1481 dulciter
2263 1430 2475 1490 haurire
2520 1438 2819 1513 deberent,
2858 1452 2941 1504 vix
2972 1424 3390 1522 patidntervvdltit‘;

1832 1523 1995 1579 gunt;
2038 1530 2068 1569 a
2098 1522 2291 1588 segetis
2337 1530 2620 1594 asperitate
2648 1534 3016 1607 abhorrentes,
3063 1557 3117 1601 et
3140 1551 3407 1618 spinarum

1831 1604 2051 1663 floribus
2102 1612 2381 1672 intriaiites.
2440 1620 2552 1676 Non
2597 1627 2738 1681 enim
2789 1644 2974 1689 vacant
3026 1640 3203 1697 videre
3252 1664 3409 1714 quam

1829 1700 2005 1754 suavis
2033 1712 2114 1758 est
2142 1708 2393 1766 Dominus
2426 1712 2594 1784 (Psal.
2626 1734 2826 1789 xxxut,
2858 1726 2952 1795 9),
2985 1747 3083 1787 nec
3110 1736 3159 1789 in
3190 1740 3409 1804 sabbato

1827 1793 2092 1859 esuriunt;
2141 1806 2298 1868 atque
2323 1802 2443 1857 ideo
2467 1810 2598 1876 pigri
2628 1822 2784 1880 sunt,
2836 1793 3101 1887 potestate
3127 1842 3155 1879 a
3188 1793 3408 1895 Domiti;

1826 1881 2027 1938 sabbati
2055 1900 2289 1956 accepta,
2326 1895 2517 1949 vellere
2545 1902 2739 1969 spicas,
2772 1916 2830 1961 et
2851 1913 3046 1969 tamdiu
3074 1922 3267 1974 versari
3282 1939 3403 1991 11111-

1824 1973 1979 2027 nibus
2002 2016 2018 2042 ,
2064 1982 2423 2053 contritasqne
2468 2004 2721 2064 purgare,
2775 1998 2945 2060 donec
2977 2006 3045 2062 ad
3070 1992 3247 2067 escam
3274 1982 3403 2086 pe-

1820 2067 2034 2120 veniant
2064 2070 2275 2136 (Matth.
2307 2093 2404 2140 xu,
2445 2082 2515 2153 l).

1819 2156 2044 2217 CAPUT
2062 2162 2276 2220 XXI.—
2292 2170 2415 2233 Qui:
2427 2176 2622 2242 [ructus
2639 2180 2924 2249 hujusmodi
2952 2178 3393 2273 interpretationis;

2229 2276 2329 2332 qua
2365 2264 2493 2318 nihil
2521 2277 2704 2326 temere
2726 2280 2982 2335 asseritur.
3406 2312 3409 2313 '

1888 2343 1973 2397 41.
2004 2345 2150 2403 Dicet
2178 2351 2365 2422 aliquis
2400 2374 2413 2409 :
2443 2358 2578 2427 Quid
2604 2370 2657 2418 tu
2688 2374 2828 2422 tanta
2854 2374 3035 2429 tritura
3065 2379 3395 2445 dissertatio,-

1814 2433 1896 2486 nis
1925 2435 2099 2505 hujus,
2128 2443 2250 2510 quid
2290 2462 2574 2514 granomm
2620 2460 2852 2515 exuisd?
2891 2467 3014 2533 quid
3057 2477 3392 2537 eventilasti?

1813 2523 1919 2576 Cur
1934 2533 2310 2597 propemedum
2342 2537 2397 2591 in
2416 2544 2791 2608 qinestionibus
2813 2554 3393 2625 adhuclatwtomnia?

1811 2616 2031 2671 Aftirma
2082 2625 2277 2691 aliquid
2336 2644 2520 2687 eorum
2573 2654 2690 2706 qua:
2750 2646 2910 2700 multa
2962 2665 3119 2718 posse
3174 2658 3389 2732 intelligi

1812 2706 2082 2732 ,ὶζμηημημξ
2132 2714 2168 2732 n
2214 2718 2223 2727 ι
2472 2723 2481 2732 .
2681 2730 2688 2732 .

1809 2706 2103 2776 disputasti.
2130 2714 2224 2768 Cui
2258 2723 2553 2789 respondeo
2578 2768 2591 2792 ,
2627 2730 2691 2783 ad
2724 2748 2842 2788 eum
2884 2738 3053 2806 ipsum
3085 2761 3169 2801 me
3210 2706 3387 2807 011111ιῖ1

1808 2800 2038 2857 suaviter
2065 2811 2370 2872 pervenisse
2388 2855 2403 2877 ,
2437 2834 2540 2884 quo
2566 2819 2722 2877 didici
2749 2842 2853 2881 11011
2880 2829 3083 2889 haerere
3107 2838 3303 2897 homini
3326 2846 3386 2911 in

1806 2897 2179 2965 respondendo
2219 2907 2506 2961 secundum
2553 2912 2706 2968 fidem
2732 2957 2747 2979 ,
2786 2923 2924 2989 quod
2960 2897 3385 2997 respoadendu;

1806 2996 1883 3036 est
1915 2987 2213 3046 hominibus
2235 2996 2321 3063 qui
2343 2999 2651 3057 calumniari
2677 3006 2851 3065 Libris
2875 3024 3068 3072 nostra:
3095 3022 3282 3079 salutis
3307 3028 3384 3083 εἰς

1802 3072 2033 3143 fectant;
2066 3093 2117 3135 ut
2140 3086 2391 3157 quidquid
2434 3092 2530 3161 ipsi
2571 3096 2639 3151 de
2669 3109 2851 3158 natura
2890 3122 3066 3165 rerum
3107 3120 3382 3177 verticibus

1800 3165 2135 3227 documentis
2159 3176 2524 3237 demonstrare
2553 3191 2854 3259 potuerint,
2895 3201 3238 3260 ostendamus
3279 3226 3379 3263 no-

1799 3260 1923 3311 stris
1957 3261 2166 3318 Litteris
2214 3284 2316 3323 non
2359 3288 2477 3329 esse
2519 3284 2862 3339 Contrarium.
2898 3288 3157 3363 Quidquid
3204 3312 3380 3359 autem

1797 3346 1864 3401 de
1894 3354 2363 3418 quiliuslibetsuis
2404 3367 2759 3428 voluminibus
2795 3377 2876 3433 1118
2904 3386 3101 3441 nostris
3125 3388 3338 3449 Litteris
3357 3436 3376 3464 ,

1799 3437 1846 3464 ;,1
1875 3452 1945 3464 Α-.
1980 3446 2085 3464 ..-ιι
2139 3449 2167 3464 1·
2280 3452 2304 3464 η
2331 3453 2340 3464 ι
2383 3455 2393 3464 .

1798 3437 1847 3491 id
1872 3452 1949 3494 est
1975 3446 2247 3502 catholica:
2276 3452 2393 3507 111101
2425 3464 2744 3517 Contrarium
2779 3473 3097 3536 protulerint
3120 3521 3135 3545 ,
3164 3496 3252 3537 aut
3275 3437 3377 3541 ali:-

1795 3546 1893 3595 qua
1938 3534 2096 3588 etiam
2138 3536 2385 3596 facultate
2414 3534 2793 3622 ostendamus,
2841 3570 2931 3616 aut
2977 3534 3134 3621 nulla.
3164 3534 3373 3631 dubita-

1796 3618 1935 3672 tione
1959 3625 2235 3683 credamus
2262 3648 2378 3687 esse
2402 3635 2743 3700 falsissimum
2768 3665 2780 3699 :
2809 3660 2966 3720 atque
2996 3656 3065 3712 ita
3093 3669 3371 3725 teneamus

1792 3709 2131 3771 Mediatorem
2164 3733 2429 3792 nostrum,
2464 3730 2514 3782 in
2543 3748 2647 3801 quo
2676 3750 2799 3791 sunt
2820 3756 3004 3800 omnes
3029 3748 3262 3809 thesauri
3288 3774 3374 3813 sa-

1791 3802 1999 3869 11101111ιο
2036 3818 2191 3878 atque
2228 3814 2461 3870 scientiae
2490 3820 2785 3882 absconditi
2811 3829 3027 3899 (Colon.
3073 3854 3145 3905 ll,
3187 3843 3275 3915 ὅ),
3309 3857 3365 3904 ut

1788 3908 1960 3963 neque
1988 3895 2133 3953 falsa)
2164 3904 2508 3975 pliilosoiiliiae
2548 3912 2864 3985 loquacitate
2902 3895 3240 3999 seducimur:
3266 3954 3363 3995 ne-

1787 4000 1887 4051 que
1927 3988 2069 4041 falsa:
2110 3992 2377 4062 religionis
2404 4007 2777 4069 superstitione
2806 4016 3117 4077 terreamur.
3145 4026 3211 4082 Et
3242 4046 3360 4087 cum

1785 4073 1990 4130 divinos
2022 4079 2205 4138 Libros
2238 4086 2459 4154 legimus
2496 4094 2548 4148 in
2581 4105 2719 4152 tanta
2755 4105 3087 4169 multitudine
3115 4134 3355 4179 verorum

1784 4165 2173 4237 intellectnum,
2204 4180 2290 4248 qui
2315 4180 2380 4233 de
2410 4187 2589 4253 paucis
2614 4193 2790 4248 verbis
2815 4210 3095 4272 eruuntur,
3138 4217 3192 4264 et
3221 4217 3352 4270 sani

1784 4266 1887 4313 tate
1913 4266 2184 4321 catholica:
2216 4272 2332 4325 fidei
2364 4280 2685 4348 muniuntur,
2720 4286 2771 4340 id
2804 4266 3133 4357 potissimum
3157 4266 3355 4373 deliga-

1781 4365 1926 4418 mus,
1957 4357 2098 4421 quod
2134 4372 2336 4415 certum
2360 4372 2661 4436 apparuerit
2683 4391 2802 4431 eum
2833 4385 3063 4441 sensisse
3090 4407 3245 4460 quem
3275 4394 3357 4451 lie—

1776 4443 1948 4510 ginnas
1972 4464 1984 4509 ;
2018 4448 2060 4500 81
2089 4460 2263 4505 autem
2291 4458 2385 4509 hoc
2410 4459 2561 4528 latet,
2598 4466 2648 4519 id
2671 4479 2814 4525 certe
2838 4477 2978 4543 quod
3005 4443 3357 4545 cireumst

1780 4532 1845 4584 tia
1891 4534 2173 4604 Scriptura:
2205 4560 2306 4596 non
2338 4545 2587 4617 impedit,
2617 4566 2665 4609 et
2695 4574 2813 4614 eum
2841 4532 2968 4621 sana
2997 4570 3099 4628 fide
3125 4590 3355 4635 Concor—

1776 4624 1864 4678 dat
1891 4645 1900 4678 :
1934 4630 1975 4680 si
2002 4643 2175 4686 autem
2213 4648 2265 4690 et
2296 4638 2580 4709 Scriptum
2608 4649 3003 4716 circumstantia
3042 4678 3356 4734 pertractari

1773 4730 1834 4768 ac
1875 4718 2061 4773 discuti
2108 4740 2210 4778 non
2250 4740 2451 4798 potest,
2496 4737 2683 4793 saltem
2732 4743 2781 4796 id
2824 4748 2992 4804 Solum
3035 4718 3176 4825 quod
3220 4764 3352 4822 ttdes

1770 4818 1895 4859 sana
1923 4814 2234 4877 praescribit.
2262 4820 2413 4875 Aliud
2439 4835 2521 4880 est
2542 4831 2680 4884 enim
2705 4836 2828 4903 quid
2859 4814 3188 4908 potissimum
3220 4856 3351 4911 serio

1770 4907 1889 4966 ptor
1929 4906 2154 4960 Senserit
2201 4926 2302 4963 non
2350 4913 2688 4991 dignoscere,
2726 4906 2872 4984 aliud
2905 4946 3079 4993 autem
3110 4957 3137 4993 a
3166 4949 3345 5015 regula

1769 4990 1975 5057 pictatis
2003 5011 2202 5053 errare.
2233 4998 2284 5056 Si
2328 5015 2608 5081 utrumque
2653 5018 2862 5087 vitetur,
2905 5027 3136 5094 perfecte
3162 4990 3342 5091 sevira-
