3906 6310
477 275 585 340 265

1415 264 1502 325 DE
1539 261 1787 326 GENESI
1832 264 1923 321 AD
1962 252 2335 329 LITTERAM,
2379 258 2437 315 S.
2480 254 2842 316 AUGUSTINI

3661 252 3790 316 κε

488 359 3738 405 ____________________________.__________..__.____

1400 432 1882 544 LIBER
1958 427 2143 537 SE
2159 423 2613 532 CUM)
2636 424 2897 581 US"

520 626 1314 694 ,neeoouodsa'lpttmestcap.
1338 622 1386 684 l,
1410 632 1535 673 vers.
1559 617 1624 668 ϐε

2445 616 2697 681 ιιπιρ-ειε..
2733 605 3131 672 usqueadvers.
3163 604 3221 659 l9
3246 620 3261 657 :
3285 606 3639 672 Etfxtumest
3668 619 3791 659 ues-

1490 668 1625 747 pere,
1644 668 1742 732 etc.
1760 668 2069 730 nonnullam
2092 668 2189 724 tiae
2211 679 2378 723 contra
2397 668 2748 722 Genetltliaeos.

1912 769 2334 804 __——oo.___

479 907 707 968 CAPUT
728 900 1013 964 PRISllJM.
1031 930 1104 943 -—
1127 898 1529 955 Firmamentum
1555 897 1609 950 in
1631 892 1795 950 medio
1820 902 2071 960 aquarum

552 1000 693 1072 quid.
755 1000 925 1068 Aquas
980 1009 1137 1064 supra
1183 989 1433 1047 sidereum
1477 986 1660 1043 calum
1709 998 1815 1039 εεεε
1866 978 2071 1048 quidam

556 1100 757 1165 negant.

558 1186 611 1240 l.
643 1182 708 1236 Et
736 1182 865 1236 dixit
891 1178 1060 1243 Deus,
1092 1175 1214 1231 Fiat
1236 1176 1607 1246 ﬁrmamentum
1637 1172 1689 1225 in
1724 1168 1889 1224 medio
1916 1181 2075 1237 aqua-

485 1294 637 1342 rum,
659 1285 705 1331 et
730 1275 795 1331 sit
815 1272 1043 1328 dividens
1078 1271 1208 1325 inter
1230 1284 1416 1339 aquam
1452 1275 1498 1321 et
1536 1280 1719 1336 aquam
1764 1278 1785 1317 :
1826 1269 1871 1316 et
1906 1260 1979 1315 sic
2002 1266 2074 1313 εει

487 1370 697 1435 factum.
746 1365 812 1421 Et
852 1365 972 1436 fecit
1018 1362 1152 1417 Dens
1196 1362 1599 1431 ﬁrmamentum,
1642 1364 1690 1411 et
1727 1353 1895 1408 diuisit
1935 1349 2075 1405 Deus

487 1464 619 1519 inter
632 1476 815 1532 aquam
827 1472 941 1529 qua
962 1465 1067 1512 erat
1093 1455 1229 1526 infra
1255 1454 1651 1522 ﬁrmamentum,
1667 1458 1715 1502 et
1740 1445 1869 1500 inter
1891 1458 2076 1515 squam

486 1570 601 1627 qua
623 1564 731 1609 erat
750 1567 901 1623 super
925 1550 1319 1619 ﬁrmamentum.
1340 1543 1406 1598 Et
1425 1542 1613 1597 vocavit
1634 1538 1768 1593 Deus
1788 1539 2079 1608 ﬁrmamen-

490 1659 597 1704 tum
621 1647 822 1701 ctutum.
854 1642 917 1697 Et
942 1641 1063 1696 uidit
1090 1637 1231 1694 Deus
1272 1637 1390 1708 quia
1419 1636 1601 1690 bonum
1633 1640 1726 1686 εει.
1758 1628 1823 1685 Et
1852 1629 1987 1699 facta
2006 1634 2079 1681 est

490 1754 729 1811 uespera,
756 1746 805 1791 et
843 1737 1037 1807 factum
1077 1740 1151 1786 εει
1189 1744 1337 1783 mane
1378 1726 1486 1780 dies
1511 1721 1779 1778 secundus.
1814 1719 1890 1775 De
1914 1715 2078 1773 verbo

495 1832 590 1890 Dei
617 1844 725 1902 quo
748 1828 918 1893 dixit,
946 1823 1067 1879 Fiat
1096 1823 1502 1893 ﬁrntanteutnm,
1529 1826 1659 1882 etc.,
1687 1823 1743 1871 et
1769 1813 1839 1869 de
1884 1811 2079 1882 placito

491 1924 643 1993 ejus,
686 1933 794 1991 quo
832 1916 966 1972 vidit
1008 1914 1131 1986 quia
1179 1912 1376 1968 bonum
1416 1918 1536 1973 est,
1565 1918 1619 1963 et
1652 1904 1721 1961 de
1759 1918 1982 1975 vespera
2023 1910 2079 1956 et

493 2030 671 2081 mane,
701 2027 804 2068 non
826 2024 961 2081 opus
988 2016 1070 2063 est
1090 2007 1175 2061 hic
1197 2005 1389 2060 iterum
1410 2001 1763 2071 similiterque
1778 1995 2077 2058 disserere;

493 2116 653 2179 atque
677 2104 749 2160 ita
773 2103 1026 2172 deinceps
1045 2097 1485 2171 quotiescumque
1510 2093 1609 2148 ista
1630 2097 1961 2163 repetuntur.
1990 2102 2081 2179 se-

494 2178 724 2254 cundum
765 2192 1094 2265 superiorem
1140 2188 1534 2258 inquisitionem
1579 2183 1791 2240 interim
1832 2178 2082 2238 conside-

495 2291 663 2351 randa
690 2303 810 2346 esse
834 2286 1204 2343 admonemus.
1234 2280 1421 2339 Utrum
1443 2288 1621 2334 autem
1649 2291 1789 2332 nunc
1817 2274 1946 2331 illud
1973 2286 2084 2332 etl-

496 2388 607 2443 lum
636 2386 760 2451 fiat,
800 2379 941 2451 quod
975 2377 1185 2434 excedit
1222 2374 1361 2430 aeris
1396 2372 1576 2428 omnia
1613 2370 1780 2441 spatia
1801 2409 1820 2435 ,
1860 2367 2084 2438 ejusque

499 2489 714 2532 omnem
757 2468 1124 2534 altitudinem,
1165 2464 1255 2519 ubi
1298 2463 1457 2518 etiam
1499 2459 1779 2516 luminaria
1808 2457 2084 2528 stellteque

496 2566 890 2625 constituuntur
914 2568 1102 2632 quarto
1134 2556 1252 2621 die;
1278 2570 1346 2610 an
1389 2554 1503 2625 ipse
1540 2567 1633 2608 aer
1660 2558 1879 2607 vocetur
1905 2549 2084 2603 lirma-

497 2666 732 2715 mentum
748 2696 763 2720 ,
793 2650 961 2724 quatri
983 2649 1173 2706 merito
1200 2653 1394 2718 potest.

567 2747 621 2803 2.
654 2746 798 2803 Multi
825 2744 968 2801 enim
996 2748 1244 2797 asserunt
1282 2739 1502 2794 istarum
1543 2749 1800 2805 aquarum
1840 2741 2083 2788 naturam

498 2852 660 2909 super
685 2835 949 2892 sideremn
974 2832 1168 2888 celum
1197 2843 1318 2884 esse
1348 2842 1452 2882 non
1492 2839 1649 2896 posse
1667 2866 1683 2889 ,
1710 2822 1850 2894 quod
1886 2822 1965 2877 sic
1992 2820 2088 2875 lia-

499 2929 661 2985 beant
687 2926 989 2982 ordinatum
1036 2921 1243 2993 pondus
1270 2934 1426 2975 suum
1446 2958 1461 2979 .
1494 2926 1552 2971 ut
1588 2915 1671 2971 vel
1700 2929 1861 2985 super
1887 2922 2085 2969 terram

500 3022 740 3088 fluitent,
766 3020 851 3075 vel
876 3020 929 3074 in
957 3032 1083 3073 aere
1108 3015 1265 3071 terris
1292 3013 1535 3085 proximo
1561 3008 1883 3080 vaporaliter
1908 3006 2088 3063 feran-

502 3121 608 3168 tur.
642 3109 827 3182 Neque
851 3108 1130 3180 quisquam
1165 3105 1296 3161 istos
1316 3102 1476 3158 debet
1511 3101 1583 3156 ita
1613 3098 1855 3156 refellere
1873 3137 1892 3165 ,
1923 3106 1981 3152 ut
2000 3095 2086 3153 di-

502 3213 588 3262 cat
602 3201 891 3261 secundum
912 3197 1347 3269 omnipoteutiam
1369 3194 1485 3260 Dei,
1506 3194 1590 3249 cui
1607 3202 1796 3248 cuncta
1819 3190 2089 3263 possibilia

503 3305 659 3363 sunt,
686 3302 935 3365 oportere
964 3305 1062 3347 nos
1080 3287 1301 3345 credere
1320 3327 1338 3354 ,
1368 3300 1532 3358 aquas
1559 3284 1721 3341 etiam
1748 3292 1852 3339 tam
1872 3297 2085 3354 graves,

502 3402 661 3459 quam
692 3385 935 3441 novimus
970 3390 1131 3452 atque
1174 3379 1468 3445 sentimus,
1509 3376 1715 3433 caelesti
1752 3375 1992 3449 corpori,
2034 3374 2089 3430 in

503 3493 611 3551 quo
638 3486 761 3532 sunt
791 3474 964 3531 sidera
988 3515 1004 3540 ,
1036 3469 1362 3543 superfusas.
1394 3468 1546 3526 Nune
1576 3469 1719 3525 enim
1745 3466 2090 3539 quemadmo-

503 3568 634 3626 dum
663 3567 804 3624 Deus
828 3565 1112 3621 instituerit
1139 3569 1356 3618 naturas
1380 3577 1559 3618 rerum
1576 3603 1591 3627 ,
1624 3559 1915 3616 secundum
1942 3557 2089 3616 Scri-

506 3669 689 3732 pturas
713 3659 829 3728 ejus
854 3671 953 3712 nos
977 3654 1225 3712 convenit
1248 3668 1519 3726 qmerere;
1548 3669 1653 3708 non
1683 3650 1807 3723 quid
1829 3650 1882 3706 in
1909 3650 1988 3706 eis
2006 3651 2091 3707 vel

506 3767 571 3807 ex
596 3751 677 3807 eis
699 3750 764 3805 ad
795 3749 1105 3805 miraculum
1135 3746 1384 3818 potentiae
1429 3762 1538 3801 sua:
1563 3745 1693 3801 velit
1732 3744 1961 3816 operari.
1987 3742 2093 3800 Ne-

507 3859 613 3915 que
640 3842 781 3899 enim
825 3843 870 3897 si
913 3841 1074 3898 vellet
1103 3841 1241 3896 Deus
1277 3839 1377 3895 sub
1418 3855 1550 3910 aqua
1590 3839 1766 3895 oleum
1807 3838 2093 3911 aliquando

508 3947 726 3989 matiere
745 3973 761 3998 ,
793 3946 897 3986 non
928 3932 1116 3997 lleret;
1147 3946 1251 3984 non
1271 3945 1342 3984 ex
1372 3944 1438 3984 eo
1466 3938 1639 3984 tamen
1660 3928 1765 3985 olei
1790 3939 1972 3985 natura
1996 3943 2094 3984 no-

508 4025 592 4080 bis
618 4033 761 4079 esset
787 4023 1050 4094 incognita
1070 4063 1085 4088 ,
1123 4023 1263 4092 quod
1293 4021 1363 4075 ita
1400 4022 1534 4076 facta
1563 4022 1666 4086 sit,
1709 4031 1767 4076 ιιι
1795 4022 2094 4093 appetendo

509 4130 662 4172 suum
694 4114 866 4169 locum
886 4154 902 4180 ,
930 4113 1090 4167 etiam
1120 4113 1164 4166 si
1213 4110 1511 4166 subterfusa
1554 4110 1741 4178 fuerit,
1788 4100 2094 4182 perrumpat

508 4220 709 4278 aquas,
743 4205 927 4275 eisque
969 4219 1028 4260 se
1074 4203 1463 4275 superpositam
1506 4203 1749 4259 collocet.
1793 4203 1945 4259 Nunc
1963 4219 2094 4276 ergo

508 4298 796 4370 quzerimus
824 4304 997 4351 utrum
1021 4295 1266 4351 conditor
1294 4310 1501 4361 rerum,
1538 4298 1627 4366 qui
1668 4296 1844 4350 omnia
1871 4296 1923 4351 iu
1953 4312 2098 4352 meno

509 4406 634 4446 sura
669 4401 725 4445 et
763 4402 987 4445 numero
1014 4394 1070 4444 et
1110 4386 1345 4459 pondere
1378 4387 1637 4459 dispOSIIil
1666 4386 1820 4461 (Sap.
1850 4403 1934 4455 XI,
1963 4387 2093 4460 2t),

511 4498 617 4538 non
662 4496 825 4536 unum
874 4480 1046 4535 locum
1093 4479 1362 4550 prOprium
1400 4479 1617 4549 ponderi
1657 4494 1913 4551 aquarum
1953 4480 2094 4535 circa

511 4589 708 4636 terram
756 4576 1029 4640 tribuerit,
1079 4575 1173 4631 sed
1217 4585 1272 4631 et
1315 4590 1477 4647 super
1520 4574 1715 4630 cmlum
1769 4575 1911 4645 quod
1958 4576 2095 4633 ultra

514 4670 732 4726 limitem
758 4669 898 4724 aeris
923 4667 1298 4724 circumfusum
1325 4677 1485 4737 atque
1513 4666 1795 4722 solidatutn
1821 4675 1925 4722 est.

582 4764 638 4822 3.
664 4762 817 4831 Quod
842 4763 930 4833 qui
956 4773 1151 4832 negant
1176 4775 1293 4816 esse
1311 4760 1656 4827 credendum,
1684 4759 1751 4814 de
1773 4758 2095 4829 ponderibus

513 4857 900 4915 elementorum
937 4861 1393 4924 argumentantur,
1426 4859 1678 4921 negantes
1708 4850 1815 4904 ullo
1842 4848 2003 4905 modo
2024 4851 2095 4905 ita

512 4950 743 5021 desuper
764 4947 915 5018 quasi
944 4946 1172 5018 quodam
1208 4945 1512 5016 pavimento
1534 4944 1815 5000 solidatam
1839 4959 1962 5002 esse
1987 4958 2099 5000 cte-

514 5044 621 5100 lum
640 5083 657 5109 ,
689 5050 745 5096 ut
780 5040 947 5111 possit
974 5055 1227 5109 aquarum
1257 5038 1490 5109 pondera
1520 5037 1811 5104 suSIinerc;
1839 5037 1980 5109 quod
2012 5047 2094 5093 ta-

512 5136 580 5193 lis
621 5134 861 5191 soliditas
901 5132 1000 5188 nisi
1041 5131 1198 5187 terris
1238 5146 1357 5187 esse
1383 5147 1487 5185 non
1528 5131 1728 5203 possit,
1759 5141 1813 5186 et
1842 5130 2095 5201 quidquid

516 5225 619 5282 tale
645 5235 758 5291 est,
784 5242 889 5280 nam
920 5224 1116 5279 caelum
1152 5222 1245 5277 sed
1278 5232 1419 5277 terra
1455 5224 1542 5277 sit.
1575 5222 1688 5277 Non
1716 5222 1857 5278 enim
1890 5232 2094 5278 tantum

516 5318 677 5385 locis,
706 5317 800 5375 sed
826 5318 986 5373 etiam
1014 5316 1351 5388 qualiuitiluts
1374 5316 1599 5386 propriis
1622 5316 1883 5371 elementa
1909 5314 2099 5373 distin-

517 5410 603 5480 gui
645 5410 686 5471 ⁸,
717 5420 773 5465 ιιι
794 5426 891 5482 pro
913 5410 1248 5480 qtnlitatiluts
1291 5408 1517 5479 propriis
1544 5411 1704 5464 etiam
1742 5409 1855 5465 loca
1888 5411 2097 5481 propria

582 5523 599 5556 ι
622 5521 1185 5587 ξῶυιιιὶειὺιςιιωιιιιν.
1224 5531 1275 5575 At
1296 5530 1432 5583 uss,
1471 5521 1584 5575 diui

516 5584 725 5703 mil.
764 5584 836 5635 illi
872 5584 977 5650 qui'
992 5585 1059 5635 de
1103 5584 1461 5637 elementorum
1500 5601 1520 5652 ι

1652 5522 1703 5588 ri
1722 5537 1741 5575 :
1763 5538 1870 5588 sum
1890 5522 1960 5583 le,
1981 5538 2100 5576 eou-

1630 5587 1796 5639 erluus
1835 5587 2101 5653 argmen-

2175 880 2495 935 sortirentur
2520 897 2534 933 :
2558 894 2691 950 aqua
2715 878 2918 934 scilicet
2946 893 3106 949 super
3133 886 3329 935 terram
3350 920 3368 944 ,
3398 893 3519 949 qme
3538 878 3707 934 etiam
3733 878 3790 936 sl

2176 970 2277 1026 sub
2305 980 2445 1027 terra
2478 979 2581 1027 stat
2617 980 2708 1025 aut
2742 970 2952 1035 labitur,
2981 971 3117 1025 sicut
3148 970 3199 1025 in
3225 970 3393 1026 antris
3415 969 3791 1041 emeritisque

2176 1061 2404 1131 abditis,
2434 1078 2541 1117 non
2565 1071 2741 1118 tamen
2782 1077 2845 1118 ea
2890 1049 3048 1117 ierra:
3079 1070 3225 1131 parte
3252 1076 3411 1132 quam
3449 1075 3609 1129 supra
3628 1100 3649 1127 ,
3676 1057 3789 1115 sed

2176 1167 2240 1210 ea
2280 1170 2439 1226 quam
2478 1154 2610 1210 infra
2636 1169 2695 1210 se
2725 1154 2880 1210 habet
2900 1196 2917 1219 ,
2944 1154 3263 1209 continetur.
3295 1152 3428 1209 Nam
3452 1154 3496 1209 si
3523 1168 3593 1210 ex
3624 1161 3796 1223 parte

2178 1248 2455 1320 superiore
2484 1245 2639 1303 fuerit
2690 1261 2813 1317 pars
2852 1246 2957 1301 ulla
2988 1254 3144 1302 terrae
3170 1244 3417 1316 delapsa,
3456 1262 3564 1302 nim
3592 1253 3797 1302 manet

2180 1355 2343 1411 super
2360 1354 2551 1411 aquam
2571 1381 2587 1405 ,
2613 1338 2708 1394 sed
2733 1354 2798 1395 ea
2820 1348 3068 1410 perrupta
3088 1337 3414 1409 demergitur
3433 1346 3489 1395 et
3513 1339 3692 1409 pergit
3710 1335 3793 1393 ad

2183 1439 2412 1496 terram;
2454 1446 2562 1502 quo
2603 1430 2825 1487 veniens
2866 1429 3228 1501 conquiescit,
3275 1439 3527 1500 tanquam
3570 1433 3625 1485 in
3657 1429 3795 1486 loco

2182 1537 2281 1577 suo
2296 1562 2311 1588 ,
2337 1530 2392 1575 ιιι
2421 1537 2584 1592 supra
2607 1521 2683 1577 sit
2700 1536 2834 1592 aqua
2856 1560 2874 1586 ,
2895 1519 3081 1576 subtus
3106 1530 3285 1576 autem
3310 1530 3472 1577 terra.
3503 1518 3659 1578 Unde
3682 1535 3794 1577 ct:-

2183 1611 2457 1682 gnoscitur
2495 1610 2638 1683 quod
2680 1612 2841 1667 etiam
2883 1625 3047 1681 super
3087 1624 3252 1681 aquas
3294 1625 3419 1666 cum
3454 1618 3638 1670 esset.
3673 1625 3795 1666 non

2185 1703 2316 1773 ipsis
2343 1703 2495 1773 aquis
2520 1702 2845 1773 portabatur,
2868 1702 2965 1757 sed
2993 1716 3250 1773 compage
3276 1712 3436 1759 terra)
3467 1703 3791 1771 tenebatur,

2185 1794 2322 1849 sicut
2347 1808 2467 1849 sese
2490 1793 2687 1849 habent
2710 1808 2940 1849 camera:
2966 1792 3365 1865 speluncarum.

2255 1886 2311 1942 4.
2330 1885 2426 1941 llic
2444 1886 2677 1943 occurrit
2698 1885 2989 1942 admonere
3012 1885 3305 1943 cavendum
3328 1900 3588 1952 unum,
3613 1901 3789 1957 quem

2186 1977 2243 2033 in
2267 1976 2402 2033 libro
2428 1976 2602 2049 primo
2624 1975 2919 2033 cavendum
2939 1976 3210 2044 admonui,
3236 1993 3305 2033 ne
3339 1976 3473 2034 forte
3493 1980 3621 2049 quia
3649 1979 3798 2035 scri-

2186 2076 2337 2140 ptum
2374 2075 2459 2123 est
2497 2067 2553 2124 in
2590 2067 2848 2135 Psalmis,
2877 2065 3135 2123 Fundavit
3175 2078 3362 2124 terram
3384 2084 3537 2140 super
3558 2085 3795 2145 aquam;

2187 2161 2475 2217 arbitretur
2500 2160 2693 2232 aliquis
2722 2168 2965 2217 nostrum
2986 2202 3003 2228 ,
3032 2159 3292 2218 adversus
3318 2158 3450 2216 istos
3474 2159 3546 2218 de
3571 2160 3795 2232 ponde-

2188 2253 2341 2310 ribus
2378 2254 2766 2311 elementorum
2807 2254 3076 2311 subtiliter
3106 2253 3468 2320 dissercntes,
3496 2254 3605 2312 isto
3631 2254 3796 2312 testi-

2189 2344 2371 2401 monio
2395 2344 2790 2416 Scripturarum
2814 2359 2935 2401 esse
2960 2343 3235 2401 nitendum
3261 2363 3276 2400 :
3306 2344 3431 2417 quia
3460 2343 3535 2401 illi
3561 2361 3675 2401 non
3702 2361 3796 2404 re—

2189 2436 2321 2493 tenti
2348 2436 2665 2493 auctoritate
2689 2435 3011 2492 Litterarum
3041 2445 3344 2492 nostrarum
3359 2477 3377 2505 ,
3402 2445 3458 2495 et
3479 2438 3795 2496 nescientes

2188 2526 2641 2598 quemadmodum
2665 2527 2864 2583 dictum
2891 2527 2962 2584 sit
2983 2568 2999 2591 ,
3030 2526 3226 2585 Libros
3253 2537 3467 2585 sanctos
3492 2529 3705 2586 facilius
3727 2530 3797 2586 ir-

2190 2615 2473 2687 ridebuntj,
2494 2631 2653 2688 quam
2681 2615 2810 2671 illud
2836 2615 3210 2687 repudiabant,
3228 2617 3369 2689 quod
3400 2617 3483 2675 vel
3507 2619 3682 2676 certis
3700 2635 3797 2677 ra-

2191 2706 2427 2763 tionibus
2447 2716 2818 2780 perceperunt,
2830 2707 2914 2764 vel
2928 2708 3310 2781 experimcn:is
3336 2709 3798 2769 manifestissimis

2191 2799 2570 2871 probaverunt.
2623 2798 2755 2855 Illud
2797 2814 3030 2872 namque
3070 2799 3123 2855 in
3149 2799 3411 2868 Psalmis,
3442 2810 3534 2857 aut
3558 2800 3798 2874 ﬁgurato

2191 2888 2395 2946 dictum
2421 2899 2568 2947 recte
2590 2891 2759 2962 accipi
2788 2899 3000 2962 potest:
3043 2900 3099 2946 ut
3120 2891 3372 2962 quoniam
3396 2891 3519 2949 cali
3542 2901 3601 2949 et
3625 2901 3795 2951 terra:

2194 2981 2411 3037 nomine
2437 2995 2581 3053 smpe
2629 2984 2682 3037 in
2729 2981 2966 3038 Ecclesia
2994 2981 3300 3053 spirituales
3328 2982 3683 3056 curnalesque
3715 2985 3796 3041 si-

2193 3071 2530 3144 gniﬁeantur,
2566 3071 2741 3143 talos
2788 3072 3084 3129 ostenderit
3126 3072 3395 3143 pertinere
3432 3073 3501 3130 ad
3535 3089 3799 3134 serenant

2194 3164 2595 3235 intelligentiam
2625 3164 2865 3220 veritatis
2883 3206 2900 3232 ,
2927 3162 3143 3230 dicens,
3176 3163 3278 3231 Qui
3298 3165 3413 3237 fecit
3440 3164 3592 3221 catos
3623 3167 3680 3222 in
3708 3169 3797 3223 in.

2195 3257 2469 3330 teltigentia
2495 3254 2663 3330 (Psal.
2693 3272 2867 3313 cxxxv
2886 3298 2903 3325 ,
2928 3257 2964 3313 6
2983 3298 2996 3322 ,
3027 3257 3116 3329 5);
3146 3265 3343 3313 terram
3368 3272 3495 3315 vero
3520 3257 3586 3314 ad
3625 3259 3798 3318 tidem

2196 3348 2491 3419 simplicem
2522 3348 2859 3418 parvulorum
2880 3390 2896 3415 ,
2921 3362 3031 3404 non
3058 3347 3315 3404 fabulosis
3339 3348 3679 3419 opinionibus
3717 3351 3797 3408 in-

2195 3445 2397 3494 certam
2424 3445 2585 3509 atque
2608 3435 2879 3505 fallacem,
2908 3436 3003 3493 sed
3045 3437 3354 3509 prophetica
3381 3447 3440 3494 et
3473 3439 3794 3510 evangeliea

2198 3527 2576 3599 pra-dicatione
2597 3527 2984 3595 lirn'tissitnam,
3011 3543 3134 3598 qua:
3161 3542 3258 3598 per
3284 3527 3613 3599 Baptismum
3654 3530 3799 3586 soli-

2198 3618 2379 3685 datur,
2407 3629 2461 3674 et
2486 3618 2608 3674 ideo
2635 3618 2952 3688 subiecerit,
2977 3618 3190 3686 dicens,
3224 3617 3481 3673 Fundavit
3504 3628 3697 3674 terram
3720 3637 3800 3676 su-

2199 3726 2289 3784 per
2311 3726 2518 3779 aquam.
2544 3711 2650 3765 Aut
2676 3710 2720 3764 si
2741 3709 2807 3764 ad
2835 3710 3061 3764 litteram
3086 3711 3363 3781 quisquam
3382 3711 3524 3782 cogit
3541 3711 3796 3785 intelligi,

2203 3817 2310 3856 non
2337 3801 2743 3872 incongruenter
2769 3800 2849 3855 vel
2886 3800 3132 3857 sublimia
3172 3811 3433 3858 terrarum
3468 3802 3582 3858 sive
3608 3805 3797 3860 conti-

2199 3893 2438 3950 nentium
2457 3934 2472 3959 ,
2519 3892 2631 3948 sive
2660 3890 2949 3947 insularum
2980 3893 3329 3962 accipiuntur,
3359 3909 3479 3965 qua:
3510 3895 3795 3965 superiora

2199 3994 2327 4040 sunt
2351 3983 2538 4055 aquis;
2570 3983 2654 4039 vel
2682 3984 2797 4055 ipsa
2826 3985 3055 4055 tegmina
3093 3985 3497 4057 speluncarum,
3529 4002 3652 4058 quae
3696 4004 3794 4044 su-

2200 4089 2303 4146 per
2327 4090 2493 4146 aquas
2540 4074 2768 4145 pendula
2816 4075 3084 4131 soliditate
3113 4080 3318 4131 lirmata
3346 4086 3489 4132 sunt.
3519 4058 3792 4147 Quocirca

2201 4179 2302 4219 nec
2326 4164 2392 4220 ad
2414 4163 2643 4220 litteram
2673 4166 2952 4236 quisquatn
2981 4175 3159 4237 potest
3185 4166 3263 4222 sic
3292 4167 3613 4239 intelligere,
3644 4170 3791 4241 quod

2200 4244 2399 4313 dictum
2439 4266 2555 4325 est,
2600 4255 2856 4312 Fundavit
2897 4268 3080 4313 terram
3116 4276 3269 4330 super
3291 4276 3512 4332 aquam;
3541 4272 3597 4317 ut
3622 4278 3791 4335 aqua-

2201 4364 2319 4404 rum
2351 4349 2556 4420 pondus
2581 4358 2792 4405 terreno
2818 4350 3033 4421 ponderi
3060 4352 3422 4423 supportando
3448 4356 3679 4412 naturali
3702 4372 3793 4414 or-

2200 4439 2325 4496 dine
2351 4440 2502 4512 quasi
2528 4440 2823 4509 subjectum
2843 4456 2963 4498 esse
2985 4443 3288 4500 arbitretur.

2502 4531 2730 4589 CAPUT
2758 4532 2823 4588 ll.
2850 4563 2920 4575 —
2942 4533 3043 4589 Aer
3071 4544 3204 4590 terra
3226 4538 3474 4606 superior.

2270 4623 2329 4681 5.
2371 4624 2564 4680 Acrem
2606 4640 2734 4681 vero
2778 4627 2930 4696 aquis
2971 4641 3091 4682 esse
3132 4629 3497 4698 supeiorcm.
3543 4646 3786 4702 quamvis

2202 4728 2419 4790 propter
2445 4719 2702 4790 ampliora
2745 4720 2825 4775 sui
2866 4720 3034 4790 spatia
3074 4720 3233 4775 etiam
3268 4721 3471 4779 aridam
3499 4736 3751 4797 contegat

2202 4809 2329 4866 hinc
2370 4810 2694 4882 intelligitur,
2725 4810 2867 4880 quod
2909 4811 3107 4867 nullum
3138 4828 3231 4868 vas
3254 4814 3323 4869 ab
3345 4830 3438 4871 ore
3464 4814 3782 4887 impreSsum

2202 4902 2395 4972 repleri
2422 4903 2574 4973 aquis
2603 4910 2808 4973 potest:
2839 4902 2979 4959 unde
3002 4904 3130 4959 satis
3155 4904 3352 4961 indicat
3374 4906 3515 4962 aeris
3540 4917 3785 4965 naturam

2203 4992 2376 5048 locum
2421 5003 2602 5063 petere
2646 4994 2994 5064 superiorem.
3039 4994 3260 5051 Videtur
3297 4997 3442 5053 enim
3477 5014 3569 5054 vas
3594 5001 3781 5065 inane,

2203 5084 2297 5140 sed
2341 5100 2463 5140 aere
2514 5085 2726 5156 plenum
2763 5086 3035 5156 probatur,
3065 5102 3186 5143 cum
3230 5103 3324 5144 ore
3372 5089 3480 5144 imo
3508 5089 3559 5145 in
3590 5107 3782 5162 aquam

2203 5174 2551 5245 deprimitur;
2592 5177 2713 5247 quia
2757 5177 2898 5233 enim
2946 5194 3040 5249 per
3080 5181 3410 5249 superiorem
3443 5191 3648 5251 partem
3678 5199 3780 5237 non

2204 5267 2405 5322 invenit
2426 5267 2668 5323 etneandi
2691 5268 2887 5334 locum,
2915 5284 3013 5324 nec
3036 5268 3286 5325 deorsum
3316 5285 3502 5327 versus
3526 5271 3740 5343 irruptis
3762 5271 3778 5303 ί

2202 5359 2355 5430 aquis
2407 5358 2591 5415 subter
2623 5374 2715 5415 eas
2750 5361 2830 5417 ire
2856 5371 3038 5416 natura
3085 5361 3297 5426 sinitur,
3333 5363 3660 5433 plenitudine
3687 5378 3775 5419 su:-

2206 5450 2413 5520 repellit
2433 5466 2557 5516 eas.
2583 5460 2636 5507 et
2662 5452 2713 5506 in
2743 5467 2835 5506 vas
2869 5466 2973 5508 non
3000 5454 3253 5524 permittit
3287 5454 3505 5511 intmre.
3526 5454 3659 5511 Cum
3683 5471 3777 5511 au-

2205 5551 2314 5599 tem
2341 5556 2433 5598 vas
2458 5542 2528 5597 ita
2566 5543 2874 5610 collocatur,
2924 5552 2982 5599 ut
3020 5560 3084 5600 os
3124 5560 3232 5601 non
3273 5546 3466 5604 habeat
3490 5548 3772 5619 deorsum,

2268 5658 2439 5722 εμπ..
2454 5657 2655 5725 emptis.
2677 5658 2848 5711 ceteri
2865 5655 3074 5721 codices,
3096 5655 3319 5725 ϋνιφιιε.
