3906 6308
173 219 270 276 265

172 334 257 390 sed
279 334 334 389 in
365 332 500 390 latus
525 331 834 388 inclinatum
851 374 869 400 ,
897 332 1057 389 intrat
1081 346 1217 404 aqua
1243 332 1485 399 inferius,
1515 341 1745 390 exeunte

173 440 283 480 aere
300 424 558 495 superius.
583 423 822 495 Itemque
850 424 898 479 si
926 424 1066 479 vasis
1091 425 1253 480 erecti
1281 440 1341 481 os
1364 434 1543 494 pateat
1564 426 1614 480 in
1636 439 1746 481 cae-

176 515 292 577 lum.
318 531 443 571 cum
464 515 692 570 infundis
719 531 909 585 aquam
929 558 944 583 ,
971 515 1148 571 evadit
1178 531 1272 571 aer
1297 531 1510 570 sursum
1537 529 1741 580 versus,

172 625 229 663 es
250 608 367 663 aliis
403 607 636 677 partibus
661 622 766 678 qua
807 624 914 663 non
954 607 1215 672 infundis,
1246 616 1302 663 et
1331 606 1388 662 ﬁt
1414 607 1564 663 locus
1591 623 1744 678 aquae

172 699 411 755 deorsum
440 713 621 754 versus
648 699 897 754 intrandi.
938 698 1087 767 Quod
1126 699 1171 753 si
1196 698 1248 753 vi
1273 698 1473 768 majore
1512 713 1606 753 vas
1648 698 1745 754 de-

173 790 421 860 primitur,
457 798 511 844 ut
536 790 623 845 vel
648 805 712 845 ex
746 791 910 846 latere
956 790 1037 844 vel
1075 790 1305 860 desuper
1331 805 1483 860 aqua:
1522 799 1743 859 repente

172 884 377 940 inﬂuant
395 924 412 947 ,
439 891 494 939 et
520 882 754 954 undique
777 898 838 938 os
862 883 1002 939 vasis
1026 883 1278 953 obtegant
1296 924 1312 950 ,
1339 883 1624 952 disrumpit
1649 898 1741 939 eas

171 989 483 1030 aes-sursum
511 977 717 1042 nitens,
763 985 820 1029 ut
866 975 944 1029 eis
969 975 1037 1029 ad
1082 975 1186 1029 ima
1232 975 1406 1030 locum
1453 975 1642 1039 faciat;
1689 985 1743 1029 et

172 1068 272 1137 ipsa
296 1065 559 1135 disruptio
601 1066 860 1136 singultus
911 1081 1159 1121 vasorum
1202 1074 1317 1131 est,
1349 1065 1473 1120 dum
1506 1065 1741 1135 partibus

173 1157 320 1225 fugit,
362 1156 487 1226 quia
529 1165 675 1212 totus
699 1165 806 1212 tam
835 1158 941 1211 cito
974 1172 1080 1211 non
1125 1164 1330 1225 potest,
1362 1165 1576 1226 propter
1601 1156 1741 1211 illius

171 1248 265 1302 oris
302 1246 594 1318 angustias.
647 1246 721 1302 Ita
767 1248 811 1302 si
860 1262 953 1301 aer
995 1261 1154 1316 super
1196 1262 1361 1317 aquas
1387 1248 1465 1302 ire
1507 1248 1736 1317 cogitur,

171 1339 311 1393 etiam
340 1336 679 1393 conﬂuentes
710 1353 802 1392 eas
830 1336 1026 1406 disjicit
1061 1338 1100 1402 ί,
1129 1352 1251 1392 eum
1296 1337 1605 1392 exsilientes
1640 1337 1742 1392 im-

172 1438 278 1497 petu
303 1427 418 1496 ejus
448 1428 688 1496 impulse
716 1427 1009 1493 ebulliunt,
1037 1436 1092 1483 et
1117 1443 1241 1482 eum
1280 1427 1435 1482 builis
1476 1428 1742 1498 crepanti-

172 1521 258 1575 bus
278 1522 530 1575 emittunt
571 1520 624 1574 in
670 1534 766 1575 sua
795 1528 1192 1590 pmperantem,
1221 1527 1379 1590 atque
1406 1520 1511 1574 illis
1538 1519 1604 1573 ad
1634 1520 1738 1574 ima

169 1610 431 1666 decidendi
452 1610 656 1665 aditum
684 1609 919 1665 dantem.
948 1610 1004 1665 Si
1030 1618 1206 1664 autem
1230 1610 1331 1665 sub
1349 1624 1514 1679 aquas
1541 1610 1618 1664 ire
1642 1625 1749 1677 co-A

170 1703 294 1772 gitur
309 1718 373 1757 ex
394 1715 524 1758 vase
543 1741 561 1766 ,
585 1710 643 1755 ut
665 1700 753 1756 illo
776 1699 998 1755 cedente
1019 1714 1114 1754 vas
1133 1699 1200 1755 ab
1224 1714 1318 1754 ore
1345 1700 1399 1753 in
1428 1700 1530 1753 ima
1554 1713 1738 1768 presso

170 1793 344 1863 repleri
374 1792 543 1857 velis,
576 1791 781 1847 facilius
805 1790 962 1845 undis
988 1790 1217 1860 undique
1251 1806 1463 1845 versum
1492 1791 1737 1859 coeperi-

171 1895 260 1951 tur,
278 1901 431 1957 quam
460 1898 561 1956 per
582 1899 644 1939 os
662 1883 780 1954 ejus
793 1883 862 1939 ab
884 1882 1134 1938 inferiore
1159 1891 1308 1951 parte
1334 1881 1564 1936 intrandi
1583 1889 1729 1952 gutta

168 1979 331 2049 exigua
362 1975 571 2047 reperit
598 1976 795 2031 locum.

425 2066 659 2124 CAPUT
694 2065 781 2120 Ill.
809 2094 881 2104 —
903 2063 1050 2136 Ignis
1069 2064 1297 2133 superior
1316 2079 1450 2125 aere.

227 2159 275 2213 ti.
318 2157 433 2213 .lam
479 2171 611 2212 vero
640 2156 814 2226 ignem
842 2153 910 2209 ad
937 2169 1166 2223 superna
1210 2153 1526 2208 emicantem
1576 2151 1736 2208 etiam

172 2249 315 2321 ipsius
346 2247 487 2305 aeris
528 2257 774 2303 naturam
820 2246 958 2313 velle
1003 2243 1418 2310 transcendere,
1462 2243 1583 2314 quis
1630 2258 1737 2297 non

170 2343 375 2398 sentiat?
415 2339 848 2412 quandoquidem
890 2339 936 2395 si
981 2338 1257 2394 ardentem
1308 2336 1535 2392 faculam
1566 2337 1738 2407 capite

172 2434 393 2490 deorsum
415 2433 648 2505 quisque
675 2440 887 2496 teneat,
926 2429 1277 2495 nihilominus
1320 2427 1547 2483 ﬂammae
1574 2428 1737 2483 crinis

169 2527 226 2582 ad
248 2528 515 2598 superiora
547 2523 841 2581 contendit.
884 2520 989 2577 Sed
1036 2521 1290 2591 quoniam
1335 2519 1636 2574 circumfusi
1673 2533 1738 2574 ac

160 2619 405 2689 superfusi
473 2616 621 2672 aeris
669 2613 998 2685 praepollenti
1063 2611 1455 2681 constipatione
1512 2608 1736 2665 subinde

171 2710 288 2780 ignis
306 2708 680 2779 exstinguitur,
705 2715 760 2760 et
788 2708 838 2759 in
868 2704 982 2773 ejus
1007 2703 1312 2773 qualitatem
1342 2717 1435 2769 per
1464 2699 1735 2757 abundau-

171 2800 279 2854 tiam
316 2807 599 2869 superatus
645 2794 869 2853 subinde
897 2802 1252 2850 commutatur
1280 2808 1343 2848 ac
1380 2793 1623 2856 vertitur,
1667 2793 1733 2847 ad

171 2890 447 2944 universam
475 2889 603 2957 ejus
631 2886 960 2942 altitudinem
992 2883 1386 2938 transiliendam
1429 2899 1531 2937 non
1560 2891 1736 2952 potest

172 2980 454 3051 perdurare.
482 2981 672 3050 Itaque
697 2994 857 3048 super
881 2991 1059 3032 aerem
1087 2990 1250 3045 purus
1292 2975 1426 3045 ignis
1453 2989 1576 3030 esse
1604 2974 1734 3029 dici-

174 3082 245 3127 tur
266 3074 481 3136 cwlum,
515 3070 658 3126 unde
682 3070 839 3124 etiam
880 3065 1055 3121 sidera
1092 3074 1249 3135 atque
1276 3064 1552 3119 luminaria
1597 3063 1732 3120 facta

156 3162 472 3233 coniectant,
520 3161 663 3215 illius
690 3158 937 3213 videlicet
961 3157 1129 3226 igneze
1165 3154 1297 3210 lucis
1322 3154 1374 3209 in
1404 3169 1494 3208 eas
1537 3152 1734 3209 formas

174 3269 286 3323 quas
308 3254 357 3309 in
384 3254 529 3310 caelo
572 3252 841 3308 cernimus
860 3289 875 3315 ,
902 3247 1211 3317 conglobata
1240 3245 1603 3316 dispositaque
1638 3260 1734 3300 na-

175 3353 271 3401 tura
295 3364 308 3402 :
336 3362 396 3403 ac
441 3362 544 3418 per
573 3346 707 3411 hoc,
753 3344 890 3399 sicut
915 3351 1173 3398 terrarum
1213 3340 1533 3411 ponderibus
1561 3350 1615 3394 et
1639 3355 1734 3396 aer

175 3446 219 3493 et
233 3453 353 3508 aqua
371 3439 519 3495 cedit
540 3478 555 3503 ,
581 3445 639 3492 ut
661 3435 729 3491 ad
757 3445 955 3491 terram
997 3432 1340 3503 perveniant;
1371 3429 1452 3486 sic
1476 3445 1732 3501 aquarum

176 3529 397 3597 ponderi,
439 3538 498 3586 et
544 3529 659 3597 ipse
699 3541 792 3580 aer
833 3525 1001 3590 cedit,
1032 3533 1087 3578 ut
1116 3522 1196 3578 vel
1236 3520 1304 3576 ad
1332 3529 1525 3576 terram
1554 3522 1638 3576 vel
1664 3522 1732 3576 ad

176 3633 336 3689 aquam
372 3618 671 3690 perveniat.
716 3616 870 3673 Unde
918 3613 1139 3684 intelligi
1178 3614 1393 3680 volunt,
1434 3612 1538 3668 hoc
1576 3612 1733 3668 modo

175 3722 366 3768 necesse
393 3709 564 3766 fuisse
588 3717 646 3762 ut
669 3722 761 3763 aer
788 3719 999 3775 quoque
1022 3745 1037 3768 ,
1065 3704 1110 3759 si
1135 3703 1255 3774 quis
1279 3703 1394 3774 ejus
1420 3703 1730 3775 particulam

176 3799 218 3854 in
238 3803 409 3871 spatiis
445 3802 559 3857 illis
581 3797 895 3855 sublimibus
921 3796 1042 3853 caeli
1071 3804 1249 3866 posset
1273 3795 1537 3853 dimittere
1557 3837 1573 3862 ,
1604 3811 1733 3867 pon-

174 3890 282 3950 dere
305 3908 397 3949 suo
417 3893 668 3955 caderet,
701 3889 873 3945 donec
898 3888 965 3944 ad
997 3888 1141 3943 aeria
1184 3887 1367 3944 subter
1408 3888 1576 3959 spatia
1606 3904 1731 3959 per-

176 3984 372 4040 veniret.
393 3985 733 4055 Quapropter
754 3981 1007 4051 colligunt
1040 3980 1206 4034 multo
1234 3979 1408 4035 minus
1429 3994 1549 4035 esse
1576 3994 1733 4050 posse

176 4077 303 4145 aquis
324 4092 476 4148 supra
506 4074 637 4131 illud
667 4075 877 4144 igneum
904 4071 1098 4127 caelum
1118 4070 1316 4140 aliquid
1344 4070 1441 4124 loci
1462 4111 1479 4137 ,
1511 4085 1631 4126 cum
1661 4071 1729 4125 il-

178 4166 330 4223 licaer
352 4170 524 4224 multo
549 4166 702 4237 aquis
729 4165 897 4220 levior
923 4179 1139 4219 manere
1163 4178 1267 4217 non
1296 4162 1480 4232 possit.

176 4254 373 4313 CAPUT
402 4257 491 4313 IV.
517 4286 590 4298 —
611 4256 769 4326 Aqua
788 4270 945 4325 supra
970 4253 1150 4308 celum
1174 4268 1374 4307 aereum
1391 4251 1526 4321 quod
1552 4252 1729 4321 ﬁrma-

412 4358 639 4405 mentum
665 4347 919 4419 appetlari
937 4346 1145 4415 quidam
1163 4345 1455 4400 observavit.

237 4441 283 4493 7.
309 4442 523 4498 Talibus
545 4456 733 4498 eorum
772 4438 1214 4508 disputationibus
1236 4436 1462 4505 cedens,
1499 4437 1733 4492 laudabi-

184 4531 287 4588 liter
311 4545 523 4591 conatus
564 4542 647 4590 est
693 4530 907 4602 quidam
948 4529 1313 4585 demonstrare
1359 4542 1523 4597 aquas
1572 4543 1734 4599 super

184 4623 358 4689 eteius,
396 4634 453 4681 ut
494 4640 561 4681 ex
609 4624 739 4693 ipsis
779 4619 1076 4675 visibilibus
1100 4617 1505 4687 conspicuisque
1531 4617 1735 4673 naturis

187 4726 420 4771 assereret
450 4716 742 4785 Scriptura:
761 4710 1018 4766 fidem.Et
1046 4708 1192 4778 prius
1217 4706 1452 4777 quidem,
1483 4706 1623 4775 quod
1653 4696 1732 4760 fa;

187 4802 410 4860 cillimum
438 4805 567 4871 fuit,
595 4802 825 4858 ostendit
852 4810 908 4856 et
936 4800 1078 4853 hunc
1110 4811 1288 4851 aerem
1327 4794 1519 4850 coelum
1546 4788 1733 4864 appel-

190 4891 301 4962 lari,
327 4913 425 4952 non
455 4899 628 4954 solum
655 4909 901 4951 sermone
928 4889 1227 4956 communi,
1260 4886 1548 4943 secundum
1575 4900 1734 4957 quem

190 4985 637 5047 dicimusserenum
658 4988 740 5043 vel
768 4984 1004 5041 nubilum
1017 4982 1233 5048 coelum,
1251 4979 1344 5037 sed
1361 4978 1520 5034 etiam
1538 4986 1737 5032 nostra-

196 5089 292 5132 rum
314 5079 535 5150 ipsarum
565 5074 950 5135 consuetudine
973 5072 1388 5142 Scripturarum,
1409 5083 1528 5123 cum
1551 5066 1737 5122 dicun-

198 5172 267 5218 tur
288 5169 504 5224 vnlatilia
531 5170 649 5225 caeli
672 5166 881 5239 (Matth.
910 5178 984 5229 v1,
1005 5160 1118 5233 26),
1137 5175 1258 5215 cum
1274 5174 1399 5213 aves
1418 5160 1468 5212 in
1495 5158 1595 5212 hoc
1613 5169 1737 5211 aere

198 5256 352 5315 volare
387 5260 714 5316 manifestum
755 5258 824 5311 sit
863 5273 876 5310 :
902 5263 957 5309 et
980 5250 1236 5307 Dominus
1258 5263 1379 5304 cum
1408 5247 1476 5303 de
1507 5246 1737 5302 nubibus

196 5359 493 5420 loqueretur,
509 5350 734 5414 Faciem,
748 5345 935 5417 inquit,
947 5342 1058 5398 ιωιί
1068 5342 1267 5413 potestis
1282 5339 1493 5411 probare
1504 5336 1613 5412 (Id.
1623 5353 1734 5407 xvt,

200 5434 269 5506 ι).
292 5438 454 5498 Nubes
494 5450 668 5497 autem
699 5437 859 5494 etiam
887 5449 980 5506 per
1018 5431 1319 5503 proximum
1364 5428 1519 5484 terris
1559 5442 1736 5484 aerem

248 5572 263 5603 ¹
281 5579 325 5637 ιιι
559 5575 765 5637 δίκαιαι
782 5586 801 5637 ;
818 5584 907 5636 ρω
921 5582 1023 5637 suo
1039 5569 1089 5618 in
1107 5565 1364 5637 veteribus
1373 5563 1615 5614 οαηοίικιε
1633 5564 1738 5625 συί-

200 5612 1380 5699 mwma'ws‘iasfsm.

443 5722 662 5798 Ssxcr.
708 5723 785 5779 At
801 5740 831 5778 ω
846 5738 951 5779 [δεῖ
1008 5716 1109 5776 lll.

1443 213 1649 272 LIBER
1688 213 2064 278 SECUNDUS.

3331 242 3440 301 266

1849 337 2155 430 conglobari
2179 355 2323 415 saepe
2347 348 2615 405 cernimus
2632 390 2648 416 ,
2676 365 2799 408 cum
2819 368 2916 424 per
2933 354 3158 412 declivia
3178 358 3431 430 jugorum

1850 426 1919 482 ita
1946 433 2292 501 recumbunt,
2326 449 2386 493 ut
2410 440 2719 514 plerumque
2744 447 3072 504 excedantur
3092 426 3438 510 etiam'cacu-

1850 517 2081 577 minibus
2106 526 2386 583 montium.
2409 528 2538 585 Cum
2560 548 2689 604 ergo
2715 536 2990 604 probasset
3013 549 3068 593 et
3087 539 3228 597 hunc
3250 558 3435 599 aerem

1848 610 2042 704 caelum
2071 614 2175 671 dici
2196 656 2213 682 ,
2241 618 2380 673 nulla
2407 622 2510 676 alia
2538 638 2698 679 causa
2724 627 2883 681 etiam
2914 628 3307 687 ﬁrmamentum
3338 649 3437 704 ap-

1848 701 2098 794 pellatum
2123 707 2285 761 voluit
2312 710 2644 782 existimari,
2677 716 2779 770 nisi
2807 719 2928 788 quia
2960 719 3293 777 intervallum
3319 701 3437 794 ejus

1848 792 2034 850 dividit
2087 798 2228 855 inter
2267 804 2526 873 quosdam
2584 822 2811 879 vapores
2863 827 3154 882 aquarum,
3203 826 3257 870 et
3304 792 3437 874 istas

1848 900 2008 956 aquas
2035 905 2155 960 quae
2184 895 2545 964 corpulentius
2575 900 2591 930 ¹
2619 899 2670 953 ἱη
2717 903 2873 958 terris
2916 902 3142 959 ﬂuitant.
3174 907 3240 961 Et
3264 908 3436 964 nubes

1846 978 2040 1049 quippe
2059 1021 2073 1046 ,
2105 982 2240 1039 sicut
2273 987 2480 1057 experti
2515 999 2639 1044 sunt
2670 993 2762 1061 qui
2800 992 2940 1048 inter
2964 1010 3058 1051 eas
3086 996 3136 1051 in
3166 999 3435 1055 montibus

1846 1068 2286 1144 ambulaverunt,
2314 1081 2724 1150 congregatione
2747 1093 2801 1138 et
2827 1086 3234 1155 conglobatione
3259 1091 3436 1145 minu-

1846 1160 2171 1221 tissimarum
2197 1177 2462 1237 guttarum
2494 1173 2651 1228 talem
2677 1177 2908 1244 speciem
2938 1180 3167 1235 reddunt
3196 1200 3211 1235 :
3239 1199 3356 1253 quae
3387 1186 3433 1240 si

1845 1254 2145 1321 spissantur
2166 1261 2426 1330 amplius,
2455 1273 2513 1317 ut
2554 1266 2943 1337 conjungantur
2973 1270 3026 1324 in
3068 1287 3225 1326 unam
3273 1290 3433 1345 gran-

1844 1346 1969 1404 dem
1988 1351 2166 1419 plures
2191 1362 2357 1422 guttae
2382 1355 2637 1423 minimae,
2660 1375 2766 1413 non
2794 1375 2912 1416 eam
2941 1366 3138 1432 patitur
3166 1382 3260 1421 aer
3283 1368 3425 1436 apud

1845 1453 1907 1494 se
1932 1442 2137 1508 teneri,
2166 1442 2261 1497 sed
2294 1443 2411 1511 ejus
2453 1447 2675 1515 ponderi
2725 1449 2793 1505 ad
2836 1452 2939 1506 ima
2993 1454 3085 1508 dat
3124 1456 3336 1523 locum;
3371 1468 3429 1514 et

1845 1528 1962 1619 base
1982 1540 2066 1587 est
2090 1531 2287 1602 pluvia.
2317 1534 2461 1604 Ergo
2488 1552 2555 1591 ex
2593 1554 2752 1607 aere,
2793 1542 2881 1611 qui
2910 1553 2993 1599 est
3030 1546 3168 1602 inter
3204 1565 3429 1619 vapores

1799 1676 1803 1681 ,
1843 1618 2123 1690 humidus,
2150 1624 2290 1680 unde
2328 1628 2574 1697 superius
2596 1631 2776 1685 nubila
2811 1636 3213 1706 conglobantur,
3236 1618 3291 1695 et
3317 1657 3432 1696 ma-

1843 1710 1922 1764 ria
1950 1712 2248 1770 subterfusa
2269 1757 2285 1782 ,
2315 1718 2602 1777 ostendere
2645 1720 2734 1777 ille
2769 1724 2937 1780 voluit
2963 1740 3083 1783 esse
3109 1730 3303 1785 caelum
3348 1734 3431 1787 in—

1843 1810 1926 1856 ter
1962 1817 2153 1873 aquam
2182 1814 2237 1860 et
2263 1821 2477 1877 aquam.
2507 1808 2658 1866 Hanc
2684 1827 2812 1883 ergo
2832 1814 3158 1887 diligentiam
3186 1823 3430 1878 conside-

1842 1893 2214 1964 rationemque
2256 1897 2410 1953 laude
2452 1897 2817 1970 dignissimam
2860 1902 3255 1976 judico.’Quod
3284 1913 3427 1968 enim

1841 1981 2003 2049 dixit,
2033 2001 2205 2057 neque
2229 1996 2415 2043 contra
2440 1988 2597 2045 fidem
2627 2002 2739 2061 est,
2773 2004 2827 2049 et
2861 1994 2916 2050 in
2962 2008 3205 2069 promptu
3251 2004 3429 2072 posito

1840 2075 2163 2133 documento
2182 2080 2324 2134 credi
2353 2091 2547 2151 potest.

1913 2168 1969 2223 8.
1992 2169 2303 2241 Quanquam
2335 2173 2502 2242 possit
2542 2174 2743 2244 videri,
2788 2192 2895 2234 non
2925 2179 3183 2251 impedire
3212 2188 3427 2256 propria

1842 2262 2075 2331 pondera
2120 2265 2537 2334 elementorum,
2577 2271 2860 2339 quominus
2901 2276 3063 2330 etiam
3101 2292 3260 2347 super
3295 2280 3426 2336 illud

1840 2354 2067 2411 sublime
2095 2357 2289 2412 coelum
2313 2360 2519 2429 possint
2537 2376 2656 2417 esse
2684 2378 2836 2434 aqua:
2861 2382 2958 2436 per
2981 2368 3097 2422 illas
3137 2371 3384 2428 minutias
3406 2414 3423 2439 ,

1843 2460 1939 2515 per
1962 2461 2093 2517 quas
2126 2448 2285 2502 etiam
2323 2464 2484 2519 super
2511 2450 2615 2507 hoc
2653 2456 2880 2522 spatium
2910 2457 3049 2513 aeris
3077 2474 3196 2514 esse
3236 2473 3424 2530 potue-

1840 2549 1965 2599 runt
1990 2558 2005 2594 :
2032 2540 2119 2609 qui
2166 2542 2406 2611 quamvis
2452 2545 2665 2613 gravior
2700 2554 2755 2599 et
2791 2547 3011 2603 inferior
3038 2566 3247 2606 summo
3288 2556 3427 2610 caelo

1840 2632 2145 2701 subjaceat,
2177 2634 2364 2703 procul
2391 2634 2553 2690 dubio
2576 2636 2745 2691 levior
2763 2646 2846 2693 est
2868 2640 3021 2711 aquis
3039 2682 3054 2707 ,
3085 2652 3139 2696 et
3162 2653 3341 2698 tamen
3363 2657 3421 2701 ut

1841 2737 2003 2793 super
2025 2739 2147 2778 eum
2169 2724 2275 2777 sint
2295 2739 2516 2795 vapores
2544 2726 2651 2794 illi,
2695 2727 2841 2781 nullo
2868 2730 3108 2798 pondere
3134 2712 3434 2801 prohiberi:

1845 2823 1947 2867 tur.
1975 2812 2065 2868 Sic
2091 2828 2219 2884 ergo
2246 2822 2300 2869 et
2336 2830 2497 2885 super
2520 2816 2647 2871 illud
2674 2818 2869 2873 ctelum
2915 2828 3093 2890 potest
3128 2822 3424 2880 minutiori-

1841 2902 1941 2957 bus
1973 2903 2134 2973 guttis
2165 2904 2332 2959 levior
2380 2905 2574 2961 halitus
2612 2907 2849 2963 humoris
2874 2911 3119 2976 extendi,
3153 2915 3243 2983 qui
3290 2931 3422 2985 pon-

1840 2993 1969 3049 dere
1990 2993 2183 3049 cadere
2222 3011 2327 3049 non
2350 3006 2590 3066 cogatur.
2620 2998 2722 3068 lpsi
2748 3000 2946 3070 quippe
2966 3003 3309 3060 subtilissima
3340 3023 3423 3062 ra-

1841 3087 1984 3139 tione
2036 3084 2393 3153 persuadent,
2434 3088 2637 3143 nullum
2679 3104 2799 3145 esse
2839 3093 3131 3161 quamlibet
3172 3098 3423 3168 exiguum

1839 3176 2214 3245 corpusculum
2268 3177 2320 3231 in
2369 3192 2475 3247 quo
2533 3178 2729 3235 divisio
2781 3181 3012 3249 ﬁniatur,
3066 3186 3159 3241 sed
3216 3187 3424 3247 infinite

1840 3265 2019 3321 omnia
2048 3265 2244 3331 dividi;
2283 3267 2407 3337 quia
2451 3269 2623 3323 omnis
2653 3284 2774 3339 pars
2801 3275 3045 3343 corporis
3087 3290 3280 3347 corpus
3308 3290 3421 3349 est,

1840 3367 1894 3412 et
1918 3373 2078 3414 omne
2105 3374 2302 3429 corpus
2331 3359 2521 3414 habeat
2558 3377 2779 3419 necesse
2815 3373 2898 3420 est
2940 3366 3217 3425 dimidium
3247 3387 3424 3442 quan-

1840 3448 2007 3503 titatis
2026 3463 2156 3504 suae.
2181 3450 2260 3505 Ac
2274 3464 2370 3520 per
2399 3452 2500 3506 hoc
2524 3452 2567 3505 si
2597 3462 2775 3525 potest
2796 3469 2960 3525 aqua,
2989 3460 3126 3513 sicut
3147 3461 3417 3529 videmus,

1840 3540 1905 3594 ad
1952 3548 2128 3595 tantas
2173 3549 2435 3611 guttarum
2484 3543 2734 3597 minutias
2774 3548 3080 3614 pervenire,
3139 3560 3197 3605 ut
3256 3568 3423 3623 super

1841 3631 2000 3685 istum
2046 3646 2224 3686 aerem
2262 3631 2583 3700 vaporaliter
2618 3632 2836 3701 feratur,
2885 3638 2975 3707 qui
3024 3647 3208 3695 natura
3252 3643 3423 3697 levior

1839 3730 1921 3776 est
1967 3720 2145 3789 aquis;
2190 3736 2286 3773 cur
2328 3734 2432 3774 non
2465 3720 2629 3789 possit
2655 3732 2709 3777 et
2744 3739 2903 3793 super
2943 3726 3069 3780 illud
3108 3729 3278 3786 levius
3302 3747 3420 3789 cm-

1837 3811 1948 3866 lum
1972 3810 2343 3865 minutioribus
2367 3812 2527 3883 guttis
2544 3822 2603 3868 et
2624 3812 2910 3870 levioribus
2936 3817 3227 3876 immanere
3257 3838 3405 3892 vapo-

1836 3900 2018 3957 ribus?

1909 3991 2135 4048 CAPUT
2161 3991 2220 4047 V.
2238 4022 2309 4032 —-
2330 3994 2489 4062 Aque
2509 4010 2666 4063 supra
2690 3996 2870 4050 coctum
2896 3999 3043 4052 etiam
3072 4000 3343 4061 sidereum.

1907 4086 1961 4142 9.
2002 4086 2228 4153 Quidam
2278 4087 2438 4142 etiam
2480 4088 2686 4154 nostri,
2730 4088 2862 4144 istos
2901 4100 3154 4161 negantes
3199 4106 3420 4167 propter

1839 4180 2073 4253 pondera
2107 4180 2489 4236 elementorum
2513 4194 2676 4250 aquas
2703 4194 2825 4236 esse
2863 4197 3019 4251 posse
3043 4198 3202 4254 super
3218 4188 3416 4243 emtum

1838 4271 2103 4327 sidereum
2127 4310 2141 4333 ,
2169 4269 2237 4324 de
2262 4269 2497 4340 ipsorum
2519 4270 2753 4325 siderum
2781 4272 3121 4339 qualitatibus
3143 4284 3194 4328 et
3224 4279 3415 4331 meati-

1836 4362 1936 4418 bus
1978 4362 2293 4418 convincere
2348 4360 2653 4415 moliuntur.
2694 4359 2858 4415 Iidem
2902 4378 3129 4433 namque
3173 4379 3418 4423 asserunt

1838 4452 2045 4507 stellam
2070 4464 2229 4519 quam
2274 4449 2483 4503 Saturni
2525 4449 2824 4518 appellant,
2846 4465 2965 4507 esse
2989 4454 3375 4522 frigidissimam
3397 4502 3413 4527 ,
3442 4484 3452 4519 ε

1838 4558 2061 4615 eamque
2079 4558 2174 4614 per
2200 4556 2368 4597 annos
2400 4541 2609 4612 triginta
2635 4541 2940 4612 signiferum
2969 4561 3219 4617 peragere
3246 4549 3417 4606 circu—
3445 4532 3449 4541 ’

1839 4638 1947 4692 lum
1967 4679 1983 4704 ,
2012 4651 2075 4691 eo
2094 4635 2235 4705 quod
2261 4632 2503 4703 superior
2555 4674 2570 4698 ,
2597 4648 2659 4688 ac
2692 4649 2788 4704 per
2813 4635 2913 4691 hoc
2935 4638 3189 4706 ampliore
3215 4642 3415 4696 ambitu
3455 4658 3464 4673 ε

1836 4727 2090 4801 graditur.
2118 4725 2251 4781 Nam
2288 4726 2365 4779 sol
2386 4724 2629 4780 eumdem
2649 4725 2903 4780 circulum
2930 4743 3024 4797 per
3044 4745 3239 4786 annum
3269 4748 3415 4788 com-

1840 4821 1980 4891 plet,
2007 4826 2062 4875 et
2078 4817 2201 4871 luna
2228 4832 2322 4887 per
2346 4831 2619 4881 mensem;
2640 4824 2786 4871 tanto
2806 4858 2821 4883 ,
2848 4829 2904 4873 ut
2930 4819 3148 4888 dicunt,
3177 4822 3410 4890 brevius,

1839 4918 2036 4983 quanto
2064 4908 2310 4973 inferius,
2339 4918 2395 4962 ut
2420 4911 2589 4977 spatio
2619 4908 2721 4963 loci
2745 4911 2971 4978 spatium
3001 4912 3252 4981 temporis
3278 4930 3415 4969 con-

1839 5011 2013 5074 gruat.
2041 4999 2305 5067 Quaeritur
2333 5000 2507 5069 itaque
2536 5000 2602 5053 ab
2630 4999 2742 5066 eis,
2773 5000 2912 5055 unde
2940 5000 3025 5054 illa
3054 5002 3205 5056 stella
3229 5003 3297 5056 sit
3321 5003 3414 5058 fri-

1840 5095 1957 5165 gida
1979 5135 1993 5157 ,
2021 5108 2138 5164 quae
2178 5100 2323 5146 tanto
2350 5092 2617 5147 ardentior
2654 5106 2773 5147 esse
2804 5092 3050 5159 deberet,
3079 5103 3276 5163 quanto
3318 5110 3411 5152 su-

1842 5187 2082 5242 blimiore
2108 5186 2244 5240 coelo
2268 5184 2486 5253 rapitur.
2508 5184 2640 5239 Nam
2666 5185 2846 5254 procul
2865 5184 3024 5239 dubio
3042 5200 3162 5240 cum
3187 5187 3413 5243 rotunda

1843 5279 2011 5334 moles
2052 5276 2297 5332 circulari
2337 5287 2484 5330 motu
2537 5276 2729 5342 agitur,
2770 5275 3017 5328 interiora
3060 5275 3173 5344 ejus
3216 5278 3414 5335 tardius

1841 5381 1989 5437 eunt,
2004 5369 2265 5427 exteriora
2286 5367 2510 5422 celerius
2524 5408 2538 5433 ,
2558 5375 2614 5419 ut
2642 5365 2839 5435 majora
2866 5366 3032 5434 spatia
3059 5380 3180 5420 cum
3202 5366 3414 5424 brevio—

1842 5467 1989 5524 ribus
2011 5463 2080 5521 ad
2103 5463 2317 5521 eosdem
2337 5475 2494 5532 gyros
2524 5461 2716 5529 pariter
2740 5470 3017 5514 occurrant
3052 5480 3067 5515 :
3094 5477 3212 5531 qua:
3238 5474 3415 5521 autem

1908 5628 1923 5658 ί
1951 5621 2224 5672 ﬂavarricus
2243 5623 2347 5673 Ms.,
2371 5613 2751 5673 conizthmtiores.

2863 5702 3081 5778 ίίΝιιιιῙ.
3094 5706 3120 5776 j
