3906 6306
417 277 517 338 τη

490 395 582 452 τι.
609 390 738 458 Sed,
772 387 847 443 ait
877 381 1086 454 aliquis,
1127 373 1395 450 quomodo
1423 387 1527 429 non
1557 379 1641 428 est
1675 364 2000 424 contrarium

421 491 487 545 iis
514 485 604 558 qui
633 483 852 554 liguram
881 475 1106 548 sphaerae
1129 469 1268 527 cmlo
1298 465 1561 558 tribuunt,
1583 459 1725 558 quod
1749 458 2003 558 scriptum

421 591 505 638 est
531 549 582 634 in
611 549 826 632 Litteris
851 567 1065 631 nostris,
1101 562 1200 630 Qui
1224 557 1440 616 extendit
1468 555 1650 610 calum
1671 554 1802 608 sicut
1826 549 2007 621 pellem

423 671 597 744 (Psal.
628 682 739 732 cui,
761 661 854 733 2)?
873 658 956 716 Sit
977 671 1107 714 sane
1124 651 1470 715 contrarium,
1488 647 1533 702 si
1558 645 1747 744 falsum
1767 650 1850 744 est

422 731 498 818 illi
544 731 772 816 dicunt:
803 731 908 808 hoc
944 748 1086 805 enim
1136 756 1326 799 verum
1365 749 1449 794 est
1494 736 1636 808 quod
1675 733 1852 790 divina
1881 731 2011 785 dicit

421 850 733 914 auctoritas,
757 843 932 915 potius
958 852 1117 910 quam
1147 832 1278 890 illud
1306 829 1449 902 quod
1474 828 1703 882 humana
1731 822 2010 915 infirmitas

425 941 662 1012 conjicit.
689 914 795 992 Sed
822 935 867 990 si
897 932 1034 988 forte
1059 925 1186 983 illud
1214 922 1406 979 talibus
1428 919 1505 974 illi
1525 914 1857 1012 documentis
1887 927 2012 982 pro-

425 1005 556 1093 bare
587 1031 877 1105 potuerint,
907 1035 963 1080 ut
989 1018 1217 1078 dubitari
1251 1014 1376 1072 inde
1401 1027 1506 1105 non
1535 1009 1756 1105 debeat;
1785 1005 2012 1061 demon-

426 1099 709 1182 strandum
735 1129 818 1175 est
845 1117 947 1172 hoc
969 1111 1110 1185 quod
1134 1108 1274 1180 apud
1301 1120 1398 1162 nos
1431 1103 1500 1161 de
1525 1101 1661 1173 pelle
1687 1099 1884 1154 dictum
1909 1104 2008 1160 est,

429 1219 575 1274 veris
616 1213 719 1270 illis
759 1207 1054 1267 rationibus
1091 1218 1197 1258 non
1234 1213 1354 1255 esse
1391 1192 1718 1252 contrarium
1742 1208 1755 1243 :
1780 1185 2016 1258 alioquin

397 1299 760 1366 contrarium
805 1302 908 1356 erit
951 1297 1110 1355 etiam
1150 1292 1278 1364 ipsis
1321 1291 1375 1346 in
1421 1287 1526 1342 alio
1572 1285 1690 1338 loco
1731 1277 2018 1349 Scripturis

433 1400 652 1464 nostris,
684 1394 774 1451 ubi
798 1391 992 1448 cmlum
1022 1386 1215 1442 dicitur
1241 1381 1388 1436 velut
1409 1391 1622 1434 camera
1645 1389 1766 1431 esse
1795 1385 2022 1441 suspen-

434 1507 553 1550 sum
573 1489 622 1562 (1
631 1489 726 1544 sai.
757 1501 840 1548 xu,
867 1482 958 1546 22,
979 1495 1082 1534 sec.
1103 1471 1291 1545 LXX).
1315 1470 1451 1540 Quid
1472 1470 1614 1525 enim
1632 1476 1737 1521 tam
1754 1464 2020 1562 diversum

440 1591 497 1641 et
543 1553 757 1636 sibimet
793 1574 1098 1634 adversum,
1137 1579 1297 1636 quam
1325 1563 1480 1632 plana
1512 1559 1662 1629 pellis
1687 1553 1948 1619 extensio,
1971 1557 2026 1605 et

437 1685 665 1730 camerae
688 1679 849 1723 curva
877 1657 1172 1717 convexio?
1197 1652 1351 1723 Quod
1374 1652 1421 1708 si
1442 1657 1671 1720 oportet,
1694 1645 1847 1701 sicuti
1867 1657 2026 1714 opor-

440 1771 538 1826 tet,
569 1760 686 1814 haec
705 1756 812 1813 duo
841 1754 919 1808 sic
942 1746 1258 1818 intelligere,
1285 1752 1343 1799 ut
1365 1739 1693 1797 concordare
1719 1745 2023 1805 utrumque,

439 1867 542 1910 nec
569 1849 781 1907 sibimet
823 1855 1118 1914 repugnare
1154 1835 1486 1896 inveniatur;
1517 1831 1586 1886 ita
1625 1836 1837 1898 oportet
1863 1826 2024 1880 etiam

441 1941 752 2002 utrumlibet
771 1937 962 1993 horum
991 1931 1096 1986 illis
1123 1943 1232 1984 non
1259 1921 1528 1980 adversari
1555 1916 2025 1990 disputationibus,

443 2039 494 2096 si
519 2051 610 2093 eas
638 2033 774 2090 forte
809 2042 963 2085 veras
989 2034 1136 2080 certa
1163 2019 1301 2076 ratio
1324 2013 1696 2078 declaraverit,
1725 2009 1915 2081 quibus
1930 2007 2030 2062 do-

446 2139 598 2188 oetur
627 2125 822 2183 caelum
849 2120 1073 2192 sphaera:
1099 2116 1265 2185 figura
1292 2109 1524 2179 undique
1553 2120 1671 2161 esse
1695 2115 1990 2158 convexum
2012 2137 2029 2164 ,

446 2221 493 2277 si
521 2230 700 2275 tamen
728 2212 1000 2286 probatur.

517 2309 609 2365 22.
664 2281 745 2362 Et‘
775 2305 862 2359 illa
905 2299 1118 2372 quidem
1151 2294 1290 2365 apud
1329 2306 1427 2346 nos
1465 2303 1690 2344 camera:
1715 2281 2031 2349 similitudo,

446 2405 609 2461 etiam
636 2396 928 2456 secundum
971 2393 1200 2447 litteram
1238 2394 1484 2455 accepta,
1535 2398 1640 2436 non
1685 2377 1907 2449 impedit
1942 2389 2036 2432 eos

451 2496 542 2568 qui
568 2493 831 2564 sphaeram
857 2487 1061 2542 dicunt.
1092 2483 1236 2538 Bene
1263 2480 1455 2549 quippe
1483 2474 1723 2568 creditur
1743 2469 2034 2568 secundum

451 2561 570 2644 eam
599 2561 826 2655 partem,
856 2594 976 2650 quae
1008 2589 1169 2645 super
1194 2586 1292 2626 nos
1317 2578 1416 2634 est,
1448 2568 1517 2622 de
1540 2565 1660 2622 cteli
1697 2563 1861 2634 ﬁgura
1889 2561 2037 2618 Scri-

451 2685 665 2748 pturam
708 2669 855 2741 loqui
884 2666 1134 2723 voluisse.
1168 2661 1227 2716 Si
1269 2674 1396 2729 ergo
1439 2657 1650 2728 sphaera
1687 2669 1791 2708 non
1823 2661 1936 2713 est,
1966 2666 2034 2705 ex

453 2783 558 2825 una
589 2773 741 2838 parte
781 2775 992 2817 eamera
1020 2765 1137 2824 est,
1164 2771 1230 2810 ex
1259 2769 1360 2824 qua
1407 2759 1556 2821 parte
1600 2748 1793 2803 coelum
1842 2754 2038 2800 terram

454 2860 690 2928 contegit
720 2873 733 2908 :
761 2854 806 2908 si
835 2860 1012 2907 autem
1039 2848 1248 2919 sphaera
1286 2852 1400 2908 est,
1436 2841 1667 2910 undique
1700 2852 1910 2893 camera
1937 2845 2037 2890 est.

456 2949 563 3006 Sed
594 2945 722 3001 illud
749 2942 891 3014 quod
921 2941 987 2996 de
1015 2937 1157 3009 pelle
1181 2936 1380 2990 dictum
1406 2940 1487 2987 est
1505 2973 1520 2998 ,
1550 2929 1718 3000 magis
1763 2935 1942 2997 urget,
1975 2939 2044 2980 ne

460 3054 566 3095 non
595 3036 818 3107 sphrerae
837 3075 852 3101 ,
884 3029 1025 3102 quod
1056 3027 1348 3082 humanum
1376 3032 1458 3078 est
1492 3021 1629 3076 forte
1652 3025 2043 3084 commentum,

460 3131 557 3187 sed
600 3129 704 3199 ipsi
749 3134 944 3179 nostra:
983 3134 1209 3176 camerae
1250 3116 1532 3170 adversum
1569 3112 1658 3166 sit.
1699 3108 1836 3178 Quid
1867 3116 2044 3162 autem

460 3223 587 3278 hinc
649 3216 932 3287 allegorice
971 3211 1230 3268 senserim
1255 3248 1270 3274 ,
1315 3205 1698 3277 Confessionum
1748 3209 2045 3257 nostrarum

459 3316 598 3372 liber
628 3311 818 3368 tertius
845 3306 1083 3363 decimus
1113 3301 1275 3357 habet
1304 3297 1454 3371 (Cap.
1495 3297 1608 3367 15).
1636 3295 1758 3352 Sive
1785 3293 1943 3364 igitur
1975 3292 2048 3348 ita

457 3415 522 3462 ut
549 3405 618 3460 ibi
652 3401 823 3473 posui,
853 3399 966 3453 sive
993 3395 1171 3465 aliquo
1199 3392 1303 3446 alio
1343 3387 1502 3445 modo
1541 3384 1938 3456 intelligendum
1979 3383 2050 3438 sit

463 3498 658 3556 etelum
683 3495 819 3549 sicut
844 3489 998 3563 pellis
1022 3494 1329 3549 extentum;
1362 3489 1578 3553 propter
1606 3479 1863 3535 molestos
1887 3487 1943 3534 et
1962 3477 2047 3532 ni-

465 3592 603 3646 mios
645 3594 922 3644 exactores
966 3575 1314 3650 expositionis
1356 3573 1421 3627 ad
1468 3571 1720 3638 litteram,
1766 3569 1868 3625 hoc
1893 3569 2044 3634 dico,

466 3681 631 3755 quod,
657 3681 794 3734 sicut
815 3675 1062 3736 arbitror,
1096 3669 1333 3726 omnium
1359 3664 1607 3722 sensibus
1629 3670 1772 3733 patet
1799 3680 1813 3716 :
1842 3671 2051 3716 utrum-

467 3753 572 3848 que
595 3774 737 3828 enim
766 3771 1010 3830 fortasse,
1041 3763 1092 3818 id
1116 3771 1199 3818 est
1221 3771 1274 3817 et
1310 3759 1458 3830 pellis
1480 3766 1537 3813 et
1560 3771 1792 3821 camera,
1829 3753 2053 3826 ﬁgurate

468 3845 688 3932 intelligi
714 3866 921 3930 potest;
946 3864 1225 3924 utrumque
1246 3859 1423 3904 autem
1444 3847 1511 3902 ad
1536 3849 1763 3902 litteram
1782 3845 2053 3918 quomodo

469 3953 660 4026 possit,
679 3948 960 4004 videndum
980 3954 1078 4000 est.
1093 3943 1150 3998 Si
1167 3943 1309 3997 enim
1331 3954 1540 3994 camera
1555 3953 1660 3992 non
1683 3937 1852 3993 solum
1867 3951 2048 4002 curva,

477 4045 572 4101 sed
602 4045 762 4098 etiam
793 4039 946 4109 plana
988 4044 1130 4090 recte
1171 4031 1396 4095 dicitur;
1431 4028 1666 4098 profecto
1688 4037 1742 4082 et
1767 4027 1918 4098 pellis
1948 4041 2052 4082 non

473 4135 646 4193 solum
674 4133 726 4184 in
753 4129 989 4200 planum,
1029 4139 1210 4178 verum
1253 4120 1411 4176 etiam
1457 4119 1509 4173 iu
1556 4119 1841 4173 rotundum
1881 4118 2054 4174 sinum

473 4225 796 4285 extenditur.
829 4219 958 4275 Nam
988 4226 1043 4272 ct
1069 4224 1184 4270 uter
1209 4214 1344 4268 sicut
1366 4221 1420 4267 et
1445 4210 1640 4278 vesica,
1669 4210 1821 4280 pellis
1848 4221 1950 4266 est.

850 4309 1075 4368 CAPUT
1097 4308 1166 4364 Χ.
1194 4338 1261 4348 —
1288 4305 1367 4360 De
1390 4305 1499 4360 coeli
1527 4315 1682 4358 motu.

545 4412 640 4467 25.
667 4412 742 4466 De
768 4415 912 4462 motu
933 4403 1092 4460 etiam
1114 4400 1232 4457 eteli
1252 4397 1488 4455 nonnulli
1509 4397 1698 4451 fratres
1711 4395 2058 4466 quaestionem

478 4511 716 4568 movent,
745 4509 920 4554 utrum
952 4504 1076 4561 stet,
1105 4507 1172 4547 au
1214 4496 1505 4545 moveatur.
1534 4487 1664 4555 Quia
1698 4487 1742 4541 si
1771 4494 2012 4542 movetur
2042 4527 2059 4552 ,

480 4595 747 4664 inquiunt,
775 4587 1040 4659 quomodo
1071 4585 1460 4640 firmamentum
1489 4581 1605 4636 est?
1635 4579 1691 4634 Si
1715 4589 1892 4636 autem
1921 4588 2059 4645 stat,

481 4682 750 4756 quomodo
775 4681 946 4735 sidera
970 4693 1086 4749 qua:
1117 4676 1168 4730 in
1197 4674 1286 4728 illo
1309 4673 1411 4728 ﬁxa
1435 4671 1744 4739 creduntur,
1771 4673 1838 4728 ab
1857 4673 2063 4728 oriente

481 4789 653 4846 usque
701 4773 765 4827 ad
817 4769 1147 4826 occidentem
1197 4767 1564 4828 circumeunt,
1615 4763 2064 4833 septentrionibus

483 4866 757 4923 breviores
783 4876 942 4933 gyros
963 4860 1111 4931 juxta
1141 4857 1413 4913 cardinem
1440 4853 1844 4926 perageutibus;
1871 4862 1923 4908 ut
1953 4869 2065 4910 ca:-

422 5027 424 5030 ,
484 4963 619 5030 lum,
651 4958 696 5015 si
724 4965 805 5012 est
832 4955 966 5009 alius
999 4951 1152 5006 nobis
1179 4948 1417 5003 occultus
1445 4945 1606 5000 cardo
1629 4960 1696 5001 ex
1717 4945 1821 5000 alio
1843 4947 2063 5015 vertice,

420 5089 428 5113 κ
484 5054 624 5110 sicut
669 5047 908 5120 sphaera,
953 5043 999 5099 si
1038 5049 1211 5096 autem
1247 5037 1423 5093 nullus
1446 5035 1583 5090 alius
1602 5034 1764 5092 cardo
1791 5045 1893 5099 est,
1925 5039 2069 5093 velut

384 5127 430 5152 ’⁸
483 5145 667 5200 discus
711 5136 875 5195 rotari
918 5131 1196 5189 videatur?
1237 5128 1438 5198 Quibus
1478 5126 1795 5198 respondeo,
1843 5129 2066 5185 multum

487 5231 770 5292 subtilibus
807 5239 863 5284 et
900 5223 1180 5282 laboriosis
1218 5219 1510 5276 rationibus
1552 5217 1654 5274 ista
1701 5219 1966 5291 perquiri,
2014 5230 2070 5276 ut

1336 259 1424 315 DE
1457 251 1706 315 GENESI
1743 251 1835 309 AD
1872 239 2240 311 LITTERAM,
2280 241 2339 298 S.
2381 237 2748 299 AUGUSTINI

3583 232 3702 290 272

2111 366 2254 414 stare
2296 355 2488 412 coelum
2528 365 2775 426 putemus
2804 350 3217 425 (ﬁrmamentum
3241 348 3385 404 enim
3413 362 3521 404 non
3564 363 3700 419 pro-

2111 459 2229 522 pter
2261 449 2572 510 stationem,
2611 444 2704 500 sed
2743 455 2960 514 propter
2997 439 3452 507 ﬁrmitatem,aut
3477 449 3703 512 propter

2112 538 2647 612 intransgressibilem
2667 537 2953 592 terminum
2968 534 3300 604 superiorum
3322 542 3375 588 et
3391 533 3703 590 inferiorum

2113 647 2392 704 aquarum,
2422 639 2666 684 vocatum
2693 626 2991 697 intelligere
3033 624 3214 694 licet);
3254 639 3373 687 nec,
3412 624 3459 678 si
3501 621 3704 679 veritas

2115 725 2311 781 ctelum
2341 733 2484 778 stare
2509 719 2867 792 persuaserit,
2909 715 3154 787 impediri
3184 730 3283 770 nos
3307 715 3529 770 circuitu
3558 715 3707 770 side-

2116 832 2234 872 rum
2261 831 2328 870 ne
2359 815 2462 870 hoc
2486 813 2780 883 intelligere
2806 811 3091 882 possimus.
3127 809 3193 864 Et
3229 810 3297 864 ab
3337 809 3466 879 ipsis
3503 810 3708 880 quippe

2117 909 2207 980 qui
2235 907 2353 962 haec
2378 902 2739 962 euriosissime
2767 911 2821 958 et
2845 901 3165 957 otiosissime
3211 900 3565 970 quaesierunt,
3613 899 3707 953 in-

2119 1008 2338 1054 ventum
2360 1006 2464 1058 est.
2486 996 2644 1050 etiam
2669 994 2809 1050 uelo
2842 1009 2948 1048 non
2977 1002 3144 1059 moto,
3167 993 3212 1047 si
3237 993 3349 1047 sola
3376 992 3548 1047 sidera
3579 1006 3710 1047 νυτ-

2071 1131 2074 1134 .
2122 1097 2359 1146 terentur
2385 1089 2423 1152 ί,
2454 1085 2566 1140 fieri
2593 1085 2829 1156 potuisse
2872 1083 3049 1139 omnia
3078 1099 3200 1154 quae
3228 1084 3280 1138 in
3313 1084 3442 1154 ipsis
3467 1082 3711 1138 siderum

2122 1178 2558 1237 conversionibus
2581 1176 2950 1232 animadversa
2973 1185 3134 1246 atque
3153 1173 3535 1245 comprehensa
3558 1183 3711 1228 sunt.

2123 1293 2349 1352 CAPUT
2387 1292 2478 1350 XI.
2507 1323 2580 1334 —
2607 1291 2684 1346 De
2710 1307 2840 1347 vers.
2867 1292 2900 1346 9
2923 1301 2971 1346 et
2995 1291 3062 1347 10
3079 1331 3096 1356 ,
3129 1290 3213 1345 ubi
3237 1291 3453 1361 explicat
3489 1288 3612 1360 quid
3649 1288 3720 1344 de

2424 1395 2570 1439 teme
2593 1384 2902 1454 informitate
2927 1384 3304 1454 intelligendum
3321 1384 3405 1438 sit.

2197 1477 2290 1534 94.
2339 1477 2407 1531 Et
2450 1477 2578 1531 dixit
2615 1476 2772 1540 Deus,
2799 1475 3139 1548 Congregetur
3166 1493 3297 1545 aqua
3321 1492 3435 1546 qua:
3471 1475 3559 1530 sub
3587 1477 3721 1531 ctelo

2129 1579 2201 1625 est
2237 1571 2292 1624 in
2317 1568 2751 1640 congregationem
2775 1583 2950 1633 unam,
2979 1576 3025 1620 et
3053 1576 3295 1638 appareat
3318 1565 3485 1620 arida.
3528 1566 3593 1620 Et
3631 1569 3720 1637 fa-

2131 1669 2267 1714 ctum
2286 1669 2357 1715 est
2380 1660 2484 1724 sic;
2505 1667 2551 1713 et
2575 1668 2874 1729 congregata
2903 1666 2976 1712 est
2996 1673 3127 1726 aqua
3153 1673 3266 1728 qua:
3289 1657 3381 1711 sub
3409 1657 3532 1711 cazlo
3562 1666 3638 1711 est
3664 1656 3722 1709 in

2133 1751 2571 1823 congregationem
2610 1764 2784 1816 unam,
2826 1757 2872 1804 et
2919 1749 3155 1820 apparuit
3199 1749 3364 1802 arida.
3411 1746 3480 1802 Et
3524 1747 3725 1801 uocauit

2137 1842 2277 1897 Deus
2305 1842 2506 1896 aridam
2527 1851 2733 1907 terram,
2763 1849 2809 1894 et
2829 1839 3235 1911 congregationes
3256 1855 3500 1908 aquarum
3523 1837 3726 1894 vocavit

2135 1950 2292 1988 mare.
2315 1932 2382 1986 Et
2412 1933 2535 1986 vidit
2564 1929 2705 1985 Deus
2726 1931 2845 2002 quia
2873 1930 3058 1984 bonum
3077 1940 3166 1984 est.
3197 1929 3313 1985 Jam
3339 1929 3405 1984 de
3429 1929 3531 1984 hoc
3555 1944 3728 1999 opere

2137 2025 2232 2081 Dei
2272 2034 2489 2095 propter
2532 2023 2752 2079 alterius
2792 2023 2868 2077 rei
2913 2021 3212 2092 quaerenda:
3239 2022 3636 2085 necessitatem,
3672 2021 3726 2074 in

2139 2119 2313 2189 primo
2359 2127 2542 2172 nostro
2571 2116 2840 2170 volumine
2868 2115 2998 2169 satis
3030 2114 3369 2169 tractavimus
3402 2113 3538 2184 (Lib.
3572 2129 3612 2177 ι,
3647 2128 3726 2166 cc.

2140 2208 2231 2277 12,
2257 2218 2304 2264 et
2333 2208 2446 2280 15).
2489 2207 2586 2262 liic
2615 2208 2792 2277 itaque
2824 2205 3055 2261 breviter
3082 2205 3451 2273 admonemus,
3481 2213 3538 2259 ut
3561 2219 3731 2274 quem

2141 2300 2277 2356 forte
2323 2316 2430 2356 non
2474 2306 2654 2354 movet
2686 2313 2928 2369 quaerere
2969 2296 3181 2367 quando
3219 2296 3426 2367 species
3466 2311 3730 2366 aquarum

2143 2403 2514 2462 terrarumque
2552 2399 2731 2447 creata
2781 2391 2891 2456 sit,
2941 2389 3164 2460 accipiat
3193 2389 3294 2444 isto
3323 2389 3408 2444 die
3458 2402 3562 2442 non
3605 2402 3734 2444 esse

2144 2487 2360 2552 factum,
2397 2485 2496 2540 nisi
2541 2494 2598 2538 ut
2643 2493 3049 2540 secernerentur
3078 2482 3192 2538 haec
3217 2481 3323 2538 duo
3350 2482 3615 2544 elementa
3649 2481 3734 2536 in-

2145 2578 2362 2634 feriora.
2389 2577 2558 2644 Quem
2586 2589 2714 2630 vero
2738 2582 2921 2628 movet
2948 2588 3044 2629 cur
3071 2573 3122 2627 in
3149 2571 3336 2628 diebus
3365 2573 3498 2628 facta
3534 2571 3607 2628 sit
3645 2572 3738 2627 lux

2144 2681 2200 2726 et
2223 2669 2440 2736 coelum,
2469 2677 2618 2723 extra
2644 2667 2762 2722 dies
2785 2675 2961 2721 autem
2991 2665 3075 2720 vel
3103 2675 3226 2720 ante
3251 2680 3438 2720 omnes
3457 2664 3572 2720 dies
3593 2680 3734 2735 aqua

2145 2773 2201 2819 et
2231 2773 2403 2828 terra;
2432 2772 2485 2816 et
2507 2776 2604 2815 cur
2630 2759 2696 2814 ad
2723 2759 2816 2815 Dei
2844 2759 3065 2814 verbum
3096 2759 3234 2813 facta
3253 2759 3356 2812 sint
3386 2757 3496 2821 illa,
3521 2757 3740 2812 dicente

2150 2853 2278 2920 Deo,
2303 2851 2452 2914 Fiat;
2479 2850 2594 2906 haec
2619 2859 2792 2906 autem
2827 2849 3039 2905 dicente
3063 2847 3277 2919 quidem
3315 2848 3422 2902 Deo
3459 2847 3697 2903 discreta
3722 2888 3739 2914 ,

2149 2961 2253 3000 non
2313 2953 2490 2999 autem
2550 2943 2659 2998 Deo
2702 2942 2912 2997 dicente
2960 2941 3093 2996 facta
3139 2940 3472 2996 inveniantur
3513 2958 3525 2992 ε
3578 2939 3746 2995 liabet

2147 3035 2293 3109 quod
2327 3036 2470 3090 salva
2521 3034 2624 3088 fide
2671 3033 2961 3103 intelligat,
3020 3031 3222 3087 scilicet
3263 3031 3312 3085 id
3349 3029 3489 3100 quod
3534 3029 3741 3084 dictum

2149 3136 2232 3184 est
2253 3136 2376 3182 ante
2397 3114 2607 3181 dierum
2630 3123 3085 3178 enumerationem
3111 3164 3127 3189 ,
3155 3121 3315 3176 Terra
3341 3131 3450 3177 erat
3476 3121 3744 3176 invisibilis

2149 3229 2199 3274 et
2223 3217 2576 3288 incomposita,
2595 3232 2718 3272 cum
2735 3214 3136 3271 commendaret
3149 3213 3418 3285 Scriptura
3440 3213 3744 3283 cuiusmodi

2155 3321 2350 3367 terram
2391 3309 2592 3365 fecerat
2634 3309 2796 3377 Deus,
2832 3308 2956 3378 quia
2996 3307 3332 3379 praedixerat,
3378 3305 3447 3360 In
3488 3306 3744 3376 principio

2155 3402 2272 3474 fecit
2299 3401 2439 3456 Deus
2456 3401 2634 3456 aetum
2660 3409 2706 3454 et
2732 3409 2950 3466 terram;
2972 3399 3105 3455 nihil
3122 3398 3267 3454 aliud
3283 3398 3366 3454 his
3383 3397 3560 3458 verbis
3578 3413 3744 3468 quam

2155 3493 2392 3549 materia:
2419 3491 2713 3562 corporalis
2739 3491 3123 3547 informitatem
3151 3490 3420 3546 insinuare
3461 3490 3701 3547 voluisse
3726 3530 3744 3556 ,

2155 3583 2359 3655 eligens
2394 3597 2511 3638 eam
2555 3581 2799 3637 usitatius
2837 3582 3110 3652 appellare
3147 3596 3304 3652 quam
3347 3581 3652 3637 obscurius.
3689 3581 3744 3636 Si

2158 3683 2332 3730 tamen
2362 3673 2514 3728 tardo
2545 3671 2836 3732 intellectui
2866 3687 2972 3728 non
3002 3671 3256 3742 subrepat
3285 3681 3342 3726 ut
3381 3671 3666 3726 materiam
3694 3679 3748 3726 et

2157 3765 2412 3836 speciem,
2438 3764 2562 3835 quia
2594 3763 2769 3818 verbis
2794 3763 3066 3836 Scriptura
3096 3772 3328 3834 separat,
3377 3771 3602 3817 conetur
3639 3763 3749 3818 duo

2159 3855 2460 3912 haecetiam
2497 3865 2736 3925 tempore
2779 3869 3053 3924 separare,
3099 3864 3347 3923 tanquam
3391 3852 3538 3922 prius
3585 3850 3750 3906 fuerit

2158 3949 2402 4016 materia,
2430 3956 2485 4004 et
2511 3949 2582 4014 ei,
2617 3948 2870 4017 temporis
2895 3946 3173 4002 intervallo
3202 3945 3532 4016 interposito,
3558 3955 3752 4014 postea

2161 4046 2231 4102 sit
2266 4043 2443 4100 addita
2487 4042 2731 4113 Species;
2762 4056 2881 4096 cum
2918 4040 3056 4095 Deus
3101 4040 3216 4094 haec
3254 4039 3412 4092 simul
3442 4039 3706 4093 creaverit
3729 4075 3749 4104 ,

2161 4135 2546 4204 materiamque
2575 4132 2852 4186 formatam
2891 4130 3176 4186 instituerit
3199 4121 3228 4193 ,“
3253 4129 3404 4200 cujus
3443 4127 3747 4184 informita-

2164 4235 2272 4283 tem
2301 4225 2515 4291 usitato,
2557 4232 2614 4277 ut
2653 4222 2794 4288 dixi,
2843 4222 3098 4277 vocabulo
3142 4222 3223 4276 vel
3273 4232 3428 4276 terra:
3465 4222 3548 4276 vel
3591 4238 3747 4293 aqua:

2163 4317 2435 4386 Scriptura
2469 4313 2730 4384 praedixit.
2763 4312 2928 4368 Terra
2967 4313 3108 4368 enim
3153 4323 3207 4368 et
3251 4328 3385 4383 aqua
3432 4312 3589 4367 etiam
3639 4313 3749 4369 suis

2165 4407 2506 4496 qualitatibus
2528 4405 2580 4460 id
2600 4406 2878 4460 existentia
2899 4405 3040 4476 quod
3059 4403 3316 4472 videmus,
3333 4413 3508 4460 tamen
3533 4416 3749 4476 prepter

2166 4501 2374 4558 facilem
2400 4497 2793 4568 corruptionem
2822 4497 3196 4568 propinquiora
3225 4503 3349 4550 sunt
3377 4495 3550 4550 eidem
3579 4495 3748 4552 infor-

2168 4591 2340 4648 mitati
2368 4604 2527 4660 quam
2557 4587 2792 4644 cmlestia
2828 4602 3070 4658 corpora.
3110 4587 3174 4642 Et
3211 4588 3458 4657 quoniam
3491 4602 3585 4656 per
3615 4602 3749 4642 enu~

2169 4682 2516 4742 mentionem
2545 4681 2747 4735 dierum
2771 4679 2880 4749 jam
2912 4695 2977 4733 cx
3019 4678 3232 4734 informi
3268 4695 3493 4750 qumque
3522 4678 3747 4734 formata

2170 4781 2537 4838 numerantur,
2566 4781 2619 4826 et
2644 4785 2710 4825 ex
2739 4770 2836 4824 ista
2865 4768 3125 4838 corporali
3170 4769 3388 4824 materia
3415 4769 3524 4838 jam
3554 4769 3746 4823 factum

2170 4862 2367 4919 caelum
2391 4868 2716 4924 narraverat,
2748 4859 2899 4927 cujus
2925 4859 3148 4913 multum
3176 4859 3335 4913 distat
3361 4863 3566 4929 Species
3587 4876 3617 4912 a
3645 4870 3747 4914 ter-

2171 4955 2348 5020 renis;
2389 4953 2501 5024 jam
2540 4950 2678 5021 quod
2724 4966 2789 5005 ex
2829 4965 2891 5006 ea
2921 4950 3254 5005 formandum
3283 4949 3334 5004 in
3365 4965 3540 5005 rerum
3572 4950 3746 5004 infima

2172 5054 2323 5118 parte
2345 5044 2601 5110 restabat,
2629 5042 2796 5098 noluit
2819 5045 2840 5074 ³
2875 5043 2974 5098 sub
3000 5043 3083 5099 his
3120 5044 3295 5098 verbis
3316 5043 3365 5098 in
3397 5059 3574 5098 rerum
3599 5059 3746 5098 Cl‘cit-

2176 5149 2349 5194 tarum
2385 5135 2626 5192 ordinem
2664 5135 2920 5200 inserere,
2949 5143 3008 5190 ut
3035 5135 3320 5202 diceretur,
3350 5133 3502 5202 Fiat;
3526 5151 3633 5190 non
3660 5149 3746 5188 ac-

2173 5235 2392 5299 ceptura
2415 5225 2518 5282 ista
2546 5224 2758 5282 residua
2784 5223 3108 5281 informitate
3131 5225 3292 5281 talem
3321 5223 3576 5295 speciem,
3618 5239 3745 5296 qua-

485 5343 614 5384 vere
657 5322 980 5397 percipiatur
1023 5327 1196 5373 utrum
1249 5313 1319 5366 ita
1366 5326 1434 5364 an
1472 5325 1580 5366 non
1621 5310 1692 5364 ita
1729 5310 1828 5378 sit;
1878 5311 2068 5382 quibus
2161 5335 2164 5346 =

487 5416 736 5477 ineundis
775 5425 934 5484 atque
977 5405 1268 5466 tractandis
1293 5419 1393 5459 nec
1413 5403 1523 5472 jam
1553 5401 1683 5457 mihi
1713 5411 1919 5472 tempus
1947 5411 2031 5459 est
2050 5447 2066 5473 ,

490 5525 594 5567 nec
621 5507 729 5565 illis
756 5520 875 5561 esse
902 5503 1083 5566 debet,
1111 5512 1244 5571 quos
1271 5495 1339 5550 ad
1365 5496 1588 5549 salutem
1619 5507 1768 5548 suam
1793 5502 1849 5550 et
1872 5505 2070 5552 sancta:

492 5597 750 5656 Ecclesiae
797 5592 1150 5650 necessariam
1191 5588 1467 5643 utilitatem
1501 5584 1744 5654 cupimus
1775 5584 2066 5642 informari.

491 5692 609 5754 Hoc
632 5703 762 5745 sane
791 5682 1053 5744 noverint.
1086 5695 1185 5736 nec
1209 5695 1401 5736 nomen
1441 5677 1762 5734 firmamenti
1798 5693 1986 5751 cogere
2013 5691 2070 5738 ut

1772 5834 1949 5868 .Hr.’
2007 5832 2017 5838 .

2241 5385 2257 5416 ι
2278 5391 2386 5434 Mss.
2407 5380 2681 5444 duodecim,
2703 5386 3018 5434 merentur.

2237 5442 2627 5516 deiti,_uoluit.
2651 5442 2757 5494 Mss.
2783 5458 2986 5516 omnes,
3024 5443 3190 5516 noluit.
3231 5443 3570 5516 Amplectimur
3594 5459 3607 5494 :
3633 5443 3747 5516 ratio

2176 5509 2356 5571 quippe
2371 5506 2610 5571 redditur,
2627 5519 2712 5555 cur
2735 5518 2951 5571 aquzeac
2971 5513 3117 5571 terra:
3141 5504 3472 5571 formationem
3493 5519 3588 5571 non
3619 5514 3747 5555 retu-

2176 5566 2509 5640 lei'i't’eenesis
2522 5570 2723 5640 scriptor
2739 5566 2831 5640 sub
2845 5567 3115 5640 bisverbis,
3135 5575 3190 5616 ut
3203 5566 3467 5640 diceretur,
3492 5566 3596 5640 fiat
3611 5577 3744 5628 aqua,

2178 5629 2282 5681 Fiat
2304 5637 2462 5688 terra,
2494 5625 2633 5679 sicuti
2653 5629 2717 5678 de
2737 5629 2862 5690 coelo
2889 5629 3067 5679 dictum
3100 5628 3334 5687 narravit,
3363 5625 3464 5678 Iviat
3484 5625 3745 5690 ﬁrmamen-

2175 5700 2292 5742 tum.
2315 5691 2486 5742 Confer
2508 5692 2770 5753 superioris
2791 5689 2900 5742 libri
2921 5698 3061 5750 caput
3084 5690 3156 5741 13.
