  <div class='ocr_page' id='page_1' title='image "/cluster/home/n/w/nwhite01/storage/ocr_20150623/34/uva.x000826574/148.png"; bbox 0 0 3906 6314; ppageno 0'>
   <div class='ocr_carea' id='block_1_1' title="bbox 247 323 358 378">
    <p class='ocr_par' dir='ltr' id='par_1_1' title="bbox 247 323 358 378">
     <span class='ocr_line' id='line_1_1' title="bbox 247 323 358 378; baseline 0 0"><span class='ocrx_word' id='word_1_1' title='bbox 247 323 358 378; x_wconf 73' lang='lat'><strong><em>273</em></strong></span> 
     </span>
    </p>
   </div>
   <div class='ocr_carea' id='block_1_2' title="bbox 248 418 1826 502">
    <p class='ocr_par' dir='ltr' id='par_1_2' title="bbox 248 418 1826 502">
     <span class='ocr_line' id='line_1_2' title="bbox 248 418 1826 502; baseline -0.011 -12"><span class='ocrx_word' id='word_1_2' title='bbox 248 436 357 490; x_wconf 89' lang='lat' dir='ltr'><strong><em>lem</em></strong></span> <span class='ocrx_word' id='word_1_3' title='bbox 380 440 651 502; x_wconf 81' lang='lat' dir='ltr'><strong><em>acceperat</em></strong></span> <span class='ocrx_word' id='word_1_4' title='bbox 676 429 895 495; x_wconf 78' lang='lat' dir='ltr'><strong><em>ctelum,</em></strong></span> <span class='ocrx_word' id='word_1_5' title='bbox 918 427 1010 483; x_wconf 90' lang='lat' dir='ltr'><strong><em>sed</em></strong></span> <span class='ocrx_word' id='word_1_6' title='bbox 1032 427 1141 498; x_wconf 84' lang='lat' dir='ltr'><strong><em>jam</em></strong></span> <span class='ocrx_word' id='word_1_7' title='bbox 1162 422 1469 481; x_wconf 88' lang='lat' dir='ltr'><strong><em>inferiorem</em></strong></span> <span class='ocrx_word' id='word_1_8' title='bbox 1494 431 1550 478; x_wconf 90' lang='lat' dir='ltr'><strong><em>et</em></strong></span> <span class='ocrx_word' id='word_1_9' title='bbox 1570 418 1826 476; x_wconf 76' lang='lat' dir='ltr'><strong><em>infirmio-</em></strong></span> 
     </span>
    </p>
   </div>
   <div class='ocr_carea' id='block_1_3' title="bbox 248 510 1823 596">
    <p class='ocr_par' dir='ltr' id='par_1_3' title="bbox 248 510 1823 596">
     <span class='ocr_line' id='line_1_3' title="bbox 248 510 1823 596; baseline -0.012 -14"><span class='ocrx_word' id='word_1_10' title='bbox 248 541 365 582; x_wconf 85' lang='lat' dir='ltr'><strong><em>rem</em></strong></span> <span class='ocrx_word' id='word_1_11' title='bbox 386 533 541 596; x_wconf 84' lang='lat' dir='ltr'><strong><em>atque</em></strong></span> <span class='ocrx_word' id='word_1_12' title='bbox 561 521 874 578; x_wconf 85' lang='lat' dir='ltr'><strong><em>informitati</em></strong></span> <span class='ocrx_word' id='word_1_13' title='bbox 899 519 1192 590; x_wconf 83' lang='lat' dir='ltr'><strong><em>proximam</em></strong></span> <span class='ocrx_word' id='word_1_14' title='bbox 1213 535 1226 571; x_wconf 88' lang='lat'><strong>:</strong></span> <span class='ocrx_word' id='word_1_15' title='bbox 1250 526 1307 571; x_wconf 92' lang='lat' dir='ltr'><strong><em>ut</em></strong></span> <span class='ocrx_word' id='word_1_16' title='bbox 1326 514 1410 569; x_wconf 90' lang='lat' dir='ltr'><strong><em>his</em></strong></span> <span class='ocrx_word' id='word_1_17' title='bbox 1431 514 1607 583; x_wconf 90' lang='lat' dir='ltr'><strong><em>potius</em></strong></span> <span class='ocrx_word' id='word_1_18' title='bbox 1627 510 1823 573; x_wconf 85' lang='lat' dir='ltr'><strong><em>verbis,</em></strong></span> 
     </span>
    </p>
   </div>
   <div class='ocr_carea' id='block_1_4' title="bbox 245 601 1821 683">
    <p class='ocr_par' dir='ltr' id='par_1_4' title="bbox 245 601 1821 683">
     <span class='ocr_line' id='line_1_4' title="bbox 245 601 1821 683; baseline -0.012 -11"><span class='ocrx_word' id='word_1_19' title='bbox 245 630 371 672; x_wconf 86' lang='lat' dir='ltr'><strong><em>cum</em></strong></span> <span class='ocrx_word' id='word_1_20' title='bbox 402 614 616 679; x_wconf 87' lang='lat' dir='ltr'><strong><em>dicitur,</em></strong></span> <span class='ocrx_word' id='word_1_21' title='bbox 645 612 1019 683; x_wconf 81' lang='lat' dir='ltr'><strong><em>Congregentur</em></strong></span> <span class='ocrx_word' id='word_1_22' title='bbox 1043 624 1207 679; x_wconf 69' lang='lat' dir='ltr'><strong><em>aqua,</em></strong></span> <span class='ocrx_word' id='word_1_23' title='bbox 1248 615 1322 671; x_wconf 92' lang='lat' dir='ltr'><strong><em>et,</em></strong></span> <span class='ocrx_word' id='word_1_24' title='bbox 1365 612 1609 675; x_wconf 87' lang='lat' dir='ltr'><strong><em>appareat</em></strong></span> <span class='ocrx_word' id='word_1_25' title='bbox 1638 601 1782 655; x_wconf 86' lang='lat' dir='ltr'><strong><em>arida</em></strong></span> <span class='ocrx_word' id='word_1_26' title='bbox 1804 641 1821 666; x_wconf 92' lang='lat'><strong><em>,</em></strong></span> 
     </span>
    </p>
   </div>
   <div class='ocr_carea' id='block_1_5' title="bbox 178 692 1826 776">
    <p class='ocr_par' dir='ltr' id='par_1_5' title="bbox 178 692 1826 776">
     <span class='ocr_line' id='line_1_5' title="bbox 178 692 1826 776; baseline -0.01 -14"><span class='ocrx_word' id='word_1_27' title='bbox 178 729 184 739; x_wconf 85' lang='lat'><strong><em>-</em></strong></span> <span class='ocrx_word' id='word_1_28' title='bbox 248 704 556 776; x_wconf 85' lang='lat' dir='ltr'><strong><em>acceperint</em></strong></span> <span class='ocrx_word' id='word_1_29' title='bbox 591 702 706 757; x_wconf 66' lang='lat' dir='ltr'><strong><em>haec</em></strong></span> <span class='ocrx_word' id='word_1_30' title='bbox 735 702 840 756; x_wconf 91' lang='lat' dir='ltr'><strong><em>duo</em></strong></span> <span class='ocrx_word' id='word_1_31' title='bbox 866 700 1072 770; x_wconf 83' lang='lat' dir='ltr'><strong><em>species</em></strong></span> <span class='ocrx_word' id='word_1_32' title='bbox 1098 696 1336 767; x_wconf 90' lang='lat' dir='ltr'><strong><em>proprias</em></strong></span> <span class='ocrx_word' id='word_1_33' title='bbox 1360 696 1487 750; x_wconf 90' lang='lat' dir='ltr'><strong><em>istas</em></strong></span> <span class='ocrx_word' id='word_1_34' title='bbox 1522 692 1826 749; x_wconf 87' lang='lat' dir='ltr'><strong><em>notissimas</em></strong></span> 
     </span>
    </p>
   </div>
   <div class='ocr_carea' id='block_1_6' title="bbox 248 782 1824 866">
    <p class='ocr_par' dir='ltr' id='par_1_6' title="bbox 248 782 1824 866">
     <span class='ocr_line' id='line_1_6' title="bbox 248 782 1824 866; baseline -0.01 -15"><span class='ocrx_word' id='word_1_35' title='bbox 248 796 512 866; x_wconf 83' lang='lat' dir='ltr'><strong><em>nobisque</em></strong></span> <span class='ocrx_word' id='word_1_36' title='bbox 561 792 884 854; x_wconf 84' lang='lat' dir='ltr'><strong><em>tractabiles,</em></strong></span> <span class='ocrx_word' id='word_1_37' title='bbox 924 804 1057 861; x_wconf 90' lang='lat' dir='ltr'><strong><em>aqua</em></strong></span> <span class='ocrx_word' id='word_1_38' title='bbox 1089 788 1359 853; x_wconf 90' lang='lat' dir='ltr'><strong><em>mobilem,</em></strong></span> <span class='ocrx_word' id='word_1_39' title='bbox 1390 794 1530 841; x_wconf 87' lang='lat' dir='ltr'><strong><em>terra</em></strong></span> <span class='ocrx_word' id='word_1_40' title='bbox 1574 782 1824 838; x_wconf 89' lang='lat' dir='ltr'><strong><em>immobi-</em></strong></span> 
     </span>
    </p>
   </div>
   <div class='ocr_carea' id='block_1_7' title="bbox 248 873 1827 950">
    <p class='ocr_par' dir='ltr' id='par_1_7' title="bbox 248 873 1827 950">
     <span class='ocr_line' id='line_1_7' title="bbox 248 873 1827 950; baseline -0.007 -9"><span class='ocrx_word' id='word_1_41' title='bbox 248 887 352 942; x_wconf 87' lang='lat' dir='ltr'><strong><em>lem</em></strong></span> <span class='ocrx_word' id='word_1_42' title='bbox 384 902 399 939; x_wconf 91' lang='lat'>:</span> <span class='ocrx_word' id='word_1_43' title='bbox 428 893 483 941; x_wconf 91' lang='lat' dir='ltr'><strong><em>et</em></strong></span> <span class='ocrx_word' id='word_1_44' title='bbox 510 884 630 940; x_wconf 89' lang='lat' dir='ltr'><strong><em>ideo</em></strong></span> <span class='ocrx_word' id='word_1_45' title='bbox 667 883 736 939; x_wconf 89' lang='lat' dir='ltr'><strong><em>de</em></strong></span> <span class='ocrx_word' id='word_1_46' title='bbox 761 882 850 938; x_wconf 91' lang='lat' dir='ltr'><strong><em>illa</em></strong></span> <span class='ocrx_word' id='word_1_47' title='bbox 874 882 1070 937; x_wconf 91' lang='lat' dir='ltr'><strong><em>dictum</em></strong></span> <span class='ocrx_word' id='word_1_48' title='bbox 1094 888 1208 945; x_wconf 91' lang='lat' dir='ltr'><strong><em>est,</em></strong></span> <span class='ocrx_word' id='word_1_49' title='bbox 1234 886 1598 950; x_wconf 77' lang='lat' dir='ltr'><strong><em>congregetur;</em></strong></span> <span class='ocrx_word' id='word_1_50' title='bbox 1624 875 1692 930; x_wconf 93' lang='lat' dir='ltr'><strong><em>de</em></strong></span> <span class='ocrx_word' id='word_1_51' title='bbox 1725 873 1827 930; x_wconf 86' lang='lat' dir='ltr'><strong><em>hac</em></strong></span> 
     </span>
    </p>
   </div>
   <div class='ocr_carea' id='block_1_8' title="bbox 242 970 1825 1048">
    <p class='ocr_par' dir='ltr' id='par_1_8' title="bbox 242 970 1825 1048">
     <span class='ocr_line' id='line_1_8' title="bbox 242 970 1825 1048; baseline -0.008 -14"><span class='ocrx_word' id='word_1_52' title='bbox 242 989 446 1042; x_wconf 88' lang='lat' dir='ltr'><strong><em>autem,</em></strong></span> <span class='ocrx_word' id='word_1_53' title='bbox 473 986 717 1048; x_wconf 74' lang='lat' dir='ltr'><strong><em>appareat</em></strong></span> <span class='ocrx_word' id='word_1_54' title='bbox 741 991 762 1032; x_wconf 90' lang='lat'><strong><em>:</em></strong></span> <span class='ocrx_word' id='word_1_55' title='bbox 785 990 917 1046; x_wconf 89' lang='lat' dir='ltr'><strong><em>aqua</em></strong></span> <span class='ocrx_word' id='word_1_56' title='bbox 948 974 1089 1030; x_wconf 91' lang='lat' dir='ltr'><strong><em>enim</em></strong></span> <span class='ocrx_word' id='word_1_57' title='bbox 1126 982 1210 1028; x_wconf 88' lang='lat' dir='ltr'><strong><em>est</em></strong></span> <span class='ocrx_word' id='word_1_58' title='bbox 1231 971 1462 1027; x_wconf 90' lang='lat' dir='ltr'><strong><em>labiliter</em></strong></span> <span class='ocrx_word' id='word_1_59' title='bbox 1488 970 1648 1034; x_wconf 84' lang='lat' dir='ltr'><strong><em>ﬂuxa,</em></strong></span> <span class='ocrx_word' id='word_1_60' title='bbox 1682 977 1825 1023; x_wconf 89' lang='lat' dir='ltr'><strong><em>terra</em></strong></span> 
     </span>
    </p>
   </div>
   <div class='ocr_carea' id='block_1_9' title="bbox 243 1069 667 1125">
    <p class='ocr_par' dir='ltr' id='par_1_9' title="bbox 243 1069 667 1125">
     <span class='ocr_line' id='line_1_9' title="bbox 243 1069 667 1125; baseline -0.005 0"><span class='ocrx_word' id='word_1_61' title='bbox 243 1069 507 1125; x_wconf 80' lang='lat' dir='ltr'><strong><em>stabiliter</em></strong></span> <span class='ocrx_word' id='word_1_62' title='bbox 543 1069 667 1123; x_wconf 83' lang='lat' dir='ltr'><strong><em>lixa.</em></strong></span> 
     </span>
    </p>
   </div>
   <div class='ocr_carea' id='block_1_10' title="bbox 244 1154 1823 1223">
    <p class='ocr_par' dir='ltr' id='par_1_10' title="bbox 244 1154 1823 1223">
     <span class='ocr_line' id='line_1_10' title="bbox 244 1154 1823 1223; baseline -0.006 -9"><span class='ocrx_word' id='word_1_63' title='bbox 244 1159 473 1215; x_wconf 76' lang='lat' dir='ltr'><strong><em>CAPUT</em></strong></span> <span class='ocrx_word' id='word_1_64' title='bbox 492 1157 608 1214; x_wconf 80' lang='lat' dir='ltr'>XII.</span> <span class='ocrx_word' id='word_1_65' title='bbox 636 1188 706 1199; x_wconf 93' lang='lat'><strong><em>—</em></strong></span> <span class='ocrx_word' id='word_1_66' title='bbox 728 1156 809 1213; x_wconf 90' lang='lat' dir='ltr'><strong><em>De</em></strong></span> <span class='ocrx_word' id='word_1_67' title='bbox 833 1172 960 1210; x_wconf 85' lang='lat' dir='ltr'><strong><em>vers.</em></strong></span> <span class='ocrx_word' id='word_1_68' title='bbox 989 1156 1076 1221; x_wconf 86' lang='lat' dir='ltr'><strong>ll,</strong></span> <span class='ocrx_word' id='word_1_69' title='bbox 1102 1155 1171 1210; x_wconf 74' lang='lat' dir='ltr'><strong><em>l2</em></strong></span> <span class='ocrx_word' id='word_1_70' title='bbox 1198 1163 1246 1209; x_wconf 88' lang='lat' dir='ltr'><strong><em>et</em></strong></span> <span class='ocrx_word' id='word_1_71' title='bbox 1279 1154 1367 1221; x_wconf 78' lang='lat' dir='ltr'><strong><em>l5,</em></strong></span> <span class='ocrx_word' id='word_1_72' title='bbox 1410 1168 1565 1223; x_wconf 87' lang='lat' dir='ltr'><strong><em>quare</em></strong></span> <span class='ocrx_word' id='word_1_73' title='bbox 1600 1167 1823 1207; x_wconf 77' lang='lat' dir='ltr'><strong><em>seorsum</em></strong></span> 
     </span>
    </p>
   </div>
   <div class='ocr_carea' id='block_1_11' title="bbox 277 1224 1766 1299">
    <p class='ocr_par' dir='ltr' id='par_1_11' title="bbox 277 1224 1766 1299">
     <span class='ocr_line' id='line_1_11' title="bbox 277 1224 1766 1299; baseline -0.007 -14"><span class='ocrx_word' id='word_1_74' title='bbox 277 1232 340 1285; x_wconf 89' lang='lat' dir='ltr'><strong><em>de</em></strong></span> <span class='ocrx_word' id='word_1_75' title='bbox 370 1230 541 1284; x_wconf 84' lang='lat' dir='ltr'><strong><em>herbis</em></strong></span> <span class='ocrx_word' id='word_1_76' title='bbox 566 1238 612 1283; x_wconf 89' lang='lat' dir='ltr'><strong><em>et</em></strong></span> <span class='ocrx_word' id='word_1_77' title='bbox 640 1228 790 1299; x_wconf 82' lang='lat' dir='ltr'><strong><em>lignis</em></strong></span> <span class='ocrx_word' id='word_1_78' title='bbox 807 1226 994 1281; x_wconf 86' lang='lat' dir='ltr'><strong><em>dictum</em></strong></span> <span class='ocrx_word' id='word_1_79' title='bbox 1013 1227 1101 1291; x_wconf 85' lang='lat' dir='ltr'><strong><em>sit,</em></strong></span> <span class='ocrx_word' id='word_1_80' title='bbox 1134 1225 1203 1279; x_wconf 89' lang='lat' dir='ltr'><strong><em>Et</em></strong></span> <span class='ocrx_word' id='word_1_81' title='bbox 1228 1224 1422 1279; x_wconf 88' lang='lat' dir='ltr'><strong><em>factum</em></strong></span> <span class='ocrx_word' id='word_1_82' title='bbox 1444 1224 1639 1287; x_wconf 89' lang='lat' dir='ltr'><strong><em>estsic,</em></strong></span> <span class='ocrx_word' id='word_1_83' title='bbox 1672 1234 1766 1275; x_wconf 91' lang='lat' dir='ltr'><strong><em>etc.</em></strong></span> 
     </span>
    </p>
   </div>
   <div class='ocr_carea' id='block_1_12' title="bbox 311 1312 1819 1383">
    <p class='ocr_par' dir='ltr' id='par_1_12' title="bbox 311 1312 1819 1383">
     <span class='ocr_line' id='line_1_12' title="bbox 311 1312 1819 1383; baseline -0.007 -8"><span class='ocrx_word' id='word_1_84' title='bbox 311 1323 406 1376; x_wconf 72' lang='lat'><strong><em>25.</em></strong></span> <span class='ocrx_word' id='word_1_85' title='bbox 436 1318 509 1374; x_wconf 82' lang='lat' dir='ltr'><strong><em>Et</em></strong></span> <span class='ocrx_word' id='word_1_86' title='bbox 535 1319 663 1373; x_wconf 70' lang='lat' dir='ltr'><strong><em>dixit</em></strong></span> <span class='ocrx_word' id='word_1_87' title='bbox 695 1317 860 1383; x_wconf 85' lang='lat' dir='ltr'><strong><em>Deus,</em></strong></span> <span class='ocrx_word' id='word_1_88' title='bbox 890 1316 1140 1371; x_wconf 81' lang='lat' dir='ltr'><strong><em>Germinet</em></strong></span> <span class='ocrx_word' id='word_1_89' title='bbox 1184 1324 1317 1369; x_wconf 89' lang='lat' dir='ltr'><strong><em>terra</em></strong></span> <span class='ocrx_word' id='word_1_90' title='bbox 1360 1314 1565 1367; x_wconf 80' lang='lat' dir='ltr'><strong><em>herbam</em></strong></span> <span class='ocrx_word' id='word_1_91' title='bbox 1607 1312 1781 1382; x_wconf 86' lang='lat' dir='ltr'><strong><em>pabuli</em></strong></span> <span class='ocrx_word' id='word_1_92' title='bbox 1804 1353 1819 1374; x_wconf 94' lang='lat'><strong><em>,</em></strong></span> 
     </span>
    </p>
   </div>
   <div class='ocr_carea' id='block_1_13' title="bbox 246 1402 1829 1481">
    <p class='ocr_par' dir='ltr' id='par_1_13' title="bbox 246 1402 1829 1481">
     <span class='ocr_line' id='line_1_13' title="bbox 246 1402 1829 1481; baseline -0.007 -15"><span class='ocrx_word' id='word_1_93' title='bbox 246 1412 492 1481; x_wconf 78' lang='lat' dir='ltr'><strong><em>ferentem</em></strong></span> <span class='ocrx_word' id='word_1_94' title='bbox 510 1426 675 1465; x_wconf 84' lang='lat' dir='ltr'><strong><em>semen</em></strong></span> <span class='ocrx_word' id='word_1_95' title='bbox 695 1407 969 1464; x_wconf 82' lang='lat' dir='ltr'><strong><em>secundum</em></strong></span> <span class='ocrx_word' id='word_1_96' title='bbox 996 1423 1151 1478; x_wconf 86' lang='lat' dir='ltr'><strong><em>genus</em></strong></span> <span class='ocrx_word' id='word_1_97' title='bbox 1174 1415 1221 1459; x_wconf 89' lang='lat' dir='ltr'><strong><em>et</em></strong></span> <span class='ocrx_word' id='word_1_98' title='bbox 1239 1406 1510 1460; x_wconf 85' lang='lat' dir='ltr'><strong><em>secundum</em></strong></span> <span class='ocrx_word' id='word_1_99' title='bbox 1532 1402 1829 1458; x_wconf 85' lang='lat' dir='ltr'><strong><em>similitudi-</em></strong></span> 
     </span>
    </p>
   </div>
   <div class='ocr_carea' id='block_1_14' title="bbox 245 1494 1825 1570">
    <p class='ocr_par' dir='ltr' id='par_1_14' title="bbox 245 1494 1825 1570">
     <span class='ocr_line' id='line_1_14' title="bbox 245 1494 1825 1570; baseline -0.007 -14"><span class='ocrx_word' id='word_1_100' title='bbox 245 1519 356 1556; x_wconf 86' lang='lat' dir='ltr'><strong><em>nem</em></strong></span> <span class='ocrx_word' id='word_1_101' title='bbox 372 1517 393 1565; x_wconf 80' lang='lat'><strong><em>,&#39;</em></strong></span> <span class='ocrx_word' id='word_1_102' title='bbox 423 1510 475 1555; x_wconf 90' lang='lat' dir='ltr'><strong><em>et</em></strong></span> <span class='ocrx_word' id='word_1_103' title='bbox 516 1501 707 1570; x_wconf 80' lang='lat' dir='ltr'><strong><em>lignum</em></strong></span> <span class='ocrx_word' id='word_1_104' title='bbox 731 1498 1046 1569; x_wconf 81' lang='lat' dir='ltr'><strong><em>fructiferum</em></strong></span> <span class='ocrx_word' id='word_1_105' title='bbox 1073 1497 1264 1569; x_wconf 76' lang='lat' dir='ltr'><strong><em>faciens</em></strong></span> <span class='ocrx_word' id='word_1_106' title='bbox 1300 1496 1541 1566; x_wconf 84' lang='lat' dir='ltr'><strong><em>fructum,</em></strong></span> <span class='ocrx_word' id='word_1_107' title='bbox 1569 1494 1715 1563; x_wconf 85' lang='lat' dir='ltr'><strong><em>cujus</em></strong></span> <span class='ocrx_word' id='word_1_108' title='bbox 1740 1507 1825 1546; x_wconf 87' lang='lat' dir='ltr'><strong><em>se-</em></strong></span> 
     </span>
    </p>
   </div>
   <div class='ocr_carea' id='block_1_15' title="bbox 246 1588 1827 1662">
    <p class='ocr_par' dir='ltr' id='par_1_15' title="bbox 246 1588 1827 1662">
     <span class='ocr_line' id='line_1_15' title="bbox 246 1588 1827 1662; baseline -0.007 -15"><span class='ocrx_word' id='word_1_109' title='bbox 246 1610 356 1647; x_wconf 81' lang='lat' dir='ltr'><strong><em>men</em></strong></span> <span class='ocrx_word' id='word_1_110' title='bbox 400 1594 471 1647; x_wconf 85' lang='lat' dir='ltr'><strong><em>sit</em></strong></span> <span class='ocrx_word' id='word_1_111' title='bbox 512 1594 565 1646; x_wconf 89' lang='lat' dir='ltr'><strong><em>in</em></strong></span> <span class='ocrx_word' id='word_1_112' title='bbox 601 1594 713 1662; x_wconf 85' lang='lat' dir='ltr'><strong><em>ipso</em></strong></span> <span class='ocrx_word' id='word_1_113' title='bbox 748 1591 1019 1645; x_wconf 84' lang='lat' dir='ltr'><strong><em>secundum</em></strong></span> <span class='ocrx_word' id='word_1_114' title='bbox 1062 1588 1438 1644; x_wconf 87' lang='lat' dir='ltr'><strong><em>similitudinem</em></strong></span> <span class='ocrx_word' id='word_1_115' title='bbox 1488 1601 1632 1639; x_wconf 85' lang='lat' dir='ltr'><strong><em>suam</em></strong></span> <span class='ocrx_word' id='word_1_116' title='bbox 1672 1598 1827 1654; x_wconf 88' lang='lat' dir='ltr'><strong><em>super</em></strong></span> 
     </span>
    </p>
   </div>
   <div class='ocr_carea' id='block_1_16' title="bbox 248 1674 1829 1753">
    <p class='ocr_par' dir='ltr' id='par_1_16' title="bbox 248 1674 1829 1753">
     <span class='ocr_line' id='line_1_16' title="bbox 248 1674 1829 1753; baseline -0.008 -14"><span class='ocrx_word' id='word_1_117' title='bbox 248 1695 451 1739; x_wconf 87' lang='lat' dir='ltr'><strong><em>terram.</em></strong></span> <span class='ocrx_word' id='word_1_118' title='bbox 487 1682 558 1736; x_wconf 84' lang='lat' dir='ltr'><strong><em>Et</em></strong></span> <span class='ocrx_word' id='word_1_119' title='bbox 600 1687 789 1753; x_wconf 74' lang='lat' dir='ltr'><strong><em>factum</em></strong></span> <span class='ocrx_word' id='word_1_120' title='bbox 832 1690 905 1735; x_wconf 86' lang='lat' dir='ltr'><strong><em>est</em></strong></span> <span class='ocrx_word' id='word_1_121' title='bbox 942 1681 1033 1735; x_wconf 91' lang='lat' dir='ltr'><strong><em>sic.</em></strong></span> <span class='ocrx_word' id='word_1_122' title='bbox 1085 1679 1151 1733; x_wconf 82' lang='lat' dir='ltr'><strong><em>Et</em></strong></span> <span class='ocrx_word' id='word_1_123' title='bbox 1195 1678 1434 1749; x_wconf 71' lang='lat' dir='ltr'><strong><em>produxit</em></strong></span> <span class='ocrx_word' id='word_1_124' title='bbox 1464 1687 1597 1731; x_wconf 88' lang='lat' dir='ltr'><strong><em>terra</em></strong></span> <span class='ocrx_word' id='word_1_125' title='bbox 1622 1674 1829 1729; x_wconf 82' lang='lat' dir='ltr'><strong><em>herbam</em></strong></span> 
     </span>
    </p>
   </div>
   <div class='ocr_carea' id='block_1_17' title="bbox 248 1767 1827 1843">
    <p class='ocr_par' dir='ltr' id='par_1_17' title="bbox 248 1767 1827 1843">
     <span class='ocr_line' id='line_1_17' title="bbox 248 1767 1827 1843; baseline -0.005 -16"><span class='ocrx_word' id='word_1_126' title='bbox 248 1774 439 1843; x_wconf 83' lang='lat' dir='ltr'><strong><em>pabuli,</em></strong></span> <span class='ocrx_word' id='word_1_127' title='bbox 476 1788 643 1826; x_wconf 82' lang='lat' dir='ltr'><strong><em>sentcn</em></strong></span> <span class='ocrx_word' id='word_1_128' title='bbox 685 1772 943 1825; x_wconf 76' lang='lat' dir='ltr'><strong><em>habentem</em></strong></span> <span class='ocrx_word' id='word_1_129' title='bbox 979 1770 1253 1824; x_wconf 87' lang='lat' dir='ltr'><strong><em>secundum</em></strong></span> <span class='ocrx_word' id='word_1_130' title='bbox 1276 1785 1454 1838; x_wconf 86' lang='lat' dir='ltr'><strong><em>genus,</em></strong></span> <span class='ocrx_word' id='word_1_131' title='bbox 1481 1775 1528 1822; x_wconf 89' lang='lat' dir='ltr'><strong><em>et</em></strong></span> <span class='ocrx_word' id='word_1_132' title='bbox 1552 1767 1827 1821; x_wconf 87' lang='lat' dir='ltr'><strong><em>secundum</em></strong></span> 
     </span>
    </p>
   </div>
   <div class='ocr_carea' id='block_1_18' title="bbox 246 1854 1825 1933">
    <p class='ocr_par' dir='ltr' id='par_1_18' title="bbox 246 1854 1825 1933">
     <span class='ocr_line' id='line_1_18' title="bbox 246 1854 1825 1933; baseline -0.004 -15"><span class='ocrx_word' id='word_1_133' title='bbox 246 1854 648 1927; x_wconf 74' lang='lat' dir='ltr'><strong>similitudinem,</strong></span> <span class='ocrx_word' id='word_1_134' title='bbox 681 1873 727 1916; x_wconf 89' lang='lat' dir='ltr'><strong><em>et</em></strong></span> <span class='ocrx_word' id='word_1_135' title='bbox 768 1863 961 1933; x_wconf 87' lang='lat' dir='ltr'><strong>lignum</strong></span> <span class='ocrx_word' id='word_1_136' title='bbox 997 1861 1309 1930; x_wconf 79' lang='lat' dir='ltr'><strong><em>fructiferum</em></strong></span> <span class='ocrx_word' id='word_1_137' title='bbox 1350 1860 1540 1931; x_wconf 79' lang='lat' dir='ltr'><strong><em>faciens</em></strong></span> <span class='ocrx_word' id='word_1_138' title='bbox 1566 1861 1786 1931; x_wconf 80' lang='lat' dir='ltr'><strong><em>fructum</em></strong></span> <span class='ocrx_word' id='word_1_139' title='bbox 1808 1897 1825 1922; x_wconf 97' lang='lat'><strong><em>,</em></strong></span> 
     </span>
    </p>
   </div>
   <div class='ocr_carea' id='block_1_19' title="bbox 247 1953 1826 2024">
    <p class='ocr_par' dir='ltr' id='par_1_19' title="bbox 247 1953 1826 2024">
     <span class='ocr_line' id='line_1_19' title="bbox 247 1953 1826 2024; baseline -0.005 -15"><span class='ocrx_word' id='word_1_140' title='bbox 247 1960 391 2024; x_wconf 77' lang='lat' dir='ltr'><strong><em>cujus</em></strong></span> <span class='ocrx_word' id='word_1_141' title='bbox 415 1970 588 2009; x_wconf 88' lang='lat' dir='ltr'><strong><em>semen</em></strong></span> <span class='ocrx_word' id='word_1_142' title='bbox 614 1955 723 2021; x_wconf 84' lang='lat' dir='ltr'><strong><em>ejus</em></strong></span> <span class='ocrx_word' id='word_1_143' title='bbox 741 1954 793 2006; x_wconf 92' lang='lat' dir='ltr'><strong><em>in</em></strong></span> <span class='ocrx_word' id='word_1_144' title='bbox 813 1968 871 2006; x_wconf 92' lang='lat' dir='ltr'><strong><em>eo</em></strong></span> <span class='ocrx_word' id='word_1_145' title='bbox 891 1953 953 2005; x_wconf 87' lang='lat' dir='ltr'><strong><em>sit</em></strong></span> <span class='ocrx_word' id='word_1_146' title='bbox 974 1953 1244 2005; x_wconf 86' lang='lat' dir='ltr'><strong><em>secundum</em></strong></span> <span class='ocrx_word' id='word_1_147' title='bbox 1267 1966 1423 2019; x_wconf 83' lang='lat' dir='ltr'><strong><em>genus</em></strong></span> <span class='ocrx_word' id='word_1_148' title='bbox 1450 1965 1600 2019; x_wconf 88' lang='lat' dir='ltr'><strong><em>super</em></strong></span> <span class='ocrx_word' id='word_1_149' title='bbox 1618 1957 1826 2002; x_wconf 87' lang='lat' dir='ltr'><strong><em>terram.</em></strong></span> 
     </span>
    </p>
   </div>
   <div class='ocr_carea' id='block_1_20' title="bbox 248 2040 1831 2114">
    <p class='ocr_par' dir='ltr' id='par_1_20' title="bbox 248 2040 1831 2114">
     <span class='ocr_line' id='line_1_20' title="bbox 248 2040 1831 2114; baseline -0.006 -13"><span class='ocrx_word' id='word_1_150' title='bbox 248 2046 314 2101; x_wconf 82' lang='lat' dir='ltr'><strong><em>Et</em></strong></span> <span class='ocrx_word' id='word_1_151' title='bbox 339 2047 469 2100; x_wconf 76' lang='lat' dir='ltr'><strong><em>vidit</em></strong></span> <span class='ocrx_word' id='word_1_152' title='bbox 500 2044 638 2098; x_wconf 82' lang='lat' dir='ltr'><strong><em>Deus</em></strong></span> <span class='ocrx_word' id='word_1_153' title='bbox 657 2045 775 2114; x_wconf 88' lang='lat' dir='ltr'><strong>quia</strong></span> <span class='ocrx_word' id='word_1_154' title='bbox 798 2043 980 2096; x_wconf 81' lang='lat' dir='ltr'><strong><em>bonum</em></strong></span> <span class='ocrx_word' id='word_1_155' title='bbox 1019 2051 1110 2095; x_wconf 85' lang='lat' dir='ltr'><strong><em>est.</em></strong></span> <span class='ocrx_word' id='word_1_156' title='bbox 1153 2040 1218 2094; x_wconf 85' lang='lat' dir='ltr'><strong><em>Et</em></strong></span> <span class='ocrx_word' id='word_1_157' title='bbox 1262 2042 1397 2111; x_wconf 80' lang='lat' dir='ltr'><strong><em>facta</em></strong></span> <span class='ocrx_word' id='word_1_158' title='bbox 1431 2048 1501 2093; x_wconf 89' lang='lat' dir='ltr'><strong><em>est</em></strong></span> <span class='ocrx_word' id='word_1_159' title='bbox 1526 2054 1754 2108; x_wconf 84' lang='lat' dir='ltr'><strong><em>vespera,</em></strong></span> <span class='ocrx_word' id='word_1_160' title='bbox 1782 2046 1831 2092; x_wconf 83' lang='lat' dir='ltr'><strong><em>et</em></strong></span> 
     </span>
    </p>
   </div>
   <div class='ocr_carea' id='block_1_21' title="bbox 246 2130 1830 2208">
    <p class='ocr_par' dir='ltr' id='par_1_21' title="bbox 246 2130 1830 2208">
     <span class='ocr_line' id='line_1_21' title="bbox 246 2130 1830 2208; baseline -0.007 -15"><span class='ocrx_word' id='word_1_161' title='bbox 246 2140 435 2208; x_wconf 72' lang='lat' dir='ltr'><strong><em>factum</em></strong></span> <span class='ocrx_word' id='word_1_162' title='bbox 464 2146 541 2192; x_wconf 89' lang='lat' dir='ltr'><strong><em>est</em></strong></span> <span class='ocrx_word' id='word_1_163' title='bbox 564 2153 710 2192; x_wconf 86' lang='lat' dir='ltr'><strong><em>mane</em></strong></span> <span class='ocrx_word' id='word_1_164' title='bbox 739 2137 844 2190; x_wconf 90' lang='lat' dir='ltr'><strong><em>dies</em></strong></span> <span class='ocrx_word' id='word_1_165' title='bbox 878 2135 1069 2189; x_wconf 87' lang='lat' dir='ltr'><strong><em>tertius.</em></strong></span> <span class='ocrx_word' id='word_1_166' title='bbox 1104 2133 1201 2188; x_wconf 88' lang='lat' dir='ltr'><strong><em>Hic</em></strong></span> <span class='ocrx_word' id='word_1_167' title='bbox 1228 2132 1573 2188; x_wconf 86' lang='lat' dir='ltr'><strong><em>moderamen</em></strong></span> <span class='ocrx_word' id='word_1_168' title='bbox 1614 2130 1830 2184; x_wconf 86' lang='lat' dir='ltr'><strong><em>ordina-</em></strong></span> 
     </span>
    </p>
   </div>
   <div class='ocr_carea' id='block_1_22' title="bbox 249 2221 1830 2297">
    <p class='ocr_par' dir='ltr' id='par_1_22' title="bbox 249 2221 1830 2297">
     <span class='ocr_line' id='line_1_22' title="bbox 249 2221 1830 2297; baseline -0.005 -12"><span class='ocrx_word' id='word_1_169' title='bbox 249 2232 376 2285; x_wconf 90' lang='lat' dir='ltr'><strong><em>toris</em></strong></span> <span class='ocrx_word' id='word_1_170' title='bbox 395 2228 784 2285; x_wconf 79' lang='lat' dir='ltr'><strong><em>advertendum</em></strong></span> <span class='ocrx_word' id='word_1_171' title='bbox 811 2236 909 2292; x_wconf 84' lang='lat' dir='ltr'><strong><em>est,</em></strong></span> <span class='ocrx_word' id='word_1_172' title='bbox 949 2235 1009 2281; x_wconf 91' lang='grc' dir='ltr'><strong><em>ιιι</em></strong></span> <span class='ocrx_word' id='word_1_173' title='bbox 1034 2226 1282 2297; x_wconf 89' lang='lat' dir='ltr'><strong><em>quoniam</em></strong></span> <span class='ocrx_word' id='word_1_174' title='bbox 1311 2224 1558 2278; x_wconf 88' lang='lat' dir='ltr'><strong><em>distincta</em></strong></span> <span class='ocrx_word' id='word_1_175' title='bbox 1587 2221 1830 2293; x_wconf 54' lang='lat' dir='ltr'><strong><em>quadam</em></strong></span> 
     </span>
    </p>
   </div>
   <div class='ocr_carea' id='block_1_23' title="bbox 248 2315 1831 2388">
    <p class='ocr_par' dir='ltr' id='par_1_23' title="bbox 248 2315 1831 2388">
     <span class='ocr_line' id='line_1_23' title="bbox 248 2315 1831 2388; baseline -0.005 -12"><span class='ocrx_word' id='word_1_176' title='bbox 248 2330 497 2376; x_wconf 81' lang='lat' dir='ltr'><strong><em>creatura</em></strong></span> <span class='ocrx_word' id='word_1_177' title='bbox 532 2328 615 2373; x_wconf 86' lang='lat' dir='ltr'><strong><em>est</em></strong></span> <span class='ocrx_word' id='word_1_178' title='bbox 640 2318 921 2374; x_wconf 89' lang='lat' dir='ltr'><strong><em>herbarum</em></strong></span> <span class='ocrx_word' id='word_1_179' title='bbox 958 2329 1116 2388; x_wconf 90' lang='lat' dir='ltr'><strong><em>atque</em></strong></span> <span class='ocrx_word' id='word_1_180' title='bbox 1141 2317 1398 2387; x_wconf 85' lang='lat' dir='ltr'><strong><em>lignorum</em></strong></span> <span class='ocrx_word' id='word_1_181' title='bbox 1425 2316 1492 2369; x_wconf 91' lang='lat' dir='ltr'><strong><em>ab</em></strong></span> <span class='ocrx_word' id='word_1_182' title='bbox 1517 2315 1697 2383; x_wconf 87' lang='lat' dir='ltr'><strong><em>specie</em></strong></span> <span class='ocrx_word' id='word_1_183' title='bbox 1722 2323 1831 2368; x_wconf 82' lang='lat' dir='ltr'><strong><em>ter-</em></strong></span> 
     </span>
    </p>
   </div>
   <div class='ocr_carea' id='block_1_24' title="bbox 249 2406 1831 2482">
    <p class='ocr_par' dir='ltr' id='par_1_24' title="bbox 249 2406 1831 2482">
     <span class='ocr_line' id='line_1_24' title="bbox 249 2406 1831 2482; baseline -0.006 -13"><span class='ocrx_word' id='word_1_184' title='bbox 249 2428 428 2469; x_wconf 81' lang='lat' dir='ltr'><strong><em>rarum</em></strong></span> <span class='ocrx_word' id='word_1_185' title='bbox 461 2421 519 2468; x_wconf 89' lang='lat' dir='ltr'><strong><em>et</em></strong></span> <span class='ocrx_word' id='word_1_186' title='bbox 544 2426 799 2482; x_wconf 88' lang='lat' dir='ltr'><strong><em>aquarum</em></strong></span> <span class='ocrx_word' id='word_1_187' title='bbox 830 2454 845 2473; x_wconf 89' lang='lat'><strong><em>,</em></strong></span> <span class='ocrx_word' id='word_1_188' title='bbox 893 2420 949 2465; x_wconf 90' lang='lat' dir='ltr'><strong><em>ut</em></strong></span> <span class='ocrx_word' id='word_1_189' title='bbox 989 2426 1040 2464; x_wconf 85' lang='lat' dir='ltr'><strong><em>tn</em></strong></span> <span class='ocrx_word' id='word_1_190' title='bbox 1086 2409 1365 2464; x_wconf 90' lang='lat' dir='ltr'><strong><em>elementis</em></strong></span> <span class='ocrx_word' id='word_1_191' title='bbox 1412 2406 1679 2463; x_wconf 90' lang='lat' dir='ltr'><strong><em>numerari</em></strong></span> <span class='ocrx_word' id='word_1_192' title='bbox 1723 2420 1831 2460; x_wconf 91' lang='lat' dir='ltr'><strong><em>non</em></strong></span> 
     </span>
    </p>
   </div>
   <div class='ocr_carea' id='block_1_25' title="bbox 251 2498 1830 2576">
    <p class='ocr_par' dir='ltr' id='par_1_25' title="bbox 251 2498 1830 2576">
     <span class='ocr_line' id='line_1_25' title="bbox 251 2498 1830 2576; baseline -0.005 -17"><span class='ocrx_word' id='word_1_193' title='bbox 251 2505 481 2576; x_wconf 80' lang='lat' dir='ltr'><strong>possint,</strong></span> <span class='ocrx_word' id='word_1_194' title='bbox 508 2517 749 2557; x_wconf 79' lang='lat' dir='ltr'><strong><em>seorsum</em></strong></span> <span class='ocrx_word' id='word_1_195' title='bbox 776 2502 843 2557; x_wconf 91' lang='lat' dir='ltr'><strong><em>de</em></strong></span> <span class='ocrx_word' id='word_1_196' title='bbox 869 2503 971 2555; x_wconf 88' lang='lat' dir='ltr'><strong><em>illis</em></strong></span> <span class='ocrx_word' id='word_1_197' title='bbox 986 2502 1254 2556; x_wconf 84' lang='lat' dir='ltr'><strong><em>diceretur</em></strong></span> <span class='ocrx_word' id='word_1_198' title='bbox 1274 2508 1329 2554; x_wconf 90' lang='lat' dir='ltr'><strong><em>ut</em></strong></span> <span class='ocrx_word' id='word_1_199' title='bbox 1350 2500 1559 2554; x_wconf 91' lang='lat' dir='ltr'><strong><em>exirent</em></strong></span> <span class='ocrx_word' id='word_1_200' title='bbox 1576 2498 1644 2554; x_wconf 88' lang='lat' dir='ltr'><strong><em>de</em></strong></span> <span class='ocrx_word' id='word_1_201' title='bbox 1666 2506 1830 2562; x_wconf 90' lang='lat' dir='ltr'><strong><em>terra;</em></strong></span> 
     </span>
    </p>
   </div>
   <div class='ocr_carea' id='block_1_26' title="bbox 251 2589 1831 2655">
    <p class='ocr_par' dir='ltr' id='par_1_26' title="bbox 251 2589 1831 2655">
     <span class='ocr_line' id='line_1_26' title="bbox 251 2589 1831 2655; baseline -0.007 -3"><span class='ocrx_word' id='word_1_202' title='bbox 251 2605 303 2652; x_wconf 88' lang='lat' dir='ltr'><strong><em>et</em></strong></span> <span class='ocrx_word' id='word_1_203' title='bbox 322 2609 570 2651; x_wconf 84' lang='lat' dir='ltr'><strong><em>seorsum</em></strong></span> <span class='ocrx_word' id='word_1_204' title='bbox 602 2594 709 2648; x_wconf 82' lang='lat' dir='ltr'><strong>illis</strong></span> <span class='ocrx_word' id='word_1_205' title='bbox 733 2592 1078 2647; x_wconf 82' lang='lat' dir='ltr'><strong><em>redderentur</em></strong></span> <span class='ocrx_word' id='word_1_206' title='bbox 1100 2592 1186 2646; x_wconf 90' lang='lat' dir='ltr'><strong><em>illa</em></strong></span> <span class='ocrx_word' id='word_1_207' title='bbox 1211 2589 1369 2645; x_wconf 89' lang='lat' dir='ltr'><strong><em>solita</em></strong></span> <span class='ocrx_word' id='word_1_208' title='bbox 1390 2630 1405 2655; x_wconf 91' lang='lat'><strong><em>,</em></strong></span> <span class='ocrx_word' id='word_1_209' title='bbox 1446 2596 1501 2643; x_wconf 90' lang='lat' dir='ltr'><strong><em>ut</em></strong></span> <span class='ocrx_word' id='word_1_210' title='bbox 1531 2589 1831 2652; x_wconf 83' lang='lat' dir='ltr'><strong><em>diceretur,</em></strong></span> 
     </span>
    </p>
   </div>
   <div class='ocr_carea' id='block_1_27' title="bbox 252 2679 1832 2757">
    <p class='ocr_par' dir='ltr' id='par_1_27' title="bbox 252 2679 1832 2757">
     <span class='ocr_line' id='line_1_27' title="bbox 252 2679 1832 2757; baseline -0.004 -17"><span class='ocrx_word' id='word_1_211' title='bbox 252 2686 316 2740; x_wconf 81' lang='lat' dir='ltr'><strong><em>Et</em></strong></span> <span class='ocrx_word' id='word_1_212' title='bbox 340 2690 539 2757; x_wconf 80' lang='lat' dir='ltr'><strong><em>factum</em></strong></span> <span class='ocrx_word' id='word_1_213' title='bbox 565 2694 636 2739; x_wconf 79' lang='lat' dir='ltr'><strong><em>cst</em></strong></span> <span class='ocrx_word' id='word_1_214' title='bbox 658 2685 764 2749; x_wconf 88' lang='lat' dir='ltr'><strong><em>sic;</em></strong></span> <span class='ocrx_word' id='word_1_215' title='bbox 791 2699 853 2738; x_wconf 90' lang='lat' dir='ltr'><strong><em>ac</em></strong></span> <span class='ocrx_word' id='word_1_216' title='bbox 875 2682 1068 2739; x_wconf 86' lang='lat' dir='ltr'><strong><em>deinde</em></strong></span> <span class='ocrx_word' id='word_1_217' title='bbox 1096 2692 1428 2752; x_wconf 87' lang='lat' dir='ltr'><strong><em>repeteretur</em></strong></span> <span class='ocrx_word' id='word_1_218' title='bbox 1450 2679 1592 2751; x_wconf 89' lang='lat' dir='ltr'><strong><em>quod</em></strong></span> <span class='ocrx_word' id='word_1_219' title='bbox 1634 2680 1832 2734; x_wconf 83' lang='lat' dir='ltr'><strong><em>factum</em></strong></span> 
     </span>
    </p>
   </div>
   <div class='ocr_carea' id='block_1_28' title="bbox 251 2768 1833 2846">
    <p class='ocr_par' dir='ltr' id='par_1_28' title="bbox 251 2768 1833 2846">
     <span class='ocr_line' id='line_1_28' title="bbox 251 2768 1833 2846; baseline -0.005 -14"><span class='ocrx_word' id='word_1_220' title='bbox 251 2784 333 2832; x_wconf 88' lang='lat' dir='ltr'><strong><em>est</em></strong></span> <span class='ocrx_word' id='word_1_221' title='bbox 359 2794 372 2831; x_wconf 89' lang='lat'><strong>:</strong></span> <span class='ocrx_word' id='word_1_222' title='bbox 403 2790 653 2831; x_wconf 88' lang='lat' dir='ltr'><strong><em>seorsum</em></strong></span> <span class='ocrx_word' id='word_1_223' title='bbox 684 2789 891 2846; x_wconf 89' lang='lat' dir='ltr'><strong><em>quoque</em></strong></span> <span class='ocrx_word' id='word_1_224' title='bbox 937 2773 1257 2828; x_wconf 83' lang='lat' dir='ltr'><strong><em>indicaretur</em></strong></span> <span class='ocrx_word' id='word_1_225' title='bbox 1283 2773 1447 2827; x_wconf 90' lang='lat' dir='ltr'><strong><em>Deum</em></strong></span> <span class='ocrx_word' id='word_1_226' title='bbox 1474 2770 1671 2826; x_wconf 82' lang='lat' dir='ltr'><strong><em>vidisse</em></strong></span> <span class='ocrx_word' id='word_1_227' title='bbox 1710 2768 1833 2840; x_wconf 83' lang='lat' dir='ltr'><strong>quia</strong></span> 
     </span>
    </p>
   </div>
   <div class='ocr_carea' id='block_1_29' title="bbox 253 2861 1835 2935">
    <p class='ocr_par' dir='ltr' id='par_1_29' title="bbox 253 2861 1835 2935">
     <span class='ocr_line' id='line_1_29' title="bbox 253 2861 1835 2935; baseline -0.005 -13"><span class='ocrx_word' id='word_1_228' title='bbox 253 2868 449 2923; x_wconf 87' lang='lat' dir='ltr'><strong><em>bonum</em></strong></span> <span class='ocrx_word' id='word_1_229' title='bbox 486 2876 603 2930; x_wconf 87' lang='lat' dir='ltr'><strong><em>est;</em></strong></span> <span class='ocrx_word' id='word_1_230' title='bbox 644 2875 817 2919; x_wconf 89' lang='lat' dir='ltr'><strong><em>tamen</em></strong></span> <span class='ocrx_word' id='word_1_231' title='bbox 859 2865 981 2935; x_wconf 85' lang='lat' dir='ltr'><strong><em>quia</em></strong></span> <span class='ocrx_word' id='word_1_232' title='bbox 1011 2864 1111 2918; x_wconf 84' lang='lat' dir='ltr'><strong><em>lixa</em></strong></span> <span class='ocrx_word' id='word_1_233' title='bbox 1152 2862 1422 2918; x_wconf 82' lang='lat' dir='ltr'><strong><em>radicibus</em></strong></span> <span class='ocrx_word' id='word_1_234' title='bbox 1462 2861 1835 2917; x_wconf 85' lang='lat' dir='ltr'><strong><em>continuantur</em></strong></span> 
     </span>
    </p>
   </div>
   <div class='ocr_carea' id='block_1_30' title="bbox 252 2950 1835 3024">
    <p class='ocr_par' dir='ltr' id='par_1_30' title="bbox 252 2950 1835 3024">
     <span class='ocr_line' id='line_1_30' title="bbox 252 2950 1835 3024; baseline -0.006 -11"><span class='ocrx_word' id='word_1_235' title='bbox 252 2958 405 3013; x_wconf 87' lang='lat' dir='ltr'><strong><em>terris</em></strong></span> <span class='ocrx_word' id='word_1_236' title='bbox 432 2965 493 3011; x_wconf 93' lang='lat' dir='ltr'><strong><em>et</em></strong></span> <span class='ocrx_word' id='word_1_237' title='bbox 518 2963 905 3011; x_wconf 88' lang='lat' dir='ltr'><strong><em>connectuntur</em></strong></span> <span class='ocrx_word' id='word_1_238' title='bbox 927 2997 942 3021; x_wconf 93' lang='lat'><strong><em>,</em></strong></span> <span class='ocrx_word' id='word_1_239' title='bbox 969 2955 1065 3009; x_wconf 79' lang='lat' dir='ltr'><strong><em>iSta</em></strong></span> <span class='ocrx_word' id='word_1_240' title='bbox 1091 2969 1303 3024; x_wconf 88' lang='lat' dir='ltr'><strong><em>quoque</em></strong></span> <span class='ocrx_word' id='word_1_241' title='bbox 1328 2952 1395 3008; x_wconf 87' lang='lat' dir='ltr'><strong><em>ad</em></strong></span> <span class='ocrx_word' id='word_1_242' title='bbox 1420 2951 1667 3009; x_wconf 88' lang='lat' dir='ltr'><strong><em>eumdem</em></strong></span> <span class='ocrx_word' id='word_1_243' title='bbox 1691 2950 1835 3006; x_wconf 88' lang='lat' dir='ltr'><strong><em>diem</em></strong></span> 
     </span>
    </p>
   </div>
   <div class='ocr_carea' id='block_1_31' title="bbox 255 3049 791 3119">
    <p class='ocr_par' dir='ltr' id='par_1_31' title="bbox 255 3049 791 3119">
     <span class='ocr_line' id='line_1_31' title="bbox 255 3049 791 3119; baseline -0.006 -13"><span class='ocrx_word' id='word_1_244' title='bbox 255 3052 523 3119; x_wconf 83' lang='lat' dir='ltr'><strong><em>pertinere</em></strong></span> <span class='ocrx_word' id='word_1_245' title='bbox 550 3049 791 3103; x_wconf 83' lang='lat' dir='ltr'><strong><em>voluerit.</em></strong></span> 
     </span>
    </p>
   </div>
   <div class='ocr_carea' id='block_1_32' title="bbox 254 3139 1837 3205">
    <p class='ocr_par' dir='ltr' id='par_1_32' title="bbox 254 3139 1837 3205">
     <span class='ocr_line' id='line_1_32' title="bbox 254 3139 1837 3205; baseline -0.003 -9"><span class='ocrx_word' id='word_1_246' title='bbox 254 3140 487 3197; x_wconf 77' lang='lat' dir='ltr'><strong><em>CAPUT</em></strong></span> <span class='ocrx_word' id='word_1_247' title='bbox 526 3141 663 3196; x_wconf 78' lang='lat' dir='ltr'>XIII.</span> <span class='ocrx_word' id='word_1_248' title='bbox 686 3170 758 3181; x_wconf 95' lang='lat'>—</span> <span class='ocrx_word' id='word_1_249' title='bbox 778 3139 857 3193; x_wconf 90' lang='lat' dir='ltr'><strong><em>De</em></strong></span> <span class='ocrx_word' id='word_1_250' title='bbox 880 3157 1007 3194; x_wconf 87' lang='lat' dir='ltr'><strong><em>vers.</em></strong></span> <span class='ocrx_word' id='word_1_251' title='bbox 1052 3141 1137 3203; x_wconf 74' lang='grc'><strong><em>14,</em></strong></span> <span class='ocrx_word' id='word_1_252' title='bbox 1179 3140 1243 3195; x_wconf 82' lang='grc'>15</span> <span class='ocrx_word' id='word_1_253' title='bbox 1262 3180 1276 3203; x_wconf 90' lang='grc'><strong><em>,</em></strong></span> <span class='ocrx_word' id='word_1_254' title='bbox 1304 3148 1427 3205; x_wconf 87' lang='lat' dir='ltr'><strong><em>etc.,</em></strong></span> <span class='ocrx_word' id='word_1_255' title='bbox 1453 3156 1543 3194; x_wconf 88' lang='lat' dir='ltr'><strong><em>cur</em></strong></span> <span class='ocrx_word' id='word_1_256' title='bbox 1564 3139 1837 3193; x_wconf 86' lang='lat' dir='ltr'><strong><em>luminaria</em></strong></span> 
     </span>
    </p>
   </div>
   <div class='ocr_carea' id='block_1_33' title="bbox 766 3211 1289 3282">
    <p class='ocr_par' dir='ltr' id='par_1_33' title="bbox 766 3211 1289 3282">
     <span class='ocr_line' id='line_1_33' title="bbox 766 3211 1289 3282; baseline -0.004 -18"><span class='ocrx_word' id='word_1_257' title='bbox 766 3211 848 3264; x_wconf 89' lang='lat' dir='ltr'><strong><em>die</em></strong></span> <span class='ocrx_word' id='word_1_258' title='bbox 868 3219 1045 3282; x_wconf 86' lang='lat' dir='ltr'><strong><em>quarto</em></strong></span> <span class='ocrx_word' id='word_1_259' title='bbox 1069 3212 1289 3263; x_wconf 86' lang='lat' dir='ltr'><strong><em>condita.</em></strong></span> 
     </span>
    </p>
   </div>
   <div class='ocr_carea' id='block_1_34' title="bbox 318 3299 1837 3368">
    <p class='ocr_par' dir='ltr' id='par_1_34' title="bbox 318 3299 1837 3368">
     <span class='ocr_line' id='line_1_34' title="bbox 318 3299 1837 3368; baseline -0.002 -13"><span class='ocrx_word' id='word_1_260' title='bbox 318 3301 407 3355; x_wconf 77' lang='lat'><strong><em>26.</em></strong></span> <span class='ocrx_word' id='word_1_261' title='bbox 447 3300 510 3353; x_wconf 86' lang='lat' dir='ltr'><strong><em>Et</em></strong></span> <span class='ocrx_word' id='word_1_262' title='bbox 548 3302 677 3354; x_wconf 77' lang='lat' dir='ltr'><strong><em>dixit</em></strong></span> <span class='ocrx_word' id='word_1_263' title='bbox 723 3300 876 3366; x_wconf 87' lang='lat' dir='ltr'><strong><em>Deus,</em></strong></span> <span class='ocrx_word' id='word_1_264' title='bbox 924 3299 1079 3355; x_wconf 82' lang='lat' dir='ltr'><strong><em>Fiant</em></strong></span> <span class='ocrx_word' id='word_1_265' title='bbox 1115 3301 1389 3354; x_wconf 87' lang='lat' dir='ltr'><strong><em>luminaria</em></strong></span> <span class='ocrx_word' id='word_1_266' title='bbox 1426 3301 1479 3353; x_wconf 91' lang='lat' dir='ltr'><strong><em>in</em></strong></span> <span class='ocrx_word' id='word_1_267' title='bbox 1517 3300 1837 3368; x_wconf 82' lang='lat' dir='ltr'><strong><em>ﬁrmamento</em></strong></span> 
     </span>
    </p>
   </div>
   <div class='ocr_carea' id='block_1_35' title="bbox 256 3390 1838 3461">
    <p class='ocr_par' dir='ltr' id='par_1_35' title="bbox 256 3390 1838 3461">
     <span class='ocr_line' id='line_1_35' title="bbox 256 3390 1838 3461; baseline -0.001 -17"><span class='ocrx_word' id='word_1_268' title='bbox 256 3391 361 3444; x_wconf 80' lang='lat' dir='ltr'><strong><em>cteli</em></strong></span> <span class='ocrx_word' id='word_1_269' title='bbox 386 3394 430 3459; x_wconf 80' lang='grc'>³,</span> <span class='ocrx_word' id='word_1_270' title='bbox 464 3399 517 3444; x_wconf 83' lang='grc' dir='ltr'><strong><em>ιιι</em></strong></span> <span class='ocrx_word' id='word_1_271' title='bbox 543 3391 741 3445; x_wconf 81' lang='lat' dir='ltr'><strong><em>luceant</em></strong></span> <span class='ocrx_word' id='word_1_272' title='bbox 770 3407 922 3461; x_wconf 81' lang='lat' dir='ltr'><strong><em>super</em></strong></span> <span class='ocrx_word' id='word_1_273' title='bbox 951 3400 1160 3456; x_wconf 86' lang='lat' dir='ltr'><strong><em>terram,</em></strong></span> <span class='ocrx_word' id='word_1_274' title='bbox 1194 3391 1245 3443; x_wconf 88' lang='lat' dir='ltr'><strong><em>in</em></strong></span> <span class='ocrx_word' id='word_1_275' title='bbox 1274 3390 1642 3443; x_wconf 80' lang='lat' dir='ltr'><strong><em>inchoationem</em></strong></span> <span class='ocrx_word' id='word_1_276' title='bbox 1672 3390 1770 3442; x_wconf 86' lang='lat' dir='ltr'><strong><em>diei</em></strong></span> <span class='ocrx_word' id='word_1_277' title='bbox 1791 3398 1838 3443; x_wconf 84' lang='lat' dir='ltr'><strong><em>et</em></strong></span> 
     </span>
    </p>
   </div>
   <div class='ocr_carea' id='block_1_36' title="bbox 257 3480 1838 3545">
    <p class='ocr_par' dir='ltr' id='par_1_36' title="bbox 257 3480 1838 3545">
     <span class='ocr_line' id='line_1_36' title="bbox 257 3480 1838 3545; baseline -0.001 -10"><span class='ocrx_word' id='word_1_278' title='bbox 257 3484 432 3545; x_wconf 84' lang='lat' dir='ltr'><strong><em>noctis,</em></strong></span> <span class='ocrx_word' id='word_1_279' title='bbox 474 3491 519 3536; x_wconf 89' lang='lat' dir='ltr'><strong><em>et</em></strong></span> <span class='ocrx_word' id='word_1_280' title='bbox 546 3490 599 3534; x_wconf 88' lang='lat' dir='ltr'><strong><em>ut</em></strong></span> <span class='ocrx_word' id='word_1_281' title='bbox 628 3482 854 3535; x_wconf 84' lang='lat' dir='ltr'><strong><em>dividant</em></strong></span> <span class='ocrx_word' id='word_1_282' title='bbox 881 3483 1012 3535; x_wconf 87' lang='lat' dir='ltr'><strong><em>inter</em></strong></span> <span class='ocrx_word' id='word_1_283' title='bbox 1036 3481 1169 3534; x_wconf 89' lang='lat' dir='ltr'><strong><em>diem</em></strong></span> <span class='ocrx_word' id='word_1_284' title='bbox 1205 3489 1252 3534; x_wconf 88' lang='lat' dir='ltr'><strong><em>et</em></strong></span> <span class='ocrx_word' id='word_1_285' title='bbox 1289 3489 1512 3544; x_wconf 86' lang='lat' dir='ltr'><strong><em>noctem;</em></strong></span> <span class='ocrx_word' id='word_1_286' title='bbox 1555 3489 1603 3534; x_wconf 87' lang='lat' dir='ltr'><strong><em>et</em></strong></span> <span class='ocrx_word' id='word_1_287' title='bbox 1644 3480 1744 3533; x_wconf 88' lang='lat' dir='ltr'><strong><em>sint</em></strong></span> <span class='ocrx_word' id='word_1_288' title='bbox 1784 3481 1838 3534; x_wconf 90' lang='lat' dir='ltr'><strong><em>in</em></strong></span> 
     </span>
    </p>
   </div>
   <div class='ocr_carea' id='block_1_37' title="bbox 257 3570 1839 3643">
    <p class='ocr_par' dir='ltr' id='par_1_37' title="bbox 257 3570 1839 3643">
     <span class='ocr_line' id='line_1_37' title="bbox 257 3570 1839 3643; baseline -0.001 -18"><span class='ocrx_word' id='word_1_289' title='bbox 257 3574 392 3643; x_wconf 87' lang='lat' dir='ltr'><strong><em>signa</em></strong></span> <span class='ocrx_word' id='word_1_290' title='bbox 450 3582 497 3626; x_wconf 89' lang='lat' dir='ltr'><strong><em>et</em></strong></span> <span class='ocrx_word' id='word_1_291' title='bbox 548 3582 805 3643; x_wconf 88' lang='lat' dir='ltr'><strong><em>tempora,</em></strong></span> <span class='ocrx_word' id='word_1_292' title='bbox 852 3581 899 3625; x_wconf 89' lang='lat' dir='ltr'><strong><em>et</em></strong></span> <span class='ocrx_word' id='word_1_293' title='bbox 927 3572 979 3625; x_wconf 86' lang='lat' dir='ltr'><strong><em>in</em></strong></span> <span class='ocrx_word' id='word_1_294' title='bbox 1003 3572 1128 3636; x_wconf 87' lang='lat' dir='ltr'><strong><em>dies,</em></strong></span> <span class='ocrx_word' id='word_1_295' title='bbox 1161 3581 1206 3624; x_wconf 87' lang='lat' dir='ltr'><strong><em>et</em></strong></span> <span class='ocrx_word' id='word_1_296' title='bbox 1245 3572 1299 3625; x_wconf 90' lang='lat' dir='ltr'><strong><em>in</em></strong></span> <span class='ocrx_word' id='word_1_297' title='bbox 1342 3587 1521 3633; x_wconf 89' lang='lat' dir='ltr'><strong><em>annos,</em></strong></span> <span class='ocrx_word' id='word_1_298' title='bbox 1554 3578 1600 3625; x_wconf 88' lang='lat' dir='ltr'><strong><em>et</em></strong></span> <span class='ocrx_word' id='word_1_299' title='bbox 1637 3570 1736 3624; x_wconf 85' lang='lat' dir='ltr'><strong><em>sint</em></strong></span> <span class='ocrx_word' id='word_1_300' title='bbox 1785 3571 1839 3624; x_wconf 87' lang='lat' dir='ltr'><strong><em>in</em></strong></span> 
     </span>
    </p>
   </div>
   <div class='ocr_carea' id='block_1_38' title="bbox 258 3663 1834 3734">
    <p class='ocr_par' dir='ltr' id='par_1_38' title="bbox 258 3663 1834 3734">
     <span class='ocr_line' id='line_1_38' title="bbox 258 3663 1834 3734; baseline -0.001 -18"><span class='ocrx_word' id='word_1_301' title='bbox 258 3665 574 3734; x_wconf 86' lang='lat' dir='ltr'><strong><em>splendorem</em></strong></span> <span class='ocrx_word' id='word_1_302' title='bbox 596 3665 646 3717; x_wconf 87' lang='lat' dir='ltr'><strong><em>in</em></strong></span> <span class='ocrx_word' id='word_1_303' title='bbox 671 3665 987 3733; x_wconf 81' lang='lat' dir='ltr'><strong><em>ﬁrmamento</em></strong></span> <span class='ocrx_word' id='word_1_304' title='bbox 1013 3663 1144 3726; x_wconf 74' lang='lat' dir='ltr'><strong><em>cmli,</em></strong></span> <span class='ocrx_word' id='word_1_305' title='bbox 1165 3672 1219 3716; x_wconf 90' lang='lat' dir='ltr'><strong><em>ut</em></strong></span> <span class='ocrx_word' id='word_1_306' title='bbox 1240 3663 1438 3717; x_wconf 88' lang='lat' dir='ltr'><strong><em>luceant</em></strong></span> <span class='ocrx_word' id='word_1_307' title='bbox 1459 3678 1611 3731; x_wconf 83' lang='lat' dir='ltr'><strong><em>super</em></strong></span> <span class='ocrx_word' id='word_1_308' title='bbox 1630 3670 1834 3714; x_wconf 88' lang='lat' dir='ltr'><strong><em>terram.</em></strong></span> 
     </span>
    </p>
   </div>
   <div class='ocr_carea' id='block_1_39' title="bbox 263 3752 1838 3828">
    <p class='ocr_par' dir='ltr' id='par_1_39' title="bbox 263 3752 1838 3828">
     <span class='ocr_line' id='line_1_39' title="bbox 263 3752 1838 3828; baseline -0.003 -21"><span class='ocrx_word' id='word_1_309' title='bbox 263 3754 323 3808; x_wconf 81' lang='lat' dir='ltr'><strong><em>Et</em></strong></span> <span class='ocrx_word' id='word_1_310' title='bbox 341 3760 538 3828; x_wconf 83' lang='lat' dir='ltr'><strong><em>factum</em></strong></span> <span class='ocrx_word' id='word_1_311' title='bbox 564 3764 634 3810; x_wconf 84' lang='lat' dir='ltr'><strong><em>est</em></strong></span> <span class='ocrx_word' id='word_1_312' title='bbox 661 3755 752 3809; x_wconf 83' lang='lat' dir='ltr'><strong><em>sic.</em></strong></span> <span class='ocrx_word' id='word_1_313' title='bbox 785 3752 852 3807; x_wconf 87' lang='lat' dir='ltr'><strong><em>Et</em></strong></span> <span class='ocrx_word' id='word_1_314' title='bbox 876 3754 992 3823; x_wconf 78' lang='lat' dir='ltr'><strong><em>fecit</em></strong></span> <span class='ocrx_word' id='word_1_315' title='bbox 1021 3752 1157 3806; x_wconf 87' lang='lat' dir='ltr'><strong><em>Deus</em></strong></span> <span class='ocrx_word' id='word_1_316' title='bbox 1185 3753 1284 3805; x_wconf 88' lang='lat' dir='ltr'><strong><em>duo</em></strong></span> <span class='ocrx_word' id='word_1_317' title='bbox 1311 3752 1580 3805; x_wconf 87' lang='lat' dir='ltr'><strong><em>luminaria</em></strong></span> <span class='ocrx_word' id='word_1_318' title='bbox 1613 3767 1797 3819; x_wconf 89' lang='lat' dir='ltr'><strong><em>magna</em></strong></span> <span class='ocrx_word' id='word_1_319' title='bbox 1818 3766 1838 3813; x_wconf 87' lang='lat'><strong><em>;</em></strong></span> 
     </span>
    </p>
   </div>
   <div class='ocr_carea' id='block_1_40' title="bbox 261 3844 1839 3918">
    <p class='ocr_par' dir='ltr' id='par_1_40' title="bbox 261 3844 1839 3918">
     <span class='ocr_line' id='line_1_40' title="bbox 261 3844 1839 3918; baseline -0.003 -18"><span class='ocrx_word' id='word_1_320' title='bbox 261 3847 511 3902; x_wconf 86' lang='lat' dir='ltr'><strong><em>luminare</em></strong></span> <span class='ocrx_word' id='word_1_321' title='bbox 532 3848 699 3918; x_wconf 85' lang='lat' dir='ltr'><strong><em>majus</em></strong></span> <span class='ocrx_word' id='word_1_322' title='bbox 722 3847 773 3900; x_wconf 91' lang='lat' dir='ltr'><strong><em>in</em></strong></span> <span class='ocrx_word' id='word_1_323' title='bbox 799 3845 1167 3899; x_wconf 81' lang='lat' dir='ltr'><strong><em>inchoationem</em></strong></span> <span class='ocrx_word' id='word_1_324' title='bbox 1192 3845 1309 3909; x_wconf 84' lang='lat' dir='ltr'><strong><em>dici,</em></strong></span> <span class='ocrx_word' id='word_1_325' title='bbox 1336 3854 1384 3899; x_wconf 90' lang='lat' dir='ltr'><strong><em>et</em></strong></span> <span class='ocrx_word' id='word_1_326' title='bbox 1410 3844 1655 3897; x_wconf 88' lang='lat' dir='ltr'><strong><em>luminare</em></strong></span> <span class='ocrx_word' id='word_1_327' title='bbox 1674 3844 1839 3896; x_wconf 88' lang='lat' dir='ltr'><strong><em>minus</em></strong></span> 
     </span>
    </p>
   </div>
   <div class='ocr_carea' id='block_1_41' title="bbox 260 3933 1839 4005">
    <p class='ocr_par' dir='ltr' id='par_1_41' title="bbox 260 3933 1839 4005">
     <span class='ocr_line' id='line_1_41' title="bbox 260 3933 1839 4005; baseline -0.002 -14"><span class='ocrx_word' id='word_1_328' title='bbox 260 3938 309 3992; x_wconf 87' lang='lat' dir='ltr'><strong><em>in</em></strong></span> <span class='ocrx_word' id='word_1_329' title='bbox 336 3938 706 3993; x_wconf 81' lang='lat' dir='ltr'><strong><em>inchoationem</em></strong></span> <span class='ocrx_word' id='word_1_330' title='bbox 735 3938 930 4000; x_wconf 86' lang='lat' dir='ltr'><strong><em>noctis;</em></strong></span> <span class='ocrx_word' id='word_1_331' title='bbox 959 3946 1003 3989; x_wconf 89' lang='lat' dir='ltr'><strong><em>et</em></strong></span> <span class='ocrx_word' id='word_1_332' title='bbox 1032 3935 1203 3991; x_wconf 84' lang='lat' dir='ltr'><strong><em>stellas</em></strong></span> <span class='ocrx_word' id='word_1_333' title='bbox 1227 3952 1245 3989; x_wconf 88' lang='lat'><strong><em>:</em></strong></span> <span class='ocrx_word' id='word_1_334' title='bbox 1269 3944 1313 3989; x_wconf 86' lang='lat' dir='ltr'><strong><em>et</em></strong></span> <span class='ocrx_word' id='word_1_335' title='bbox 1340 3936 1505 4005; x_wconf 86' lang='lat' dir='ltr'><strong><em>posuit</em></strong></span> <span class='ocrx_word' id='word_1_336' title='bbox 1541 3952 1602 3989; x_wconf 88' lang='lat' dir='ltr'><strong><em>ea</em></strong></span> <span class='ocrx_word' id='word_1_337' title='bbox 1636 3937 1657 3966; x_wconf 81' lang='grc'><strong><em>⁸</em></strong></span> <span class='ocrx_word' id='word_1_338' title='bbox 1701 3933 1839 3989; x_wconf 87' lang='lat' dir='ltr'><strong><em>Deus</em></strong></span> 
     </span>
    </p>
   </div>
   <div class='ocr_carea' id='block_1_42' title="bbox 263 4024 1839 4098">
    <p class='ocr_par' dir='ltr' id='par_1_42' title="bbox 263 4024 1839 4098">
     <span class='ocr_line' id='line_1_42' title="bbox 263 4024 1839 4098; baseline -0.003 -17"><span class='ocrx_word' id='word_1_339' title='bbox 263 4029 311 4082; x_wconf 89' lang='lat' dir='ltr'><strong><em>in</em></strong></span> <span class='ocrx_word' id='word_1_340' title='bbox 339 4030 657 4098; x_wconf 77' lang='lat' dir='ltr'><strong><em>ﬁrmamento</em></strong></span> <span class='ocrx_word' id='word_1_341' title='bbox 683 4027 812 4091; x_wconf 72' lang='lat' dir='ltr'><strong><em>caeli,</em></strong></span> <span class='ocrx_word' id='word_1_342' title='bbox 841 4036 895 4079; x_wconf 88' lang='lat' dir='ltr'><strong><em>ut</em></strong></span> <span class='ocrx_word' id='word_1_343' title='bbox 920 4028 1117 4080; x_wconf 87' lang='lat' dir='ltr'><strong><em>luceant</em></strong></span> <span class='ocrx_word' id='word_1_344' title='bbox 1142 4042 1293 4096; x_wconf 90' lang='lat' dir='ltr'><strong><em>super</em></strong></span> <span class='ocrx_word' id='word_1_345' title='bbox 1326 4036 1530 4090; x_wconf 84' lang='lat' dir='ltr'><strong><em>terram,</em></strong></span> <span class='ocrx_word' id='word_1_346' title='bbox 1560 4033 1605 4078; x_wconf 88' lang='lat' dir='ltr'><strong><em>et</em></strong></span> <span class='ocrx_word' id='word_1_347' title='bbox 1645 4033 1698 4077; x_wconf 92' lang='lat' dir='ltr'><strong><em>ut</em></strong></span> <span class='ocrx_word' id='word_1_348' title='bbox 1739 4024 1839 4077; x_wconf 87' lang='lat' dir='ltr'><strong><em>sint</em></strong></span> 
     </span>
    </p>
   </div>
   <div class='ocr_carea' id='block_1_43' title="bbox 264 4118 1840 4193">
    <p class='ocr_par' dir='ltr' id='par_1_43' title="bbox 264 4118 1840 4193">
     <span class='ocr_line' id='line_1_43' title="bbox 264 4118 1840 4193; baseline -0.001 -21"><span class='ocrx_word' id='word_1_349' title='bbox 264 4121 313 4174; x_wconf 90' lang='lat' dir='ltr'><strong><em>in</em></strong></span> <span class='ocrx_word' id='word_1_350' title='bbox 338 4120 710 4174; x_wconf 72' lang='lat' dir='ltr'><strong><em>inchoationem</em></strong></span> <span class='ocrx_word' id='word_1_351' title='bbox 740 4119 840 4172; x_wconf 88' lang='lat' dir='ltr'><strong><em>diei</em></strong></span> <span class='ocrx_word' id='word_1_352' title='bbox 865 4128 909 4171; x_wconf 85' lang='lat' dir='ltr'><strong><em>et</em></strong></span> <span class='ocrx_word' id='word_1_353' title='bbox 935 4119 1112 4190; x_wconf 60' lang='lat' dir='ltr'><strong><em>noctis,</em></strong></span> <span class='ocrx_word' id='word_1_354' title='bbox 1138 4127 1181 4173; x_wconf 88' lang='lat' dir='ltr'><strong><em>et</em></strong></span> <span class='ocrx_word' id='word_1_355' title='bbox 1208 4127 1261 4171; x_wconf 91' lang='lat' dir='ltr'><strong><em>ut</em></strong></span> <span class='ocrx_word' id='word_1_356' title='bbox 1286 4118 1511 4171; x_wconf 84' lang='lat' dir='ltr'><strong><em>dividant</em></strong></span> <span class='ocrx_word' id='word_1_357' title='bbox 1531 4118 1659 4170; x_wconf 86' lang='lat' dir='ltr'><strong><em>inter</em></strong></span> <span class='ocrx_word' id='word_1_358' title='bbox 1679 4118 1840 4193; x_wconf 75' lang='lat' dir='ltr'><strong><em>lucent</em></strong></span> 
     </span>
    </p>
   </div>
   <div class='ocr_carea' id='block_1_44' title="bbox 264 4208 1841 4283">
    <p class='ocr_par' dir='ltr' id='par_1_44' title="bbox 264 4208 1841 4283">
     <span class='ocr_line' id='line_1_44' title="bbox 264 4208 1841 4283; baseline -0.001 -18"><span class='ocrx_word' id='word_1_359' title='bbox 264 4222 306 4265; x_wconf 90' lang='lat' dir='ltr'><strong><em>et</em></strong></span> <span class='ocrx_word' id='word_1_360' title='bbox 333 4214 585 4268; x_wconf 87' lang='lat' dir='ltr'><strong><em>tenebras.</em></strong></span> <span class='ocrx_word' id='word_1_361' title='bbox 625 4210 695 4264; x_wconf 86' lang='lat' dir='ltr'><strong><em>Et</em></strong></span> <span class='ocrx_word' id='word_1_362' title='bbox 723 4212 845 4265; x_wconf 85' lang='lat' dir='ltr'><strong><em>vidit</em></strong></span> <span class='ocrx_word' id='word_1_363' title='bbox 872 4210 1009 4265; x_wconf 84' lang='lat' dir='ltr'><strong><em>Deus</em></strong></span> <span class='ocrx_word' id='word_1_364' title='bbox 1034 4212 1151 4283; x_wconf 86' lang='lat' dir='ltr'><strong><em>quia</em></strong></span> <span class='ocrx_word' id='word_1_365' title='bbox 1179 4210 1361 4264; x_wconf 88' lang='lat' dir='ltr'><strong><em>bonum</em></strong></span> <span class='ocrx_word' id='word_1_366' title='bbox 1385 4218 1475 4264; x_wconf 89' lang='lat' dir='ltr'><strong><em>est.</em></strong></span> <span class='ocrx_word' id='word_1_367' title='bbox 1518 4208 1585 4263; x_wconf 84' lang='lat' dir='ltr'><strong><em>Et</em></strong></span> <span class='ocrx_word' id='word_1_368' title='bbox 1611 4215 1744 4281; x_wconf 84' lang='lat' dir='ltr'><strong><em>facta</em></strong></span> <span class='ocrx_word' id='word_1_369' title='bbox 1770 4218 1841 4263; x_wconf 85' lang='lat' dir='ltr'><strong><em>est</em></strong></span> 
     </span>
    </p>
   </div>
   <div class='ocr_carea' id='block_1_45' title="bbox 263 4300 1841 4374">
    <p class='ocr_par' dir='ltr' id='par_1_45' title="bbox 263 4300 1841 4374">
     <span class='ocr_line' id='line_1_45' title="bbox 263 4300 1841 4374; baseline 0 -17"><span class='ocrx_word' id='word_1_370' title='bbox 263 4319 482 4374; x_wconf 85' lang='lat' dir='ltr'><strong><em>vespera,</em></strong></span> <span class='ocrx_word' id='word_1_371' title='bbox 506 4313 554 4357; x_wconf 89' lang='lat' dir='ltr'><strong><em>et</em></strong></span> <span class='ocrx_word' id='word_1_372' title='bbox 583 4306 771 4374; x_wconf 82' lang='lat' dir='ltr'><strong><em>factum</em></strong></span> <span class='ocrx_word' id='word_1_373' title='bbox 799 4312 871 4357; x_wconf 83' lang='lat' dir='ltr'><strong><em>est</em></strong></span> <span class='ocrx_word' id='word_1_374' title='bbox 893 4319 1041 4357; x_wconf 89' lang='lat' dir='ltr'><strong><em>mane</em></strong></span> <span class='ocrx_word' id='word_1_375' title='bbox 1062 4302 1168 4356; x_wconf 86' lang='lat' dir='ltr'><strong><em>dies</em></strong></span> <span class='ocrx_word' id='word_1_376' title='bbox 1191 4310 1415 4372; x_wconf 86' lang='lat' dir='ltr'><strong><em>quartus.</em></strong></span> <span class='ocrx_word' id='word_1_377' title='bbox 1446 4300 1502 4355; x_wconf 91' lang='lat' dir='ltr'><strong><em>In</em></strong></span> <span class='ocrx_word' id='word_1_378' title='bbox 1531 4300 1631 4357; x_wconf 87' lang='lat' dir='ltr'><strong><em>hoc</em></strong></span> <span class='ocrx_word' id='word_1_379' title='bbox 1650 4310 1841 4372; x_wconf 89' lang='lat' dir='ltr'><strong><em>quarto</em></strong></span> 
     </span>
    </p>
   </div>
   <div class='ocr_carea' id='block_1_46' title="bbox 265 4394 1842 4468">
    <p class='ocr_par' dir='ltr' id='par_1_46' title="bbox 265 4394 1842 4468">
     <span class='ocr_line' id='line_1_46' title="bbox 265 4394 1842 4468; baseline 0.001 -19"><span class='ocrx_word' id='word_1_380' title='bbox 265 4394 344 4451; x_wconf 86' lang='lat' dir='ltr'><strong><em>die</em></strong></span> <span class='ocrx_word' id='word_1_381' title='bbox 372 4395 716 4468; x_wconf 70' lang='lat' dir='ltr'><strong><em>quarrendum</em></strong></span> <span class='ocrx_word' id='word_1_382' title='bbox 758 4404 857 4461; x_wconf 89' lang='lat' dir='ltr'><strong><em>est,</em></strong></span> <span class='ocrx_word' id='word_1_383' title='bbox 890 4394 1017 4465; x_wconf 90' lang='lat' dir='ltr'><strong><em>quid</em></strong></span> <span class='ocrx_word' id='word_1_384' title='bbox 1045 4394 1147 4449; x_wconf 90' lang='lat' dir='ltr'><strong><em>sibi</em></strong></span> <span class='ocrx_word' id='word_1_385' title='bbox 1176 4395 1303 4450; x_wconf 87' lang='lat' dir='ltr'><strong><em>velit</em></strong></span> <span class='ocrx_word' id='word_1_386' title='bbox 1332 4394 1431 4449; x_wconf 88' lang='lat' dir='ltr'><strong><em>ista</em></strong></span> <span class='ocrx_word' id='word_1_387' title='bbox 1464 4395 1750 4463; x_wconf 86' lang='lat' dir='ltr'><strong><em>ordinatio,</em></strong></span> <span class='ocrx_word' id='word_1_388' title='bbox 1783 4404 1842 4450; x_wconf 92' lang='lat' dir='ltr'><strong><em>ut</em></strong></span> 
     </span>
    </p>
   </div>
   <div class='ocr_carea' id='block_1_47' title="bbox 268 4488 1837 4559">
    <p class='ocr_par' dir='ltr' id='par_1_47' title="bbox 268 4488 1837 4559">
     <span class='ocr_line' id='line_1_47' title="bbox 268 4488 1837 4559; baseline -0.001 -17"><span class='ocrx_word' id='word_1_389' title='bbox 268 4490 407 4556; x_wconf 88' lang='lat' dir='ltr'><strong><em>prius</em></strong></span> <span class='ocrx_word' id='word_1_390' title='bbox 432 4490 514 4543; x_wconf 89' lang='lat' dir='ltr'><strong><em>vel</em></strong></span> <span class='ocrx_word' id='word_1_391' title='bbox 559 4489 766 4555; x_wconf 81' lang='lat' dir='ltr'><strong><em>tierent,</em></strong></span> <span class='ocrx_word' id='word_1_392' title='bbox 810 4488 894 4543; x_wconf 90' lang='lat' dir='ltr'><strong><em>vel</em></strong></span> <span class='ocrx_word' id='word_1_393' title='bbox 924 4496 1334 4543; x_wconf 88' lang='lat' dir='ltr'><strong><em>sccernerentur</em></strong></span> <span class='ocrx_word' id='word_1_394' title='bbox 1375 4502 1512 4559; x_wconf 91' lang='lat' dir='ltr'><strong><em>aqua</em></strong></span> <span class='ocrx_word' id='word_1_395' title='bbox 1561 4496 1615 4543; x_wconf 91' lang='lat' dir='ltr'><strong><em>et</em></strong></span> <span class='ocrx_word' id='word_1_396' title='bbox 1656 4497 1794 4542; x_wconf 90' lang='lat' dir='ltr'><strong><em>terra</em></strong></span> <span class='ocrx_word' id='word_1_397' title='bbox 1822 4529 1837 4551; x_wconf 93' lang='lat'><strong><em>,</em></strong></span> 
     </span>
    </p>
   </div>
   <div class='ocr_carea' id='block_1_48' title="bbox 271 4579 1842 4651">
    <p class='ocr_par' dir='ltr' id='par_1_48' title="bbox 271 4579 1842 4651">
     <span class='ocr_line' id='line_1_48' title="bbox 271 4579 1842 4651; baseline 0.003 -20"><span class='ocrx_word' id='word_1_398' title='bbox 271 4580 513 4649; x_wconf 84' lang='lat' dir='ltr'><strong><em>priusque</em></strong></span> <span class='ocrx_word' id='word_1_399' title='bbox 544 4588 683 4635; x_wconf 89' lang='lat' dir='ltr'><strong><em>terra</em></strong></span> <span class='ocrx_word' id='word_1_400' title='bbox 723 4579 1068 4651; x_wconf 86' lang='lat' dir='ltr'><strong><em>germinaret,</em></strong></span> <span class='ocrx_word' id='word_1_401' title='bbox 1095 4594 1252 4649; x_wconf 89' lang='lat' dir='ltr'><strong><em>quam</em></strong></span> <span class='ocrx_word' id='word_1_402' title='bbox 1288 4579 1340 4634; x_wconf 92' lang='lat' dir='ltr'><strong><em>in</em></strong></span> <span class='ocrx_word' id='word_1_403' title='bbox 1380 4580 1516 4634; x_wconf 66' lang='lat' dir='ltr'><strong><em>coelo</em></strong></span> <span class='ocrx_word' id='word_1_404' title='bbox 1543 4579 1717 4634; x_wconf 85' lang='lat' dir='ltr'><strong><em>sidera</em></strong></span> <span class='ocrx_word' id='word_1_405' title='bbox 1748 4581 1842 4635; x_wconf 83' lang='lat' dir='ltr'><strong><em>lie—</em></strong></span> 
     </span>
    </p>
   </div>
   <div class='ocr_carea' id='block_1_49' title="bbox 269 4668 1842 4741">
    <p class='ocr_par' dir='ltr' id='par_1_49' title="bbox 269 4668 1842 4741">
     <span class='ocr_line' id='line_1_49' title="bbox 269 4668 1842 4741; baseline 0.004 -19"><span class='ocrx_word' id='word_1_406' title='bbox 269 4678 397 4724; x_wconf 79' lang='lat' dir='ltr'><strong><em>rent.</em></strong></span> <span class='ocrx_word' id='word_1_407' title='bbox 428 4670 608 4740; x_wconf 90' lang='lat' dir='ltr'><strong><em>Neque</em></strong></span> <span class='ocrx_word' id='word_1_408' title='bbox 624 4670 763 4724; x_wconf 88' lang='lat' dir='ltr'><strong><em>enim</em></strong></span> <span class='ocrx_word' id='word_1_409' title='bbox 786 4683 1069 4739; x_wconf 88' lang='lat' dir='ltr'><strong><em>possumus</em></strong></span> <span class='ocrx_word' id='word_1_410' title='bbox 1086 4668 1263 4724; x_wconf 85' lang='lat' dir='ltr'><strong><em>dicere</em></strong></span> <span class='ocrx_word' id='word_1_411' title='bbox 1282 4668 1448 4725; x_wconf 90' lang='lat' dir='ltr'><strong><em>electa</em></strong></span> <span class='ocrx_word' id='word_1_412' title='bbox 1476 4684 1595 4724; x_wconf 90' lang='lat' dir='ltr'><strong><em>esse</em></strong></span> <span class='ocrx_word' id='word_1_413' title='bbox 1618 4686 1842 4741; x_wconf 64' lang='lat' dir='ltr'><strong><em>qumque</em></strong></span> 
     </span>
    </p>
   </div>
   <div class='ocr_carea' id='block_1_50' title="bbox 272 4760 1843 4832">
    <p class='ocr_par' dir='ltr' id='par_1_50' title="bbox 272 4760 1843 4832">
     <span class='ocr_line' id='line_1_50' title="bbox 272 4760 1843 4832; baseline 0.003 -18"><span class='ocrx_word' id='word_1_414' title='bbox 272 4762 504 4826; x_wconf 85' lang='lat' dir='ltr'><strong><em>meliora,</em></strong></span> <span class='ocrx_word' id='word_1_415' title='bbox 535 4762 727 4832; x_wconf 89' lang='lat' dir='ltr'><strong><em>quibus</em></strong></span> <span class='ocrx_word' id='word_1_416' title='bbox 768 4761 974 4817; x_wconf 90' lang='lat' dir='ltr'><strong><em>dierum</em></strong></span> <span class='ocrx_word' id='word_1_417' title='bbox 1012 4761 1181 4816; x_wconf 86' lang='lat' dir='ltr'><strong><em>series</em></strong></span> <span class='ocrx_word' id='word_1_418' title='bbox 1210 4762 1279 4815; x_wconf 89' lang='lat' dir='ltr'><strong><em>ita</em></strong></span> <span class='ocrx_word' id='word_1_419' title='bbox 1307 4760 1754 4831; x_wconf 85' lang='lat' dir='ltr'><strong><em>distingueretur,</em></strong></span> <span class='ocrx_word' id='word_1_420' title='bbox 1784 4773 1843 4818; x_wconf 93' lang='lat' dir='ltr'><strong><em>ut</em></strong></span> 
     </span>
    </p>
   </div>
   <div class='ocr_carea' id='block_1_51' title="bbox 271 4850 1839 4923">
    <p class='ocr_par' dir='ltr' id='par_1_51' title="bbox 271 4850 1839 4923">
     <span class='ocr_line' id='line_1_51' title="bbox 271 4850 1839 4923; baseline 0.003 -19"><span class='ocrx_word' id='word_1_421' title='bbox 271 4850 384 4907; x_wconf 86' lang='lat' dir='ltr'><strong><em>linis</em></strong></span> <span class='ocrx_word' id='word_1_422' title='bbox 410 4864 465 4909; x_wconf 91' lang='lat' dir='ltr'><strong><em>et</em></strong></span> <span class='ocrx_word' id='word_1_423' title='bbox 493 4853 726 4908; x_wconf 88' lang='lat' dir='ltr'><strong><em>medium</em></strong></span> <span class='ocrx_word' id='word_1_424' title='bbox 762 4853 993 4907; x_wconf 80' lang='lat' dir='ltr'><strong><em>maxime</em></strong></span> <span class='ocrx_word' id='word_1_425' title='bbox 1012 4853 1251 4907; x_wconf 84' lang='lat' dir='ltr'><strong><em>ornatius</em></strong></span> <span class='ocrx_word' id='word_1_426' title='bbox 1272 4852 1571 4907; x_wconf 89' lang='lat' dir='ltr'><strong><em>eminerent</em></strong></span> <span class='ocrx_word' id='word_1_427' title='bbox 1595 4869 1608 4907; x_wconf 90' lang='lat'><strong>:</strong></span> <span class='ocrx_word' id='word_1_428' title='bbox 1635 4863 1839 4923; x_wconf 89' lang='lat' dir='ltr'><strong><em>septem</em></strong></span> 
     </span>
    </p>
   </div>
   <div class='ocr_carea' id='block_1_52' title="bbox 272 4945 1840 5017">
    <p class='ocr_par' dir='ltr' id='par_1_52' title="bbox 272 4945 1840 5017">
     <span class='ocr_line' id='line_1_52' title="bbox 272 4945 1840 5017; baseline 0.003 -20"><span class='ocrx_word' id='word_1_429' title='bbox 272 4946 455 5017; x_wconf 74' lang='lat' dir='ltr'><strong><em>quippe</em></strong></span> <span class='ocrx_word' id='word_1_430' title='bbox 503 4946 708 5001; x_wconf 89' lang='lat' dir='ltr'><strong><em>dierum</em></strong></span> <span class='ocrx_word' id='word_1_431' title='bbox 747 4945 951 5002; x_wconf 90' lang='lat' dir='ltr'><strong><em>medius</em></strong></span> <span class='ocrx_word' id='word_1_432' title='bbox 993 4954 1212 5016; x_wconf 86' lang='lat' dir='ltr'><strong><em>quartus</em></strong></span> <span class='ocrx_word' id='word_1_433' title='bbox 1258 4955 1359 5001; x_wconf 91' lang='lat' dir='ltr'><strong><em>est.</em></strong></span> <span class='ocrx_word' id='word_1_434' title='bbox 1409 4945 1651 5000; x_wconf 86' lang='lat' dir='ltr'><strong><em>Occurrit</em></strong></span> <span class='ocrx_word' id='word_1_435' title='bbox 1698 4947 1840 5002; x_wconf 92' lang='lat' dir='ltr'><strong><em>enim</em></strong></span> 
     </span>
    </p>
   </div>
   <div class='ocr_carea' id='block_1_53' title="bbox 276 5034 1840 5108">
    <p class='ocr_par' dir='ltr' id='par_1_53' title="bbox 276 5034 1840 5108">
     <span class='ocr_line' id='line_1_53' title="bbox 276 5034 1840 5108; baseline 0.003 -21"><span class='ocrx_word' id='word_1_436' title='bbox 276 5034 392 5091; x_wconf 90' lang='lat' dir='ltr'><strong><em>illud</em></strong></span> <span class='ocrx_word' id='word_1_437' title='bbox 415 5040 535 5108; x_wconf 86' lang='lat' dir='ltr'><strong><em>quia</em></strong></span> <span class='ocrx_word' id='word_1_438' title='bbox 566 5038 797 5108; x_wconf 92' lang='lat' dir='ltr'><strong><em>septimo</em></strong></span> <span class='ocrx_word' id='word_1_439' title='bbox 827 5035 914 5092; x_wconf 88' lang='lat' dir='ltr'><strong><em>die</em></strong></span> <span class='ocrx_word' id='word_1_440' title='bbox 951 5052 1055 5091; x_wconf 90' lang='lat' dir='ltr'><strong><em>non</em></strong></span> <span class='ocrx_word' id='word_1_441' title='bbox 1078 5046 1159 5093; x_wconf 91' lang='lat' dir='ltr'><strong><em>est</em></strong></span> <span class='ocrx_word' id='word_1_442' title='bbox 1182 5039 1315 5092; x_wconf 83' lang='lat' dir='ltr'><strong><em>facta</em></strong></span> <span class='ocrx_word' id='word_1_443' title='bbox 1340 5037 1445 5092; x_wconf 89' lang='lat' dir='ltr'><strong><em>ulla</em></strong></span> <span class='ocrx_word' id='word_1_444' title='bbox 1466 5046 1729 5091; x_wconf 91' lang='lat' dir='ltr'><strong><em>creatura.</em></strong></span> <span class='ocrx_word' id='word_1_445' title='bbox 1758 5038 1840 5092; x_wconf 84' lang='lat' dir='ltr'><strong><em>An</em></strong></span> 
     </span>
    </p>
   </div>
   <div class='ocr_carea' id='block_1_54' title="bbox 275 5125 1840 5200">
    <p class='ocr_par' dir='ltr' id='par_1_54' title="bbox 275 5125 1840 5200">
     <span class='ocr_line' id='line_1_54' title="bbox 275 5125 1840 5200; baseline 0.004 -22"><span class='ocrx_word' id='word_1_446' title='bbox 275 5125 400 5182; x_wconf 75' lang='lat' dir='ltr'><strong><em>forte</em></strong></span> <span class='ocrx_word' id='word_1_447' title='bbox 426 5128 511 5182; x_wconf 82' lang='lat' dir='ltr'><strong><em>lux</em></strong></span> <span class='ocrx_word' id='word_1_448' title='bbox 539 5129 696 5200; x_wconf 89' lang='lat' dir='ltr'><strong><em>primi</em></strong></span> <span class='ocrx_word' id='word_1_449' title='bbox 732 5128 837 5184; x_wconf 88' lang='lat' dir='ltr'><strong><em>diei</em></strong></span> <span class='ocrx_word' id='word_1_450' title='bbox 874 5128 1040 5198; x_wconf 88' lang='lat' dir='ltr'><strong><em>magis</em></strong></span> <span class='ocrx_word' id='word_1_451' title='bbox 1067 5128 1353 5199; x_wconf 87' lang='lat' dir='ltr'><strong><em>respondet</em></strong></span> <span class='ocrx_word' id='word_1_452' title='bbox 1379 5129 1446 5184; x_wconf 91' lang='lat' dir='ltr'><strong><em>ad</em></strong></span> <span class='ocrx_word' id='word_1_453' title='bbox 1475 5129 1706 5200; x_wconf 89' lang='lat' dir='ltr'><strong><em>quietem</em></strong></span> <span class='ocrx_word' id='word_1_454' title='bbox 1735 5129 1840 5185; x_wconf 91' lang='lat' dir='ltr'><strong><em>diei</em></strong></span> 
     </span>
    </p>
   </div>
   <div class='ocr_carea' id='block_1_55' title="bbox 278 5219 1843 5288">
    <p class='ocr_par' dir='ltr' id='par_1_55' title="bbox 278 5219 1843 5288">
     <span class='ocr_line' id='line_1_55' title="bbox 278 5219 1843 5288; baseline 0.004 -18"><span class='ocrx_word' id='word_1_455' title='bbox 278 5221 509 5288; x_wconf 88' lang='lat' dir='ltr'><strong><em>septimi,</em></strong></span> <span class='ocrx_word' id='word_1_456' title='bbox 538 5230 595 5274; x_wconf 90' lang='lat' dir='ltr'><strong><em>ut</em></strong></span> <span class='ocrx_word' id='word_1_457' title='bbox 617 5234 684 5275; x_wconf 92' lang='lat' dir='ltr'><strong><em>eo</em></strong></span> <span class='ocrx_word' id='word_1_458' title='bbox 710 5219 869 5275; x_wconf 91' lang='lat' dir='ltr'><strong><em>modo</em></strong></span> <span class='ocrx_word' id='word_1_459' title='bbox 893 5220 1295 5276; x_wconf 88' lang='lat' dir='ltr'><strong><em>concinentibus</em></strong></span> <span class='ocrx_word' id='word_1_460' title='bbox 1334 5220 1528 5276; x_wconf 84' lang='lat' dir='ltr'><strong><em>ﬁnibus</em></strong></span> <span class='ocrx_word' id='word_1_461' title='bbox 1567 5222 1667 5276; x_wconf 89' lang='lat' dir='ltr'><strong><em>iste</em></strong></span> <span class='ocrx_word' id='word_1_462' title='bbox 1711 5221 1843 5277; x_wconf 89' lang='lat' dir='ltr'><strong><em>ordo</em></strong></span> 
     </span>
    </p>
   </div>
   <div class='ocr_carea' id='block_1_56' title="bbox 282 5310 1843 5378">
    <p class='ocr_par' dir='ltr' id='par_1_56' title="bbox 282 5310 1843 5378">
     <span class='ocr_line' id='line_1_56' title="bbox 282 5310 1843 5378; baseline 0.004 -17"><span class='ocrx_word' id='word_1_463' title='bbox 282 5316 491 5378; x_wconf 79' lang='lat' dir='ltr'><strong><em>texatur,</em></strong></span> <span class='ocrx_word' id='word_1_464' title='bbox 519 5311 876 5366; x_wconf 89' lang='lat' dir='ltr'><strong><em>eminentibus</em></strong></span> <span class='ocrx_word' id='word_1_465' title='bbox 914 5310 979 5366; x_wconf 92' lang='lat' dir='ltr'><strong><em>de</em></strong></span> <span class='ocrx_word' id='word_1_466' title='bbox 1018 5311 1194 5365; x_wconf 91' lang='lat' dir='ltr'><strong><em>medio</em></strong></span> <span class='ocrx_word' id='word_1_467' title='bbox 1222 5312 1509 5367; x_wconf 89' lang='lat' dir='ltr'><strong><em>luminibus</em></strong></span> <span class='ocrx_word' id='word_1_468' title='bbox 1538 5313 1700 5367; x_wconf 73' lang='lat' dir='ltr'><strong><em>cmli?</em></strong></span> <span class='ocrx_word' id='word_1_469' title='bbox 1736 5312 1843 5368; x_wconf 86' lang='lat' dir='ltr'><strong><em>Sed</em></strong></span> 
     </span>
    </p>
   </div>
   <div class='ocr_carea' id='block_1_57' title="bbox 283 5401 1841 5476">
    <p class='ocr_par' dir='ltr' id='par_1_57' title="bbox 283 5401 1841 5476">
     <span class='ocr_line' id='line_1_57' title="bbox 283 5401 1841 5476; baseline 0.004 -22"><span class='ocrx_word' id='word_1_470' title='bbox 283 5401 321 5455; x_wconf 91' lang='lat' dir='ltr'><strong><em>si</em></strong></span> <span class='ocrx_word' id='word_1_471' title='bbox 342 5404 533 5472; x_wconf 87' lang='lat' dir='ltr'><strong><em>primus</em></strong></span> <span class='ocrx_word' id='word_1_472' title='bbox 561 5403 677 5459; x_wconf 88' lang='lat' dir='ltr'><strong><em>dies</em></strong></span> <span class='ocrx_word' id='word_1_473' title='bbox 703 5405 930 5473; x_wconf 90' lang='lat' dir='ltr'><strong><em>septimo</em></strong></span> <span class='ocrx_word' id='word_1_474' title='bbox 954 5405 1203 5469; x_wconf 90' lang='lat' dir='ltr'><strong><em>concinit,</em></strong></span> <span class='ocrx_word' id='word_1_475' title='bbox 1226 5404 1386 5460; x_wconf 87' lang='lat' dir='ltr'><strong><em>debet</em></strong></span> <span class='ocrx_word' id='word_1_476' title='bbox 1412 5421 1541 5476; x_wconf 86' lang='lat' dir='ltr'><strong><em>ergo</em></strong></span> <span class='ocrx_word' id='word_1_477' title='bbox 1568 5415 1621 5461; x_wconf 89' lang='lat' dir='ltr'><strong><em>et</em></strong></span> <span class='ocrx_word' id='word_1_478' title='bbox 1649 5421 1841 5461; x_wconf 89' lang='lat' dir='ltr'><strong><em>secun-</em></strong></span> 
     </span>
    </p>
   </div>
   <div class='ocr_carea' id='block_1_58' title="bbox 284 5489 1843 5563">
    <p class='ocr_par' dir='ltr' id='par_1_58' title="bbox 284 5489 1843 5563">
     <span class='ocr_line' id='line_1_58' title="bbox 284 5489 1843 5563; baseline 0.004 -17"><span class='ocrx_word' id='word_1_479' title='bbox 284 5489 373 5549; x_wconf 83' lang='lat' dir='ltr'><strong><em>dus</em></strong></span> <span class='ocrx_word' id='word_1_480' title='bbox 398 5506 543 5551; x_wconf 85' lang='lat' dir='ltr'><strong><em>sexto</em></strong></span> <span class='ocrx_word' id='word_1_481' title='bbox 570 5496 871 5552; x_wconf 87' lang='lat' dir='ltr'><strong><em>concinere.</em></strong></span> <span class='ocrx_word' id='word_1_482' title='bbox 918 5496 1053 5563; x_wconf 86' lang='lat' dir='ltr'><strong><em>Quid</em></strong></span> <span class='ocrx_word' id='word_1_483' title='bbox 1090 5508 1262 5552; x_wconf 89' lang='lat' dir='ltr'><strong><em>autem</em></strong></span> <span class='ocrx_word' id='word_1_484' title='bbox 1285 5498 1458 5551; x_wconf 88' lang='lat' dir='ltr'><strong><em>simile</em></strong></span> <span class='ocrx_word' id='word_1_485' title='bbox 1478 5496 1638 5553; x_wconf 82' lang='lat' dir='ltr'><strong><em>habet</em></strong></span> <span class='ocrx_word' id='word_1_486' title='bbox 1666 5498 1843 5553; x_wconf 87' lang='lat' dir='ltr'><strong><em>ﬁrma-</em></strong></span> 
     </span>
    </p>
   </div>
   <div class='ocr_carea' id='block_1_59' title="bbox 336 5606 1845 5680">
    <p class='ocr_par' dir='ltr' id='par_1_59' title="bbox 336 5606 1845 5680">
     <span class='ocr_line' id='line_1_59' title="bbox 336 5606 1845 5680; baseline 0.016 -38"><span class='ocrx_word' id='word_1_487' title='bbox 336 5606 660 5680; x_wconf 47' lang='lat' dir='ltr'><strong><em>imanpalzs</em></strong></span> <span class='ocrx_word' id='word_1_488' title='bbox 809 5607 887 5656; x_wconf 87' lang='lat' dir='ltr'><strong><em>hic</em></strong></span> <span class='ocrx_word' id='word_1_489' title='bbox 911 5613 962 5680; x_wconf 82' lang='lat' dir='ltr'><strong><em>et</em></strong></span> <span class='ocrx_word' id='word_1_490' title='bbox 984 5606 1104 5657; x_wconf 88' lang='lat' dir='ltr'><strong><em>infra</em></strong></span> <span class='ocrx_word' id='word_1_491' title='bbox 1123 5615 1398 5660; x_wconf 82' lang='lat' dir='ltr'><strong><em>constanter</em></strong></span> <span class='ocrx_word' id='word_1_492' title='bbox 1418 5608 1588 5670; x_wconf 82' lang='lat' dir='ltr'><strong><em>habet,</em></strong></span> <span class='ocrx_word' id='word_1_493' title='bbox 1606 5606 1659 5660; x_wconf 83' lang='lat' dir='ltr'><strong><em>in</em></strong></span> <span class='ocrx_word' id='word_1_494' title='bbox 1679 5608 1845 5673; x_wconf 66' lang='grc' dir='ltr'><strong><em>βινητι-</em></strong></span> 
     </span>
    </p>
   </div>
   <div class='ocr_carea' id='block_1_60' title="bbox 282 5668 954 5729">
    <p class='ocr_par' dir='ltr' id='par_1_60' title="bbox 282 5668 954 5729">
     <span class='ocr_line' id='line_1_60' title="bbox 282 5668 954 5729; baseline 0 -12"><span class='ocrx_word' id='word_1_495' title='bbox 282 5674 420 5717; x_wconf 81' lang='lat' dir='ltr'><strong><em>mcnto</em></strong></span> <span class='ocrx_word' id='word_1_496' title='bbox 439 5668 543 5719; x_wconf 69' lang='grc' dir='ltr'><strong><em>ἐωιὶ</em></strong></span> <span class='ocrx_word' id='word_1_497' title='bbox 555 5705 569 5729; x_wconf 94' lang='grc'><strong><em>,</em></strong></span> <span class='ocrx_word' id='word_1_498' title='bbox 593 5668 662 5719; x_wconf 86' lang='lat' dir='ltr'><strong><em>sic</em></strong></span> <span class='ocrx_word' id='word_1_499' title='bbox 684 5672 735 5719; x_wconf 85' lang='lat' dir='ltr'><strong><em>ut</em></strong></span> <span class='ocrx_word' id='word_1_500' title='bbox 753 5668 954 5719; x_wconf 82' lang='lat' dir='ltr'><strong><em>luceant.</em></strong></span> 
     </span>
    </p>
   </div>
   <div class='ocr_carea' id='block_1_61' title="bbox 338 5730 1014 5791">
    <p class='ocr_par' dir='ltr' id='par_1_61' title="bbox 338 5730 1014 5791">
     <span class='ocr_line' id='line_1_61' title="bbox 338 5730 1014 5791; baseline 0.007 -14"><span class='ocrx_word' id='word_1_501' title='bbox 338 5730 356 5759; x_wconf 79' lang='grc'>¹</span> <span class='ocrx_word' id='word_1_502' title='bbox 376 5731 443 5779; x_wconf 78' lang='lat' dir='ltr'><strong><em>sic</em></strong></span> <span class='ocrx_word' id='word_1_503' title='bbox 463 5738 564 5781; x_wconf 72' lang='lat' dir='ltr'><strong><em>Mss.</em></strong></span> <span class='ocrx_word' id='word_1_504' title='bbox 592 5738 642 5779; x_wconf 66' lang='lat' dir='ltr'><strong><em>At</em></strong></span> <span class='ocrx_word' id='word_1_505' title='bbox 663 5732 712 5780; x_wconf 90' lang='lat' dir='ltr'><strong><em>in</em></strong></span> <span class='ocrx_word' id='word_1_506' title='bbox 735 5731 894 5791; x_wconf 87' lang='lat' dir='ltr'><strong><em>editis,</em></strong></span> <span class='ocrx_word' id='word_1_507' title='bbox 918 5745 1014 5782; x_wconf 82' lang='lat' dir='ltr'><strong><em>eas.</em></strong></span> 
     </span>
    </p>
   </div>
   <div class='ocr_carea' id='block_1_62' title="bbox 1551 296 2167 361">
    <p class='ocr_par' dir='ltr' id='par_1_62' title="bbox 1551 296 2167 361">
     <span class='ocr_line' id='line_1_62' title="bbox 1551 296 2167 361; baseline -0.013 0"><span class='ocrx_word' id='word_1_508' title='bbox 1551 302 1756 361; x_wconf 83' lang='lat' dir='ltr'><strong>LIBER</strong></span> <span class='ocrx_word' id='word_1_509' title='bbox 1794 296 2167 356; x_wconf 80' lang='lat' dir='ltr'><strong><em>SECUNDUS.</em></strong></span> 
     </span>
    </p>
   </div>
   <div class='ocr_carea' id='block_1_63' title="bbox 3401 304 3509 361">
    <p class='ocr_par' dir='ltr' id='par_1_63' title="bbox 3401 304 3509 361">
     <span class='ocr_line' id='line_1_63' title="bbox 3401 304 3509 361; baseline 0 0"><span class='ocrx_word' id='word_1_510' title='bbox 3401 304 3509 361; x_wconf 68' lang='grc'><strong>274</strong></span> 
     </span>
    </p>
   </div>
   <div class='ocr_carea' id='block_1_64' title="bbox 1935 418 3502 490">
    <p class='ocr_par' dir='ltr' id='par_1_64' title="bbox 1935 418 3502 490">
     <span class='ocr_line' id='line_1_64' title="bbox 1935 418 3502 490; baseline 0.003 -19"><span class='ocrx_word' id='word_1_511' title='bbox 1935 426 2168 473; x_wconf 87' lang='lat' dir='ltr'><strong><em>mentum</em></strong></span> <span class='ocrx_word' id='word_1_512' title='bbox 2190 418 2307 473; x_wconf 77' lang='lat' dir='ltr'><strong><em>emli</em></strong></span> <span class='ocrx_word' id='word_1_513' title='bbox 2329 434 2446 475; x_wconf 86' lang='lat' dir='ltr'><strong><em>cum</em></strong></span> <span class='ocrx_word' id='word_1_514' title='bbox 2472 420 2682 476; x_wconf 87' lang='lat' dir='ltr'><strong><em>homine</em></strong></span> <span class='ocrx_word' id='word_1_515' title='bbox 2703 420 2840 477; x_wconf 90' lang='lat' dir='ltr'><strong><em>facto</em></strong></span> <span class='ocrx_word' id='word_1_516' title='bbox 2861 420 2927 475; x_wconf 90' lang='lat' dir='ltr'><strong><em>ad</em></strong></span> <span class='ocrx_word' id='word_1_517' title='bbox 2953 421 3233 490; x_wconf 83' lang='lat' dir='ltr'><strong><em>imaginem</em></strong></span> <span class='ocrx_word' id='word_1_518' title='bbox 3256 421 3392 477; x_wconf 73' lang='lat' dir='ltr'><strong><em>Dei!</em></strong></span> <span class='ocrx_word' id='word_1_519' title='bbox 3419 423 3502 476; x_wconf 83' lang='lat' dir='ltr'><strong><em>An</em></strong></span> 
     </span>
    </p>
   </div>
   <div class='ocr_carea' id='block_1_65' title="bbox 1933 510 3500 583">
    <p class='ocr_par' dir='ltr' id='par_1_65' title="bbox 1933 510 3500 583">
     <span class='ocr_line' id='line_1_65' title="bbox 1933 510 3500 583; baseline 0.003 -20"><span class='ocrx_word' id='word_1_520' title='bbox 1933 510 2055 578; x_wconf 83' lang='lat' dir='ltr'><strong><em>quia</em></strong></span> <span class='ocrx_word' id='word_1_521' title='bbox 2074 511 2264 564; x_wconf 83' lang='lat' dir='ltr'><strong><em>coelum</em></strong></span> <span class='ocrx_word' id='word_1_522' title='bbox 2288 520 2449 564; x_wconf 89' lang='lat' dir='ltr'><strong><em>totam</em></strong></span> <span class='ocrx_word' id='word_1_523' title='bbox 2478 512 2804 580; x_wconf 90' lang='lat' dir='ltr'><strong><em>superiorem</em></strong></span> <span class='ocrx_word' id='word_1_524' title='bbox 2826 512 3007 567; x_wconf 90' lang='lat' dir='ltr'><strong><em>mundi</em></strong></span> <span class='ocrx_word' id='word_1_525' title='bbox 3030 522 3230 581; x_wconf 87' lang='lat' dir='ltr'><strong><em>partem</em></strong></span> <span class='ocrx_word' id='word_1_526' title='bbox 3252 523 3500 583; x_wconf 86' lang='lat' dir='ltr'><strong><em>occupat,</em></strong></span> 
     </span>
    </p>
   </div>
   <div class='ocr_carea' id='block_1_66' title="bbox 1933 599 3512 673">
    <p class='ocr_par' dir='ltr' id='par_1_66' title="bbox 1933 599 3512 673">
     <span class='ocr_line' id='line_1_66' title="bbox 1933 599 3512 673; baseline 0.004 -20"><span class='ocrx_word' id='word_1_527' title='bbox 1933 609 1986 653; x_wconf 92' lang='lat' dir='ltr'><strong><em>et</em></strong></span> <span class='ocrx_word' id='word_1_528' title='bbox 2024 599 2222 654; x_wconf 87' lang='lat' dir='ltr'><strong><em>homini</em></strong></span> <span class='ocrx_word' id='word_1_529' title='bbox 2274 601 2325 654; x_wconf 91' lang='lat' dir='ltr'><strong><em>in</em></strong></span> <span class='ocrx_word' id='word_1_530' title='bbox 2368 609 2528 655; x_wconf 90' lang='lat' dir='ltr'><strong><em>totam</em></strong></span> <span class='ocrx_word' id='word_1_531' title='bbox 2569 600 2871 656; x_wconf 89' lang='lat' dir='ltr'><strong><em>inferiorem</em></strong></span> <span class='ocrx_word' id='word_1_532' title='bbox 2923 613 3158 673; x_wconf 88' lang='lat' dir='ltr'><strong><em>potestas</em></strong></span> <span class='ocrx_word' id='word_1_533' title='bbox 3198 603 3512 660; x_wconf 60' lang='lat' dir='ltr'><strong><em>dominandi</em></strong></span> 
     </span>
    </p>
   </div>
   <div class='ocr_carea' id='block_1_67' title="bbox 1934 690 3509 762">
    <p class='ocr_par' dir='ltr' id='par_1_67' title="bbox 1934 690 3509 762">
     <span class='ocr_line' id='line_1_67' title="bbox 1934 690 3509 762; baseline 0.001 -19"><span class='ocrx_word' id='word_1_534' title='bbox 1934 690 2126 745; x_wconf 88' lang='lat' dir='ltr'><strong><em>tributa</em></strong></span> <span class='ocrx_word' id='word_1_535' title='bbox 2180 692 2301 745; x_wconf 87' lang='lat' dir='ltr'><strong><em>est?</em></strong></span> <span class='ocrx_word' id='word_1_536' title='bbox 2345 690 2450 746; x_wconf 88' lang='lat' dir='ltr'><strong><em>Sed</em></strong></span> <span class='ocrx_word' id='word_1_537' title='bbox 2498 691 2635 760; x_wconf 30' lang='lat' dir='ltr'><strong><em>quid.</em></strong></span> <span class='ocrx_word' id='word_1_538' title='bbox 2664 691 2867 761; x_wconf 80' lang='lat' dir='ltr'><strong><em>agimus</em></strong></span> <span class='ocrx_word' id='word_1_539' title='bbox 2912 691 2981 746; x_wconf 85' lang='lat' dir='ltr'><strong><em>de</em></strong></span> <span class='ocrx_word' id='word_1_540' title='bbox 3028 692 3307 762; x_wconf 86' lang='lat' dir='ltr'><strong><em>pecoribus</em></strong></span> <span class='ocrx_word' id='word_1_541' title='bbox 3351 701 3407 747; x_wconf 91' lang='lat' dir='ltr'><strong><em>et</em></strong></span> <span class='ocrx_word' id='word_1_542' title='bbox 3440 692 3509 747; x_wconf 78' lang='lat' dir='ltr'><strong><em>do.</em></strong></span> 
     </span>
    </p>
   </div>
   <div class='ocr_carea' id='block_1_68' title="bbox 1932 779 3494 855">
    <p class='ocr_par' dir='ltr' id='par_1_68' title="bbox 1932 779 3494 855">
     <span class='ocr_line' id='line_1_68' title="bbox 1932 779 3494 855; baseline 0.005 -22"><span class='ocrx_word' id='word_1_543' title='bbox 1932 779 2136 845; x_wconf 88' lang='lat' dir='ltr'><strong><em>bestiis,</em></strong></span> <span class='ocrx_word' id='word_1_544' title='bbox 2164 796 2294 851; x_wconf 87' lang='lat' dir='ltr'><strong><em>quas</em></strong></span> <span class='ocrx_word' id='word_1_545' title='bbox 2337 782 2449 851; x_wconf 89' lang='lat' dir='ltr'><strong><em>ipso</em></strong></span> <span class='ocrx_word' id='word_1_546' title='bbox 2493 783 2577 837; x_wconf 91' lang='lat' dir='ltr'><strong><em>die</em></strong></span> <span class='ocrx_word' id='word_1_547' title='bbox 2605 791 2754 839; x_wconf 82' lang='lat' dir='ltr'><strong><em>sexto</em></strong></span> <span class='ocrx_word' id='word_1_548' title='bbox 2782 782 2836 838; x_wconf 92' lang='lat' dir='ltr'><strong><em>in</em></strong></span> <span class='ocrx_word' id='word_1_549' title='bbox 2864 799 2962 838; x_wconf 90' lang='lat' dir='ltr'><strong><em>suo</em></strong></span> <span class='ocrx_word' id='word_1_550' title='bbox 2989 798 3183 853; x_wconf 80' lang='lat' dir='ltr'><strong><em>genere</em></strong></span> <span class='ocrx_word' id='word_1_551' title='bbox 3208 794 3349 839; x_wconf 88' lang='lat' dir='ltr'><strong><em>terra</em></strong></span> <span class='ocrx_word' id='word_1_552' title='bbox 3377 799 3494 855; x_wconf 84' lang='lat' dir='ltr'><strong><em>pro-</em></strong></span> 
     </span>
    </p>
   </div>
   <div class='ocr_carea' id='block_1_69' title="bbox 1932 871 3321 943">
    <p class='ocr_par' dir='ltr' id='par_1_69' title="bbox 1932 871 3321 943">
     <span class='ocr_line' id='line_1_69' title="bbox 1932 871 3321 943; baseline 0.002 -18"><span class='ocrx_word' id='word_1_553' title='bbox 1932 871 2117 926; x_wconf 78' lang='lat' dir='ltr'><strong><em>duxit?</em></strong></span> <span class='ocrx_word' id='word_1_554' title='bbox 2140 888 2258 942; x_wconf 64' lang='lat' dir='ltr'><strong><em>qua:</em></strong></span> <span class='ocrx_word' id='word_1_555' title='bbox 2285 872 2388 927; x_wconf 90' lang='lat' dir='ltr'><strong><em>illis</em></strong></span> <span class='ocrx_word' id='word_1_556' title='bbox 2413 888 2531 927; x_wconf 91' lang='lat' dir='ltr'><strong><em>cum</em></strong></span> <span class='ocrx_word' id='word_1_557' title='bbox 2560 874 2696 928; x_wconf 68' lang='lat' dir='ltr'><strong><em>caelo</em></strong></span> <span class='ocrx_word' id='word_1_558' title='bbox 2721 882 2897 943; x_wconf 90' lang='lat' dir='ltr'><strong><em>potest</em></strong></span> <span class='ocrx_word' id='word_1_559' title='bbox 2922 888 3041 929; x_wconf 88' lang='lat' dir='ltr'><strong><em>esse</em></strong></span> <span class='ocrx_word' id='word_1_560' title='bbox 3068 874 3321 928; x_wconf 83' lang='lat' dir='ltr'><strong><em>collatio?</em></strong></span> 
     </span>
    </p>
   </div>
   <div class='ocr_carea' id='block_1_70' title="bbox 2001 962 3507 1037">
    <p class='ocr_par' dir='ltr' id='par_1_70' title="bbox 2001 962 3507 1037">
     <span class='ocr_line' id='line_1_70' title="bbox 2001 962 3507 1037; baseline 0.004 -22"><span class='ocrx_word' id='word_1_561' title='bbox 2001 962 2092 1016; x_wconf 74' lang='lat'><strong><em>27.</em></strong></span> <span class='ocrx_word' id='word_1_562' title='bbox 2115 964 2194 1017; x_wconf 85' lang='lat' dir='ltr'><strong><em>An</em></strong></span> <span class='ocrx_word' id='word_1_563' title='bbox 2222 963 2398 1033; x_wconf 90' lang='lat' dir='ltr'><strong><em>potius</em></strong></span> <span class='ocrx_word' id='word_1_564' title='bbox 2417 1006 2431 1028; x_wconf 93' lang='lat'><strong><em>,</em></strong></span> <span class='ocrx_word' id='word_1_565' title='bbox 2453 963 2699 1035; x_wconf 90' lang='lat' dir='ltr'><strong><em>quoniam</em></strong></span> <span class='ocrx_word' id='word_1_566' title='bbox 2729 965 2896 1034; x_wconf 89' lang='lat' dir='ltr'><strong><em>primo</em></strong></span> <span class='ocrx_word' id='word_1_567' title='bbox 2925 966 3059 1020; x_wconf 86' lang='lat' dir='ltr'><strong><em>facta</em></strong></span> <span class='ocrx_word' id='word_1_568' title='bbox 3090 965 3399 1037; x_wconf 77' lang='lat' dir='ltr'><strong><em>intelligitur</em></strong></span> <span class='ocrx_word' id='word_1_569' title='bbox 3428 966 3507 1021; x_wconf 80' lang='lat' dir='ltr'><strong><em>lu-</em></strong></span> 
     </span>
    </p>
   </div>
   <div class='ocr_carea' id='block_1_71' title="bbox 1932 1054 3506 1127">
    <p class='ocr_par' dir='ltr' id='par_1_71' title="bbox 1932 1054 3506 1127">
     <span class='ocr_line' id='line_1_71' title="bbox 1932 1054 3506 1127; baseline 0.002 -18"><span class='ocrx_word' id='word_1_570' title='bbox 1932 1054 2011 1109; x_wconf 91' lang='lat' dir='ltr'><strong><em>cis</em></strong></span> <span class='ocrx_word' id='word_1_571' title='bbox 2034 1055 2247 1109; x_wconf 91' lang='lat' dir='ltr'><strong><em>nomine</em></strong></span> <span class='ocrx_word' id='word_1_572' title='bbox 2273 1055 2559 1124; x_wconf 83' lang='lat' dir='ltr'><strong><em>spiritualis</em></strong></span> <span class='ocrx_word' id='word_1_573' title='bbox 2583 1064 2841 1110; x_wconf 72' lang='lat' dir='ltr'><strong><em>creatura:</em></strong></span> <span class='ocrx_word' id='word_1_574' title='bbox 2865 1056 3112 1111; x_wconf 88' lang='lat' dir='ltr'><strong><em>formatio</em></strong></span> <span class='ocrx_word' id='word_1_575' title='bbox 3132 1098 3146 1121; x_wconf 90' lang='lat'><strong><em>,</em></strong></span> <span class='ocrx_word' id='word_1_576' title='bbox 3172 1070 3506 1127; x_wconf 83' lang='lat' dir='ltr'><strong><em>consequens</em></strong></span> 
     </span>
    </p>
   </div>
   <div class='ocr_carea' id='block_1_72' title="bbox 1932 1148 3509 1219">
    <p class='ocr_par' dir='ltr' id='par_1_72' title="bbox 1932 1148 3509 1219">
     <span class='ocr_line' id='line_1_72' title="bbox 1932 1148 3509 1219; baseline 0.003 -18"><span class='ocrx_word' id='word_1_577' title='bbox 1932 1156 2049 1201; x_wconf 90' lang='lat' dir='ltr'><strong><em>erat</em></strong></span> <span class='ocrx_word' id='word_1_578' title='bbox 2074 1156 2130 1200; x_wconf 92' lang='lat' dir='ltr'><strong><em>ut</em></strong></span> <span class='ocrx_word' id='word_1_579' title='bbox 2156 1148 2444 1217; x_wconf 89' lang='lat' dir='ltr'><strong><em>corporalis</em></strong></span> <span class='ocrx_word' id='word_1_580' title='bbox 2469 1163 2679 1219; x_wconf 90' lang='lat' dir='ltr'><strong><em>quoque</em></strong></span> <span class='ocrx_word' id='word_1_581' title='bbox 2703 1158 2964 1215; x_wconf 88' lang='lat' dir='ltr'><strong><em>creatura,</em></strong></span> <span class='ocrx_word' id='word_1_582' title='bbox 2993 1150 3043 1204; x_wconf 93' lang='lat' dir='ltr'><strong><em>id</em></strong></span> <span class='ocrx_word' id='word_1_583' title='bbox 3064 1160 3147 1205; x_wconf 89' lang='lat' dir='ltr'><strong><em>est</em></strong></span> <span class='ocrx_word' id='word_1_584' title='bbox 3163 1151 3389 1205; x_wconf 85' lang='lat' dir='ltr'><strong><em>mundus</em></strong></span> <span class='ocrx_word' id='word_1_585' title='bbox 3411 1154 3509 1207; x_wconf 86' lang='lat' dir='ltr'><strong><em>iste</em></strong></span> 
     </span>
    </p>
   </div>
   <div class='ocr_carea' id='block_1_73' title="bbox 1932 1235 3509 1313">
    <p class='ocr_par' dir='ltr' id='par_1_73' title="bbox 1932 1235 3509 1313">
     <span class='ocr_line' id='line_1_73' title="bbox 1932 1235 3509 1313; baseline 0.005 -25"><span class='ocrx_word' id='word_1_586' title='bbox 1932 1235 2154 1289; x_wconf 89' lang='lat' dir='ltr'><strong><em>visibilis</em></strong></span> <span class='ocrx_word' id='word_1_587' title='bbox 2186 1236 2370 1300; x_wconf 86' lang='lat' dir='ltr'><strong><em>ﬁeret;</em></strong></span> <span class='ocrx_word' id='word_1_588' title='bbox 2400 1239 2489 1307; x_wconf 90' lang='lat' dir='ltr'><strong><em>qui</em></strong></span> <span class='ocrx_word' id='word_1_589' title='bbox 2520 1238 2685 1293; x_wconf 82' lang='lat' dir='ltr'><strong><em>factus</em></strong></span> <span class='ocrx_word' id='word_1_590' title='bbox 2715 1248 2796 1295; x_wconf 89' lang='lat' dir='ltr'><strong><em>est</em></strong></span> <span class='ocrx_word' id='word_1_591' title='bbox 2819 1239 2978 1294; x_wconf 90' lang='lat' dir='ltr'><strong><em>biduo</em></strong></span> <span class='ocrx_word' id='word_1_592' title='bbox 3002 1250 3216 1310; x_wconf 76' lang='lat' dir='ltr'><strong><em>prapter</em></strong></span> <span class='ocrx_word' id='word_1_593' title='bbox 3239 1241 3371 1296; x_wconf 92' lang='lat' dir='ltr'><strong><em>duas</em></strong></span> <span class='ocrx_word' id='word_1_594' title='bbox 3389 1258 3509 1313; x_wconf 88' lang='lat' dir='ltr'><strong><em>par-</em></strong></span> 
     </span>
    </p>
   </div>
   <div class='ocr_carea' id='block_1_74' title="bbox 1934 1330 3509 1400">
    <p class='ocr_par' dir='ltr' id='par_1_74' title="bbox 1934 1330 3509 1400">
     <span class='ocr_line' id='line_1_74' title="bbox 1934 1330 3509 1400; baseline 0.005 -20"><span class='ocrx_word' id='word_1_595' title='bbox 1934 1336 2013 1381; x_wconf 89' lang='lat' dir='ltr'><strong><em>tes</em></strong></span> <span class='ocrx_word' id='word_1_596' title='bbox 2051 1341 2173 1381; x_wconf 88' lang='lat' dir='ltr'><strong><em>suas</em></strong></span> <span class='ocrx_word' id='word_1_597' title='bbox 2211 1330 2499 1396; x_wconf 87' lang='lat' dir='ltr'><strong><em>maximas,</em></strong></span> <span class='ocrx_word' id='word_1_598' title='bbox 2528 1330 2716 1400; x_wconf 90' lang='lat' dir='ltr'><strong><em>quibus</em></strong></span> <span class='ocrx_word' id='word_1_599' title='bbox 2740 1340 2947 1386; x_wconf 87' lang='lat' dir='ltr'><strong><em>constat</em></strong></span> <span class='ocrx_word' id='word_1_600' title='bbox 2976 1333 3251 1388; x_wconf 87' lang='lat' dir='ltr'><strong><em>universus</em></strong></span> <span class='ocrx_word' id='word_1_601' title='bbox 3270 1375 3284 1399; x_wconf 90' lang='lat'><strong><em>,</em></strong></span> <span class='ocrx_word' id='word_1_602' title='bbox 3316 1336 3509 1389; x_wconf 83' lang='lat' dir='ltr'><strong><em>coelum</em></strong></span> 
     </span>
    </p>
   </div>
   <div class='ocr_carea' id='block_1_75' title="bbox 1933 1417 3508 1488">
    <p class='ocr_par' dir='ltr' id='par_1_75' title="bbox 1933 1417 3508 1488">
     <span class='ocr_line' id='line_1_75' title="bbox 1933 1417 3508 1488; baseline 0.004 -15"><span class='ocrx_word' id='word_1_603' title='bbox 1933 1417 2136 1473; x_wconf 90' lang='lat' dir='ltr'><strong><em>scilicet</em></strong></span> <span class='ocrx_word' id='word_1_604' title='bbox 2171 1428 2225 1473; x_wconf 92' lang='lat' dir='ltr'><strong><em>et</em></strong></span> <span class='ocrx_word' id='word_1_605' title='bbox 2265 1429 2458 1475; x_wconf 89' lang='lat' dir='ltr'><strong><em>terram</em></strong></span> <span class='ocrx_word' id='word_1_606' title='bbox 2484 1464 2499 1488; x_wconf 90' lang='lat'><strong><em>,</em></strong></span> <span class='ocrx_word' id='word_1_607' title='bbox 2540 1422 2827 1476; x_wconf 88' lang='lat' dir='ltr'><strong><em>secundum</em></strong></span> <span class='ocrx_word' id='word_1_608' title='bbox 2857 1423 2992 1478; x_wconf 89' lang='lat' dir='ltr'><strong><em>hanc</em></strong></span> <span class='ocrx_word' id='word_1_609' title='bbox 3018 1425 3237 1480; x_wconf 88' lang='lat' dir='ltr'><strong><em>rationis</em></strong></span> <span class='ocrx_word' id='word_1_610' title='bbox 3265 1426 3508 1480; x_wconf 83' lang='lat' dir='ltr'><strong><em>collatio-</em></strong></span> 
     </span>
    </p>
   </div>
   <div class='ocr_carea' id='block_1_76' title="bbox 1934 1513 3509 1584">
    <p class='ocr_par' dir='ltr' id='par_1_76' title="bbox 1934 1513 3509 1584">
     <span class='ocr_line' id='line_1_76' title="bbox 1934 1513 3509 1584; baseline 0.005 -22"><span class='ocrx_word' id='word_1_611' title='bbox 1934 1524 2053 1563; x_wconf 90' lang='lat' dir='ltr'><strong><em>nem</em></strong></span> <span class='ocrx_word' id='word_1_612' title='bbox 2080 1550 2094 1574; x_wconf 95' lang='lat'><strong><em>,</em></strong></span> <span class='ocrx_word' id='word_1_613' title='bbox 2125 1526 2227 1579; x_wconf 90' lang='lat' dir='ltr'><strong><em>qua</em></strong></span> <span class='ocrx_word' id='word_1_614' title='bbox 2255 1519 2308 1565; x_wconf 89' lang='lat' dir='ltr'><strong><em>et</em></strong></span> <span class='ocrx_word' id='word_1_615' title='bbox 2336 1513 2447 1579; x_wconf 90' lang='lat' dir='ltr'><strong><em>ipsa</em></strong></span> <span class='ocrx_word' id='word_1_616' title='bbox 2477 1513 2720 1567; x_wconf 87' lang='lat' dir='ltr'><strong><em>universa</em></strong></span> <span class='ocrx_word' id='word_1_617' title='bbox 2746 1522 2987 1568; x_wconf 82' lang='lat' dir='ltr'><strong><em>creatura</em></strong></span> <span class='ocrx_word' id='word_1_618' title='bbox 3011 1516 3299 1584; x_wconf 88' lang='lat' dir='ltr'><strong><em>spiritualis</em></strong></span> <span class='ocrx_word' id='word_1_619' title='bbox 3318 1526 3371 1571; x_wconf 86' lang='lat' dir='ltr'><strong><em>et</em></strong></span> <span class='ocrx_word' id='word_1_620' title='bbox 3390 1531 3509 1571; x_wconf 82' lang='lat' dir='ltr'><strong><em>cor-</em></strong></span> 
     </span>
    </p>
   </div>
   <div class='ocr_carea' id='block_1_77' title="bbox 1934 1602 3511 1679">
    <p class='ocr_par' dir='ltr' id='par_1_77' title="bbox 1934 1602 3511 1679">
     <span class='ocr_line' id='line_1_77' title="bbox 1934 1602 3511 1679; baseline 0.006 -24"><span class='ocrx_word' id='word_1_621' title='bbox 1934 1602 2129 1671; x_wconf 85' lang='lat' dir='ltr'><strong><em>poralis</em></strong></span> <span class='ocrx_word' id='word_1_622' title='bbox 2172 1617 2315 1673; x_wconf 69' lang='lat' dir='ltr'><strong><em>smpe</em></strong></span> <span class='ocrx_word' id='word_1_623' title='bbox 2369 1605 2560 1659; x_wconf 81' lang='lat' dir='ltr'><strong><em>ctelum</em></strong></span> <span class='ocrx_word' id='word_1_624' title='bbox 2589 1615 2643 1659; x_wconf 89' lang='lat' dir='ltr'><strong><em>et</em></strong></span> <span class='ocrx_word' id='word_1_625' title='bbox 2672 1616 2811 1660; x_wconf 88' lang='lat' dir='ltr'><strong><em>terra</em></strong></span> <span class='ocrx_word' id='word_1_626' title='bbox 2841 1608 3141 1662; x_wconf 87' lang='lat' dir='ltr'><strong><em>nominatur</em></strong></span> <span class='ocrx_word' id='word_1_627' title='bbox 3171 1626 3184 1662; x_wconf 91' lang='lat'><strong>:</strong></span> <span class='ocrx_word' id='word_1_628' title='bbox 3213 1609 3283 1663; x_wconf 88' lang='lat' dir='ltr'><strong><em>ita</em></strong></span> <span class='ocrx_word' id='word_1_629' title='bbox 3313 1618 3368 1663; x_wconf 91' lang='lat' dir='ltr'><strong><em>ut</em></strong></span> <span class='ocrx_word' id='word_1_630' title='bbox 3393 1610 3511 1679; x_wconf 79' lang='lat' dir='ltr'><strong><em>glo-</em></strong></span> 
     </span>
    </p>
   </div>
   <div class='ocr_carea' id='block_1_78' title="bbox 1932 1691 3513 1770">
    <p class='ocr_par' dir='ltr' id='par_1_78' title="bbox 1932 1691 3513 1770">
     <span class='ocr_line' id='line_1_78' title="bbox 1932 1691 3513 1770; baseline 0.006 -25"><span class='ocrx_word' id='word_1_631' title='bbox 1932 1691 2033 1746; x_wconf 91' lang='lat' dir='ltr'><strong><em>bus</em></strong></span> <span class='ocrx_word' id='word_1_632' title='bbox 2063 1707 2273 1762; x_wconf 91' lang='lat' dir='ltr'><strong><em>quoque</em></strong></span> <span class='ocrx_word' id='word_1_633' title='bbox 2303 1695 2402 1749; x_wconf 89' lang='lat' dir='ltr'><strong><em>iste</em></strong></span> <span class='ocrx_word' id='word_1_634' title='bbox 2431 1695 2825 1751; x_wconf 86' lang='lat' dir='ltr'><strong><em>turbulentioris</em></strong></span> <span class='ocrx_word' id='word_1_635' title='bbox 2853 1700 2991 1752; x_wconf 90' lang='lat' dir='ltr'><strong><em>aeris</em></strong></span> <span class='ocrx_word' id='word_1_636' title='bbox 3013 1708 3236 1754; x_wconf 76' lang='lat' dir='ltr'><strong><em>terrente</em></strong></span> <span class='ocrx_word' id='word_1_637' title='bbox 3262 1701 3392 1770; x_wconf 86' lang='lat' dir='ltr'><strong><em>parti</em></strong></span> <span class='ocrx_word' id='word_1_638' title='bbox 3419 1701 3513 1756; x_wconf 88' lang='lat' dir='ltr'><strong><em>de-</em></strong></span> 
     </span>
    </p>
   </div>
   <div class='ocr_carea' id='block_1_79' title="bbox 1933 1784 3512 1860">
    <p class='ocr_par' dir='ltr' id='par_1_79' title="bbox 1933 1784 3512 1860">
     <span class='ocr_line' id='line_1_79' title="bbox 1933 1784 3512 1860; baseline 0.008 -24"><span class='ocrx_word' id='word_1_639' title='bbox 1933 1791 2182 1852; x_wconf 88' lang='lat' dir='ltr'><strong><em>putetur;</em></strong></span> <span class='ocrx_word' id='word_1_640' title='bbox 2223 1784 2641 1841; x_wconf 88' lang='lat' dir='ltr'><strong><em>exhalationihus</em></strong></span> <span class='ocrx_word' id='word_1_641' title='bbox 2674 1789 2868 1857; x_wconf 89' lang='lat' dir='ltr'><strong><em>quippe</em></strong></span> <span class='ocrx_word' id='word_1_642' title='bbox 2895 1789 3124 1845; x_wconf 89' lang='lat' dir='ltr'><strong><em>humidis</em></strong></span> <span class='ocrx_word' id='word_1_643' title='bbox 3148 1793 3471 1860; x_wconf 88' lang='lat' dir='ltr'><strong><em>corporascit</em></strong></span> <span class='ocrx_word' id='word_1_644' title='bbox 3497 1812 3512 1848; x_wconf 93' lang='lat'><strong>:</strong></span> 
     </span>
    </p>
   </div>
   <div class='ocr_carea' id='block_1_80' title="bbox 1935 1874 3515 1954">
    <p class='ocr_par' dir='ltr' id='par_1_80' title="bbox 1935 1874 3515 1954">
     <span class='ocr_line' id='line_1_80' title="bbox 1935 1874 3515 1954; baseline 0.006 -25"><span class='ocrx_word' id='word_1_645' title='bbox 1935 1874 1980 1929; x_wconf 89' lang='lat' dir='ltr'><strong><em>si</em></strong></span> <span class='ocrx_word' id='word_1_646' title='bbox 2005 1874 2129 1942; x_wconf 90' lang='lat' dir='ltr'><strong><em>quid</em></strong></span> <span class='ocrx_word' id='word_1_647' title='bbox 2152 1892 2278 1930; x_wconf 89' lang='lat' dir='ltr'><strong><em>vero</em></strong></span> <span class='ocrx_word' id='word_1_648' title='bbox 2306 1879 2571 1947; x_wconf 88' lang='lat' dir='ltr'><strong><em>tranquilli</em></strong></span> <span class='ocrx_word' id='word_1_649' title='bbox 2598 1880 2736 1933; x_wconf 88' lang='lat' dir='ltr'><strong><em>aeris</em></strong></span> <span class='ocrx_word' id='word_1_650' title='bbox 2762 1890 2862 1943; x_wconf 89' lang='lat' dir='ltr'><strong><em>est,</em></strong></span> <span class='ocrx_word' id='word_1_651' title='bbox 2887 1880 2974 1935; x_wconf 90' lang='lat' dir='ltr'><strong><em>ubi</em></strong></span> <span class='ocrx_word' id='word_1_652' title='bbox 2996 1883 3198 1936; x_wconf 85' lang='lat' dir='ltr'><strong><em>ventosi</em></strong></span> <span class='ocrx_word' id='word_1_653' title='bbox 3215 1892 3371 1953; x_wconf 89' lang='lat' dir='ltr'><strong><em>atque</em></strong></span> <span class='ocrx_word' id='word_1_654' title='bbox 3393 1900 3515 1954; x_wconf 80' lang='lat' dir='ltr'><strong><em>pro-</em></strong></span> 
     </span>
    </p>
   </div>
   <div class='ocr_carea' id='block_1_81' title="bbox 1935 1966 3517 2043">
    <p class='ocr_par' dir='ltr' id='par_1_81' title="bbox 1935 1966 3517 2043">
     <span class='ocr_line' id='line_1_81' title="bbox 1935 1966 3517 2043; baseline 0.005 -24"><span class='ocrx_word' id='word_1_655' title='bbox 1935 1966 2117 2020; x_wconf 91' lang='lat' dir='ltr'><strong><em>cellosi</em></strong></span> <span class='ocrx_word' id='word_1_656' title='bbox 2143 1975 2316 2021; x_wconf 90' lang='lat' dir='ltr'><strong><em>motus</em></strong></span> <span class='ocrx_word' id='word_1_657' title='bbox 2344 1983 2446 2021; x_wconf 91' lang='lat' dir='ltr'><strong><em>non</em></strong></span> <span class='ocrx_word' id='word_1_658' title='bbox 2476 1977 2696 2037; x_wconf 89' lang='lat' dir='ltr'><strong><em>possunt</em></strong></span> <span class='ocrx_word' id='word_1_659' title='bbox 2721 1970 2951 2025; x_wconf 82' lang='lat' dir='ltr'><strong><em>existere</em></strong></span> <span class='ocrx_word' id='word_1_660' title='bbox 2969 2013 2983 2036; x_wconf 97' lang='lat'><strong><em>,</em></strong></span> <span class='ocrx_word' id='word_1_661' title='bbox 3007 1970 3073 2025; x_wconf 91' lang='lat' dir='ltr'><strong><em>ad</em></strong></span> <span class='ocrx_word' id='word_1_662' title='bbox 3100 1972 3372 2027; x_wconf 65' lang='lat' dir='ltr'><strong><em>caelestem</em></strong></span> <span class='ocrx_word' id='word_1_663' title='bbox 3402 1990 3517 2043; x_wconf 62' lang='lat' dir='ltr'><strong><em>paro</em></strong></span> 
     </span>
    </p>
   </div>
   <div class='ocr_carea' id='block_1_82' title="bbox 1936 2060 3516 2133">
    <p class='ocr_par' dir='ltr' id='par_1_82' title="bbox 1936 2060 3516 2133">
     <span class='ocr_line' id='line_1_82' title="bbox 1936 2060 3516 2133; baseline 0.004 -21"><span class='ocrx_word' id='word_1_664' title='bbox 1936 2064 2042 2112; x_wconf 87' lang='lat' dir='ltr'><strong><em>tem</em></strong></span> <span class='ocrx_word' id='word_1_665' title='bbox 2064 2061 2324 2126; x_wconf 90' lang='lat' dir='ltr'><strong><em>pertineat</em></strong></span> <span class='ocrx_word' id='word_1_666' title='bbox 2347 2077 2358 2109; x_wconf 89' lang='lat'><strong>:</strong></span> <span class='ocrx_word' id='word_1_667' title='bbox 2386 2069 2505 2127; x_wconf 91' lang='lat' dir='ltr'><strong><em>post</em></strong></span> <span class='ocrx_word' id='word_1_668' title='bbox 2526 2060 2659 2113; x_wconf 83' lang='lat' dir='ltr'><strong><em>hanc</em></strong></span> <span class='ocrx_word' id='word_1_669' title='bbox 2675 2061 3068 2117; x_wconf 80' lang='lat' dir='ltr'><strong><em>universitatem</em></strong></span> <span class='ocrx_word' id='word_1_670' title='bbox 3081 2063 3234 2118; x_wconf 88' lang='lat' dir='ltr'><strong><em>molis</em></strong></span> <span class='ocrx_word' id='word_1_671' title='bbox 3244 2078 3516 2133; x_wconf 72' lang='lat' dir='ltr'><strong><em>corporea:</em></strong></span> 
     </span>
    </p>
   </div>
   <div class='ocr_carea' id='block_1_83' title="bbox 1936 2148 3518 2222">
    <p class='ocr_par' dir='ltr' id='par_1_83' title="bbox 1936 2148 3518 2222">
     <span class='ocr_line' id='line_1_83' title="bbox 1936 2148 3518 2222; baseline 0.004 -19"><span class='ocrx_word' id='word_1_672' title='bbox 1936 2148 2243 2204; x_wconf 79' lang='lat' dir='ltr'><strong><em>fabricatam</em></strong></span> <span class='ocrx_word' id='word_1_673' title='bbox 2263 2190 2277 2214; x_wconf 93' lang='lat'><strong><em>,</em></strong></span> <span class='ocrx_word' id='word_1_674' title='bbox 2306 2166 2424 2220; x_wconf 83' lang='lat' dir='ltr'><strong><em>quae</em></strong></span> <span class='ocrx_word' id='word_1_675' title='bbox 2453 2166 2557 2205; x_wconf 90' lang='lat' dir='ltr'><strong><em>uno</em></strong></span> <span class='ocrx_word' id='word_1_676' title='bbox 2583 2152 2699 2205; x_wconf 88' lang='lat' dir='ltr'><strong><em>loco</em></strong></span> <span class='ocrx_word' id='word_1_677' title='bbox 2730 2160 2839 2206; x_wconf 91' lang='lat' dir='ltr'><strong><em>tota</em></strong></span> <span class='ocrx_word' id='word_1_678' title='bbox 2860 2162 2969 2217; x_wconf 89' lang='lat' dir='ltr'><strong><em>est,</em></strong></span> <span class='ocrx_word' id='word_1_679' title='bbox 2993 2167 3096 2222; x_wconf 90' lang='lat' dir='ltr'><strong><em>quo</em></strong></span> <span class='ocrx_word' id='word_1_680' title='bbox 3119 2154 3410 2210; x_wconf 89' lang='lat' dir='ltr'><strong><em>collocatus</em></strong></span> <span class='ocrx_word' id='word_1_681' title='bbox 3434 2165 3518 2210; x_wconf 87' lang='lat' dir='ltr'><strong><em>est</em></strong></span> 
     </span>
    </p>
   </div>
   <div class='ocr_carea' id='block_1_84' title="bbox 1937 2240 3516 2312">
    <p class='ocr_par' dir='ltr' id='par_1_84' title="bbox 1937 2240 3516 2312">
     <span class='ocr_line' id='line_1_84' title="bbox 1937 2240 3516 2312; baseline 0.004 -19"><span class='ocrx_word' id='word_1_682' title='bbox 1937 2240 2190 2306; x_wconf 90' lang='lat' dir='ltr'><strong><em>mundus,</em></strong></span> <span class='ocrx_word' id='word_1_683' title='bbox 2221 2255 2553 2310; x_wconf 90' lang='lat' dir='ltr'><strong><em>consequens</em></strong></span> <span class='ocrx_word' id='word_1_684' title='bbox 2578 2250 2690 2295; x_wconf 87' lang='lat' dir='ltr'><strong><em>erat</em></strong></span> <span class='ocrx_word' id='word_1_685' title='bbox 2710 2250 2770 2295; x_wconf 90' lang='lat' dir='ltr'><strong><em>ut</em></strong></span> <span class='ocrx_word' id='word_1_686' title='bbox 2796 2242 3107 2312; x_wconf 87' lang='lat' dir='ltr'><strong><em>impleretur</em></strong></span> <span class='ocrx_word' id='word_1_687' title='bbox 3128 2243 3359 2311; x_wconf 90' lang='lat' dir='ltr'><strong><em>partibus</em></strong></span> <span class='ocrx_word' id='word_1_688' title='bbox 3381 2245 3516 2299; x_wconf 87' lang='lat' dir='ltr'><strong><em>intra</em></strong></span> 
     </span>
    </p>
   </div>
   <div class='ocr_carea' id='block_1_85' title="bbox 1938 2332 3517 2403">
    <p class='ocr_par' dir='ltr' id='par_1_85' title="bbox 1938 2332 3517 2403">
     <span class='ocr_line' id='line_1_85' title="bbox 1938 2332 3517 2403; baseline 0.003 -18"><span class='ocrx_word' id='word_1_689' title='bbox 1938 2332 2243 2386; x_wconf 90' lang='lat' dir='ltr'><strong><em>universum</em></strong></span> <span class='ocrx_word' id='word_1_690' title='bbox 2263 2374 2279 2396; x_wconf 93' lang='lat'><strong><em>,</em></strong></span> <span class='ocrx_word' id='word_1_691' title='bbox 2325 2347 2444 2401; x_wconf 67' lang='lat' dir='ltr'><strong><em>qua:</em></strong></span> <span class='ocrx_word' id='word_1_692' title='bbox 2480 2332 2549 2388; x_wconf 90' lang='lat' dir='ltr'><strong><em>de</em></strong></span> <span class='ocrx_word' id='word_1_693' title='bbox 2577 2332 2693 2387; x_wconf 92' lang='lat' dir='ltr'><strong><em>loco</em></strong></span> <span class='ocrx_word' id='word_1_694' title='bbox 2723 2332 2776 2387; x_wconf 91' lang='lat' dir='ltr'><strong><em>in</em></strong></span> <span class='ocrx_word' id='word_1_695' title='bbox 2808 2334 2979 2388; x_wconf 90' lang='lat' dir='ltr'><strong><em>locum</em></strong></span> <span class='ocrx_word' id='word_1_696' title='bbox 3010 2334 3258 2403; x_wconf 81' lang='lat' dir='ltr'><strong><em>congruis</em></strong></span> <span class='ocrx_word' id='word_1_697' title='bbox 3286 2335 3517 2390; x_wconf 86' lang='lat' dir='ltr'><strong><em>motibus</em></strong></span> 
     </span>
    </p>
   </div>
   <div class='ocr_carea' id='block_1_86' title="bbox 1936 2421 3519 2494">
    <p class='ocr_par' dir='ltr' id='par_1_86' title="bbox 1936 2421 3519 2494">
     <span class='ocr_line' id='line_1_86' title="bbox 1936 2421 3519 2494; baseline 0.003 -19"><span class='ocrx_word' id='word_1_698' title='bbox 1936 2422 2259 2491; x_wconf 81' lang='lat' dir='ltr'><strong><em>agerentur?</em></strong></span> <span class='ocrx_word' id='word_1_699' title='bbox 2302 2421 2464 2490; x_wconf 89' lang='lat' dir='ltr'><strong><em>Cujus</em></strong></span> <span class='ocrx_word' id='word_1_700' title='bbox 2505 2423 2716 2492; x_wconf 85' lang='lat' dir='ltr'><strong><em>generis</em></strong></span> <span class='ocrx_word' id='word_1_701' title='bbox 2752 2424 2931 2478; x_wconf 71' lang='lat' dir='ltr'><strong><em>herbae</em></strong></span> <span class='ocrx_word' id='word_1_702' title='bbox 2973 2432 3131 2494; x_wconf 90' lang='lat' dir='ltr'><strong><em>atque</em></strong></span> <span class='ocrx_word' id='word_1_703' title='bbox 3171 2424 3389 2479; x_wconf 89' lang='lat' dir='ltr'><strong><em>arbores</em></strong></span> <span class='ocrx_word' id='word_1_704' title='bbox 3412 2440 3519 2480; x_wconf 89' lang='lat' dir='ltr'><strong><em>non</em></strong></span> 
     </span>
    </p>
   </div>
   <div class='ocr_carea' id='block_1_87' title="bbox 1940 2511 3519 2583">
    <p class='ocr_par' dir='ltr' id='par_1_87' title="bbox 1940 2511 3519 2583">
     <span class='ocr_line' id='line_1_87' title="bbox 1940 2511 3519 2583; baseline 0.003 -18"><span class='ocrx_word' id='word_1_705' title='bbox 1940 2520 2081 2565; x_wconf 91' lang='lat' dir='ltr'><strong><em>sunt.</em></strong></span> <span class='ocrx_word' id='word_1_706' title='bbox 2112 2511 2397 2567; x_wconf 84' lang='lat' dir='ltr'><strong><em>Radicibus</em></strong></span> <span class='ocrx_word' id='word_1_707' title='bbox 2424 2513 2617 2582; x_wconf 91' lang='lat' dir='ltr'><strong><em>quippe</em></strong></span> <span class='ocrx_word' id='word_1_708' title='bbox 2637 2514 2735 2567; x_wconf 91' lang='lat' dir='ltr'><strong><em>ista</em></strong></span> <span class='ocrx_word' id='word_1_709' title='bbox 2763 2512 2864 2567; x_wconf 79' lang='lat' dir='ltr'><strong><em>lixa</em></strong></span> <span class='ocrx_word' id='word_1_710' title='bbox 2894 2523 3018 2567; x_wconf 89' lang='lat' dir='ltr'><strong><em>sunt</em></strong></span> <span class='ocrx_word' id='word_1_711' title='bbox 3038 2523 3192 2568; x_wconf 70' lang='lat' dir='ltr'><strong><em>terrm</em></strong></span> <span class='ocrx_word' id='word_1_712' title='bbox 3218 2532 3231 2567; x_wconf 90' lang='lat'><strong>:</strong></span> <span class='ocrx_word' id='word_1_713' title='bbox 3258 2524 3311 2569; x_wconf 89' lang='lat' dir='ltr'><strong><em>et</em></strong></span> <span class='ocrx_word' id='word_1_714' title='bbox 3329 2530 3519 2583; x_wconf 88' lang='lat' dir='ltr'><strong><em>quam-</em></strong></span> 
     </span>
    </p>
   </div>
   <div class='ocr_carea' id='block_1_88' title="bbox 1938 2601 3521 2670">
    <p class='ocr_par' dir='ltr' id='par_1_88' title="bbox 1938 2601 3521 2670">
     <span class='ocr_line' id='line_1_88' title="bbox 1938 2601 3521 2670; baseline 0.003 -15"><span class='ocrx_word' id='word_1_715' title='bbox 1938 2602 2020 2656; x_wconf 89' lang='lat' dir='ltr'><strong><em>vis</em></strong></span> <span class='ocrx_word' id='word_1_716' title='bbox 2063 2601 2295 2656; x_wconf 88' lang='lat' dir='ltr'><strong><em>habeant</em></strong></span> <span class='ocrx_word' id='word_1_717' title='bbox 2331 2610 2506 2656; x_wconf 92' lang='lat' dir='ltr'><strong><em>motus</em></strong></span> <span class='ocrx_word' id='word_1_718' title='bbox 2535 2602 2978 2657; x_wconf 88' lang='lat' dir='ltr'><strong><em>incrementorum</em></strong></span> <span class='ocrx_word' id='word_1_719' title='bbox 3008 2619 3229 2659; x_wconf 90' lang='lat' dir='ltr'><strong><em>suorum</em></strong></span> <span class='ocrx_word' id='word_1_720' title='bbox 3248 2646 3264 2670; x_wconf 95' lang='lat'><strong><em>,</em></strong></span> <span class='ocrx_word' id='word_1_721' title='bbox 3294 2605 3362 2659; x_wconf 90' lang='lat' dir='ltr'><strong><em>de</em></strong></span> <span class='ocrx_word' id='word_1_722' title='bbox 3390 2606 3521 2661; x_wconf 89' lang='lat' dir='ltr'><strong><em>locis</em></strong></span> 
     </span>
    </p>
   </div>
   <div class='ocr_carea' id='block_1_89' title="bbox 1940 2692 3522 2763">
    <p class='ocr_par' dir='ltr' id='par_1_89' title="bbox 1940 2692 3522 2763">
     <span class='ocr_line' id='line_1_89' title="bbox 1940 2692 3522 2763; baseline 0.002 -15"><span class='ocrx_word' id='word_1_723' title='bbox 1940 2703 2120 2748; x_wconf 88' lang='lat' dir='ltr'><strong><em>tamen</em></strong></span> <span class='ocrx_word' id='word_1_724' title='bbox 2161 2692 2389 2763; x_wconf 88' lang='lat' dir='ltr'><strong><em>propriis</em></strong></span> <span class='ocrx_word' id='word_1_725' title='bbox 2433 2709 2537 2747; x_wconf 90' lang='lat' dir='ltr'><strong><em>non</em></strong></span> <span class='ocrx_word' id='word_1_726' title='bbox 2578 2704 2857 2748; x_wconf 88' lang='lat' dir='ltr'><strong><em>moventur</em></strong></span> <span class='ocrx_word' id='word_1_727' title='bbox 2888 2695 3090 2750; x_wconf 88' lang='lat' dir='ltr'><strong><em>nisibus</em></strong></span> <span class='ocrx_word' id='word_1_728' title='bbox 3127 2697 3277 2760; x_wconf 88' lang='lat' dir='ltr'><strong><em>suis;</em></strong></span> <span class='ocrx_word' id='word_1_729' title='bbox 3307 2696 3402 2751; x_wconf 91' lang='lat' dir='ltr'><strong><em>sed</em></strong></span> <span class='ocrx_word' id='word_1_730' title='bbox 3430 2697 3522 2753; x_wconf 91' lang='lat' dir='ltr'><strong><em>ubi</em></strong></span> 
     </span>
    </p>
   </div>
   <div class='ocr_carea' id='block_1_90' title="bbox 1941 2785 3522 2857">
    <p class='ocr_par' dir='ltr' id='par_1_90' title="bbox 1941 2785 3522 2857">
     <span class='ocr_line' id='line_1_90' title="bbox 1941 2785 3522 2857; baseline 0.001 -15"><span class='ocrx_word' id='word_1_731' title='bbox 1941 2786 2044 2842; x_wconf 80' lang='lat' dir='ltr'><strong><em>lixa</em></strong></span> <span class='ocrx_word' id='word_1_732' title='bbox 2088 2796 2239 2853; x_wconf 92' lang='lat' dir='ltr'><strong><em>sunt,</em></strong></span> <span class='ocrx_word' id='word_1_733' title='bbox 2287 2786 2357 2840; x_wconf 93' lang='lat' dir='ltr'><strong><em>ibi</em></strong></span> <span class='ocrx_word' id='word_1_734' title='bbox 2401 2785 2616 2840; x_wconf 91' lang='lat' dir='ltr'><strong><em>aluntur</em></strong></span> <span class='ocrx_word' id='word_1_735' title='bbox 2652 2795 2707 2840; x_wconf 82' lang='lat' dir='ltr'><strong><em>et</em></strong></span> <span class='ocrx_word' id='word_1_736' title='bbox 2730 2796 2975 2841; x_wconf 90' lang='lat' dir='ltr'><strong><em>crescunt</em></strong></span> <span class='ocrx_word' id='word_1_737' title='bbox 3004 2803 3017 2839; x_wconf 88' lang='lat'><strong>:</strong></span> <span class='ocrx_word' id='word_1_738' title='bbox 3047 2795 3324 2855; x_wconf 85' lang='lat' dir='ltr'><strong><em>propterea</em></strong></span> <span class='ocrx_word' id='word_1_739' title='bbox 3351 2787 3522 2857; x_wconf 86' lang='lat' dir='ltr'><strong><em>magis</em></strong></span> 
     </span>
    </p>
   </div>
   <div class='ocr_carea' id='block_1_91' title="bbox 1941 2876 3522 2948">
    <p class='ocr_par' dir='ltr' id='par_1_91' title="bbox 1941 2876 3522 2948">
     <span class='ocr_line' id='line_1_91' title="bbox 1941 2876 3522 2948; baseline 0.001 -16"><span class='ocrx_word' id='word_1_740' title='bbox 1941 2878 2209 2948; x_wconf 89' lang='lat' dir='ltr'><strong><em>pertinent</em></strong></span> <span class='ocrx_word' id='word_1_741' title='bbox 2247 2876 2315 2931; x_wconf 87' lang='lat' dir='ltr'><strong><em>ad</em></strong></span> <span class='ocrx_word' id='word_1_742' title='bbox 2355 2885 2549 2932; x_wconf 89' lang='lat' dir='ltr'><strong><em>terram</em></strong></span> <span class='ocrx_word' id='word_1_743' title='bbox 2570 2917 2585 2942; x_wconf 94' lang='lat'><strong><em>,</em></strong></span> <span class='ocrx_word' id='word_1_744' title='bbox 2616 2892 2774 2947; x_wconf 89' lang='lat' dir='ltr'><strong><em>quam</em></strong></span> <span class='ocrx_word' id='word_1_745' title='bbox 2803 2876 2869 2931; x_wconf 90' lang='lat' dir='ltr'><strong><em>ad</em></strong></span> <span class='ocrx_word' id='word_1_746' title='bbox 2897 2892 3090 2948; x_wconf 81' lang='lat' dir='ltr'><strong><em>genera</em></strong></span> <span class='ocrx_word' id='word_1_747' title='bbox 3117 2893 3295 2932; x_wconf 91' lang='lat' dir='ltr'><strong><em>rerum</em></strong></span> <span class='ocrx_word' id='word_1_748' title='bbox 3322 2894 3441 2948; x_wconf 74' lang='lat' dir='ltr'><strong><em>qua:</em></strong></span> <span class='ocrx_word' id='word_1_749' title='bbox 3464 2879 3522 2934; x_wconf 90' lang='lat' dir='ltr'><strong><em>in</em></strong></span> 
     </span>
    </p>
   </div>
   <div class='ocr_carea' id='block_1_92' title="bbox 1939 2968 3523 3040">
    <p class='ocr_par' dir='ltr' id='par_1_92' title="bbox 1939 2968 3523 3040">
     <span class='ocr_line' id='line_1_92' title="bbox 1939 2968 3523 3040; baseline 0 -15"><span class='ocrx_word' id='word_1_750' title='bbox 1939 2968 2092 3040; x_wconf 87' lang='lat' dir='ltr'><strong><em>aquis</em></strong></span> <span class='ocrx_word' id='word_1_751' title='bbox 2137 2977 2192 3024; x_wconf 92' lang='lat' dir='ltr'><strong><em>et</em></strong></span> <span class='ocrx_word' id='word_1_752' title='bbox 2236 2968 2396 3023; x_wconf 91' lang='lat' dir='ltr'><strong><em>terris</em></strong></span> <span class='ocrx_word' id='word_1_753' title='bbox 2438 2977 2741 3024; x_wconf 89' lang='lat' dir='ltr'><strong><em>moventur.</em></strong></span> <span class='ocrx_word' id='word_1_754' title='bbox 2781 2968 2913 3035; x_wconf 86' lang='lat' dir='ltr'><strong><em>Quia</em></strong></span> <span class='ocrx_word' id='word_1_755' title='bbox 2951 2983 3078 3039; x_wconf 89' lang='lat' dir='ltr'><strong><em>ergo</em></strong></span> <span class='ocrx_word' id='word_1_756' title='bbox 3101 2969 3297 3025; x_wconf 89' lang='lat' dir='ltr'><strong><em>visibili</em></strong></span> <span class='ocrx_word' id='word_1_757' title='bbox 3320 2969 3523 3025; x_wconf 91' lang='lat' dir='ltr'><strong><em>mundo</em></strong></span> 
     </span>
    </p>
   </div>
   <div class='ocr_carea' id='block_1_93' title="bbox 1941 3058 3519 3125">
    <p class='ocr_par' dir='ltr' id='par_1_93' title="bbox 1941 3058 3519 3125">
     <span class='ocr_line' id='line_1_93' title="bbox 1941 3058 3519 3125; baseline -0.001 -9"><span class='ocrx_word' id='word_1_758' title='bbox 1941 3058 2311 3116; x_wconf 89' lang='lat' dir='ltr'><strong><em>constituendo</em></strong></span> <span class='ocrx_word' id='word_1_759' title='bbox 2329 3098 2345 3124; x_wconf 92' lang='lat'><strong><em>,</em></strong></span> <span class='ocrx_word' id='word_1_760' title='bbox 2376 3058 2478 3114; x_wconf 90' lang='lat' dir='ltr'><strong><em>hoc</em></strong></span> <span class='ocrx_word' id='word_1_761' title='bbox 2504 3068 2585 3113; x_wconf 92' lang='lat' dir='ltr'><strong><em>est</em></strong></span> <span class='ocrx_word' id='word_1_762' title='bbox 2612 3059 2749 3113; x_wconf 77' lang='lat' dir='ltr'><strong><em>ctelo</em></strong></span> <span class='ocrx_word' id='word_1_763' title='bbox 2774 3069 2828 3113; x_wconf 91' lang='lat' dir='ltr'><strong><em>et</em></strong></span> <span class='ocrx_word' id='word_1_764' title='bbox 2854 3068 3012 3114; x_wconf 70' lang='lat' dir='ltr'><strong><em>terrae</em></strong></span> <span class='ocrx_word' id='word_1_765' title='bbox 3035 3101 3050 3125; x_wconf 90' lang='lat'><strong><em>,</em></strong></span> <span class='ocrx_word' id='word_1_766' title='bbox 3083 3059 3188 3114; x_wconf 83' lang='lat' dir='ltr'><strong><em>duo</em></strong></span> <span class='ocrx_word' id='word_1_767' title='bbox 3216 3068 3342 3115; x_wconf 91' lang='lat' dir='ltr'><strong><em>sunt</em></strong></span> <span class='ocrx_word' id='word_1_768' title='bbox 3367 3060 3519 3115; x_wconf 88' lang='lat' dir='ltr'><strong><em>attri-</em></strong></span> 
     </span>
    </p>
   </div>
   <div class='ocr_carea' id='block_1_94' title="bbox 1940 3149 3519 3222">
    <p class='ocr_par' dir='ltr' id='par_1_94' title="bbox 1940 3149 3519 3222">
     <span class='ocr_line' id='line_1_94' title="bbox 1940 3149 3519 3222; baseline 0.001 -16"><span class='ocrx_word' id='word_1_769' title='bbox 1940 3150 2054 3206; x_wconf 87' lang='lat' dir='ltr'><strong><em>buti</em></strong></span> <span class='ocrx_word' id='word_1_770' title='bbox 2083 3150 2198 3204; x_wconf 90' lang='lat' dir='ltr'><strong><em>dies</em></strong></span> <span class='ocrx_word' id='word_1_771' title='bbox 2216 3192 2232 3217; x_wconf 98' lang='lat'><strong><em>,</em></strong></span> <span class='ocrx_word' id='word_1_772' title='bbox 2259 3158 2425 3204; x_wconf 87' lang='lat' dir='ltr'><strong><em>restat</em></strong></span> <span class='ocrx_word' id='word_1_773' title='bbox 2451 3157 2510 3204; x_wconf 92' lang='lat' dir='ltr'><strong><em>ut</em></strong></span> <span class='ocrx_word' id='word_1_774' title='bbox 2538 3150 2621 3204; x_wconf 83' lang='lat' dir='ltr'><strong><em>his</em></strong></span> <span class='ocrx_word' id='word_1_775' title='bbox 2648 3149 2930 3205; x_wconf 89' lang='lat' dir='ltr'><strong><em>mobilibus</em></strong></span> <span class='ocrx_word' id='word_1_776' title='bbox 2955 3160 3011 3206; x_wconf 89' lang='lat' dir='ltr'><strong><em>et</em></strong></span> <span class='ocrx_word' id='word_1_777' title='bbox 3036 3151 3329 3207; x_wconf 86' lang='lat' dir='ltr'><strong><em>visibilibus</em></strong></span> <span class='ocrx_word' id='word_1_778' title='bbox 3354 3152 3519 3222; x_wconf 84' lang='lat' dir='ltr'><strong><em>parti-</em></strong></span> 
     </span>
    </p>
   </div>
   <div class='ocr_carea' id='block_1_95' title="bbox 1940 3240 3525 3313">
    <p class='ocr_par' dir='ltr' id='par_1_95' title="bbox 1940 3240 3525 3313">
     <span class='ocr_line' id='line_1_95' title="bbox 1940 3240 3525 3313; baseline 0.001 -17"><span class='ocrx_word' id='word_1_779' title='bbox 1940 3241 2041 3297; x_wconf 88' lang='lat' dir='ltr'><strong><em>bus</em></strong></span> <span class='ocrx_word' id='word_1_780' title='bbox 2063 3281 2080 3307; x_wconf 93' lang='lat'><strong>,</strong></span> <span class='ocrx_word' id='word_1_781' title='bbox 2124 3256 2243 3310; x_wconf 70' lang='lat' dir='ltr'><strong><em>qua:</em></strong></span> <span class='ocrx_word' id='word_1_782' title='bbox 2288 3250 2539 3295; x_wconf 87' lang='lat' dir='ltr'><strong><em>creantur</em></strong></span> <span class='ocrx_word' id='word_1_783' title='bbox 2574 3240 2709 3295; x_wconf 77' lang='lat' dir='ltr'><strong><em>intra</em></strong></span> <span class='ocrx_word' id='word_1_784' title='bbox 2736 3241 2914 3305; x_wconf 91' lang='lat' dir='ltr'><strong><em>illum,</em></strong></span> <span class='ocrx_word' id='word_1_785' title='bbox 2940 3248 3050 3297; x_wconf 88' lang='lat' dir='ltr'><strong><em>tres</em></strong></span> <span class='ocrx_word' id='word_1_786' title='bbox 3077 3242 3192 3297; x_wconf 89' lang='lat' dir='ltr'><strong><em>dies</em></strong></span> <span class='ocrx_word' id='word_1_787' title='bbox 3217 3242 3404 3313; x_wconf 88' lang='lat' dir='ltr'><strong><em>reliqui</em></strong></span> <span class='ocrx_word' id='word_1_788' title='bbox 3429 3242 3525 3299; x_wconf 87' lang='lat' dir='ltr'><strong><em>de-</em></strong></span> 
     </span>
    </p>
   </div>
   <div class='ocr_carea' id='block_1_96' title="bbox 1944 3330 3523 3402">
    <p class='ocr_par' dir='ltr' id='par_1_96' title="bbox 1944 3330 3523 3402">
     <span class='ocr_line' id='line_1_96' title="bbox 1944 3330 3523 3402; baseline 0.003 -17"><span class='ocrx_word' id='word_1_789' title='bbox 1944 3338 2212 3401; x_wconf 89' lang='lat' dir='ltr'><strong><em>putentur.</em></strong></span> <span class='ocrx_word' id='word_1_790' title='bbox 2260 3330 2326 3384; x_wconf 86' lang='lat' dir='ltr'><strong><em>Et</em></strong></span> <span class='ocrx_word' id='word_1_791' title='bbox 2367 3330 2488 3401; x_wconf 87' lang='lat' dir='ltr'><strong><em>quia</em></strong></span> <span class='ocrx_word' id='word_1_792' title='bbox 2522 3330 2661 3386; x_wconf 88' lang='lat' dir='ltr'><strong><em>sicut</em></strong></span> <span class='ocrx_word' id='word_1_793' title='bbox 2691 3331 2835 3400; x_wconf 90' lang='lat' dir='ltr'><strong><em>prius</em></strong></span> <span class='ocrx_word' id='word_1_794' title='bbox 2860 3332 3053 3387; x_wconf 75' lang='lat' dir='ltr'><strong><em>omium</em></strong></span> <span class='ocrx_word' id='word_1_795' title='bbox 3085 3332 3278 3388; x_wconf 84' lang='lat' dir='ltr'><strong><em>factum</em></strong></span> <span class='ocrx_word' id='word_1_796' title='bbox 3307 3342 3419 3402; x_wconf 89' lang='lat' dir='ltr'><strong><em>est,</em></strong></span> <span class='ocrx_word' id='word_1_797' title='bbox 3450 3334 3523 3392; x_wconf 83' lang='lat' dir='ltr'><strong><em>ita</em></strong></span> 
     </span>
    </p>
   </div>
   <div class='ocr_carea' id='block_1_97' title="bbox 1943 3419 3526 3494">
    <p class='ocr_par' dir='ltr' id='par_1_97' title="bbox 1943 3419 3526 3494">
     <span class='ocr_line' id='line_1_97' title="bbox 1943 3419 3526 3494; baseline 0.004 -20"><span class='ocrx_word' id='word_1_798' title='bbox 1943 3420 2091 3490; x_wconf 90' lang='lat' dir='ltr'><strong><em>prius</em></strong></span> <span class='ocrx_word' id='word_1_799' title='bbox 2128 3428 2208 3475; x_wconf 90' lang='lat' dir='ltr'><strong><em>est</em></strong></span> <span class='ocrx_word' id='word_1_800' title='bbox 2240 3419 2536 3475; x_wconf 89' lang='lat' dir='ltr'><strong><em>ornandum</em></strong></span> <span class='ocrx_word' id='word_1_801' title='bbox 2566 3421 2868 3489; x_wconf 72' lang='lat' dir='ltr'><strong><em>huiusmodi</em></strong></span> <span class='ocrx_word' id='word_1_802' title='bbox 2897 3422 3132 3491; x_wconf 86' lang='lat' dir='ltr'><strong><em>partibus</em></strong></span> <span class='ocrx_word' id='word_1_803' title='bbox 3158 3424 3304 3490; x_wconf 90' lang='lat' dir='ltr'><strong><em>suis;</em></strong></span> <span class='ocrx_word' id='word_1_804' title='bbox 3335 3435 3526 3494; x_wconf 89' lang='lat' dir='ltr'><strong><em>quarto</em></strong></span> 
     </span>
    </p>
   </div>
   <div class='ocr_carea' id='block_1_98' title="bbox 1943 3511 3527 3583">
    <p class='ocr_par' dir='ltr' id='par_1_98' title="bbox 1943 3511 3527 3583">
     <span class='ocr_line' id='line_1_98' title="bbox 1943 3511 3527 3583; baseline 0.003 -16"><span class='ocrx_word' id='word_1_805' title='bbox 1943 3511 2031 3567; x_wconf 87' lang='lat' dir='ltr'><strong><em>die</em></strong></span> <span class='ocrx_word' id='word_1_806' title='bbox 2073 3512 2206 3566; x_wconf 78' lang='lat' dir='ltr'><strong><em>fiunt</em></strong></span> <span class='ocrx_word' id='word_1_807' title='bbox 2242 3512 2415 3567; x_wconf 90' lang='lat' dir='ltr'><strong><em>sidera</em></strong></span> <span class='ocrx_word' id='word_1_808' title='bbox 2437 3553 2450 3577; x_wconf 90' lang='lat'><strong><em>,</em></strong></span> <span class='ocrx_word' id='word_1_809' title='bbox 2484 3513 2674 3583; x_wconf 87' lang='lat' dir='ltr'><strong><em>quibus</em></strong></span> <span class='ocrx_word' id='word_1_810' title='bbox 2702 3528 2861 3583; x_wconf 90' lang='lat' dir='ltr'><strong><em>super</em></strong></span> <span class='ocrx_word' id='word_1_811' title='bbox 2888 3522 3082 3568; x_wconf 87' lang='lat' dir='ltr'><strong><em>terram</em></strong></span> <span class='ocrx_word' id='word_1_812' title='bbox 3111 3515 3407 3570; x_wconf 89' lang='lat' dir='ltr'><strong><em>lucentibus</em></strong></span> <span class='ocrx_word' id='word_1_813' title='bbox 3429 3516 3527 3571; x_wconf 87' lang='lat' dir='ltr'><strong><em>ha-</em></strong></span> 
     </span>
    </p>
   </div>
   <div class='ocr_carea' id='block_1_99' title="bbox 1944 3602 3527 3674">
    <p class='ocr_par' dir='ltr' id='par_1_99' title="bbox 1944 3602 3527 3674">
     <span class='ocr_line' id='line_1_99' title="bbox 1944 3602 3527 3674; baseline 0.003 -17"><span class='ocrx_word' id='word_1_814' title='bbox 1944 3603 2130 3658; x_wconf 90' lang='lat' dir='ltr'><strong><em>bitatio</em></strong></span> <span class='ocrx_word' id='word_1_815' title='bbox 2155 3617 2365 3673; x_wconf 90' lang='lat' dir='ltr'><strong><em>quoque</em></strong></span> <span class='ocrx_word' id='word_1_816' title='bbox 2390 3603 2683 3658; x_wconf 90' lang='lat' dir='ltr'><strong><em>illustretur</em></strong></span> <span class='ocrx_word' id='word_1_817' title='bbox 2709 3602 2945 3668; x_wconf 87' lang='lat' dir='ltr'><strong><em>inferior,</em></strong></span> <span class='ocrx_word' id='word_1_818' title='bbox 2976 3619 3044 3658; x_wconf 91' lang='lat' dir='ltr'><strong><em>ne</em></strong></span> <span class='ocrx_word' id='word_1_819' title='bbox 3066 3603 3389 3658; x_wconf 87' lang='lat' dir='ltr'><strong><em>habitatores</em></strong></span> <span class='ocrx_word' id='word_1_820' title='bbox 3408 3604 3527 3674; x_wconf 88' lang='lat' dir='ltr'><strong><em>ejus</em></strong></span> 
     </span>
    </p>
   </div>
   <div class='ocr_carea' id='block_1_100' title="bbox 1944 3694 3524 3767">
    <p class='ocr_par' dir='ltr' id='par_1_100' title="bbox 1944 3694 3524 3767">
     <span class='ocr_line' id='line_1_100' title="bbox 1944 3694 3524 3767; baseline 0.002 -18"><span class='ocrx_word' id='word_1_821' title='bbox 1944 3694 2000 3749; x_wconf 92' lang='lat' dir='ltr'><strong><em>in</em></strong></span> <span class='ocrx_word' id='word_1_822' title='bbox 2026 3695 2401 3749; x_wconf 88' lang='lat' dir='ltr'><strong><em>habitationem</em></strong></span> <span class='ocrx_word' id='word_1_823' title='bbox 2426 3695 2758 3750; x_wconf 86' lang='lat' dir='ltr'><strong><em>tenebrosam</em></strong></span> <span class='ocrx_word' id='word_1_824' title='bbox 2785 3695 3119 3750; x_wconf 86' lang='lat' dir='ltr'><strong><em>inducantur.</em></strong></span> <span class='ocrx_word' id='word_1_825' title='bbox 3139 3695 3207 3749; x_wconf 85' lang='lat' dir='ltr'><strong><em>Et</em></strong></span> <span class='ocrx_word' id='word_1_826' title='bbox 3224 3695 3375 3761; x_wconf 90' lang='lat' dir='ltr'><strong><em>ideo,</em></strong></span> <span class='ocrx_word' id='word_1_827' title='bbox 3398 3699 3524 3767; x_wconf 82' lang='lat' dir='ltr'><strong><em>quia</em></strong></span> 
     </span>
    </p>
   </div>
   <div class='ocr_carea' id='block_1_101' title="bbox 1944 3786 3528 3856">
    <p class='ocr_par' dir='ltr' id='par_1_101' title="bbox 1944 3786 3528 3856">
     <span class='ocr_line' id='line_1_101' title="bbox 1944 3786 3528 3856; baseline 0.004 -16"><span class='ocrx_word' id='word_1_828' title='bbox 1944 3786 2153 3841; x_wconf 77' lang='lat' dir='ltr'><strong><em>infirma</em></strong></span> <span class='ocrx_word' id='word_1_829' title='bbox 2192 3801 2413 3856; x_wconf 89' lang='lat' dir='ltr'><strong><em>corpora</em></strong></span> <span class='ocrx_word' id='word_1_830' title='bbox 2454 3786 2761 3841; x_wconf 90' lang='lat' dir='ltr'><strong><em>inferiorum</em></strong></span> <span class='ocrx_word' id='word_1_831' title='bbox 2790 3787 3143 3843; x_wconf 85' lang='lat' dir='ltr'><strong><em>habitatorum</em></strong></span> <span class='ocrx_word' id='word_1_832' title='bbox 3165 3830 3180 3855; x_wconf 93' lang='lat'><strong><em>,</em></strong></span> <span class='ocrx_word' id='word_1_833' title='bbox 3208 3790 3528 3848; x_wconf 83' lang='lat' dir='ltr'><strong><em>succedente</em></strong></span> 
     </span>
    </p>
   </div>
   <div class='ocr_carea' id='block_1_102' title="bbox 1945 3879 3527 3949">
    <p class='ocr_par' dir='ltr' id='par_1_102' title="bbox 1945 3879 3527 3949">
     <span class='ocr_line' id='line_1_102' title="bbox 1945 3879 3527 3949; baseline 0.006 -17"><span class='ocrx_word' id='word_1_834' title='bbox 1945 3879 2175 3934; x_wconf 90' lang='lat' dir='ltr'><strong><em>motibus</em></strong></span> <span class='ocrx_word' id='word_1_835' title='bbox 2199 3880 2376 3949; x_wconf 91' lang='lat' dir='ltr'><strong><em>quiete</em></strong></span> <span class='ocrx_word' id='word_1_836' title='bbox 2404 3887 2734 3949; x_wconf 88' lang='lat' dir='ltr'><strong><em>reparantur,</em></strong></span> <span class='ocrx_word' id='word_1_837' title='bbox 2760 3879 2954 3935; x_wconf 87' lang='lat' dir='ltr'><strong><em>factum</em></strong></span> <span class='ocrx_word' id='word_1_838' title='bbox 2981 3889 3064 3935; x_wconf 87' lang='lat' dir='ltr'><strong><em>est</em></strong></span> <span class='ocrx_word' id='word_1_839' title='bbox 3089 3890 3144 3935; x_wconf 92' lang='lat' dir='ltr'><strong><em>ut</em></strong></span> <span class='ocrx_word' id='word_1_840' title='bbox 3163 3883 3527 3941; x_wconf 80' lang='lat' dir='ltr'><strong><em>circumeunte</em></strong></span> 
     </span>
    </p>
   </div>
   <div class='ocr_carea' id='block_1_103' title="bbox 1944 3971 3529 4044">
    <p class='ocr_par' dir='ltr' id='par_1_103' title="bbox 1944 3971 3529 4044">
     <span class='ocr_line' id='line_1_103' title="bbox 1944 3971 3529 4044; baseline 0.003 -19"><span class='ocrx_word' id='word_1_841' title='bbox 1944 3972 2061 4026; x_wconf 92' lang='lat' dir='ltr'><strong><em>sole</em></strong></span> <span class='ocrx_word' id='word_1_842' title='bbox 2079 4013 2093 4037; x_wconf 92' lang='lat'><strong><em>,</em></strong></span> <span class='ocrx_word' id='word_1_843' title='bbox 2138 3971 2243 4027; x_wconf 89' lang='lat' dir='ltr'><strong><em>diei</em></strong></span> <span class='ocrx_word' id='word_1_844' title='bbox 2289 3973 2563 4041; x_wconf 90' lang='lat' dir='ltr'><strong><em>noctisque</em></strong></span> <span class='ocrx_word' id='word_1_845' title='bbox 2588 3972 2953 4028; x_wconf 90' lang='lat' dir='ltr'><strong><em>vicissitudine</em></strong></span> <span class='ocrx_word' id='word_1_846' title='bbox 2977 4013 2990 4035; x_wconf 92' lang='lat'><strong><em>,</em></strong></span> <span class='ocrx_word' id='word_1_847' title='bbox 3024 3983 3239 4044; x_wconf 83' lang='lat' dir='ltr'><strong><em>prapter</em></strong></span> <span class='ocrx_word' id='word_1_848' title='bbox 3260 3974 3529 4029; x_wconf 82' lang='lat' dir='ltr'><strong><em>vicissitu-</em></strong></span> 
     </span>
    </p>
   </div>
   <div class='ocr_carea' id='block_1_104' title="bbox 1945 4063 3530 4134">
    <p class='ocr_par' dir='ltr' id='par_1_104' title="bbox 1945 4063 3530 4134">
     <span class='ocr_line' id='line_1_104' title="bbox 1945 4063 3530 4134; baseline 0.001 -16"><span class='ocrx_word' id='word_1_849' title='bbox 1945 4063 2124 4119; x_wconf 90' lang='lat' dir='ltr'><strong><em>dinem</em></strong></span> <span class='ocrx_word' id='word_1_850' title='bbox 2174 4063 2472 4119; x_wconf 89' lang='lat' dir='ltr'><strong><em>dormiendi</em></strong></span> <span class='ocrx_word' id='word_1_851' title='bbox 2516 4072 2570 4119; x_wconf 92' lang='lat' dir='ltr'><strong><em>ct</em></strong></span> <span class='ocrx_word' id='word_1_852' title='bbox 2619 4063 2869 4134; x_wconf 87' lang='lat' dir='ltr'><strong><em>vigilandi</em></strong></span> <span class='ocrx_word' id='word_1_853' title='bbox 2899 4064 3196 4133; x_wconf 88' lang='lat' dir='ltr'><strong><em>potirentur</em></strong></span> <span class='ocrx_word' id='word_1_854' title='bbox 3227 4081 3241 4120; x_wconf 90' lang='lat'><strong>:</strong></span> <span class='ocrx_word' id='word_1_855' title='bbox 3270 4080 3376 4120; x_wconf 87' lang='lat' dir='ltr'><strong><em>nox</em></strong></span> <span class='ocrx_word' id='word_1_856' title='bbox 3399 4081 3530 4120; x_wconf 90' lang='lat' dir='ltr'><strong><em>vero</em></strong></span> 
     </span>
    </p>
   </div>
   <div class='ocr_carea' id='block_1_105' title="bbox 1950 4152 3527 4219">
    <p class='ocr_par' dir='ltr' id='par_1_105' title="bbox 1950 4152 3527 4219">
     <span class='ocr_line' id='line_1_105' title="bbox 1950 4152 3527 4219; baseline 0.001 -12"><span class='ocrx_word' id='word_1_857' title='bbox 1950 4153 2040 4208; x_wconf 87' lang='lat' dir='ltr'><strong><em>illa</em></strong></span> <span class='ocrx_word' id='word_1_858' title='bbox 2092 4168 2196 4208; x_wconf 92' lang='lat' dir='ltr'><strong><em>non</em></strong></span> <span class='ocrx_word' id='word_1_859' title='bbox 2242 4154 2488 4208; x_wconf 87' lang='lat' dir='ltr'><strong><em>indecora</em></strong></span> <span class='ocrx_word' id='word_1_860' title='bbox 2536 4163 2865 4219; x_wconf 88' lang='lat' dir='ltr'><strong><em>remaneret,</em></strong></span> <span class='ocrx_word' id='word_1_861' title='bbox 2910 4152 3005 4208; x_wconf 88' lang='lat' dir='ltr'><strong><em>sed</em></strong></span> <span class='ocrx_word' id='word_1_862' title='bbox 3041 4153 3179 4208; x_wconf 65' lang='lat' dir='ltr'><strong><em>lunae</em></strong></span> <span class='ocrx_word' id='word_1_863' title='bbox 3204 4169 3266 4208; x_wconf 88' lang='lat' dir='ltr'><strong><em>ac</em></strong></span> <span class='ocrx_word' id='word_1_864' title='bbox 3290 4154 3527 4209; x_wconf 89' lang='lat' dir='ltr'><strong><em>siderum</em></strong></span> 
     </span>
    </p>
   </div>
   <div class='ocr_carea' id='block_1_106' title="bbox 1946 4243 3528 4314">
    <p class='ocr_par' dir='ltr' id='par_1_106' title="bbox 1946 4243 3528 4314">
     <span class='ocr_line' id='line_1_106' title="bbox 1946 4243 3528 4314; baseline 0.001 -17"><span class='ocrx_word' id='word_1_865' title='bbox 1946 4243 2094 4310; x_wconf 91' lang='lat' dir='ltr'><strong><em>luce,</em></strong></span> <span class='ocrx_word' id='word_1_866' title='bbox 2130 4253 2184 4299; x_wconf 90' lang='lat' dir='ltr'><strong><em>et</em></strong></span> <span class='ocrx_word' id='word_1_867' title='bbox 2209 4245 2353 4314; x_wconf 86' lang='lat' dir='ltr'><strong><em>ipsos</em></strong></span> <span class='ocrx_word' id='word_1_868' title='bbox 2381 4244 2746 4299; x_wconf 88' lang='lat' dir='ltr'><strong><em>consolaretur</em></strong></span> <span class='ocrx_word' id='word_1_869' title='bbox 2772 4243 3015 4299; x_wconf 85' lang='lat' dir='ltr'><strong><em>homines</em></strong></span> <span class='ocrx_word' id='word_1_870' title='bbox 3032 4284 3047 4308; x_wconf 91' lang='lat'><strong>,</strong></span> <span class='ocrx_word' id='word_1_871' title='bbox 3075 4244 3267 4312; x_wconf 88' lang='lat' dir='ltr'><strong><em>quibus</em></strong></span> <span class='ocrx_word' id='word_1_872' title='bbox 3296 4245 3528 4314; x_wconf 87' lang='lat' dir='ltr'><strong><em>plerum-</em></strong></span> 
     </span>
    </p>
   </div>
   <div class='ocr_carea' id='block_1_107' title="bbox 1944 4337 3531 4409">
    <p class='ocr_par' dir='ltr' id='par_1_107' title="bbox 1944 4337 3531 4409">
     <span class='ocr_line' id='line_1_107' title="bbox 1944 4337 3531 4409; baseline 0 -18"><span class='ocrx_word' id='word_1_873' title='bbox 1944 4354 2050 4409; x_wconf 86' lang='lat' dir='ltr'><strong><em>que</em></strong></span> <span class='ocrx_word' id='word_1_874' title='bbox 2086 4337 2339 4408; x_wconf 88' lang='lat' dir='ltr'><strong><em>operandi</em></strong></span> <span class='ocrx_word' id='word_1_875' title='bbox 2375 4346 2458 4391; x_wconf 91' lang='lat' dir='ltr'><strong><em>est</em></strong></span> <span class='ocrx_word' id='word_1_876' title='bbox 2490 4338 2649 4391; x_wconf 87' lang='lat' dir='ltr'><strong><em>etiam</em></strong></span> <span class='ocrx_word' id='word_1_877' title='bbox 2682 4346 2940 4391; x_wconf 89' lang='lat' dir='ltr'><strong><em>nocturna</em></strong></span> <span class='ocrx_word' id='word_1_878' title='bbox 2978 4337 3305 4400; x_wconf 86' lang='lat' dir='ltr'><strong><em>necessitas;</em></strong></span> <span class='ocrx_word' id='word_1_879' title='bbox 3332 4345 3388 4391; x_wconf 90' lang='lat' dir='ltr'><strong><em>et</em></strong></span> <span class='ocrx_word' id='word_1_880' title='bbox 3409 4337 3531 4406; x_wconf 82' lang='lat' dir='ltr'><strong><em>qui-</em></strong></span> 
     </span>
    </p>
   </div>
   <div class='ocr_carea' id='block_1_108' title="bbox 1946 4426 3526 4499">
    <p class='ocr_par' dir='ltr' id='par_1_108' title="bbox 1946 4426 3526 4499">
     <span class='ocr_line' id='line_1_108' title="bbox 1946 4426 3526 4499; baseline -0.001 -14"><span class='ocrx_word' id='word_1_881' title='bbox 1946 4430 2168 4485; x_wconf 88' lang='lat' dir='ltr'><strong><em>busdam</em></strong></span> <span class='ocrx_word' id='word_1_882' title='bbox 2207 4428 2555 4487; x_wconf 87' lang='lat' dir='ltr'><strong><em>animalibus.</em></strong></span> <span class='ocrx_word' id='word_1_883' title='bbox 2596 4442 2715 4497; x_wconf 84' lang='lat' dir='ltr'><strong><em>quae</em></strong></span> <span class='ocrx_word' id='word_1_884' title='bbox 2748 4428 2918 4482; x_wconf 89' lang='lat' dir='ltr'><strong><em>lucem</em></strong></span> <span class='ocrx_word' id='word_1_885' title='bbox 2950 4426 3080 4482; x_wconf 89' lang='lat' dir='ltr'><strong><em>solis</em></strong></span> <span class='ocrx_word' id='word_1_886' title='bbox 3108 4427 3248 4482; x_wconf 88' lang='lat' dir='ltr'><strong><em>ferre</em></strong></span> <span class='ocrx_word' id='word_1_887' title='bbox 3270 4440 3379 4483; x_wconf 91' lang='lat' dir='ltr'><strong><em>non</em></strong></span> <span class='ocrx_word' id='word_1_888' title='bbox 3403 4442 3526 4499; x_wconf 89' lang='lat' dir='ltr'><strong><em>pos-</em></strong></span> 
     </span>
    </p>
   </div>
   <div class='ocr_carea' id='block_1_109' title="bbox 1946 4520 3007 4589">
    <p class='ocr_par' dir='ltr' id='par_1_109' title="bbox 1946 4520 3007 4589">
     <span class='ocr_line' id='line_1_109' title="bbox 1946 4520 3007 4589; baseline -0.004 -12"><span class='ocrx_word' id='word_1_889' title='bbox 1946 4530 2097 4584; x_wconf 89' lang='lat' dir='ltr'><strong><em>sunt,</em></strong></span> <span class='ocrx_word' id='word_1_890' title='bbox 2125 4520 2189 4575; x_wconf 90' lang='lat' dir='ltr'><strong><em>ad</em></strong></span> <span class='ocrx_word' id='word_1_891' title='bbox 2216 4520 2581 4575; x_wconf 77' lang='lat' dir='ltr'><strong><em>sufficientiam</em></strong></span> <span class='ocrx_word' id='word_1_892' title='bbox 2604 4528 3007 4589; x_wconf 87' lang='lat' dir='ltr'><strong><em>temperaretur.</em></strong></span> 
     </span>
    </p>
   </div>
   <div class='ocr_carea' id='block_1_110' title="bbox 2018 4613 3566 4688">
    <p class='ocr_par' dir='ltr' id='par_1_110' title="bbox 2018 4613 3566 4688">
     <span class='ocr_line' id='line_1_110' title="bbox 2018 4613 3566 4688; baseline 0 -17"><span class='ocrx_word' id='word_1_893' title='bbox 2018 4614 2243 4672; x_wconf 83' lang='lat' dir='ltr'><strong><em>CAPUT</em></strong></span> <span class='ocrx_word' id='word_1_894' title='bbox 2270 4613 2409 4669; x_wconf 79' lang='lat' dir='ltr'><strong><em>XIV.</em></strong></span> <span class='ocrx_word' id='word_1_895' title='bbox 2436 4644 2506 4656; x_wconf 93' lang='lat'><strong>—</strong></span> <span class='ocrx_word' id='word_1_896' title='bbox 2538 4613 2801 4680; x_wconf 83' lang='lat' dir='ltr'><strong><em>Quomodo</em></strong></span> <span class='ocrx_word' id='word_1_897' title='bbox 2827 4615 3099 4669; x_wconf 86' lang='lat' dir='ltr'><strong><em>luminaria</em></strong></span> <span class='ocrx_word' id='word_1_898' title='bbox 3125 4616 3226 4670; x_wconf 78' lang='lat' dir='ltr'><strong><em>sint</em></strong></span> <span class='ocrx_word' id='word_1_899' title='bbox 3250 4616 3301 4670; x_wconf 91' lang='lat' dir='ltr'><strong><em>in</em></strong></span> <span class='ocrx_word' id='word_1_900' title='bbox 3313 4616 3403 4688; x_wconf 87' lang='lat' dir='ltr'><strong><em>sig</em></strong></span> <span class='ocrx_word' id='word_1_901' title='bbox 3416 4633 3516 4671; x_wconf 88' lang='lat' dir='ltr'><strong><em>nae</em></strong></span> <span class='ocrx_word' id='word_1_902' title='bbox 3553 4634 3566 4684; x_wconf 69' lang='grc' dir='ltr'><strong><em>ί</em></strong></span> 
     </span>
    </p>
   </div>
   <div class='ocr_carea' id='block_1_111' title="bbox 2358 4707 3554 4775">
    <p class='ocr_par' dir='ltr' id='par_1_111' title="bbox 2358 4707 3554 4775">
     <span class='ocr_line' id='line_1_111' title="bbox 2358 4707 3554 4775; baseline 0.003 -15"><span class='ocrx_word' id='word_1_903' title='bbox 2358 4716 2583 4775; x_wconf 85' lang='lat' dir='ltr'><strong><em>tempora</em></strong></span> <span class='ocrx_word' id='word_1_904' title='bbox 2600 4748 2616 4772; x_wconf 92' lang='lat'><strong><em>,</em></strong></span> <span class='ocrx_word' id='word_1_905' title='bbox 2646 4707 2699 4761; x_wconf 88' lang='lat' dir='ltr'><strong><em>in</em></strong></span> <span class='ocrx_word' id='word_1_906' title='bbox 2727 4707 2835 4762; x_wconf 87' lang='lat' dir='ltr'><strong><em>dies</em></strong></span> <span class='ocrx_word' id='word_1_907' title='bbox 2856 4716 2904 4761; x_wconf 87' lang='lat' dir='ltr'><strong><em>et</em></strong></span> <span class='ocrx_word' id='word_1_908' title='bbox 2925 4724 3106 4763; x_wconf 87' lang='lat' dir='ltr'><strong><em>annos.</em></strong></span> <span class='ocrx_word' id='word_1_909' title='bbox 3546 4741 3554 4763; x_wconf 71' lang='grc' dir='ltr'>ε</span> 
     </span>
    </p>
   </div>
   <div class='ocr_carea' id='block_1_112' title="bbox 2015 4798 3559 4872">
    <p class='ocr_par' dir='ltr' id='par_1_112' title="bbox 2015 4798 3559 4872">
     <span class='ocr_line' id='line_1_112' title="bbox 2015 4798 3559 4872; baseline -0.002 -17"><span class='ocrx_word' id='word_1_910' title='bbox 2015 4798 2105 4855; x_wconf 72' lang='grc'><strong><em>28.</em></strong></span> <span class='ocrx_word' id='word_1_911' title='bbox 2138 4798 2269 4855; x_wconf 89' lang='lat' dir='ltr'><strong><em>Illud</em></strong></span> <span class='ocrx_word' id='word_1_912' title='bbox 2294 4807 2471 4854; x_wconf 89' lang='lat' dir='ltr'><strong><em>autem</em></strong></span> <span class='ocrx_word' id='word_1_913' title='bbox 2497 4798 2639 4870; x_wconf 89' lang='lat' dir='ltr'><strong><em>quod</em></strong></span> <span class='ocrx_word' id='word_1_914' title='bbox 2664 4799 2863 4855; x_wconf 92' lang='lat' dir='ltr'><strong><em>dictum</em></strong></span> <span class='ocrx_word' id='word_1_915' title='bbox 2886 4809 2999 4866; x_wconf 89' lang='lat' dir='ltr'><strong><em>est,</em></strong></span> <span class='ocrx_word' id='word_1_916' title='bbox 3032 4799 3098 4855; x_wconf 86' lang='lat' dir='ltr'><strong><em>Et</em></strong></span> <span class='ocrx_word' id='word_1_917' title='bbox 3120 4800 3219 4855; x_wconf 89' lang='lat' dir='ltr'><strong><em>sint</em></strong></span> <span class='ocrx_word' id='word_1_918' title='bbox 3242 4801 3296 4854; x_wconf 88' lang='lat' dir='ltr'><strong>in</strong></span> <span class='ocrx_word' id='word_1_919' title='bbox 3314 4800 3460 4872; x_wconf 85' lang='lat' dir='ltr'><strong><em>signa</em></strong></span> <span class='ocrx_word' id='word_1_920' title='bbox 3481 4798 3559 4872; x_wconf 59' lang='lat' dir='ltr'><strong><em>et;</em></strong></span> 
     </span>
    </p>
   </div>
   <div class='ocr_carea' id='block_1_113' title="bbox 1947 4890 3529 4962">
    <p class='ocr_par' dir='ltr' id='par_1_113' title="bbox 1947 4890 3529 4962">
     <span class='ocr_line' id='line_1_113' title="bbox 1947 4890 3529 4962; baseline -0.003 -15"><span class='ocrx_word' id='word_1_921' title='bbox 1947 4901 2171 4961; x_wconf 75' lang='lat' dir='ltr'><strong><em>tenipora</em></strong></span> <span class='ocrx_word' id='word_1_922' title='bbox 2188 4932 2205 4956; x_wconf 96' lang='lat'><strong><em>,</em></strong></span> <span class='ocrx_word' id='word_1_923' title='bbox 2231 4901 2276 4944; x_wconf 88' lang='lat' dir='ltr'><strong><em>et</em></strong></span> <span class='ocrx_word' id='word_1_924' title='bbox 2297 4892 2351 4945; x_wconf 88' lang='lat' dir='ltr'><strong><em>in</em></strong></span> <span class='ocrx_word' id='word_1_925' title='bbox 2370 4891 2477 4945; x_wconf 91' lang='lat' dir='ltr'><strong><em>dies</em></strong></span> <span class='ocrx_word' id='word_1_926' title='bbox 2495 4932 2510 4956; x_wconf 97' lang='lat'><strong><em>,</em></strong></span> <span class='ocrx_word' id='word_1_927' title='bbox 2533 4901 2579 4945; x_wconf 91' lang='lat' dir='ltr'><strong><em>et</em></strong></span> <span class='ocrx_word' id='word_1_928' title='bbox 2597 4890 2651 4944; x_wconf 88' lang='lat' dir='ltr'><strong>in</strong></span> <span class='ocrx_word' id='word_1_929' title='bbox 2673 4907 2835 4946; x_wconf 89' lang='lat' dir='ltr'><strong><em>annos</em></strong></span> <span class='ocrx_word' id='word_1_930' title='bbox 2853 4933 2869 4958; x_wconf 96' lang='lat'><strong><em>,</em></strong></span> <span class='ocrx_word' id='word_1_931' title='bbox 2893 4891 3013 4962; x_wconf 90' lang='lat' dir='ltr'><strong><em>quis</em></strong></span> <span class='ocrx_word' id='word_1_932' title='bbox 3036 4907 3142 4946; x_wconf 91' lang='lat' dir='ltr'><strong><em>non</em></strong></span> <span class='ocrx_word' id='word_1_933' title='bbox 3172 4890 3347 4946; x_wconf 85' lang='lat' dir='ltr'><strong><em>videat</em></strong></span> <span class='ocrx_word' id='word_1_934' title='bbox 3367 4905 3529 4959; x_wconf 88' lang='lat' dir='ltr'><strong><em>quam</em></strong></span> 
     </span>
    </p>
   </div>
   <div class='ocr_carea' id='block_1_114' title="bbox 1947 4984 3537 5055">
    <p class='ocr_par' dir='ltr' id='par_1_114' title="bbox 1947 4984 3537 5055">
     <span class='ocr_line' id='line_1_114' title="bbox 1947 4984 3537 5055; baseline -0.004 -14"><span class='ocrx_word' id='word_1_935' title='bbox 1947 4984 2175 5041; x_wconf 85' lang='lat' dir='ltr'><strong><em>obscure</em></strong></span> <span class='ocrx_word' id='word_1_936' title='bbox 2213 4984 2443 5054; x_wconf 90' lang='lat' dir='ltr'><strong><em>positum</em></strong></span> <span class='ocrx_word' id='word_1_937' title='bbox 2488 4984 2590 5049; x_wconf 90' lang='lat' dir='ltr'><strong><em>sit,</em></strong></span> <span class='ocrx_word' id='word_1_938' title='bbox 2636 4993 2828 5055; x_wconf 91' lang='lat' dir='ltr'><strong><em>quarto</em></strong></span> <span class='ocrx_word' id='word_1_939' title='bbox 2863 4984 2951 5038; x_wconf 91' lang='lat' dir='ltr'><strong><em>die</em></strong></span> <span class='ocrx_word' id='word_1_940' title='bbox 2987 4985 3215 5053; x_wconf 75' lang='lat' dir='ltr'><strong><em>cmpisse</em></strong></span> <span class='ocrx_word' id='word_1_941' title='bbox 3254 4992 3495 5050; x_wconf 89' lang='lat' dir='ltr'><strong><em>tempora</em></strong></span> <span class='ocrx_word' id='word_1_942' title='bbox 3523 5023 3537 5047; x_wconf 91' lang='lat'><strong>,</strong></span> 
     </span>
    </p>
   </div>
   <div class='ocr_carea' id='block_1_115' title="bbox 1946 5072 3581 5209">
    <p class='ocr_par' dir='ltr' id='par_1_115' title="bbox 1946 5072 3581 5209">
     <span class='ocr_line' id='line_1_115' title="bbox 1946 5072 3581 5209; baseline -0.002 -78"><span class='ocrx_word' id='word_1_943' title='bbox 1946 5077 2096 5149; x_wconf 91' lang='lat' dir='ltr'><strong><em>quasi</em></strong></span> <span class='ocrx_word' id='word_1_944' title='bbox 2124 5076 2369 5146; x_wconf 91' lang='lat' dir='ltr'><strong><em>superius</em></strong></span> <span class='ocrx_word' id='word_1_945' title='bbox 2388 5075 2619 5131; x_wconf 89' lang='lat' dir='ltr'><strong><em>triduum</em></strong></span> <span class='ocrx_word' id='word_1_946' title='bbox 2645 5076 2759 5130; x_wconf 90' lang='lat' dir='ltr'><strong><em>sine</em></strong></span> <span class='ocrx_word' id='word_1_947' title='bbox 2784 5085 3025 5145; x_wconf 80' lang='lat' dir='ltr'><strong><em>tempore</em></strong></span> <span class='ocrx_word' id='word_1_948' title='bbox 3051 5072 3321 5143; x_wconf 67' lang='lat' dir='ltr'><strong><em>praeterire</em></strong></span> <span class='ocrx_word' id='word_1_949' title='bbox 3345 5072 3581 5209; x_wconf 44' lang='lat' dir='ltr'><strong><em>potue-‘k</em></strong></span> 
     </span>
     <span class='ocr_line' id='line_1_116' title="bbox 1947 5163 3530 5209; baseline 0 0"><span class='ocrx_word' id='word_1_950' title='bbox 1947 5168 2015 5209; x_wconf 74' lang='lat' dir='ltr'><strong><em>rit</em></strong></span> <span class='ocrx_word' id='word_1_951' title='bbox 2034 5168 2059 5209; x_wconf 71' lang='lat'><strong>9</strong></span> <span class='ocrx_word' id='word_1_952' title='bbox 2097 5167 2226 5209; x_wconf 64' lang='lat' dir='ltr'><strong><em>nnis</em></strong></span> <span class='ocrx_word' id='word_1_953' title='bbox 2260 5181 2388 5209; x_wconf 64' lang='lat' dir='ltr'><strong><em>eum</em></strong></span> <span class='ocrx_word' id='word_1_954' title='bbox 2422 5166 2602 5209; x_wconf 74' lang='lat' dir='ltr'><strong><em>animn</em></strong></span> <span class='ocrx_word' id='word_1_955' title='bbox 2627 5174 2865 5209; x_wconf 63' lang='lat' dir='ltr'><strong><em>mnntml</em></strong></span> <span class='ocrx_word' id='word_1_956' title='bbox 2887 5163 3155 5209; x_wconf 81' lang='lat' dir='ltr'><strong><em>mmmm‘In</em></strong></span> <span class='ocrx_word' id='word_1_957' title='bbox 3181 5163 3253 5209; x_wconf 83' lang='lat' dir='ltr'><strong><em>illi</em></strong></span> <span class='ocrx_word' id='word_1_958' title='bbox 3279 5171 3389 5209; x_wconf 72' lang='lat' dir='ltr'><strong><em>tres</em></strong></span> <span class='ocrx_word' id='word_1_959' title='bbox 3414 5163 3530 5209; x_wconf 68' lang='lat' dir='ltr'><strong><em>dies</em></strong></span> 
     </span>
    </p>
   </div>
   <div class='ocr_carea' id='block_1_116' title="bbox 1947 5163 3530 5237">
    <p class='ocr_par' dir='ltr' id='par_1_116' title="bbox 1947 5163 3530 5237">
     <span class='ocr_line' id='line_1_117' title="bbox 1947 5163 3530 5237; baseline -0.003 -13"><span class='ocrx_word' id='word_1_960' title='bbox 1947 5168 2059 5224; x_wconf 84' lang='lat' dir='ltr'><strong><em>rit?</em></strong></span> <span class='ocrx_word' id='word_1_961' title='bbox 2097 5167 2226 5234; x_wconf 86' lang='lat' dir='ltr'><strong><em>Quis</em></strong></span> <span class='ocrx_word' id='word_1_962' title='bbox 2260 5181 2388 5237; x_wconf 87' lang='lat' dir='ltr'><strong><em>ergo</em></strong></span> <span class='ocrx_word' id='word_1_963' title='bbox 2422 5166 2602 5222; x_wconf 91' lang='lat' dir='ltr'><strong><em>animo</em></strong></span> <span class='ocrx_word' id='word_1_964' title='bbox 2627 5174 2865 5235; x_wconf 89' lang='lat' dir='ltr'><strong><em>penetrat</em></strong></span> <span class='ocrx_word' id='word_1_965' title='bbox 2887 5163 3155 5236; x_wconf 89' lang='lat' dir='ltr'><strong><em>quomodo</em></strong></span> <span class='ocrx_word' id='word_1_966' title='bbox 3180 5163 3253 5218; x_wconf 91' lang='lat' dir='ltr'><strong><em>illi</em></strong></span> <span class='ocrx_word' id='word_1_967' title='bbox 3279 5171 3389 5219; x_wconf 89' lang='lat' dir='ltr'><strong><em>tres</em></strong></span> <span class='ocrx_word' id='word_1_968' title='bbox 3414 5163 3530 5219; x_wconf 90' lang='lat' dir='ltr'><strong><em>dies</em></strong></span> 
     </span>
    </p>
   </div>
   <div class='ocr_carea' id='block_1_117' title="bbox 1948 5258 3533 5329">
    <p class='ocr_par' dir='ltr' id='par_1_117' title="bbox 1948 5258 3533 5329">
     <span class='ocr_line' id='line_1_118' title="bbox 1948 5258 3533 5329; baseline -0.004 -13"><span class='ocrx_word' id='word_1_969' title='bbox 1948 5259 2273 5326; x_wconf 86' lang='lat' dir='ltr'><strong><em>transierint,</em></strong></span> <span class='ocrx_word' id='word_1_970' title='bbox 2297 5267 2579 5329; x_wconf 89' lang='lat' dir='ltr'><strong><em>antequam</em></strong></span> <span class='ocrx_word' id='word_1_971' title='bbox 2606 5258 2903 5328; x_wconf 89' lang='lat' dir='ltr'><strong><em>inciperent</em></strong></span> <span class='ocrx_word' id='word_1_972' title='bbox 2922 5264 3180 5325; x_wconf 90' lang='lat' dir='ltr'><strong><em>tempora,</em></strong></span> <span class='ocrx_word' id='word_1_973' title='bbox 3201 5269 3321 5325; x_wconf 71' lang='lat' dir='ltr'><strong><em>quae</em></strong></span> <span class='ocrx_word' id='word_1_974' title='bbox 3340 5266 3533 5325; x_wconf 88' lang='lat' dir='ltr'><strong><em>quarto</em></strong></span> 
     </span>
    </p>
   </div>
   <div class='ocr_carea' id='block_1_118' title="bbox 1946 5347 3533 5421">
    <p class='ocr_par' dir='ltr' id='par_1_118' title="bbox 1946 5347 3533 5421">
     <span class='ocr_line' id='line_1_119' title="bbox 1946 5347 3533 5421; baseline -0.004 -12"><span class='ocrx_word' id='word_1_975' title='bbox 1946 5353 2035 5409; x_wconf 92' lang='lat' dir='ltr'><strong><em>die</em></strong></span> <span class='ocrx_word' id='word_1_976' title='bbox 2071 5352 2320 5408; x_wconf 90' lang='lat' dir='ltr'><strong><em>dicuntur</em></strong></span> <span class='ocrx_word' id='word_1_977' title='bbox 2354 5351 2626 5421; x_wconf 87' lang='lat' dir='ltr'><strong><em>incipere;</em></strong></span> <span class='ocrx_word' id='word_1_978' title='bbox 2664 5348 2750 5404; x_wconf 93' lang='lat' dir='ltr'><strong><em>vel</em></strong></span> <span class='ocrx_word' id='word_1_979' title='bbox 2776 5357 2951 5403; x_wconf 90' lang='lat' dir='ltr'><strong><em>utrum</em></strong></span> <span class='ocrx_word' id='word_1_980' title='bbox 2977 5347 3198 5402; x_wconf 91' lang='lat' dir='ltr'><strong><em>omnino</em></strong></span> <span class='ocrx_word' id='word_1_981' title='bbox 3223 5348 3533 5403; x_wconf 85' lang='lat' dir='ltr'><strong><em>transierint</em></strong></span> 
     </span>
    </p>
   </div>
   <div class='ocr_carea' id='block_1_119' title="bbox 1948 5438 3533 5512">
    <p class='ocr_par' dir='ltr' id='par_1_119' title="bbox 1948 5438 3533 5512">
     <span class='ocr_line' id='line_1_120' title="bbox 1948 5438 3533 5512; baseline -0.004 -10"><span class='ocrx_word' id='word_1_982' title='bbox 1948 5446 2062 5503; x_wconf 88' lang='lat' dir='ltr'><strong><em>dies</em></strong></span> <span class='ocrx_word' id='word_1_983' title='bbox 2103 5444 2217 5500; x_wconf 85' lang='lat' dir='ltr'><strong><em>illi?</em></strong></span> <span class='ocrx_word' id='word_1_984' title='bbox 2256 5447 2338 5499; x_wconf 87' lang='lat' dir='ltr'><strong><em>An</em></strong></span> <span class='ocrx_word' id='word_1_985' title='bbox 2377 5444 2515 5498; x_wconf 87' lang='lat' dir='ltr'><strong><em>circa</em></strong></span> <span class='ocrx_word' id='word_1_986' title='bbox 2551 5442 2782 5512; x_wconf 84' lang='lat' dir='ltr'><strong><em>speciem</em></strong></span> <span class='ocrx_word' id='word_1_987' title='bbox 2808 5438 2963 5494; x_wconf 64' lang='lat' dir='ltr'><strong><em>facta:</em></strong></span> <span class='ocrx_word' id='word_1_988' title='bbox 2991 5439 3068 5494; x_wconf 90' lang='lat' dir='ltr'><strong><em>rei</em></strong></span> <span class='ocrx_word' id='word_1_989' title='bbox 3094 5438 3208 5494; x_wconf 88' lang='lat' dir='ltr'><strong><em>dies</em></strong></span> <span class='ocrx_word' id='word_1_990' title='bbox 3237 5439 3533 5509; x_wconf 89' lang='lat' dir='ltr'><strong><em>appellatus</em></strong></span> 
     </span>
    </p>
   </div>
   <div class='ocr_carea' id='block_1_120' title="bbox 1949 5531 3533 5607">
    <p class='ocr_par' dir='ltr' id='par_1_120' title="bbox 1949 5531 3533 5607">
     <span class='ocr_line' id='line_1_121' title="bbox 1949 5531 3533 5607; baseline -0.004 -12"><span class='ocrx_word' id='word_1_991' title='bbox 1949 5541 2053 5607; x_wconf 91' lang='lat' dir='ltr'><strong><em>sit,</em></strong></span> <span class='ocrx_word' id='word_1_992' title='bbox 2084 5546 2137 5593; x_wconf 91' lang='lat' dir='ltr'><strong><em>et</em></strong></span> <span class='ocrx_word' id='word_1_993' title='bbox 2163 5538 2303 5593; x_wconf 89' lang='lat' dir='ltr'><strong><em>circa</em></strong></span> <span class='ocrx_word' id='word_1_994' title='bbox 2334 5536 2678 5607; x_wconf 90' lang='lat' dir='ltr'><strong><em>privationem</em></strong></span> <span class='ocrx_word' id='word_1_995' title='bbox 2706 5547 2809 5588; x_wconf 82' lang='lat' dir='ltr'><strong><em>nox</em></strong></span> <span class='ocrx_word' id='word_1_996' title='bbox 2836 5550 2851 5586; x_wconf 90' lang='lat'><strong>:</strong></span> <span class='ocrx_word' id='word_1_997' title='bbox 2878 5541 2937 5587; x_wconf 92' lang='lat' dir='ltr'><strong><em>ut</em></strong></span> <span class='ocrx_word' id='word_1_998' title='bbox 2960 5531 3194 5587; x_wconf 88' lang='lat' dir='ltr'><strong><em>nondum</em></strong></span> <span class='ocrx_word' id='word_1_999' title='bbox 3220 5531 3399 5601; x_wconf 86' lang='lat' dir='ltr'><strong><em>specie</em></strong></span> <span class='ocrx_word' id='word_1_1000' title='bbox 3419 5531 3533 5588; x_wconf 80' lang='lat' dir='ltr'><strong><em>for-</em></strong></span> 
     </span>
    </p>
   </div>
   <div class='ocr_carea' id='block_1_121' title="bbox 1949 5622 3536 5691">
    <p class='ocr_par' dir='ltr' id='par_1_121' title="bbox 1949 5622 3536 5691">
     <span class='ocr_line' id='line_1_122' title="bbox 1949 5622 3536 5691; baseline -0.003 -7"><span class='ocrx_word' id='word_1_1001' title='bbox 1949 5638 2089 5685; x_wconf 90' lang='lat' dir='ltr'><strong><em>mata</em></strong></span> <span class='ocrx_word' id='word_1_1002' title='bbox 2118 5628 2338 5683; x_wconf 89' lang='lat' dir='ltr'><strong><em>materia</em></strong></span> <span class='ocrx_word' id='word_1_1003' title='bbox 2365 5641 2466 5680; x_wconf 80' lang='lat' dir='ltr'><strong><em>nox</em></strong></span> <span class='ocrx_word' id='word_1_1004' title='bbox 2491 5624 2630 5680; x_wconf 90' lang='lat' dir='ltr'><strong><em>dicta</em></strong></span> <span class='ocrx_word' id='word_1_1005' title='bbox 2656 5625 2755 5691; x_wconf 90' lang='lat' dir='ltr'><strong><em>sit,</em></strong></span> <span class='ocrx_word' id='word_1_1006' title='bbox 2783 5623 2925 5680; x_wconf 90' lang='lat' dir='ltr'><strong><em>unde</em></strong></span> <span class='ocrx_word' id='word_1_1007' title='bbox 2952 5622 3223 5679; x_wconf 89' lang='lat' dir='ltr'><strong><em>formanda</em></strong></span> <span class='ocrx_word' id='word_1_1008' title='bbox 3250 5632 3404 5678; x_wconf 90' lang='lat' dir='ltr'><strong><em>erant</em></strong></span> <span class='ocrx_word' id='word_1_1009' title='bbox 3431 5639 3536 5679; x_wconf 76' lang='lat' dir='ltr'><strong><em>cte-</em></strong></span> 
     </span>
    </p>
   </div>
   <div class='ocr_carea' id='block_1_122' title="bbox 1952 5716 3538 5793">
    <p class='ocr_par' dir='ltr' id='par_1_122' title="bbox 1952 5716 3538 5793">
     <span class='ocr_line' id='line_1_123' title="bbox 1952 5716 3538 5793; baseline -0.009 -12"><span class='ocrx_word' id='word_1_1010' title='bbox 1952 5737 2062 5793; x_wconf 82' lang='lat' dir='ltr'><strong><em>tera</em></strong></span> <span class='ocrx_word' id='word_1_1011' title='bbox 2088 5740 2102 5789; x_wconf 89' lang='lat'><strong><em>;</em></strong></span> <span class='ocrx_word' id='word_1_1012' title='bbox 2129 5723 2260 5776; x_wconf 87' lang='lat' dir='ltr'><strong><em>sicut</em></strong></span> <span class='ocrx_word' id='word_1_1013' title='bbox 2285 5728 2454 5791; x_wconf 90' lang='lat' dir='ltr'><strong><em>potest</em></strong></span> <span class='ocrx_word' id='word_1_1014' title='bbox 2479 5719 2722 5791; x_wconf 90' lang='lat' dir='ltr'><strong><em>quamvis</em></strong></span> <span class='ocrx_word' id='word_1_1015' title='bbox 2747 5718 2800 5775; x_wconf 90' lang='lat' dir='ltr'><strong><em>in</em></strong></span> <span class='ocrx_word' id='word_1_1016' title='bbox 2824 5718 2983 5776; x_wconf 80' lang='lat' dir='ltr'><strong><em>rebus</em></strong></span> <span class='ocrx_word' id='word_1_1017' title='bbox 3008 5716 3249 5775; x_wconf 83' lang='lat' dir='ltr'><strong><em>formatis</em></strong></span> <span class='ocrx_word' id='word_1_1018' title='bbox 3270 5757 3283 5784; x_wconf 93' lang='lat'><strong><em>,</em></strong></span> <span class='ocrx_word' id='word_1_1019' title='bbox 3311 5716 3538 5787; x_wconf 84' lang='lat' dir='ltr'><strong><em>intelligi</em></strong></span> 
     </span>
    </p>
   </div>
  </div>
