3906 6360
226 314 331 371 ΞἹῚ

229 431 584 503 principatum
613 428 777 497 (nam
804 436 856 482 et
873 441 1105 498 graecum
1131 425 1350 480 verbum
1371 423 1472 478 hoc
1491 423 1660 492 magis
1682 420 1817 474 indi-

223 523 481 588 catmum
526 520 730 575 dictum
775 514 855 574 est
900 521 1080 589 ἀρχὴν·
1111 526 1164 572 et
1216 517 1265 570 in
1311 513 1536 570 Psalmis
1582 513 1821 581 apertius

231 613 486 682 scriptum
507 621 612 677 est,
645 608 818 667 Sciam
845 609 895 663 in
922 619 1214 680 potestatem
1234 603 1352 670 diei,
1379 607 1548 660 lunam
1577 617 1620 658 et
1647 605 1818 657 stellas

232 707 285 759 in
310 702 604 777 potestatem
632 703 791 757 noctis
813 699 981 774 [PsaL
1005 717 1208 765 cxxxv,
1241 695 1293 765 8,
1327 687 1447 773 9]),
1480 714 1583 754 non
1615 698 1822 768 cogitur

231 814 261 850 a
291 795 714 867 quartadecima
741 811 1042 860 numerare,
1070 802 1124 848 et
1151 793 1370 849 credere
1405 785 1590 847 lunam
1627 791 1820 846 factam

159 884 162 886 ’
220 887 410 958 ‘p'r'imo
429 885 560 942 'esse
575 885 689 940 non
716 881 962 958 primum.

331 959 569 1034 ὈἉῬἯῩ
603 965 747 1032 XVI.
775 989 849 1016 '——
877 977 956 1030 An
982 973 1146 1029 sidera
1167 957 1426 1046 aqualiter
1451 975 1695 1046 fulgeant.

295 1051 402 1125 155.
423 1067 612 1134 'Q'uze'ri
641 1061 800 1122 etiam
850 1051 987 1122 solet
1019 1076 1194 1121 utrum
1245 1067 1368 1121 coeli
1403 1059 1690 1122 luminaria
1722 1065 1820 1122 ista

221 1161 630 1248 ‘COttspiCuamid
669 1157 760 1248 est.
774 1159 853 1238 sol
884 1148 938 1216 et
962 1157 1085 1217 luna
1110 1168 1164 1216 et
1188 1161 1376 1225 stellae,
1405 1161 1677 1245 tequaliter
1715 1161 1820 1214 fui-

229 1224 431 1323 geatil;
463 1224 715 1321 sed-quod
745 1235 970 1307 diversis
1011 1249 1310 1332 intervallis
1357 1224 1553 1304 distent
1597 1266 1626 1303 a
1655 1242 1818 1318 terra,

231 1345 523 1415 propterea
568 1337 778 1398 diversa
811 1339 1052 1397 claritate
1082 1343 1250 1411 magis
1296 1343 1578 1411 minusque
1619 1342 1816 1416 nostris

223 1433 405 1491 oculis
421 1433 744 1505 appareant.
773 1427 851 1489 Et
875 1433 940 1489 de
955 1425 1087 1489 luna
1113 1433 1327 1505 quidem
1355 1433 1443 1503 qui
1467 1421 1589 1487 haec
1615 1433 1817 1499 dicunt,

233 1543 343 1580 non
391 1525 642 1580 dubitant
686 1526 862 1581 minus
897 1521 1015 1580 eam
1057 1526 1232 1580 lucere
1261 1539 1418 1595 quam
1447 1520 1638 1591 solem,
1667 1539 1697 1578 a
1716 1540 1822 1595 quo

233 1616 401 1672 etiam
425 1616 718 1687 perhibent
761 1617 1033 1672 illustrari.
1083 1616 1272 1672 Multas
1318 1625 1494 1672 autem
1533 1617 1712 1673 stellas
1735 1618 1822 1672 vel

230 1708 472 1778 :equales
513 1708 636 1774 soli,
658 1707 744 1764 vel
777 1708 938 1762 etiam
966 1707 1194 1778 majores
1217 1708 1428 1762 audent
1471 1709 1669 1776 dicere,
1727 1709 1821 1764 sed

231 1798 448 1867 longius
470 1799 673 1869 positas
701 1814 890 1869 parvas
916 1797 1104 1853 videri.
1137 1798 1205 1853 Et
1221 1783 1386 1852 illabi
1406 1781 1618 1868 quidem
1647 1795 1822 1868 potest

228 1890 458 1945 fortasse
485 1889 750 1956 sufﬁcere,
794 1906 1009 1962 quoquo
1044 1890 1204 1960 modo
1229 1906 1289 1946 se
1324 1890 1424 1945 ista
1464 1905 1554 1946 res
1600 1891 1814 1960 habeat,

233 1974 444 2030 artifice
465 1974 577 2030 Deo
599 1958 1039 2030 condita—"Sidera.
1075 1958 1400 2046 Quanquam
1429 1986 1703 2031 teneamus
1729 1958 1820 2031 au-

233 2067 490 2122 ctoritate
511 2067 800 2138 apostolica
825 2067 1046 2135 dictum,
1074 2067 1191 2122 Alia
1218 2068 1382 2139 gloria
1417 2069 1558 2133 solis,
1588 2070 1691 2123 alia
1712 2069 1821 2140 glo-

227 2159 314 2212 ria
343 2160 499 2224 (una,
523 2169 568 2214 et
597 2160 700 2214 alia
733 2160 899 2232 gloria
915 2159 1187 2214 stellarum
1213 2177 1232 2215 .'
1259 2161 1404 2215 stella
1427 2161 1564 2215 enim
1585 2162 1650 2215 ab
1673 2163 1820 2216 stella

234 2237 411 2317 diﬂ'm
453 2251 506 2304 in
553 2251 719 2320 gloria
743 2248 807 2324 (l
833 2249 952 2306 Cor.
980 2265 1078 2319 xv,
1123 2251 1188 2306 ιι
1215 2248 1265 2324 ).
1294 2251 1403 2308 Sed
1438 2253 1566 2322 quia
1595 2261 1822 2324 possunt

228 2340 412 2397 adhuc
441 2342 644 2420 dicere,
676 2344 882 2400 etiamsi
912 2358 1016 2398 non
1045 2344 1296 2399 resistant
1324 2345 1582 2414 Apostolo
1613 2369 1628 2399 ε
1661 2345 1821 2403 θᾶσθε

228 2446 362 2490 runt
393 2436 608 2506 quidem
639 2437 692 2490 in
733 2436 930 2504 gloria,
977 2436 1073 2492 sed
1119 2435 1187 2491 ad
1217 2437 1402 2492 oculos
1433 2446 1769 2494 terrenorum
1795 2457 1810 2506 ;

229 2538 347 2594 aut,
380 2529 504 2598 quia
528 2509 636 2583 hoc
662 2537 878 2597 propter
903 2528 1299 2598 resurgentium
1321 2527 1717 2583 similitudinem
1738 2529 1822 2583 di-

228 2619 392 2673 cebal
411 2618 724 2688 Apostolus,
746 2619 835 2688 qui
860 2634 968 2674 non
992 2619 1176 2686 utique
1200 2618 1269 2674 ad
1289 2618 1476 2674 oculos
1495 2620 1653 2677 aliter
1663 2630 1822 2677 erunt

229 2718 289 2764 et
317 2709 369 2764 in
397 2723 456 2764 se
483 2689 659 2777 aliter,
691 2709 940 2766 dill'crunt
967 2709 1177 2781 quidem
1196 2719 1254 2766 et
1276 2711 1330 2768 in
1350 2711 1537 2781 seipsis
1562 2711 1737 2768 sidera
1767 2713 1820 2769 in

227 2793 430 2872 gloria,
459 2801 554 2857 sed
585 2811 763 2858 tamen
789 2803 1041 2884 nonnulla
1079 2811 1211 2858 sunt
1229 2803 1399 2858 etiam
1432 2803 1552 2858 sole
1573 2804 1779 2873 maiore
1803 2821 1818 2859 :

227 2896 337 2966 ipsi
359 2894 588 2950 viderint
605 2893 1051 2964 quemadmodum
1063 2895 1167 2952 soli
1193 2904 1299 2949 tam
1317 2907 1566 2966 magnum
1585 2895 1823 2951 tribuant

234 2989 618 3058 principatum,
648 2995 706 3042 ut
752 3001 872 3042 eum
915 2986 1083 3042 radiis
1099 2988 1218 3042 suis
1244 2987 1500 3058 quaedam
1525 2988 1730 3055 stellas,
1767 2997 1822 3044 et

229 3095 331 3134 eas
361 3078 581 3149 quidem
611 3077 948 3147 principales,
975 3077 1168 3148 quibus
1185 3078 1414 3148 amplius
1431 3078 1518 3134 isti
1533 3087 1692 3149 quam
1717 3094 1822 3134 cae-

232 3175 368 3228 teris
394 3172 712 3244 supplicant,
729 3179 783 3226 et
808 3178 992 3228 tenere
1011 3172 1212 3235 dicant,
1226 3182 1283 3228 et
1305 3180 1626 3243 retroagere
1643 3187 1679 3226 ι
1699 3179 1823 3227 cur-

229 3281 300 3320 su
327 3264 568 3335 proprio.
593 3263 866 3318 Nonenim
895 3262 952 3317 lit
969 3263 1278 3327 verisimile,
1300 3263 1535 3333 majores
1547 3271 1640 3317 aut
1659 3265 1820 3318 etiam

235 3355 478 3426 aequales
506 3353 754 3409 violentia
779 3353 1048 3408 radiorum
1073 3354 1192 3423 ejus
1232 3369 1393 3424 posse
1419 3355 1682 3425 superari.
1701 3359 1825 3412 .Aut

227 3443 286 3502 si
312 3445 620 3516 superiores
645 3444 918 3515 signorum
945 3445 1132 3500 stellas
1154 3445 1240 3501 vel
1260 3447 1683 3514 septentrionum
1711 3457 1824 3501 ma-

225 3523 383 3610 iores
407 3553 527 3594 esse
547 3545 816 3604 asserunt,
857 3552 980 3606 quae
1005 3536 1140 3592 nihil
1168 3536 1321 3592 talea
1363 3537 1477 3591 sole
1519 3537 1821 3606 patiuntur;

231 3646 336 3686 cur
362 3631 466 3685 ista
494 3645 588 3706 per
610 3629 761 3699 signa
776 3629 1170 3684 circumeuntes
1192 3629 1422 3698 amplius
1445 3637 1770 3684 venerantur
1799 3631 1823 3685 ?

233 3738 335 3779 cur
361 3738 455 3778 eas
494 3721 766 3792 signorum
807 3721 1053 3776 dominas
1083 3719 1400 3791 perhibent?
1427 3721 1536 3776 Etsi
1563 3725 1706 3776 etaim
1735 3735 1822 3777 re-

227 3815 580 3888 gradationes
607 3813 723 3870 illas
745 3813 1001 3877 siderum,
1032 3813 1118 3868 vel
1143 3811 1370 3868 fortasse
1399 3813 1695 3879 tarditates,
1713 3829 1823 3868 non

231 3923 268 3961 a
299 3907 418 3962 sole
443 3907 558 3962 ﬁeri
589 3905 814 3976 quisque
839 3906 1147 3972 contendat,
1175 3905 1267 3959 sed
1304 3905 1425 3960 aliis
1451 3905 1825 3961 occultior-ibus

233 3998 421 4058 causis
445 4013 459 4062 ;
488 3993 584 4052 soli
615 4003 792 4052 tamen
817 3997 949 4050 istos
979 3995 1033 4049 in
1081 3995 1192 4051 suis
1218 3993 1604 4062 deliramentis,
1633 3997 1824 4066 quibus

232 4090 348 4144 vim
369 4089 596 4143 fatorum
617 4101 650 4142 a
673 4087 902 4142 veritate
930 4086 1075 4142 devii
1123 4087 1476 4156 suspicentur,
1507 4088 1826 4157 praecipuam

231 4181 482 4236 tribuere
535 4186 857 4250 potestatem
901 4194 968 4235 ex
997 4178 1146 4234 libris
1189 4186 1378 4234 comm
1408 4187 1553 4234 certe
1600 4179 1826 4235 manife-

233 4283 385 4329 stum
411 4281 514 4328 εει.

313 4364 408 4420 56.
429 4362 540 4420 Sed
567 4361 747 4419 dicant
765 4361 907 4432 quod
940 4361 1126 4416 volunt
1148 4361 1216 4417 de
1235 4361 1398 4428 ctelo,
1435 4362 1598 4416 alieni
1619 4377 1648 4415 ο
1671 4363 1827 4420 Patre

236 4455 332 4527 qui
359 4455 519 4512 estin
543 4453 692 4511 aulis
711 4470 728 4509 :
748 4452 901 4507 nobis
927 4461 1106 4508 autem
1135 4451 1204 4508 de
1232 4453 1522 4507 intervallis
1541 4463 1596 4507 et
1622 4455 1825 4526 ningui-

241 4547 429 4602 tudine
457 4543 693 4601 siderum
721 4542 970 4599 subtilius
1006 4541 1206 4613 aliquid
1234 4553 1498 4613 quaerere,
1521 4544 1716 4614 talique
1741 4546 1826 4599 in-

238 4638 517 4711 quisitioni
542 4636 703 4694 rebus
717 4635 1048 4706 gravioribus
1065 4643 1119 4689 et
1135 4633 1446 4689 melioribus
1467 4636 1826 4690 iteeessa'rlum

238 4741 456 4799 tempus
482 4728 809 4798 impendere,
838 4742 938 4783 nec
953 4727 1188 4796 expedit,
1213 4740 1311 4781 nec
1334 4729 1592 4796 congruit.
1634 4729 1828 4784 Bttne-

237 4805 348 4876 lius
377 4821 648 4876 credimus
671 4835 735 4876 ea
761 4835 882 4875 esse
905 4818 1116 4874 caeteris
1142 4819 1340 4887 majora
1369 4818 1666 4882 luminaria,
1705 4833 1825 4889 quae

237 4925 427 4972 sancta
478 4914 751 4984 Scriptura
779 4914 850 4968 ita
895 4911 1253 4977 commendat,
1305 4909 1374 4964 Et
1417 4911 1538 4982 fecit
1569 4910 1703 4965 neu
1724 4911 1827 4965 duo

243 5007 521 5061 luntiuaria
545 5023 730 5077 mgna
760 5021 780 5060 .-
806 5020 927 5075 quae
951 5013 1127 5060 tamen
1152 5015 1258 5058 non
1283 5007 1407 5058 sunt
1427 5002 1665 5073 aqualis.
1695 5001 1828 5058 Nam

239 5108 634 5170 consequenter
661 5098 810 5165 dicit,
840 5114 960 5153 cum
1007 5112 1070 5152 ea
1114 5097 1322 5152 caeteris
1348 5095 1719 5166 pmposuerit,
1749 5095 1830 5149 in-

241 5203 324 5248 ter
349 5192 528 5260 seipsa
554 5191 790 5246 dill‘erre.
825 5190 914 5244 Ait
957 5188 1123 5260 enim,
1151 5186 1429 5241 Lumirtare
1450 5187 1620 5256 majus
1660 5187 1714 5239 in
1741 5186 1825 5238 in-

241 5288 562 5340 choationem
583 5283 707 5349 diei,
735 5290 784 5336 et
803 5282 1050 5336 (tintinant
1068 5281 1234 5334 minus
1254 5280 1307 5332 in
1333 5278 1706 5332 inchoatione»:
1734 5289 1827 5331 no-

240 5379 358 5433 ctis.
397 5376 555 5433 Certe
578 5375 723 5431 enim
762 5373 846 5428 vel
873 5373 975 5428 hoc
999 5371 1294 5426 concedent
1336 5370 1503 5425 oculis
1528 5369 1746 5433 nostris,
1769 5374 1828 5421 ut

241 5483 308 5524 ea
327 5464 667 5522 manifestum
688 5464 760 5519 sit
771 5462 998 5531 amplius
1009 5461 1216 5516 austeris
1237 5461 1414 5514 lucere
1427 5474 1588 5528 super
1605 5470 1823 5525 terram,

242 5573 348 5614 nec
371 5556 513 5613 diem
539 5556 746 5618 clarere
767 5554 876 5608 nisi
903 5553 1020 5609 luce
1046 5552 1198 5618 solis,
1227 5566 1326 5607 nec
1350 5560 1557 5605 nectent
1587 5555 1663 5603 tot
1698 5549 1827 5603 stel-

245 5652 314 5708 lis
337 5648 724 5722 apparentibus
768 5647 839 5701 ita
866 5646 1042 5701 lucere
1064 5645 1108 5699 si
1140 5645 1264 5701 luna
1292 5643 1452 5709 desit,
1479 5640 1825 5713 quemadmo—

240 5744 373 5801 dum
401 5740 685 5816 prtesentia
712 5739 856 5797 illius
882 5737 1192 5796 illustratur.

1575 301 1781 362 LIBER
1817 298 2194 356 SECUNDUS.

3401 315 3506 371 97S

2208 415 2429 475 CAPUT
2473 419 2630 476 XVl—L
2661 422 2809 476 —ln
2837 423 3202 481 Genet/Iliacos.

1998 507 2085 561 55.
2120 499 2193 562 De
2216 495 2344 565 fatis
2371 521 2550 569 autem
2587 501 2819 568 siderum
2844 516 3160 586 qualeslibet
3187 533 3371 576 eorum
3417 538 3504 578 ar-

1924 601 2113 669 gutias,
2138 610 2187 654 et
2212 603 2359 667 quasi
2381 587 2445 658 de
2466 605 2690 662 mathesi
2711 607 3151 664 documentorum
3174 615 3508 682 experimcn-
3555 663 3557 665 .

1926 703 1999 757 ta,
2023 685 2236 764 qnaeilli
2261 699 2625 766 ἀποτελέσματα
2648 711 2858 766 vocant,
2877 703 3092 757 omnino
3109 719 3138 758 a
3165 716 3361 760 nostra:
3384 709 3507 764 lidci

1921 779 2150 841 sanitate
2203 803 2558 858 respuamus:
2605 791 2798 847 talibus
2839 795 2980 848 enim
3047 779 3500 868 disputationibus

1926 877 2084 930 etiam
2111 879 2296 932 orandi
2337 895 2524 936 causas
2555 883 2708 938 nobis
2737 883 2948 941 auferre
2967 897 3245 955 conantur,
3270 899 3322 943 et
3344 891 3504 960 impia

1929 971 2271 1040 perversitate
2289 976 2339 1026 in
2370 975 2523 1028 malis
2547 974 2719 1039 factis,
2750 977 2868 1046 quae
2894 979 3189 1034 rectissime
3216 981 3509 1051 reprehen-

1927 1057 2139 1124 duntur,
2169 1061 2413 1132 ingerunt
2436 1066 2788 1121 accusandum
2820 1069 2994 1136 potius
3044 1071 3206 1126 Deum
3234 1086 3507 1130 auctorem

1926 1149 2182 1217 siderum,
2214 1169 2371 1220 quam
2403 1155 2673 1212 hominem
2703 1160 2962 1212 scelerum
2991 1161 3030 1212 ¹.
3086 1161 3192 1217 Sed
3219 1165 3360 1234 quod
3388 1167 3507 1222 ani—

1927 1258 2028 1296 ma:
2050 1257 2243 1300 nostrae
2273 1263 2375 1299 non
2404 1247 2510 1301 sint
2533 1258 2714 1303 natura
2739 1253 3052 1318 corporibus
3075 1269 3141 1308 ne
3159 1256 3373 1324 quidem
3394 1274 3506 1315 cm-

1929 1334 2144 1389 lestibns
2191 1337 2435 1403 subditae,
2482 1340 2697 1419 audiant
2719 1352 2771 1396 et
2797 1342 3142 1413 philosophos
3189 1350 3507 1419 suos:quia

1927 1442 2054 1481 vero
2079 1431 2304 1484 terrenis
2318 1432 2630 1500 corporibus
2659 1433 2744 1486 illa
2769 1449 2993 1504 corpora
3019 1439 3293 1507 superiora
3311 1458 3415 1495 non
3434 1442 3504 1497 ad

1927 1534 1989 1573 ea
2018 1535 2135 1589 qua;
2157 1520 2253 1589 ipsi
2276 1530 2500 1576 tractant
2521 1524 2813 1591 potentiora
2844 1535 2986 1593 sunt,
3014 1528 3097 1581 vel
3124 1528 3246 1582 hinc
3270 1531 3508 1600 aliquan-

1926 1609 1996 1663 do
2015 1621 2361 1678 COgnoscant,
2386 1614 2508 1682 quia
2545 1630 2667 1669 cum
2721 1616 2887 1671 multa
2916 1632 3141 1687 corpora
3173 1621 3505 1678 diversorum

1925 1716 2200 1770 generum,
2240 1705 2321 1758 vel
2346 1706 2711 1772 animantium,
2744 1708 2827 1762 vel
2867 1708 3148 1764 herbarum
3171 1721 3224 1767 et
3265 1713 3508 1769 arbusto-

1928 1801 2065 1859 rum,
2087 1803 2190 1848 uno
2211 1791 2595 1866 ‘s‘inielt'iuncto
2620 1801 2876 1869 temporis
2913 1805 3263 1872 seminentur,
3295 1823 3505 1877 unoque

1928 1896 2124 1955 puncto
2172 1889 2424 1957 temporis
2475 1890 2932 1948 innumerabiliter
2984 1895 3146 1949 multa
3198 1905 3507 1960 nascantur,

1926 1991 2032 2031 non
2085 1986 2284 2032 tantum
2318 1979 2561 2044 diversis,
2612 1982 2706 2037 sed
2737 1984 2893 2036 etiam
2927 1984 3113 2039 iisdem
3145 1995 3402 2041 terrarum
3433 1989 3510 2042 lo-

1919 2069 2026 2136 eis,
2060 2077 2218 2124 tanta:
2245 2080 2369 2125 sunt
2403 2072 2685 2128 varietates
2730 2073 2782 2127 in
2807 2077 3197 2144 progressibus,
3225 2077 3274 2130 in
3305 2079 3511 2134 actibus

1924 2161 2334 2229 et—passionibus
2357 2177 2564 2230 eorum,
2593 2173 2651 2218 ut
2677 2179 2804 2220 vere
2827 2166 2933 2230 isti,
2973 2168 3114 2221 sicut
3137 2167 3351 2236 dicitur,
3380 2185 3503 2240 per—

1925 2254 2056 2308 dant
2079 2254 2272 2320 sidera,
2302 2255 2347 2310 si
2371 2256 2470 2310 ista
2495 2257 2856 2312 considerant.

1999 2346 2085 2400 56.
2120 2346 2255 2411 Quid
2281 2355 2457 2401 autem
2503 2347 2758 2404 insulsius
2802 2359 2858 2405 et
2887 2349 3155 2419 ltebctius,
3205 2369 3358 2424 quam
3388 2370 3510 2411 cum

1927 2437 2045 2492 istis
2069 2441 2233 2492 rebus
2257 2440 2668 2506 convincuntur,
2687 2441 2871 2497 dicere
2896 2443 2962 2497 ad
2993 2444 3135 2499 solos
3164 2445 3404 2500 homines
3434 2448 3508 2501 si-

1925 2529 1980 2583 bi
2007 2529 2368 2597 subjiciendos
2387 2528 2602 2585 fatalem
2628 2533 2899 2587 stellarum
2923 2535 3189 2602 pertinere
3210 2537 3510 2593 rationem?

1925 2617 1984 2672 ln
2002 2619 2192 2688 quibus
2221 2628 2394 2674 tamen
2423 2621 2581 2674 etiam
2611 2622 2712 2690 ipsi
2733 2623 2799 2675 de
2835 2625 3063 2692 geminis
3099 2626 3506 2696 convincuntur,

1923 2724 2151 2779 quorum
2171 2709 2387 2764 diverse
2409 2712 2718 2778 viventium,
2741 2713 2950 2768 diverse
2977 2714 3206 2770 felicium
3231 2719 3314 2772 vel
3339 2719 3509 2775 infeli-

1925 2799 2090 2864 cium,
2108 2798 2421 2868 divetseque
2439 2800 2797 2867 morientium,
2817 2803 3027 2858 easdem
3053 2806 3360 2877 plerumque
3374 2825 3504 2865 con-

1927 2892 2257 2948 stellationes
2283 2895 2568 2964 accipiunt.
2601 2895 2732 2960 Quia
2761 2897 2866 2968 etsi
2891 2896 3126 2951 interfuit
3158 2898 3354 2968 aliquid
3384 2916 3505 2956 cum

1923 2983 1995 3039 de
2020 2993 2171 3038 utero
2198 2982 2567 3052 funderentur,
2596 2986 2649 3040 in
2681 2967 2952 3042 nonnullis
2983 2998 3157 3044 tamen
3189 2999 3390 3044 tantum
3419 2992 3505 3047 in-

1924 3085 2114 3141 terest,
2157 3086 2419 3146 quantum
2459 3077 2525 3131 ab
2555 3079 2670 3132 istis
2706 3080 3084 3146 comprehendi
3114 3083 3510 3151 computatione

1929 3182 2037 3222 non
2065 3167 2252 3236 possit.
2280 3166 2464 3246 Manus
2487 3168 2756 3237 seducutis
2781 3168 2969 3236 Jacob,
2991 3169 3117 3246 dum
3142 3183 3506 3239 nascerentur,

1927 3256 2146 3312 inventa
2175 3265 2260 3312 est
2281 3243 2476 3325 pedem
2504 3259 2681 3312 fratris
2713 3243 3055 3327 ρι’ίρυεάυηιὶδ
3087 3271 3308 3330 tenens;
3342 3280 3510 3334 usque

1919 3347 2066 3422 adeo
2087 3347 2162 3402 sic
2181 3348 2290 3402 nati
2316 3359 2438 3404 sunt
2464 3350 2612 3418 quasi
2641 3366 2777 3405 unus
2803 3350 2975 3406 infans
3014 3353 3066 3406 in
3112 3354 3328 3424 duplum
3376 3372 3507 3426 pro-

1930 3440 2087 3496 lixior
2112 3440 2255 3496 nasci
2304 3442 2572 3497 videretur
2600 3443 2769 3524 (Gen.
2819 3461 2952 3509 xxv,
2983 3445 3098 3517 95).
3135 3449 3333 3503 llornm
3365 3460 3510 3506 certe

1928 3533 2380 3601 constellatione,
2407 3552 2542 3606 quas
2571 3539 2860 3606 appellant,
2898 3539 3046 3592 nullo
3073 3540 3230 3594 modo
3268 3543 3508 3611 dispares

1929 3639 2052 3679 esse
2082 3635 2388 3694 potuerunt.
2420 3626 2557 3692 Quid
2584 3642 2712 3695 ergo
2739 3629 2944 3692 vanius,
2970 3645 3128 3698 quam
3161 3641 3216 3683 ut
3243 3633 3358 3686 illas
3375 3649 3507 3687 con-

1927 3715 2262 3771 stellationes
2287 3717 2504 3771 intuens
2535 3717 2960 3785 mathematicus,
2990 3721 3056 3774 ad
3082 3722 3328 3776 eumdem
3353 3723 3510 3778 hora-

1931 3819 2173 3874 scepum,
2203 3808 2270 3860 ad
2300 3807 2543 3862 eandem
2581 3808 2785 3875 lunam,
2823 3808 3029 3865 diceret
3072 3828 3229 3865 unum
3261 3828 3448 3869 eorum
3477 3834 3508 3869 u

1931 3907 2101 3952 matre
2118 3897 2393 3965 dilectum,
2424 3900 2648 3954 alterum
2670 3916 2774 3954 non
2797 3883 3097 3957 dilectum?
3124 3902 3180 3958 Si
3201 3905 3342 3958 enim
3365 3906 3510 3964 aliud

1931 3988 2152 4055 diceret,
2174 3989 2358 4045 falsum
2379 3991 2614 4060 profecto
2634 3991 2868 4059 diceret;
2896 3992 2946 4048 si
2970 4004 3144 4048 autem
3169 3996 3271 4051 hoc
3285 3997 3506 4066 diceret,

1930 4097 2116 4138 verum
2141 4083 2377 4152 quidem,
2409 4085 2502 4139 sed
2532 4101 2636 4140 non
2673 4086 2964 4142 secundum
2997 4103 3214 4144 suorum
3249 4092 3509 4150 librorum

1933 4174 2138 4243 ineptas
2167 4177 2533 4230 contiunculas
2581 4177 2802 4232 diceret.
2830 4178 2982 4245 Quod
3010 4181 3053 4233 si
3081 4179 3205 4237 huic
3253 4184 3507 4250 historiae,

1933 4265 2054 4336 quia
2080 4266 2146 4322 de
2171 4268 2368 4321 nostris
2395 4268 2680 4336 profertur,
2727 4268 2915 4322 nolunt
2958 4269 3199 4336 credere,
3254 4276 3510 4343 numquid

1931 4369 1986 4413 et
2013 4369 2256 4412 naturam
2290 4369 2470 4415 rerum
2494 4360 2674 4415 delere
2701 4370 2928 4429 possunt
2951 4361 2975 4414 ?
3002 4362 3134 4415 Cum
3160 4378 3286 4432 ergo
3307 4381 3366 4419 se
3411 4368 3510 4423 mi«

1933 4449 2080 4504 nime
2109 4448 2215 4502 falli
2241 4449 2436 4514 dicant,
2494 4451 2538 4503 si
2571 4449 2758 4504 horam
2797 4451 3166 4519 conceptionis
3191 4454 3508 4525 invenerint,

1933 4541 2121 4596 saltem
2169 4541 2308 4595 sicut
2355 4540 2602 4597 homines
2643 4557 2748 4597 non
2793 4541 3146 4614 dedignentur
3198 4560 3512 4618 conceptum

1933 4631 2276 4686 considerare
2295 4632 2633 4700 geminorum
2646 4669 2658 4684 .

2005 4722 2094 4777 57.
2114 4721 2341 4791 Ideoque
2364 4720 2634 4776 fatendum
2654 4732 2756 4790 est,
2802 4724 3014 4792 quando
3040 4724 3108 4778 ab
3128 4725 3243 4782 istis
3272 4743 3394 4784 vera
3428 4730 3514 4784 di-

1935 4825 2145 4880 cuntur,
2189 4815 2444 4870 instinctu
2492 4815 2722 4886 quodam
2774 4818 3134 4873 occultissimo
3174 4820 3299 4886 dici,
3354 4837 3516 4891 quem

1935 4905 2236 4960 nescientes
2266 4904 2510 4959 humana:
2551 4917 2757 4961 mentes
2799 4909 3083 4976 patiuntur.
3114 4909 3264 4975 Quod
3295 4925 3414 4964 cum
3452 4912 3519 4964 ad

1933 4995 2278 5065 decipiendos
2307 4996 2551 5052 homines
2593 4998 2672 5063 fit,
2703 4999 2980 5067 spirituum
3017 5001 3353 5054 seductorem
3387 5015 3518 5070 ope-

1935 5071 2070 5141 ratio
2094 5097 2176 5142 est
2205 5105 2217 5138 :
2250 5088 2438 5156 quibus
2460 5089 2701 5158 quasdam
2729 5105 2852 5143 vera
2875 5091 2942 5144 de
2964 5090 3336 5157 temporalibus
3359 5091 3522 5146 rebus

1933 5195 2092 5236 nosse
2118 5181 2454 5249 permittitur,
2482 5182 2672 5249 partim
2694 5181 2815 5251 quin
2845 5181 3134 5236 subtilioris
3162 5195 3349 5234 sensus
3385 5196 3515 5235 acu-

1935 5272 2097 5334 mine,
2118 5273 2308 5340 partim
2325 5272 2442 5340 quia
2461 5271 2774 5341 corporibus
2792 5272 3149 5325 subtilioribus
3171 5271 3367 5338 vigent,
3400 5287 3521 5341 par-

1936 5365 2028 5418 tim
2056 5365 2383 5435 experientia
2411 5365 2684 5418 callidiore
2701 5374 2917 5431 propter
2940 5373 3040 5413 tam
3065 5377 3307 5432 magnam
3337 5366 3480 5437 longi
3505 5396 3526 5405 -

1937 5456 2170 5511 tudinem
2224 5455 2375 5521 vitte;
2417 5455 2607 5524 partim
2645 5453 2844 5507 sanctis
2888 5452 3108 5520 Angelis
3149 5455 3289 5523 quod
3321 5456 3421 5526 ipsi
3446 5472 3514 5513 an

1935 5548 2298 5615 omnipotente
2335 5545 2444 5599 Deo
2489 5544 2721 5609 discunt,
2747 5543 2904 5597 etiam
2925 5543 3073 5610 jussu
3099 5545 3212 5614 ejus
3233 5547 3332 5601 sibi
3360 5563 3512 5604 reve-

1940 5639 2190 5704 latttibus,
2215 5637 2302 5705 qui
2324 5635 2508 5688 mrrita
2531 5634 2755 5687 humana
2783 5634 3379 5703 occultissituazjnstitit!)
3397 5638 3509 5692 sitt-

2001 5749 2017 5771 =
2045 5739 2158 5788 editi
2172 5772 2187 5796 ,
2211 5735 2451 5789 itotth
2471 5734 2671 5786 scelera.
2695 5742 2824 5799 Msa,
2850 5733 3084 5788 hominem
3103 5738 3355 5790 scelerum.
