3906 6312
494 459 715 516 ceritate
771 453 1057 509 distribuit.
1107 445 1404 518 Aliquando
1441 452 1618 499 autem
1661 439 1823 496 iidem
1863 436 2077 493 nefandi

500 549 720 622 spiritus
748 547 907 601 etiam
928 558 1048 613 qua:
1093 540 1194 611 ipsi
1237 536 1420 593 facturi
1446 542 1590 596 sunt,
1610 530 1756 587 velut
1792 527 2078 585 divinando

496 641 813 714 praedicunt.
866 638 1198 705 Quapropter
1226 631 1366 685 bono
1390 627 1699 688 christiano,
1731 624 1844 684 sive
1874 622 2081 677 mathe-

496 731 698 797 matici,
717 731 829 786 sive
851 728 1067 797 quilibet
1086 723 1245 793 impie
1264 719 1630 780 divinantium,
1649 716 1879 771 maxime
1896 714 2079 768 dicen-

496 834 580 878 tes
604 837 750 881 vera,
770 817 989 874 cavendi
1015 824 1157 879 sunt,
1175 827 1243 868 ne
1264 810 1533 867 consortio
1552 807 1937 863 daemoniorum
1958 805 2077 858 ani-

503 928 645 969 mam
668 912 961 980 deceptam,
996 916 1149 978 pacto
1167 905 1396 977 quodam
1420 901 1688 959 societatis
1708 900 1970 954 irretiant.

504 1000 732 1059 CAPUT
772 999 956 1055 XVIII.
984 1028 1056 1040 —
1077 996 1361 1066 Diﬁicultas
1389 994 1451 1047 de
1469 991 1736 1056 sideribus,
1764 1005 1831 1043 an
1857 1005 1947 1059 per
1971 987 2079 1057 spi-

889 1092 1016 1144 ritus
1040 1097 1279 1158 regantur
1302 1094 1347 1139 et
1375 1087 1677 1138 animentur.

568 1184 658 1242 38.
704 1182 851 1239 Solet
878 1180 1038 1236 etiam
1088 1178 1275 1249 quaeri,
1306 1186 1483 1231 utrum
1513 1174 1629 1228 caeli
1658 1170 1940 1226 luminaria
1982 1169 2081 1223 ista

499 1277 782 1348 conspicua
804 1288 1026 1343 corpora
1044 1271 1156 1326 sola
1184 1271 1310 1336 sint,
1329 1284 1394 1321 an
1413 1267 1641 1321 habeant
1661 1273 1896 1318 rectores
1914 1275 2077 1331 quos-

496 1369 618 1423 dam
658 1366 875 1436 spiritus
903 1377 1029 1417 suos
1058 1380 1071 1417 :
1102 1369 1157 1417 et
1198 1362 1242 1414 si
1277 1359 1493 1420 habent,
1522 1365 1696 1411 utrum
1723 1353 1789 1408 ab
1819 1352 1898 1407 eis
1922 1351 2082 1405 etiam

498 1458 729 1514 vitaliter
758 1456 1101 1525 inspirentur,
1133 1453 1268 1506 sicut
1307 1450 1609 1503 animantur
1631 1458 1821 1499 carnes
1844 1457 1941 1513 per
1961 1440 2079 1494 ani-

499 1565 615 1605 mas
640 1548 966 1611 animalium,
1009 1559 1076 1598 an
1127 1543 1238 1596 sola
1265 1542 1382 1596 sine
1418 1540 1526 1592 ulla
1556 1535 1913 1608 permixtione
1942 1548 2080 1603 prm-

1412 332 1500 389 DE
1538 326 1785 389 GENESI
1822 326 1914 382 AD
1941 321 2317 393 LITTERAM,
2358 322 2419 380 S.
2460 321 2821 381 AUGUSTle

2248 214 2349 228 ,.¢~.-

3657 327 3749 387 280

2183 435 2374 491 sentia.
2402 434 2552 505 Quod
2580 436 2704 491 licet
2728 437 2780 489 in
2810 437 3056 505 praesenti
3096 452 3199 493 non
3236 437 3392 494 facile
3419 441 3748 511 comprehen-

2182 528 2235 583 di
2267 529 2465 598 possit;
2494 528 2722 583 arbitror
2767 529 3036 584 tamenin
3085 545 3340 601 processu
3376 533 3745 591 tractandarum

2183 618 2577 689 Scripturarum
2607 620 2986 689 opportuniora
3016 619 3127 675 loca
3158 636 3318 691 posse
3347 637 3647 691 occurrere,
3671 627 3747 683 ubi

2186 712 2337 766 nobis
2362 710 2430 767 de
2457 711 2554 764 hac
2583 725 2661 771 re,
2690 710 2983 765 secundum
3015 721 3211 766 sancta:
3253 713 3580 769 auctoritatis
3604 732 3747 787 regu-

2185 802 2285 867 las,
2303 802 2402 857 etsi
2426 816 2530 856 non
2555 801 2837 857 ostendere
2862 811 3067 857 certum
3098 803 3319 874 aliquid,
3347 816 3522 860 tamen
3551 808 3751 865 credere

2185 894 2383 949 licebit.
2416 892 2566 947 Nunc
2593 904 2771 948 autem
2813 903 3019 949 servata
3045 910 3262 965 semper
3285 895 3642 956 moderatione
3665 902 3751 971 pi:e

2185 986 2476 1056 gravitatis,
2507 985 2637 1040 nihil
2667 985 2887 1041 credere
2907 985 2975 1041 de
3012 1002 3073 1041 re
3112 986 3339 1042 obscura
3375 999 3573 1045 temere
3609 991 3752 1047 debe.

2185 1093 2343 1142 mus;
2373 1094 2440 1133 ne
2470 1076 2609 1133 forte
2634 1076 2774 1147 quod
2798 1086 2977 1148 postea
3005 1078 3205 1133 veritas
3226 1078 3553 1149 patefecerit,
3579 1097 3747 1153 quam-

2186 1172 2267 1225 vis
2294 1170 2443 1227 libris
2484 1170 2681 1224 sanctis
2722 1170 2835 1224 sive
2878 1169 3206 1226 Testamenti
3235 1170 3442 1226 Veteris
3491 1172 3599 1227 sive
3636 1173 3749 1228 Novi

2187 1261 2335 1316 nullo
2349 1260 2507 1315 modo
2527 1275 2645 1315 esse
2670 1261 2836 1331 possit
2851 1260 3153 1326 adversum,
3176 1268 3356 1315 tamen
3386 1272 3596 1333 pr0pter
3612 1279 3748 1320 amo-

2186 1366 2302 1407 rem
2327 1352 2495 1406 nostri
2535 1353 2733 1406 erroris
2768 1351 3057 1407 oderimus.
3094 1350 3246 1407 Nunc
3270 1352 3339 1407 ad
3368 1352 3557 1408 librum
3583 1357 3740 1425 operis

2186 1444 2355 1499 nostri
2374 1444 2486 1515 jam
2508 1445 2719 1499 tertium
2748 1454 3102 1499 transeamus.

497 1641 2237 1679 _________________________.__———

1502 1723 1982 1836 LIBER
2075 1719 2376 1826 TER
2399 1719 2557 1824 ΤΙ
2564 1715 2787 1824 ‘US.

1040 1926 1108 1970 De
1129 1930 1260 1969 vers.
1284 1913 1347 1966 20
1371 1928 1383 1962 :
1410 1918 1467 1965 ει
1486 1908 1613 1963 αἰπὰ
1641 1916 1795 1968 Deus,
1820 1904 2038 1956 Educant
2059 1914 2200 1967 aqua
2216 1938 2231 1964 ,
2257 1909 2308 1951 et
2329 1900 2533 1963 reliquis
2556 1912 2711 1964 usque
2729 1900 2790 1950 ad
2811 1902 2949 1964 primi
2965 1904 3132 1965 capitis
3145 1902 3312 1953 tinem.

1986 2027 2304 2083 ϐείω-’β

499 2180 726 2240 CAPUT
747 2175 1031 2235 PRIMUM.
1051 2203 1121 2216 --—
1146 2169 1455 2227 Animalium
1478 2181 1542 2220 ea;
1563 2162 1707 2232 aquis
1726 2156 1925 2215 eductio
1946 2156 2088 2226 prius

578 2282 816 2329 narratur
858 2286 1011 2343 quam
1054 2281 1166 2337 qua:
1205 2264 1267 2317 de
1308 2272 1477 2325 terra;
1503 2256 1636 2330 quod
1678 2268 1811 2323 aqua
1836 2249 1971 2313 aeri,
2004 2263 2091 2300 aer

572 2365 698 2421 caelo
726 2364 1009 2435 proximum
1040 2360 1335 2413 elementum
1358 2354 1441 2407 sit.

581 2460 633 2513 I.
662 2455 730 2511 Et
756 2455 883 2509 dixit
913 2452 1052 2506 Deus
1070 2492 1086 2517 ,
1125 2447 1363 2503 Educant
1388 2457 1534 2512 aqua:
1559 2438 1761 2508 reptilia
1803 2434 2091 2488 animarum

502 2552 750 2611 vivarum,
776 2558 821 2601 et
851 2544 1073 2599 volatilia
1094 2556 1245 2610 super
1269 2548 1473 2599 terram,
1501 2528 1775 2587 secundum
1801 2527 2089 2596 ﬁrmamen-

506 2656 610 2698 tum
640 2642 772 2696 caeli.
806 2638 871 2692 Et
898 2640 1086 2710 factum
1112 2641 1183 2687 est
1207 2632 1299 2686 sic.
1330 2628 1397 2683 Et
1423 2626 1537 2696 fecit
1566 2623 1705 2677 Deus
1725 2630 1859 2675 cetos
1880 2632 2090 2687 magnos

502 2744 550 2788 et
584 2748 732 2787 omne
759 2726 952 2783 animal
981 2724 1256 2795 reptilium,
1288 2734 1401 2791 qua:
1426 2716 1705 2772 eduxerunt
1732 2724 1878 2780 aquis
1908 2722 2087 2762 secun-

501 2825 621 2878 dum
642 2837 797 2894 genus
822 2834 993 2872 eorum
1008 2832 1027 2880 ;
1047 2822 1093 2868 et
1120 2828 1268 2867 omne
1293 2808 1498 2863 volatile
1523 2811 1795 2874 pennatum
1814 2796 2091 2853 secundum

501 2888 680 2987 genus.
706 2913 773 2967 Et
793 2912 915 2964 uidit
935 2908 1075 2961 Deus
1093 2906 1211 2976 quia
1231 2903 1362 2956 bona
1380 2908 1516 2963 sunt,
1541 2906 1587 2949 et
1606 2892 1853 2949 benedixit
1875 2907 1934 2945 ea
1954 2888 2091 2941 Deus

504 2981 677 3061 dicens
705 3020 724 3059 :
757 3001 971 3059 Crescite
994 3007 1041 3053 et
1074 2991 1511 3064 multiplicamini,
1553 2996 1599 3042 et
1626 2986 1810 3057 replete
1848 2997 2005 3053 aquas
2039 2981 2092 3033 in

500 3276 759 3333 inferiore
784 3281 934 3342 parte
959 3267 1164 3332 mundi,
1195 3280 1256 3320 ea
1281 3278 1400 3334 quae
1428 3260 1616 3330 spiritu
1643 3257 1764 3310 vita:
1789 3259 2087 3313 moventur,

504 3371 660 3435 fiunt,
690 3374 743 3423 et
772 3365 1000 3436 primum
1040 3372 1296 3431 aquarum
1314 3397 1328 3421 ,
1358 3352 1500 3425 quod
1528 3350 1668 3405 aeris
1694 3345 1936 3418 qualitati
1967 3356 2092 3413 pro-

501 3464 704 3516 ximum
734 3457 1058 3512 elementum
1084 3457 1200 3516 est;
1232 3447 1355 3518 quia
1395 3444 1518 3499 huic
1545 3440 1713 3503 ctelo,
1740 3438 1795 3493 in
1839 3450 1943 3505 quo
1970 3442 2095 3488 sunt

501 3549 803 3616 luminaria,
833 3548 904 3601 ita
934 3543 1139 3598 vicinus
1159 3550 1242 3595 est
1278 3553 1391 3603 aer,
1422 3543 1479 3589 ut
1505 3542 1560 3588 et
1602 3532 1717 3601 ipse
1739 3527 1861 3584 caeli
1899 3539 2090 3580 nomen

502 3640 804 3711 acceperit;
832 3635 924 3691 sed
956 3632 1137 3688 nescio
1166 3641 1342 3685 utrum
1373 3626 1531 3681 etiam
1555 3623 1941 3677 firmamentum
1967 3630 2091 3687 pos-

501 3737 573 3792 sit
599 3732 797 3790 vocari.
829 3730 1088 3785 Dicuntur
1122 3733 1300 3779 autem
1344 3719 1465 3776 caeli
1495 3714 1772 3787 pluraliter
1795 3712 1849 3766 in
1874 3723 1977 3764 una
2003 3722 2095 3763 ea-

503 3829 733 3896 demque
770 3837 861 3887 re,
893 3835 1011 3890 qua:
1040 3816 1239 3872 dicitur
1273 3826 1433 3866 unum
1471 3808 1689 3863 coelum.
1720 3803 1851 3860 Nam
1880 3816 2002 3857 cum
2039 3800 2092 3855 in

502 3919 607 3974 hoc
636 3890 772 3970 libro
806 3909 1060 3981 singulari
1097 3919 1323 3961 numero
1350 3902 1557 3956 dicatur
1582 3896 1799 3961 caelum,
1838 3894 1979 3964 quod
2007 3890 2093 3946 di-

503 4009 637 4065 vidit
676 4008 817 4061 inter
841 4016 1006 4073 aquas
1030 4013 1150 4070 quae
1177 4009 1335 4065 supra
1353 4033 1369 4059 ,
1413 4000 1468 4047 et
1495 4004 1588 4045 eas
1616 4002 1735 4057 quae
1763 3984 1901 4040 infra
1928 3992 2091 4046 sunt;

506 4105 563 4157 in
593 4100 684 4154 illo
722 4105 897 4150 tamen
931 4091 1155 4161 psalmo,
1189 4087 1256 4142 Et
1278 4097 1444 4154 aqua,
1470 4077 1659 4149 inquit,
1686 4092 1800 4147 qua:
1824 4091 1973 4145 super
1991 4090 2093 4127 cae-

505 4197 581 4251 los
605 4201 743 4258 sunt,
776 4187 983 4243 laudent
1008 4198 1188 4237 nomen
1226 4176 1456 4233 Domini.
1484 4173 1549 4228 Et
1573 4171 1737 4226 ccelos
1765 4168 2018 4223 caelorum
2049 4166 2093 4219 si

501 4288 641 4342 bene
675 4279 1019 4348 intelligimus
1064 4272 1301 4328 sidereos
1336 4266 1627 4328 aeriorum,
1660 4272 1907 4330 tanquam
1933 4272 2093 4327 supe-

502 4377 675 4431 riores
698 4370 1030 4430 inferiorum,
1064 4360 1238 4418 ethos
1267 4360 1319 4413 in
1347 4356 1535 4413 eodem
1557 4353 1764 4423 psalmo
1783 4348 2092 4418 accipimus,

504 4468 590 4521 ubi
639 4464 838 4519 dictum
879 4466 982 4522 est,
1030 4453 1255 4509 Laudate
1299 4465 1435 4513 eum,
1478 4447 1589 4501 οωιὶ
1633 4445 1873 4499 caelorum
1913 4439 2093 4510 (Psal.

503 4573 719 4619 CXLVIII,
749 4556 804 4617 4,
832 4552 923 4622 5).
952 4548 1096 4603 Satis
1124 4551 1345 4615 apparet
1383 4539 1527 4595 hunc
1554 4552 1753 4601 aerem,
1787 4549 1896 4589 non
1920 4534 2094 4587 solum

505 4650 724 4710 cadum,
754 4644 847 4700 sed
876 4642 1031 4697 etiam
1061 4638 1228 4693 caelos
1248 4634 1354 4690 dici
1374 4650 1387 4685 :
1406 4633 1542 4687 sicut
1570 4628 1821 4684 dicuntur
1840 4636 1895 4680 et
1914 4634 2093 4692 terrae,

506 4759 608 4798 nec
657 4736 798 4792 aliud
838 4732 1202 4803 signiﬁcatur,
1252 4739 1411 4797 quam
1456 4722 1545 4777 illa
1591 4734 1710 4791 qua:
1757 4718 2097 4787 singulariter

502 4844 644 4887 terra
672 4828 881 4890 dicitur,
917 4819 1131 4893 quando
1155 4817 1380 4874 dicimus
1398 4812 1583 4869 orbem
1609 4817 1893 4875 terrarum,
1924 4815 1979 4862 et
2005 4822 2095 4863 or.

857 5038 930 5051 -—
951 5006 1113 5064 Calas
1146 4999 1334 5058 diluvio
1358 4998 1582 5071 periisse,
1616 5004 1664 5049 et
1688 5008 1853 5048 aerem
1875 4993 1929 5047 in
1953 5009 2098 5065 aqua

1043 5104 1278 5150 naturam
1303 5090 1561 5146 transisse.

573 5198 629 5252 2.
653 5196 762 5251 Hos
788 5194 948 5249 etiam
975 5189 1150 5243 aerios
1172 5185 1339 5242 cmlos
1358 5181 1622 5253 quondam
1647 5179 1873 5251 periisse
1896 5177 2095 5233 diluvio

502 5293 558 5347 'in
581 5288 807 5358 quadam
833 5298 1015 5338 earum
1044 5295 1161 5351 qua:
1180 5277 1451 5333 canonica;
1477 5272 1833 5345 appellantur,
1857 5270 2093 5342 Epistola

505 5381 735 5450 legimus
751 5378 821 5443 (ll
847 5375 961 5429 Pet.
981 5389 1057 5438 ιιι,
1087 5371 1168 5441 6).
1185 5369 1368 5438 Neque
1385 5368 1523 5423 enim
1547 5364 1764 5421 humida
1780 5363 1869 5418 illa
1884 5373 2090 5430 natura,

507 5489 626 5546 quae
646 5472 714 5524 ita
732 5474 1100 5528 concreverat,
1118 5472 1177 5518 ut
1191 5460 1383 5517 cubitis
1399 5456 1699 5529 quindecim
1715 5454 2093 5509 altissimorum

509 5564 770 5621 montium
803 5554 1204 5612 transcenderet
1230 5551 1455 5605 vertices
1485 5547 1637 5620 (Gen.
1662 5561 1757 5613 vn,
1781 5545 1896 5615 20),
1926 5546 2095 5613 potuit

508 5659 578 5713 ad
596 5653 768 5709 sidera
786 5647 1079 5720 pervenire.
1101 5645 1205 5700 Sed
1221 5644 1343 5715 quia
1361 5641 1517 5711 hujus
1532 5640 1671 5695 aeris
1688 5636 2016 5703 humidioris,
2040 5637 2089 5691 in

512 5762 623 5823 quo
646 5757 773 5801 aves
795 5739 1040 5809 volitant,
1066 5738 1149 5794 vel
1169 5745 1279 5792 tota
1306 5735 1392 5793 vel
1419 5749 1583 5807 prope
1601 5742 1711 5789 tota
1740 5728 1908 5802 spatia
1938 5743 2087 5785 com-

2193 2150 2446 2219 pleverat,
2479 2150 2703 2219 periisse
2739 2151 2829 2222 qui
2858 2150 3066 2208 fuerant
3103 2156 3273 2210 cmlos
3316 2156 3369 2210 in
3408 2157 3492 2211 illa
3542 2157 3751 2228 Epistula

2195 2239 2467 2295 scribitur.
2491 2239 2639 2307 Quod
2667 2242 2848 2296 nescio
2872 2243 3320 2312 quemadmodum
3345 2247 3509 2315 possit
3532 2248 3749 2318 intelligi,

2194 2332 2296 2387 nisi
2328 2332 2379 2387 in
2405 2348 2660 2403 aquarum
2708 2343 2948 2388 naturam
2990 2336 3281 2405 pinguioris
3310 2336 3463 2407 hujus
3491 2339 3621 2393 aeris
3642 2353 3752 2409 qua-

2196 2422 2344 2479 litate
2370 2438 2629 2479 conversa
2654 2443 2667 2478 :
2698 2425 2930 2495 alioquin
2955 2441 3057 2480 non
3080 2428 3352 2497 perierunt
3378 2438 3499 2484 tunc
3528 2430 3605 2485 isti
3627 2431 3748 2492 caeli.

2196 2516 2290 2571 sed
2320 2516 2599 2571 sublimius
2624 2518 2787 2571 erecti
2813 2527 2955 2583 sunt,
2979 2532 3097 2572 cum
3125 2518 3300 2573 locum
3328 2535 3508 2575 eorum
3533 2536 3657 2591 aqua
3678 2536 3753 2576 oc-

2194 2618 2500 2677 cupaverat.
2524 2608 2704 2677 Itaque
2727 2608 2927 2663 facilius
2949 2624 3042 2664 eos
3058 2611 3349 2665 secundum
3375 2612 3510 2666 illius
3530 2612 3753 2680 Epistula:

2197 2703 2566 2754 auctoritatem
2592 2701 2815 2769 periiSSc
2837 2701 3124 2766 credimus,
3149 2711 3202 2755 et
3226 2703 3377 2767 alios,
3406 2704 3537 2756 sicut
3560 2702 3625 2757 ibi
3647 2704 3754 2757 scri-

2199 2790 2359 2854 bitur,
2391 2790 2697 2860 repositosl
2716 2790 2757 2844 II
2790 2788 2930 2844 Petr.
2964 2806 3040 2856 ιιι,
3067 2792 3221 2861 5-7),
3248 2793 3544 2848 extenuah's
3571 2794 3585 2825 ¹
3620 2792 3750 2846 vide-

2198 2880 2323 2935 licet
2343 2880 2789 2946 exhalationibus,
2817 2895 2974 2951 quant
3003 2883 3078 2936 sic
3105 2893 3337 2949 erectos,
3366 2892 3424 2937 ut
3447 2886 3524 2939 eis
3543 2883 3755 2954 superio-

2198 2970 2274 3026 ris
2297 2970 2417 3026 caeli
2449 2979 2634 3024 natura
2666 2972 2782 3025 loco
2808 2985 2906 3025 suo
2933 2971 3168 3027 cederet.

2271 3064 2323 3118 5.
2368 3062 2657 3132 Oportebat
2699 3064 2875 3132 itaque
2914 3071 2972 3117 ut
3024 3065 3076 3118 in
3115 3064 3361 3119 creandis
3404 3062 3755 3119 habitatoribus

2199 3153 2468 3208 inferioris
2495 3153 2653 3222 hujus
2678 3154 2857 3208 mundi
2883 3154 3068 3224 partis,
3093 3170 3211 3224 qua)
3231 3171 3374 3225 saepe
3395 3164 3543 3210 terrae
3567 3154 3755 3209 nomine

2202 3254 2313 3298 tota
2356 3254 2839 3309 commemoratur,
2874 3246 3019 3315 prius
3066 3247 3487 3315 producerentur
3528 3262 3591 3301 ex
3628 3246 3757 3315 aquis

2200 3338 2473 3401 animalia,
2497 3347 2679 3407 postea
2702 3354 2832 3393 vero
2859 3338 2927 3392 dc
2958 3347 3096 3392 terra
3122 3358 3134 3392 :
3162 3339 3307 3409 quod
3330 3340 3398 3395 ita
3426 3341 3494 3394 sit
3515 3339 3617 3394 aeri
3643 3352 3755 3407 aqua

2199 3431 2411 3494 similis,
2446 3442 2500 3484 ut
2534 3432 2649 3499 ejus
2674 3430 3098 3486 exhalationibus
3147 3432 3492 3502 pinguescere
3517 3431 3753 3501 probetur,

2198 3530 2257 3575 ut
2279 3530 2334 3576 et
2352 3522 2595 3590 spiritum
2623 3521 2864 3590 procella:
2887 3521 3060 3587 faciat,
3090 3522 3139 3577 id
3166 3530 3248 3578 est
3268 3534 3504 3587 ventum,
3530 3532 3580 3578 et
3600 3520 3754 3575 nubila

2207 3613 2510 3677 contrahat,
2538 3621 2592 3666 et
2621 3614 2784 3682 possit
2812 3614 3019 3668 volatus
3046 3617 3222 3671 avium
3247 3618 3529 3673 sustinere.
3557 3614 3757 3681 Quapro

2198 3714 2319 3774 pter
2346 3704 2557 3758 etiamsi
2598 3720 2780 3758 verum
2822 3704 2955 3759 dixit
2994 3707 3206 3774 quidam
3235 3708 3568 3764 smcularium
3598 3712 3755 3775 poeta-

2198 3810 2340 3860 rum,
2375 3793 2549 3848 Nubes
2570 3796 2762 3848 excedit
2796 3794 3064 3866 Olympus,
3088 3809 3162 3864 et,
3186 3797 3379 3855 Pacem
3406 3814 3595 3854 summa
3613 3802 3756 3850 tenent

2199 3884 2501 3958 (Lucanus,
2536 3885 2624 3939 lib.
2652 3885 2758 3956 2);
2784 3889 2905 3956 quia
2938 3888 3243 3957 perhibetur
3272 3891 3328 3946 in
3357 3890 3560 3963 Olympi
3585 3887 3755 3941 vertice

2199 3991 2294 4031 aer
2321 3992 2443 4032 esse
2473 3986 2578 4030 tam
2610 3976 2819 4042 tenuis,
2852 3986 2909 4031 ut
2954 3994 3126 4048 neque
3167 3980 3399 4036 nubibus
3424 3978 3753 4035 obumbratur,

2200 4083 2375 4138 neque
2400 4068 2642 4123 turbetur
2669 4078 2847 4129 vento,
2882 4084 3053 4138 neque
3078 4079 3379 4127 sustentare
3406 4072 3554 4126 alites
3594 4065 3753 4136 possil.

2199 4175 2374 4229 neque
2401 4160 2546 4229 ipsos
2571 4160 2660 4228 qui
2690 4159 2826 4214 forte
2851 4161 3189 4216 ascendet-int
3218 4164 3478 4228 homines,
3508 4157 3756 4216 crassioris

2199 4265 2344 4305 aura:
2374 4251 2561 4320 spiritu
2600 4250 2762 4317 alere,
2804 4253 2939 4305 sicut
2977 4253 3028 4306 in
3069 4252 3171 4308 isto
3206 4270 3331 4310 aere
3358 4256 3752 4309 consueverunt:

2204 4350 2381 4395 tamen
2408 4349 2463 4394 et
2488 4342 2602 4410 ipse
2624 4356 2719 4395 aer
2737 4351 2839 4408 est,
2864 4342 3004 4397 unde
3028 4345 3181 4414 aquis
3208 4346 3379 4400 vicina
3408 4345 3646 4413 qualitate
3667 4334 3755 4391 dil-

2200 4432 2462 4500 funditur,
2495 4441 2550 4488 et
2580 4442 2858 4502 pr0pterea
2888 4434 3001 4501 ipse
3026 4451 3236 4507 quoque
3262 4438 3314 4492 in
3342 4436 3600 4492 humidam
3627 4438 3755 4485 natu-

2203 4539 2319 4580 ram
2350 4538 2646 4579 conversus
2673 4522 2859 4578 diluvii
2892 4534 3130 4594 tempore
3155 4526 3409 4583 creditur.
3436 4526 3607 4595 Neque
3632 4519 3753 4576 enim

2200 4615 2570 4672 arbitrantium
2612 4624 2697 4670 est
2731 4616 2929 4687 aliquid
2957 4617 3026 4672 de
3053 4619 3238 4687 spatiis
3265 4620 3457 4676 siderei
3483 4618 3596 4673 cteli
3622 4627 3754 4669 usur-

2201 4722 2377 4778 passe,
2399 4722 2520 4762 cum
2545 4722 2733 4763 omnes
2757 4709 2918 4763 etiam
2941 4709 3229 4765 altissimos
3257 4721 3464 4767 montes
3482 4723 3608 4780 aqua
3632 4713 3755 4759 nano

2200 4796 2502 4853 scenderat.

2199 4887 2428 4945 CAPUT
2458 4887 2545 4943 III.
2571 4917 2644 4929 —
2666 4887 2743 4942 De
2770 4891 3128 4946 elementorum
3170 4895 3547 4950 commutatione
3579 4897 3752 4943 senten-

2332 4982 2434 5033 tiae.
2464 4980 2566 5034 Aer
2589 4981 2642 5033 in
2673 4978 2881 5035 Genesis
2906 4983 3119 5039 historia
3142 5002 3244 5041 non
3272 4985 3637 5060 praemissus.

2271 5072 2325 5127 4.
2354 5072 2667 5143 Quanquam
2702 5072 2771 5128 de
2794 5076 3146 5133 conversione
3176 5079 3572 5140 elementorum,
3612 5068 3749 5123 etiam

2200 5164 2342 5219 inter
2370 5164 2518 5234 ipsos
2544 5164 2633 5235 qui
2669 5164 2783 5220 haec
2816 5167 2985 5222 otiosa
3009 5182 3136 5223 cura
3178 5169 3515 5225 subtilissime
3540 5168 3753 5234 perscru-

2200 5256 2298 5311 tati
2321 5266 2463 5321 sunt,
2487 5271 2591 5311 non
2615 5271 2780 5326 parva
2803 5259 3028 5327 quaestio
3051 5269 3153 5315 est.
3182 5261 3283 5316 Alii
3311 5261 3449 5316 enim
3467 5256 3635 5312 dicunt
3654 5260 3750 5301 om-

2199 5348 2288 5403 nia
2334 5348 2389 5401 in
2416 5348 2598 5402 omnia
2624 5362 2785 5418 posse
2812 5351 3022 5414 mutari,
3053 5360 3212 5421 atque
3234 5350 3467 5408 converti
3499 5365 3512 5402 :
3537 5342 3620 5399 alii
3642 5350 3750 5394 vero

2199 5453 2320 5495 esse
2348 5438 2546 5509 aliquid
2572 5439 2796 5493 omnino
2825 5442 3095 5512 proprium
3122 5441 3343 5514 singulis
3367 5436 3632 5513 perhibent
3653 5429 3746 5484 ele-

2199 5531 2396 5588 mentis
2420 5571 2435 5596 ,
2482 5530 2624 5600 quod
2669 5531 2721 5585 in
2761 5531 2980 5587 alterius
3025 5532 3273 5589 elementi
3300 5533 3589 5605 qualitatem
3627 5518 3746 5577 nullo

2200 5624 2359 5680 modo
2383 5632 2648 5679 vertatur.
2679 5622 2833 5680 Unde
2873 5625 3113 5683 fortassis
3142 5643 3241 5685 suo
3279 5628 3422 5692 loco,
3453 5623 3495 5679 si
3523 5616 3740 5677 Dominus

2263 5737 2279 5766 ί
2299 5742 2404 5784 Mss.
2439 5734 2545 5786 fere
2567 5747 2757 5801 omnes,
2779 5743 2999 5790 extentas.
