3906 6320
175 440 423 506 voluerit,
440 435 743 507 diligentius
756 428 1169 502 disputabimus:
1185 439 1329 481 nunc
1350 433 1526 479 autem
1547 423 1688 494 quod
1702 423 1770 478 ad

174 539 494 605 praesentem
512 538 812 582 sermonem
825 521 1032 581 attinet.
1049 519 1162 573 haec
1178 514 1641 572 commemoranda
1658 515 1769 569 exi-

176 621 418 685 stimavi,
443 627 502 673 ut
528 615 884 685 intelligamus
904 621 1168 666 servatum
1190 624 1308 664 esse
1327 607 1568 662 ordinem
1589 622 1767 661 rerum

174 729 282 786 quo
312 713 461 784 prius
484 706 721 780 oportuit
759 719 1012 776 aquarum
1038 701 1281 756 animalia
1306 715 1465 770 quam
1508 706 1768 753 terrarum

177 802 382 859 narrari
408 808 608 856 creata.

245 893 302 949 5.
332 891 440 946 Nec
476 890 585 944 ullo
625 886 784 942 modo
824 883 1187 939 arbitrantium
1229 888 1314 937 est
1350 881 1765 950 praetermissum

170 999 292 1040 esse
322 982 377 1036 in
399 980 502 1036 hac
526 978 801 1048 Scriptura
831 976 994 1030 ullum
1021 973 1202 1028 mundi
1230 971 1387 1040 hujus
1415 971 1763 1036 elementum,

170 1089 289 1130 cum
323 1080 552 1143 quatuor
580 1067 872 1124 notissimis
897 1082 1018 1121 eum
1044 1074 1289 1120 constare
1327 1078 1636 1132 persuasum
1674 1064 1762 1130 sit,

170 1166 290 1236 quia
327 1163 540 1218 videtur
579 1159 666 1214 hic
688 1158 904 1221 cadum,
936 1165 990 1210 et
1014 1171 1170 1225 aqua,
1199 1163 1252 1209 et
1272 1164 1412 1208 terra
1437 1167 1764 1208 commemo-

175 1258 320 1321 rari,
356 1255 424 1310 de
462 1268 586 1308 aere
614 1259 791 1306 autem
823 1249 1005 1304 taceri.
1044 1246 1387 1303 Consuetudo
1427 1247 1623 1316 quippe
1663 1260 1762 1299 no-

170 1358 403 1401 strarnm
439 1343 830 1414 Scripturarum
856 1349 974 1407 est,
1004 1348 1095 1394 aut
1123 1337 1242 1393 coeli
1272 1346 1327 1393 et
1357 1347 1510 1392 terra:
1548 1336 1764 1391 nomine

169 1437 431 1493 mundum
481 1435 783 1505 appellare,
815 1441 906 1487 aut
951 1431 1215 1488 interdum
1260 1429 1458 1484 addere
1497 1438 1550 1483 et
1593 1443 1758 1484 mare.

170 1532 276 1584 Aer
306 1529 486 1598 itaque
511 1526 593 1581 vel
617 1524 682 1579 ad
713 1525 908 1580 caelum
934 1523 1200 1592 pertinere
1230 1520 1556 1590 intelligitur,
1591 1519 1635 1573 si
1659 1534 1762 1589 qua

171 1627 294 1673 sunt
332 1619 386 1672 in
416 1618 533 1687 ejus
576 1614 942 1687 superioribus
969 1613 1204 1683 partibus
1243 1610 1672 1682 tranquillissima
1709 1619 1764 1665 et

174 1711 514 1782 pacatissima
560 1709 727 1778 spatia
755 1723 769 1771 ;
799 1707 883 1761 vel
908 1705 975 1760 ad
1018 1713 1211 1760 terram
1242 1713 1456 1774 propter
1480 1701 1620 1756 hunc
1647 1709 1762 1756 tur-

172 1803 446 1858 bulentum
477 1810 530 1857 et
555 1799 897 1869 caliginosum
924 1798 1096 1851 locum
1123 1837 1136 1860 ,
1167 1796 1255 1865 qui
1289 1793 1505 1849 humida
1543 1793 1762 1848 exhala-

171 1897 316 1951 tione
345 1891 664 1964 pinguescit,
693 1889 933 1961 quamvis
959 1897 1014 1942 et
1043 1888 1155 1956 ipse
1179 1886 1375 1956 saepius
1398 1885 1516 1940 οωιί
1547 1885 1763 1939 nomine

173 1995 548 2056 nuncupetur:
577 1998 640 2038 ac
667 1997 762 2052 per
789 1980 890 2035 hoc
921 1995 1026 2034 non
1057 1979 1308 2049 scriptum
1335 1987 1435 2040 est,
1460 1976 1764 2032 Producant

175 2095 325 2150 aqua:
372 2075 587 2147 reptilia
632 2074 927 2129 animarum
983 2073 1254 2135 vivarum,
1296 2079 1350 2125 et
1377 2069 1633 2139 producat
1671 2085 1764 2124 aer

175 2172 410 2228 volatilia
458 2167 687 2223 volantia
731 2181 893 2236 super
933 2175 1166 2228 terram;
1213 2162 1307 2217 sed
1337 2169 1626 2232 utrumque
1662 2161 1764 2216 hoc

175 2260 526 2316 animantium
546 2271 715 2327 genus
739 2271 802 2310 ex
832 2255 985 2325 aquis
1014 2253 1326 2323 productum
1351 2266 1472 2307 esse
1494 2260 1758 2306 narratur.

173 2351 444 2421 Quidquid
468 2364 595 2419 ergo
614 2362 869 2418 aquarum
894 2347 1005 2400 sive
1031 2346 1260 2401 labiliter
1285 2345 1546 2400 undosum
1574 2354 1626 2399 et
1647 2343 1764 2399 ilui-

171 2443 295 2500 dum
321 2451 427 2507 est,
461 2442 573 2496 sive
595 2439 914 2510 vaporaliter
935 2446 1207 2492 tenuatum
1234 2449 1393 2507 atque
1420 2451 1762 2506 suspensum,

174 2545 228 2591 ut
255 2534 386 2589 illud
421 2532 699 2601 reptilibus
722 2530 1018 2584 animarum
1053 2529 1310 2594 vivarum,
1337 2528 1438 2583 hoc
1464 2528 1764 2583 volatilibus

175 2639 429 2700 appareat
452 2627 814 2690 distributum,
844 2631 1126 2693 utrumque
1153 2633 1326 2677 tamen
1355 2621 1585 2677 humida:
1611 2631 1765 2676 natu-

172 2736 242 2774 ra:
271 2720 577 2788 deputatur.
772 2709 779 2712 ’

203 2809 434 2867 CAPUT
473 2808 562 2864 Ν.
584 2836 653 2848 -
687 2805 920 2876 Quinque
947 2822 1122 2860 sensus
1147 2805 1216 2857 ad
1240 2813 1454 2876 quatuor
1482 2804 1726 2860 elementa

867 2899 1067 2969 referri.

237 2995 291 3048 6.
333 2993 571 3062 Ideoque
612 2999 735 3045 sunt
763 2991 922 3045 etiam
952 2989 1043 3060 qui
1087 2988 1428 3042 subtilissima
1454 2988 1760 3043 considera-

174 3084 314 3139 tione
351 3082 593 3153 quinque
634 3080 766 3134 istos
807 3078 1270 3134 manifestissimos
1308 3079 1547 3146 corporis
1573 3092 1762 3132 sensus

173 3171 468 3228 secundum
498 3177 722 3238 quatuor
765 3168 956 3223 usitata
998 3168 1258 3223 elementa
1290 3167 1360 3221 ita
1401 3166 1758 3236 distinguant,

171 3274 228 3319 ut
250 3265 442 3319 oculos
479 3263 544 3316 ad
572 3263 765 3332 ignem,
794 3275 951 3315 aures
981 3259 1047 3314 ad
1067 3275 1246 3314 aerem
1276 3259 1455 3315 dicant
1473 3260 1758 3329 pertinere.

170 3353 462 3409 Olfaciendi
487 3361 666 3407 autem
695 3351 1042 3422 gustandiqne
1067 3366 1280 3405 sensum
1304 3358 1506 3404 naturae
1532 3350 1762 3405 humidae

170 3445 465 3499 attribuunt
504 3453 601 3498 :et
629 3441 880 3498 olfactum
919 3441 1133 3513 quidem
1181 3442 1296 3495 istis
1334 3442 1763 3497 exhalationibus

173 3535 403 3590 humidis
423 3575 439 3601 ,
466 3533 658 3603 quibus
682 3541 952 3587 crassatur
986 3532 1088 3587 hoc
1126 3533 1354 3600 spatium
1376 3573 1390 3595 ,
1421 3533 1471 3586 in
1502 3549 1608 3603 quo
1637 3549 1763 3588 aves

171 3629 392 3682 volitant
417 3644 431 3691 ;
461 3635 726 3694 gustatum
753 3639 882 3679 vero
912 3625 1028 3678 istis
1052 3623 1376 3678 ﬂuxibilibus
1403 3632 1455 3677 et
1479 3625 1764 3693 corpulen-

173 3719 236 3772 tis
259 3716 600 3772 humoribus.
623 3715 752 3769 Nam
779 3729 1123 3784 quaecumque
1149 3713 1202 3768 in
1226 3728 1319 3767 ore
1342 3715 1571 3783 sapiunt,
1596 3714 1763 3784 ipsius

172 3811 278 3864 oris
305 3809 518 3863 humori
563 3807 978 3862 commiseentur
1021 3815 1081 3859 ut
1109 3806 1348 3874 sapiant,
1380 3805 1587 3859 etiamsi
1613 3804 1761 3860 arida

172 3914 286 3954 cum
307 3899 680 3969 acciperentur
708 3897 870 3952 fuisse
893 3895 1189 3951 videantur.
1216 3895 1354 3966 Ignis
1385 3905 1558 3951 tamen
1584 3897 1759 3952 omnia

171 4002 429 4063 penetrat,
462 4003 520 4046 ut
545 4000 746 4047 motum
778 3993 828 4046 in
872 3993 949 4047 eis
977 3992 1150 4046 faciat.
1175 3991 1306 4045 Nam
1337 3999 1392 4046 et
1416 3992 1608 4045 humor
1642 3992 1759 4059 pri-

172 4087 380 4139 vatione
400 4084 594 4139 caloris
617 4084 959 4153 congelascit,
983 4093 1036 4138 et
1059 4099 1177 4138 cum
1199 4085 1405 4153 possint
1426 4085 1720 4139 fervescere
1740 4085 1758 4116 ¹

173 4185 361 4230 cmtera
393 4175 676 4239 elementa,
707 4173 842 4244 ignis
871 4173 1154 4242 frigescere
1179 4189 1283 4227 non
1311 4182 1484 4242 p0test
1513 4191 1525 4226 :
1555 4173 1760 4230 facilius

175 4269 365 4338 quippe
397 4267 754 4336 exstinguitur
779 4306 791 4328 ,
823 4275 880 4319 ut
907 4266 1041 4335 ignis
1075 4279 1180 4319 non
1207 4267 1276 4320 sit
1299 4308 1312 4328 ,
1340 4282 1496 4334 quam
1544 4266 1759 4336 frigidus

176 4367 420 4425 maneat,
465 4367 556 4412 aut
597 4359 666 4411 sit
727 4357 951 4424 alicujus
998 4356 1168 4426 frigidi
1223 4365 1467 4411 contactu
1511 4359 1755 4428 tepidior.

177 4449 365 4505 Tactus
393 4459 570 4504 autem
597 4491 611 4513 ,
644 4448 736 4519 qui
777 4458 861 4502 est
909 4448 1124 4518 quintus
1156 4449 1209 4503 in
1242 4451 1515 4517 sensibus,
1548 4464 1758 4508 terreno

176 4541 436 4596 elemento
481 4541 648 4610 magis
677 4542 923 4610 congruit
959 4558 970 4592 :
1001 4540 1223 4609 proinde
1251 4556 1346 4610 per
1371 4551 1538 4596 totum
1565 4558 1758 4613 corpus

172 4632 476 4698 animantis,
516 4630 656 4700 quod
701 4631 930 4686 maxime
958 4645 1024 4684 ex
1069 4639 1208 4683 terra
1233 4640 1335 4695 est,
1369 4647 1590 4701 quaeque
1617 4641 1755 4687 tacta

175 4727 488 4779 sentiuntur.
538 4724 725 4777 Dicunt
767 4724 925 4777 etiam
956 4737 1055 4776 nec
1083 4722 1250 4776 videri
1293 4723 1406 4776 sine
1437 4723 1556 4792 igne
1597 4739 1757 4793 posse

175 4817 395 4885 aliquid,
437 4831 539 4869 nec
577 4816 717 4884 tangi
757 4815 872 4868 sine
907 4823 1070 4868 terra.
1106 4816 1183 4868 Ac
1221 4829 1316 4883 per
1359 4813 1458 4869 hoc
1493 4815 1754 4870 elementa

177 4909 344 4960 omnia
379 4908 432 4960 in
462 4905 711 4960 omnibus
742 4906 946 4969 inesse;
987 4904 1080 4958 sed
1126 4903 1539 4974 unumquodque
1568 4919 1752 4959 eorum

177 5013 233 5051 ex
259 5015 323 5053 eo
351 4999 491 5068 quod
524 4997 752 5066 amplius
777 4996 937 5051 habet
964 4997 1234 5065 accepisse
1264 4997 1602 5050 vocabulum.
1632 4997 1754 5052 Ideo

178 5099 343 5143 autem
371 5090 568 5145 caloris
599 5089 913 5157 privatione,
941 5103 1062 5143 cum
1091 5104 1284 5159 corpus
1310 5090 1470 5143 nimie
1498 5089 1750 5158 frigescit,

178 5180 386 5236 obtundi
427 5195 667 5246 sensum,
699 5181 820 5249 quia
867 5190 1042 5233 motus
1080 5181 1344 5250 pigrescit,
1373 5183 1462 5251 qui
1487 5197 1554 5236 ex
1577 5183 1754 5237 calore

181 5270 308 5326 inest
326 5273 556 5341 corpori,
583 5272 708 5325 dum
738 5272 872 5341 ignis
897 5287 1096 5337 aerem,
1123 5284 1177 5326 et
1202 5288 1293 5327 aer
1322 5273 1558 5338 humida,
1585 5283 1637 5328 et
1659 5273 1755 5328 hu-

179 5375 286 5416 mor
311 5373 518 5418 terrena
549 5376 770 5433 quaeque
793 5361 971 5429 afficit,
1004 5363 1365 5418 subtilioribus
1391 5364 1592 5418 scilicet
1611 5379 1753 5420 cras-

180 5453 308 5507 siora
330 5454 750 5524 penetrantibus.

244 5546 293 5600 7.
332 5546 538 5615 Quanto
574 5556 750 5601 autem
792 5546 1022 5616 quidque
1059 5546 1302 5601 subtilius
1340 5556 1422 5602 est
1465 5547 1515 5600 in
1561 5557 1749 5603 natura

182 5639 448 5707 corporali,
478 5648 625 5694 tanto
649 5648 733 5693 est
757 5639 974 5694 vicinius
1003 5649 1202 5693 natura:
1227 5641 1485 5709 spirituali
1513 5658 1526 5707 ;
1559 5655 1746 5713 quam-

240 5752 257 5783 ³
276 5750 403 5816 Etﬁti,
428 5752 704 5819 frigescere.
726 5759 780 5804 At
797 5760 899 5804 Mss.
921 5751 1163 5816 plerique,
1183 5753 1465 5818 fervescere.

1545 309 1749 366 LIBER
1787 307 2101 366 TERTIUS.

3351 316 3458 373 282

1876 423 1958 477 vis
1986 423 2141 493 longe
2165 422 2393 480 distante
2417 440 2630 496 genere,
2656 427 3084 498 quandoquidem
3113 430 3241 486 illud
3266 447 3458 502 corpus

1877 525 1978 580 est,
2009 515 2136 568 illud
2167 531 2270 569 non
2302 527 2400 570 est.

1876 605 2098 662 CAPUT
2128 607 2189 660 V.
2229 638 2299 648 -—
2331 608 2398 662 Ut
2427 609 2496 662 ad
2522 619 2739 680 quatuor
2775 611 3016 664 elementa
3043 612 3179 664 varie
3217 629 3271 666 se
3312 613 3460 669 habet

2193 702 2436 755 sentiendi
2468 703 2540 756 vis
2571 704 2623 755 in
2649 704 2867 772 quinque
2893 705 3138 758 sensibus.

1945 793 2022 848 Ac
2075 808 2168 862 per
2207 793 2307 847 hoc
2364 795 2610 864 quoniam
2669 796 2868 850 sentire
2915 811 3018 849 non
3073 805 3154 850 est
3196 797 3456 865 corporis,

1873 883 1967 939 sed
1987 885 2177 940 animte
2201 900 2294 954 per
2315 900 2525 954 corpus,
2547 886 2668 940 licet
2687 895 2839 941 acute
2860 887 3151 942 disseratur
3165 889 3455 944 secundum

1872 975 2228 1032 diversitatem
2267 992 2643 1047 corporeorum
2683 979 3068 1034 elementorum
3107 995 3298 1035 sensus
3332 997 3453 1038 esse

1871 1070 2110 1138 corporis
2152 1070 2501 1136 distributos;
2530 1072 2705 1126 anima
2742 1081 2918 1126 tamen
2959 1074 3042 1128 cui
3083 1075 3344 1130 sentiendi
3373 1076 3455 1131 vis

1871 1159 2028 1226 inest,
2058 1176 2176 1215 cum
2207 1177 2461 1232 corporea
2489 1179 2594 1218 non
2621 1165 2706 1228 sit,
2733 1181 2828 1234 per
2856 1166 3098 1222 subtilius
3123 1182 3317 1238 corpus
3344 1170 3456 1239 agi-

1871 1261 1947 1308 tat
1973 1255 2203 1324 vigorem
2229 1258 2511 1312 sentiendi.
2538 1258 2753 1313 Inchoat
2777 1259 2952 1330 itaque
2978 1271 3180 1316 motum
3206 1261 3257 1315 in
3280 1264 3453 1317 omni-

1869 1346 1971 1402 bus
2011 1348 2256 1403 sensibns
2283 1365 2314 1404 a
2345 1351 2634 1405 subtilitate
2675 1352 2808 1422 ignis
2832 1393 2846 1415 ,
2874 1352 2966 1406 sed
2996 1367 3100 1406 non
3127 1353 3178 1406 in
3208 1355 3452 1410 omnibus

1869 1437 1936 1492 ad
1961 1439 2098 1495 idem
2129 1442 2389 1511 pervenit.
2421 1443 2476 1496 In
2507 1443 2621 1497 visu
2658 1444 2797 1497 enim
2827 1445 3064 1512 pervenit
3091 1460 3334 1513 represso
3360 1461 3449 1501 ca-

1870 1528 1984 1586 lore
2011 1546 2178 1602 usque
2211 1533 2278 1587 ad
2308 1533 2423 1603 ejus
2454 1535 2644 1589 lucem.
2676 1536 2732 1588 In
2772 1536 2954 1590 auditu
2994 1552 3160 1607 usque
3197 1538 3262 1592 ad
3292 1539 3450 1608 liqui-

1868 1623 2071 1678 diorem
2098 1641 2275 1680 aerem
2302 1627 2478 1682 calore
2505 1627 2638 1697 ignis
2668 1637 2926 1697 penetrat.
2959 1629 3018 1682 In
3048 1629 3244 1683 olfactu
3271 1640 3448 1686 autem

1869 1716 2060 1772 transit
2085 1733 2262 1773 aerem
2295 1734 2508 1790 purum,
2537 1729 2590 1774 et
2615 1720 2860 1789 pervenit
2887 1720 2950 1774 ad
2991 1720 3258 1775 humidam
3283 1722 3449 1776 exha-

1868 1806 2137 1872 lationem,
2165 1809 2305 1863 unde
2324 1809 2552 1864 crassior
2574 1809 2688 1864 haec
2712 1825 2838 1864 aura
2865 1810 3121 1865 subsistit.
3153 1810 3208 1865 ln
3241 1820 3448 1881 gustatu

1868 1907 1923 1953 et
1947 1898 2083 1954 hanc
2110 1902 2318 1968 transit,
2347 1909 2398 1956 et
2439 1903 2678 1972 pervenit
2715 1917 2886 1973 usque
2926 1902 2992 1956 ad
3022 1905 3295 1959 humorem
3327 1919 3448 1959 cor-

1869 1991 2219 2061 pulentiorem
2264 2011 2277 2046 :
2323 2008 2429 2062 quo
2472 1994 2631 2049 etiam
2678 2003 2952 2065 penetrato
2995 2005 3154 2066 atque
3199 1997 3447 2064 trajectu,

1868 2096 1989 2137 cum
2017 2082 2084 2136 ad
2112 2092 2373 2138 terrenam
2397 2085 2706 2154 gravitatem
2734 2088 2973 2156 pervenit
2996 2129 3011 2154 ,
3043 2087 3290 2158 tangendi
3321 2089 3445 2143 ulti-

1868 2187 2015 2226 mum
2039 2188 2252 2227 sensum
2280 2173 2407 2244 agit.

1867 2261 2094 2319 CAPUT
2119 2262 2202 2318 VI.
2222 2295 2291 2304 ——
2312 2265 2456 2319 Aeris
2491 2267 2786 2320 elementum
2811 2284 2912 2321 non
2936 2284 3042 2322 esse
3065 2271 3452 2339 praetermissum

2382 2374 2414 2409 a
2437 2360 2682 2428 scriptore
2711 2357 2934 2414 Genesis.

1940 2443 1993 2500 8.
2034 2444 2150 2498 Non
2189 2446 2348 2516 igitur
2386 2448 2663 2518 ignorabat
2690 2461 2905 2505 naturas
2940 2452 3324 2506 elementorum
3354 2467 3450 2508 eo-

1867 2549 2091 2604 rumque
2115 2536 2374 2602 ordinem,
2401 2539 2631 2606 quicum
2660 2540 2962 2606 visibilium,
2989 2557 3106 2610 quae
3131 2543 3267 2596 intra
3298 2558 3451 2597 mun—

1867 2622 1994 2677 dum
2020 2625 2072 2678 in
2111 2625 2388 2680 elementis
2416 2635 2599 2681 natura
2637 2639 2917 2682 moventur
2937 2671 2950 2694 ,
2979 2630 3335 2686 conditionem
3367 2632 3451 2685 in-

1868 2714 2191 2782 troduceret,
2226 2719 2370 2787 prius
2393 2719 2626 2774 caelestia
2653 2721 2952 2788 luminaria,
2980 2722 3171 2777 deinde
3195 2739 3451 2793 aquarum

1866 2805 2188 2873 animantia,
2224 2815 2482 2864 terrarum
2523 2820 2700 2866 autem
2735 2821 3001 2881 postrema
3037 2816 3305 2868 narravit:
3345 2829 3453 2870 non

1867 2897 2009 2965 quod
2053 2913 2229 2953 aerem
2279 2903 2714 2969 praetermiserit,
2761 2902 2854 2957 sed
2898 2905 3037 2974 quod
3086 2905 3350 2975 purissimi
3400 2915 3456 2962 et

1867 2987 2182 3056 quietissimi
2206 2991 2365 3058 aeris,
2395 2991 2482 3044 ubi
2509 2993 2690 3047 volare
2714 3007 2840 3047 aves
2865 3009 2972 3048 non
3002 3009 3156 3063 posse
3180 2995 3449 3062 dicuntur,

1867 3079 1911 3133 si
1942 3095 2044 3149 qua
2075 3092 2196 3135 sunt
2235 3084 2401 3151 spatia
2423 3124 2439 3149 ,
2467 3084 2607 3138 coelo
2647 3086 2906 3154 superiori
2947 3087 3372 3158 conjunguntur,
3398 3097 3456 3144 et

1867 3171 1988 3225 caeli
2014 3173 2402 3241 nuncupatione
2427 3175 2478 3227 in
2505 3175 2794 3244 Scripturis
2816 3177 2881 3232 ad
2907 3179 3235 3247 superiorem
3264 3179 3447 3235 mundi

1867 3269 2071 3328 partem
2099 3264 2364 3332 pertinere
2395 3265 2756 3335 intelliguntur
2782 3287 2794 3321 :
2827 3277 2883 3322 ut
2913 3279 3066 3323 terra:
3091 3270 3304 3325 nomine
3331 3273 3453 3325 uni-

1867 3355 2145 3409 versaliter
2170 3356 2272 3411 hoc
2297 3366 2464 3412 totum
2490 3359 2836 3428 significetur,
2866 3375 2931 3414 ex
2960 3375 3068 3430 quo
3094 3362 3272 3431 incipit
3298 3361 3453 3416 deor-

1866 3463 1989 3505 sum
2030 3464 2236 3515 versus,
2265 3449 2428 3520 Ignis,
2456 3452 2670 3520 grando,
2705 3451 2814 3517 nix,
2844 3453 3050 3521 glacies,
3080 3453 3285 3521 spiritus
3323 3462 3452 3506 tem-

1869 3543 2094 3612 pestatis,
2118 3550 2163 3594 et
2192 3557 2361 3595 omnes
2385 3541 2572 3611 abyssi,
2597 3541 2766 3595 donec
2793 3544 3127 3611 perveniatur
3156 3543 3221 3597 ad
3248 3544 3452 3598 aridam

1866 3649 1986 3704 quae
2015 3635 2234 3705 proprio
2263 3634 2477 3688 nomine
2508 3643 2646 3688 terra
2672 3634 2884 3689 dicitur.
2911 3640 3018 3692 Aer
3045 3636 3222 3706 itaque
3246 3638 3334 3692 ille
3363 3652 3454 3692 su-

1867 3728 2067 3800 perior,
2093 3728 2210 3782 sive
2232 3727 2372 3796 quod
2393 3726 2459 3780 ad
2479 3727 2749 3782 caelestem
2773 3729 2953 3782 mundi
2978 3729 3204 3798 pertinet
3221 3739 3447 3799 partem,

1867 3820 1982 3874 sive
2021 3818 2165 3887 quod
2207 3818 2405 3872 nullum
2448 3818 2607 3873 habet
2645 3819 2904 3874 visibilem
2954 3819 3338 3884 habitatorem,
3385 3819 3451 3874 de

1865 3909 2113 3979 qualibus
2137 3923 2278 3963 nunc
2300 3924 2478 3964 sermo
2504 3910 2769 3964 narrantis
2797 3921 2893 3974 est,
2925 3925 3098 3980 neque
3123 3911 3447 3979 praetermis-

1867 4017 1959 4056 sus
1973 4010 2056 4056 est
2074 4000 2212 4056 coelo
2233 4001 2525 4064 nominato,
2542 4017 2714 4072 neque
2733 4010 3111 4056 annumeratus
3134 4003 3186 4055 in
3206 4001 3449 4057 creandis

1866 4093 2181 4147 animalibus
2204 4110 2218 4146 :
2247 4093 2347 4148 iste
2370 4109 2499 4148 vero
2524 4093 2740 4148 inferior
2757 4095 2846 4163 qui
2865 4094 3061 4162 excipit
3085 4094 3449 4148 exhalationes

1866 4187 2111 4242 humidas
2137 4187 2299 4241 maris
2325 4202 2389 4241 ac
2413 4195 2570 4242 terra:
2590 4229 2604 4251 ,
2631 4197 2684 4242 et
2707 4187 2774 4240 ad
2804 4187 3137 4241 sustinendas
3161 4199 3288 4240 aves
3313 4202 3449 4254 quo-

1865 4278 2152 4333 dammodo
2179 4290 2476 4344 crassatur,
2517 4278 2725 4332 nonnisi
2755 4294 2817 4332 ex
2846 4279 2994 4347 aquis
3021 4277 3211 4345 accipit
3240 4275 3447 4331 anima-

1865 4369 1953 4423 lia.
1984 4369 2136 4437 Quod
2161 4370 2301 4423 enim
2332 4370 2446 4438 ejus
2471 4368 2744 4422 humidum
2771 4379 2851 4421 est
2870 4409 2885 4433 ,
2923 4367 3024 4421 hoc
3049 4375 3224 4436 portat
3259 4364 3446 4420 alitum

1862 4474 2117 4528 corpora,
2146 4475 2265 4529 qua:
2295 4460 2364 4513 ita
2395 4460 2636 4512 nituntur
2664 4460 2850 4528 pennis
2891 4458 3129 4512 volantes
3149 4499 3164 4524 ,
3194 4457 3446 4527 quemad-

1861 4550 2079 4605 modum
2108 4550 2279 4618 pisccs
2303 4549 2614 4620 quibusdam
2644 4549 2753 4602 suis
2779 4549 2875 4602 alis
2899 4558 3159 4604 natantes.

1959 4637 2184 4695 CAPUT
2211 4639 2322 4694 VII.
2365 4669 2436 4679 —
2472 4638 2706 4693 Volatilia
2733 4656 2794 4692 ea:
2821 4639 2963 4708 aquis
2990 4656 3091 4693 non
3115 4641 3363 4694 immerito

2429 4733 2664 4786 dicuntur
2688 4742 2872 4785 creata.

1935 4825 1988 4880 9.
2032 4824 2262 4880 Proinde
2306 4825 2535 4879 scienter
2589 4834 2837 4894 tanquam
2888 4821 3116 4893 Spiritus
3181 4824 3306 4888 Dei,
3357 4826 3444 4893 qui

1861 4914 2114 4968 scribenti
2155 4914 2359 4976 aderat,
2406 4931 2473 4969 ex
2519 4916 2670 4984 aquis
2714 4915 2844 4968 dicit
2886 4917 3138 4984 producta
3186 4916 3441 4968 volatilia.

1860 5006 2096 5073 Quorum
2125 5016 2310 5061 natura
2337 5008 2352 5037 ¹
2380 5007 2686 5076 bipartitum
2731 5007 2904 5062 locum
2933 5009 3119 5062 sortita
3150 5016 3231 5061 est
3256 5025 3269 5070 ;
3315 5007 3447 5061 infe-

1862 5100 2057 5154 riorem
2084 5099 2284 5154 scilicet
2309 5099 2359 5152 in
2384 5099 2522 5153 unda
2549 5100 2708 5162 labili,
2733 5100 3058 5169 superiorem
3088 5115 3213 5152 vero
3242 5101 3292 5151 in
3315 5115 3443 5153 aura

1860 5190 2021 5246 flabili
2050 5210 2061 5244 :
2092 5191 2237 5244 illum
2259 5190 2568 5260 deputatum
2591 5192 2913 5257 natantibus,
2941 5193 3096 5247 istum
3123 5192 3442 5244 volantibus.

1860 5283 2007 5340 Sicut
2034 5285 2154 5338 huic
2181 5285 2443 5338 elemento
2469 5300 2731 5354 congruos
2755 5283 2888 5337 duos
2917 5285 3076 5337 etiam
3116 5296 3304 5336 sensus
3331 5285 3444 5336 ani-

1861 5375 2089 5430 malibus
2113 5375 2264 5430 datos
2285 5375 2525 5430 videmus
2549 5393 2562 5440 ;
2591 5375 2842 5429 olfactnm
2871 5373 3210 5442 explorandis
3236 5375 3443 5444 vapori-

1859 5469 1960 5523 bus
1980 5509 1994 5531 ,
2022 5477 2287 5538 gustatum
2315 5467 2659 5537 explorandis
2687 5466 3001 5534 liquoribus.
3031 5465 3182 5534 Quod
3221 5467 3361 5519 enim
3390 5477 3444 5521 et

1861 5568 2001 5615 tactu
2031 5576 2195 5631 aquas
2223 5570 2514 5628 ventosque
2553 5559 2839 5621 sentimus,
2868 5557 2968 5612 hoc
2996 5568 3079 5614 est
3116 5557 3256 5629 quod
3290 5568 3443 5614 terra

1923 5696 2071 5768 !_.\tss.
2106 5695 2355 5757 quinque,
2393 5705 2635 5758 aquarum
2668 5691 2796 5744 enim
2829 5698 3018 5748 natura.
3051 5697 3124 5748 Sic
3162 5695 3309 5768 etiam
3337 5703 3440 5748 Am.

1756 5779 1780 5788 ε
1859 5762 2005 5809 etEt.
