3906 6342
432 228 489 239 ...α
492 236 507 246 ἶ

77 289 158 349 235
432 234 562 328 η
1117 249 1122 253 ’
1390 278 1601 339 LIBER
1637 276 1645 297 '

1759 277 1957 337 mus.

78 407 232 460 humor
256 411 305 457 et
337 400 570 463 humus;
597 393 662 450 ad
694 393 994 455 faciendum
1024 403 1203 450 autem
1232 393 1335 451 alia
1364 393 1472 451 duo
1491 436 1509 459 ,
1537 408 1634 455 aer

79 508 117 551 et
139 493 254 567 ignis
279 512 290 545 :
319 492 361 546 si
388 506 521 561 ergo
546 487 658 542 haec
680 486 749 541 ita
773 496 918 549 sunt,
944 501 1049 541 non
1073 483 1294 558 impedit
1314 484 1413 540 ista
1443 484 1632 539 distin~

78 591 158 644 ctio
185 594 407 641 nostram
450 582 777 651 Scripturam
798 622 811 643 ,
845 595 963 651 quze
994 596 1099 633 non
1136 594 1205 634 ex
1244 594 1370 634 aere
1393 621 1405 643 ,
1437 578 1530 633 sed
1563 595 1632 634 ex

77 679 197 748 aquis
224 676 472 747 producta
514 672 709 728 indicat
739 671 969 727 volatilia
996 688 1010 736 ;
1040 671 1161 743 quia
1192 671 1482 727 subtilioris
1511 670 1635 743 qui-

76 776 171 828 dem
208 781 256 825 et
292 770 341 822 in
380 784 541 822 auras
578 764 806 821 exbalati
850 777 1009 836 alque
1046 766 1286 831 distenti,
1318 765 1413 821 sed
1457 775 1635 821 tamen

78 861 278 917 humoris
306 862 454 914 locus
480 857 781 914 volatilibus
808 854 963 912 datus
990 866 1090 914 est.
1122 859 1229 914 Aer
1252 866 1429 915 autem
1453 873 1483 911 a
1508 872 1641 913 con-

78 956 180 1009 ﬁnio
207 952 446 1007 luminosi
477 950 602 1006 coali
637 966 806 1020 usque
835 949 900 1004 ad
928 964 1185 1022 aquarum
1217 949 1379 1006 ﬂuida
1412 958 1468 1004 et
1495 949 1641 1027 nuda

80 1061 301 1099 terrarum
350 1044 611 1114 pervenit.
642 1040 755 1096 Non
807 1050 986 1096 tamen
1032 1049 1199 1096 totum
1243 1040 1471 1111 spatium
1519 1039 1641 1108 ejus

80 1137 399 1193 exhalationcs
446 1133 681 1188 humidae
722 1131 1026 1199 infuscant,
1069 1132 1161 1189 sed
1206 1148 1373 1203 usque
1410 1132 1476 1189 ad
1512 1148 1636 1189 eum

80 1231 229 1294 ﬁnem,
254 1224 387 1281 unde
422 1225 610 1296 incipit
652 1224 811 1280 etiam
853 1234 992 1281 terra
1021 1226 1307 1293 nominari,
1340 1226 1639 1283 secundum

80 1322 201 1374 illum
229 1318 481 1391 psalmum
512 1315 602 1371 ubi
624 1316 841 1384 dicitur,
863 1312 1092 1371 Laudate
1116 1315 1386 1373 Dominam
1414 1318 1476 1373 de
1503 1327 1639 1379 terra

82 1410 219 1484 (Psal.
240 1426 447 1473 chvln,
475 1408 551 1479 7).
580 1406 835 1479 Superior
851 1423 978 1463 vero
990 1422 1113 1479 pars
1132 1409 1292 1476 aeris,
1308 1418 1526 1481 propter
1540 1425 1642 1481 pu-

82 1521 170 1558 ram
198 1501 639 1571 tranquillitatem,
672 1499 811 1555 cmlo
850 1500 934 1555 cui
978 1499 1345 1571 collimitatur,
1367 1502 1639 1561 communi

80 1611 184 1666 pace
203 1594 549 1666 conjungitur,
572 1603 626 1649 et
651 1594 770 1664 ejus
795 1593 1052 1649 vocabulo
1079 1602 1434 1663 nuncupatur.
1463 1594 1516 1648 In
1533 1609 1643 1666 qua

82 1688 286 1743 fortassis
306 1678 457 1759 parte
484 1688 527 1741 si
551 1684 765 1743 fuerunt
794 1695 920 1741 ante
965 1687 1442 1757 transgressionem
1484 1703 1638 1745 suam

84 1790 465 1850 transgressores
486 1777 662 1848 angeli
690 1793 808 1832 cum
834 1778 1073 1849 principe
1097 1794 1215 1845 suo,
1237 1794 1379 1835 nunc
1399 1780 1637 1845 diabolo,

83 1883 182 1926 tunc
206 1869 513 1940 arcliangelo
541 1869 687 1943 (nam
715 1868 957 1924 nonnulli
986 1871 1172 1937 nostri,
1199 1886 1302 1924 non
1330 1886 1423 1927 eos
1452 1878 1645 1942 putant

81 1963 289 2019 maiestas
318 1960 395 2017 vel
433 1962 853 2032 supercrelcstes
891 1961 1109 2032 angelos
1146 1961 1375 2036 fuisse),
1399 1979 1507 2021 non
1534 1965 1641 2021 mi-

82 2072 174 2111 rum
194 2055 231 2110 si
253 2062 363 2125 post
397 2062 677 2125 peccatum
712 2059 763 2109 in
786 2054 939 2111 istam
962 2063 1085 2107 sunt
1103 2055 1304 2111 detrusi
1325 2056 1640 2125 caliginem;

83 2148 151 2202 ubi
178 2158 337 2202 tamen
367 2156 419 2201 ct
449 2162 549 2201 aer
568 2145 660 2213 sit,
686 2154 736 2201 el
770 2145 993 2200 humore
1019 2145 1165 2199 tenui
1188 2154 1524 2214 conteratur,
1548 2148 1641 2217 qui

83 2248 339 2295 commotus
374 2247 608 2307 ventos,
649 2246 703 2295 et
738 2236 1109 2293 vehementius
1147 2238 1439 2293 concitatus
1477 2238 1642 2293 etiam

83 2333 204 2402 ignes
221 2341 269 2387 et
289 2333 547 2397 tonitrua,
572 2338 625 2385 et
647 2336 949 2384 contractus
974 2328 1173 2395 nubila,
1200 2337 1253 2384 et
1276 2328 1646 2399 conSpissatus

84 2424 298 2494 pluviam,
325 2430 376 2478 et
403 2421 815 2493 congelantibns
844 2419 1037 2476 nubilis
1066 2421 1263 2486 nivem,
1286 2429 1339 2476 et
1370 2420 1645 2476 turbulen-

86 2516 167 2571 tius
198 2514 597 2586 cougclantibus
637 2513 971 2569 densioribus
998 2512 1195 2568 nubilis
1221 2511 1554 2582 grandinem,
1587 2520 1647 2567 et

85 2607 308 2665 distentus
344 2620 601 2665 serenum
650 2604 794 2671 facit,
842 2604 1062 2661 occultis
1106 2604 1340 2674 imperiis
1387 2613 1440 2661 et
1479 2618 1646 2674 opere

84 2702 175 2767 Dei,
200 2718 226 2756 a
256 2702 470 2756 summis
505 2700 572 2754 ad
601 2699 781 2753 inﬁma
812 2700 1063 2753 universa
1091 2715 1209 2770 qure
1235 2700 1443 2756 creavit
1465 2700 1641 2756 admi-

84 2796 345 2859 nistrantis.
372 2795 535 2853 Unde
582 2794 638 2851 in
682 2794 773 2851 illo
820 2793 1023 2864 psalmo
1062 2807 1182 2847 cum
1210 2801 1643 2849 commemorata

85 2899 254 2956 essent,
276 2891 420 2962 ignis,
442 2888 669 2963 grando,
697 2889 807 2953 nix,
829 2887 1042 2959 glacies,
1066 2887 1277 2957 spiritus
1300 2887 1607 2958 tempestatis
1622 2902 1645 2949 ;

86 2997 138 3036 ne
153 2982 257 3039 talia
274 2983 384 3038 sine
400 2980 585 3037 divina
605 2976 935 3049 providentia
949 2978 1058 3033 ﬁeri
1076 2978 1385 3048 moverique
1399 2988 1645 3047 putaren-

86 3083 171 3141 tur,
191 3076 430 3131 contiuuo
448 3072 703 3144 subjecit,
725 3072 853 3137 Quae
868 3071 1062 3142 faciunt
1086 3072 1287 3126 uerbum
1299 3073 1407 3143 ejus
1425 3070 1534 3143 (Id.
1560 3072 1641 3141 8).

142 3169 217 3223 15.
241 3166 294 3222 Si
336 3177 520 3223 autem
561 3173 981 3235 transgressores
1022 3162 1101 3219 illi
1144 3172 1429 3233 antequam
1465 3172 1644 3219 trans-

88 3259 419 3327 graderentur,
450 3255 697 3314 casiestia
735 3270 957 3329 corpora
990 3254 1283 3326 gerebant,
1328 3270 1499 3325 neque
1546 3254 1649 3311 hoc

91 3350 249 3403 mirum
274 3358 375 3416 est,
399 3350 440 3403 si
473 3360 737 3407 conversa
766 3356 892 3402 sunt
917 3361 983 3403 ex
1018 3360 1175 3415 ptena
1203 3345 1256 3400 in
1283 3346 1483 3402 aeriam
1509 3359 1646 3415 qua-

91 3443 286 3510 litatcm,
313 3451 369 3497 ut
389 3443 509 3512 jam
546 3440 752 3511 possint
781 3439 849 3495 ab
875 3439 1015 3510 igne,
1044 3438 1096 3495 id
1140 3445 1225 3495 est
1267 3438 1337 3493 ab
1375 3438 1649 3494 elemento

92 3546 260 3591 natura:
284 3534 583 3611 superioris
607 3533 803 3605 aliquid
828 3532 966 3603 pati:
988 3538 1086 3588 nec
1103 3532 1242 3589 aeris
1266 3533 1454 3588 saltem
1477 3532 1649 3602 spatia

94 3630 325 3698 superiora
366 3639 532 3700 atque
578 3627 828 3697 puriora,
868 3624 964 3681 sed
995 3627 1095 3682 ista
1134 3624 1421 3694 caliginosa
1462 3632 1651 3681 tenere

94 3723 299 3788 permissi
324 3730 487 3787 sunt,
508 3719 597 3790 qui
633 3718 712 3773 cis
750 3734 844 3789 pro
882 3732 980 3772 suo
1004 3732 1203 3789 genere
1245 3716 1463 3788 quidam
1496 3718 1650 3788 quasi

93 3828 244 3869 carcer
263 3823 362 3879 est,
394 3828 571 3884 usque
591 3810 657 3867 ad
680 3820 890 3882 tempus
906 3809 1109 3878 judicii.
1135 3810 1203 3866 Et
1236 3809 1281 3863 si
1308 3808 1434 3879 quid
1458 3809 1526 3864 de
1566 3808 1651 3865 his

94 3906 544 3976 transgressoribus
572 3904 773 3975 angelis
795 3902 1098 3971 diligentius
1128 3900 1505 3972 requirendum
1531 3910 1648 3971 est,

94 3999 204 4054 alius
242 4000 339 4055 erit
374 3995 830 4055 accommodatior
868 3994 1155 4065 Scriptura:
1206 3993 1372 4049 locus.
1419 3993 1652 4050 Proinde

92 4089 209 4157 quod
232 4091 528 4147 nunc'satis
553 4097 671 4155 est,
702 4086 747 4141 si
778 4086 895 4141 haec
918 4086 1084 4156 spatia
1108 4085 1315 4140 turbida
1350 4092 1403 4138 et
1440 4084 1649 4155 [n'ocel—

93 4179 202 4246 lusa,
223 4192 431 4253 propter
454 4181 600 4237 aeris
629 4188 870 4235 naturam
896 4193 1067 4248 usque
1090 4177 1156 4233 ad
1179 4177 1346 4232 undas
1377 4185 1652 4247 terrasque

94 4285 356 4337 porrectam
374 4277 416 4344 ¹,
436 4283 663 4347 possunt
681 4272 824 4327 aeria
846 4286 1071 4341 corpora
1101 4272 1396 4337 sustinere;
1429 4282 1654 4342 possunt

93 4374 133 4417 cl
155 4368 314 4423 avium
342 4385 460 4439 qua:
489 4365 745 4437 producta
780 4373 905 4420 sunt
931 4380 998 4420 ex
1027 4366 1176 4435 aquis
1195 4405 1210 4431 ,
1240 4375 1456 4436 prepter
1487 4383 1655 4437 aqua-

94 4473 189 4511 rum
209 4466 386 4516 tenues
405 4459 632 4517 halitus:
650 4459 738 4529 qui
764 4457 973 4513 scilicet
987 4456 1159 4512 eidem
1181 4458 1291 4513 aeri
1312 4457 1463 4527 juxta
1481 4459 1651 4516 undas

94 4556 135 4601 et
162 4558 310 4605 terras
334 4550 678 4615 circumfuso,
706 4559 865 4620 atque
884 4548 954 4603 ob
985 4547 1086 4602 hoc
1116 4548 1312 4603 inﬁma:
1338 4563 1402 4605 ac
1424 4558 1652 4607 terrena:

94 4642 206 4705 parti
231 4641 501 4712 deputato,
524 4640 843 4711 vaporaliter
874 4639 1201 4705 inseruntur,
1234 4648 1287 4694 et
1322 4654 1479 4695 auras
1516 4641 1650 4697 inte-

95 4742 347 4804 xunt,qu:e
371 4735 648 4792 nocturnis
674 4734 936 4805 rigoribus
961 4740 1259 4803 aggravata:
1277 4747 1467 4788 sereno
1490 4733 1650 4790 etiam

97 4838 196 4878 rore
220 4826 496 4894 distillant;
526 4829 568 4883 si
591 4836 768 4883 autem
794 4826 1163 4884 vehementius
1179 4825 1346 4898 frigus
1367 4836 1469 4895 est,
1488 4830 1650 4886 etiam

96 4918 196 4983 gelu
220 4922 494 4979 candidius
518 4922 870 4977 inalbescunt.

98 5009 293 5069 (APUT
331 5015 421 5071 XI.
450 5046 523 5059 —-—
551 5015 818 5070 Tractatur
842 5032 970 5069 vers.
998 5014 1067 5071 24
1087 5025 1131 5069 et
1162 5014 1233 5070 25
1256 5056 1271 5081 ,
1304 5016 1389 5070 ubi
1414 5016 1479 5072 de
1502 5017 1653 5073 variis

294 5109 625 5164 animantium
648 5108 911 5180 generibus
948 5108 1130 5163 creatis
1166 5109 1229 5163 de
1259 5118 1411 5164 terra.

162 5199 237 5253 16.
281 5201 341 5256 Et
364 5205 493 5259 dixit
523 5203 694 5267 Deus,
724 5202 927 5258 Educet
964 5210 1096 5257 terra
1122 5205 1344 5258 animam
1371 5205 1536 5259 vivam
1569 5222 1653 5260 se-

103 5292 294 5346 eundum
312 5313 465 5365 genus
488 5312 506 5351 :
529 5296 899 5366 quadrnpedia,
918 5304 964 5348 et
991 5295 1213 5364 reptilia,
1228 5306 1274 5347 et
1302 5296 1482 5350 bestias
1508 5306 1653 5351 terra:

107 5384 348 5439 secundum
375 5392 559 5457 genus,
589 5397 637 5441 et
664 5403 843 5456 pecora
872 5386 1143 5440 secundum
1172 5403 1346 5457 genus.
1372 5386 1439 5441 Et
1465 5393 1655 5460 factum

110 5475 261 5529 estsic.
290 5477 350 5531 Et
381 5482 492 5549 {erit
522 5478 659 5533 Deus
698 5480 876 5533 bestias
911 5488 1057 5533 terra:
1088 5481 1361 5534 sectandum
1404 5496 1579 5552 genus,
1609 5491 1656 5536 et

111 5580 264 5633 pecora
291 5574 556 5629 secundum
574 5589 760 5645 genus,
790 5582 836 5627 et
860 5573 1028 5627 omnia
1070 5574 1270 5643 reptilia
1304 5583 1450 5628 teme
1475 5591 1656 5629 secan-

106 5681 338 5796 dam“:
371 5696 607 5758 ροτνεαα.
644 5690 962 5746 Ememlamus
995 5693 1280 5747 auctoritate
1313 5699 1419 5746 Mss.
1435 5728 1453 5758 ,
1488 5707 1656 5762 porre-

1754 395 1880 451 dam
1910 411 2094 467 genus.
2120 397 2194 457 Et
2229 396 2351 455 vidit
2390 395 2528 454 Deus
2566 399 2687 470 quia
2712 400 2847 459 bona
2874 410 3014 459 sunt.
3045 402 3166 460 ιω
3206 420 3349 462 nunc

1752 501 2093 555 consequens
2121 497 2236 543 erat
2256 497 2316 543 ut
2330 488 2551 544 alteram
2577 499 2804 559 partem,
2822 508 2939 562 qum
2962 495 3179 565 preprie
3206 506 3349 553 terra

1753 577 1973 645 dicitur,
2001 578 2169 636 inﬁmi
2211 579 2369 649 hujus
2403 580 2542 648 loci,
2575 597 2732 652 quem
2758 592 2927 639 totum
2953 599 3074 640 cum
3102 589 3348 643 erunibus

1754 671 1965 741 abyssis
1994 680 2048 726 et
2072 673 2332 729 nebuloso
2352 688 2476 729 aere
2507 674 2879 731 universaliter
2905 678 3164 733 vocabulo
3192 688 3347 733 terrae

1754 761 1882 821 alibi
1911 761 2184 833 Scriptura
2214 765 2603 835 complectitur,
2632 777 2849 823 ornaret
2873 768 3189 825 animalibus
3214 771 3343 826 suis.

1757 854 1825 914 Et
1853 854 2132 912 manifesta
2163 857 2377 928 quidem
2401 866 2524 913 sunt
2557 859 2862 919 animalium
2897 876 3126 931 genera,
3150 879 3270 933 qua:
3292 864 3347 920 in

1754 946 1922 1004 verbo
1962 948 2054 1005 Dei
2079 957 2219 1005 terra
2246 949 2516 1020 produxit.
2544 949 2651 1007 Sed
2684 952 2806 1022 quia
2833 967 2981 1024 saepe
3008 954 3224 1010 nomine
3251 970 3348 1025 pa-

1755 1053 1942 1096 corum
1964 1040 2047 1095 vel
2074 1041 2288 1097 nomine
2316 1042 2626 1108 bestiarum,
2655 1044 2904 1099 animalia
2918 1046 3095 1100 omnia
3126 1046 3351 1104 rationis

1755 1132 1996 1202 expertia
2036 1132 2212 1188 solent
2255 1132 2506 1205 intelligi,
2539 1133 2732 1190 merito
2760 1135 3018 1205 quaeritur
3043 1151 3177 1207 quas
3204 1152 3349 1194 nunc

1756 1224 1971 1294 proprie
1997 1222 2217 1292 bestias,
2241 1235 2293 1280 et
2312 1242 2429 1296 qutc
2458 1241 2653 1297 pecora
2680 1227 2841 1283 dicat.
2868 1226 2938 1283 Et
2965 1228 3205 1300 repentia
3230 1231 3350 1300 qui-

1754 1312 1878 1371 dem
1915 1315 2026 1371 sive
2066 1316 2272 1386 reptilia
2295 1325 2507 1374 terrena
2527 1361 2543 1387 ,
2571 1334 2679 1375 non
2710 1328 2793 1375 est
2818 1318 3168 1377 dubitandum
3201 1322 3349 1392 quod

1756 1418 1947 1461 omnes
1966 1415 2241 1477 serpentes
2257 1407 2274 1437 ¹
2294 1408 2516 1478 intelligi
2536 1409 2733 1477 voluit;
2754 1425 3057 1483 quanquam
3079 1421 3133 1469 et
3162 1412 3349 1470 bestias

1756 1493 1859 1551 dici
1884 1497 2087 1568 possint
2114 1515 2126 1551 :
2156 1512 2409 1567 pecorum
2434 1508 2611 1557 autem
2651 1516 2845 1558 nomen
2877 1517 2983 1557 non
3007 1503 3203 1559 usitate
3232 1520 3347 1560 ser-

1755 1587 2007 1658 pentibus
2036 1590 2307 1645 convenit.
2342 1590 2575 1649 Rursum
2597 1592 2861 1659 leonibus,
2886 1602 2940 1648 et
2964 1593 3168 1663 pardis,
3196 1604 3255 1650 et
3274 1594 3348 1651 ti-

1756 1678 2029 1750 gridibus,
2082 1688 2135 1735 et
2178 1680 2351 1751 lupis,
2394 1689 2448 1738 et
2487 1682 2765 1752 vulpibus“,
2813 1684 3033 1741 canibus
3076 1685 3238 1743 etiam
3292 1696 3351 1745 et

1755 1770 1926 1827 simiis
1946 1814 1961 1839 ,
1990 1780 2148 1843 atque
2186 1772 2238 1828 id
2260 1788 2431 1845 genus
2456 1776 2664 1831 caeteris
2694 1776 2887 1833 usitate
2910 1778 3161 1834 convenit
3185 1793 3348 1834 voca-

1756 1862 1941 1920 bulum
1968 1864 2280 1922 bestiarum.
2306 1865 2564 1925 Pacorum
2589 1880 2768 1926 autem
2802 1885 2996 1927 nomen
3021 1871 3107 1928 bis
3139 1873 3349 1928 anima-

1756 1956 1898 2013 libus
1944 1960 2399 2017 accommodatius
2439 1963 2609 2032 aptari
2648 1964 2822 2030 solet,
2845 1980 2964 2035 quae
2988 1974 3120 2021 sunt
3156 1966 3211 2021 in
3246 1982 3350 2022 usu

1758 2051 2035 2109 hominum
2080 2072 2093 2107 :
2136 2054 2248 2109 sive
2298 2053 2609 2125 adjuvandis
2650 2056 2955 2125 laboribus.
2996 2067 3054 2114 ut
3089 2059 3255 2116 boves
3292 2068 3350 2115 et

1756 2146 1900 2215 equi,
1927 2153 1982 2202 et
2005 2142 2050 2200 si
2084 2162 2185 2217 qua
2213 2147 2371 2215 talia;
2403 2148 2515 2205 sive
2539 2148 2605 2203 ad
2634 2148 2919 2205 laniﬁcium
2940 2152 2982 2216 ’,
3015 2150 3102 2209 vel
3132 2150 3201 2208 ad
3227 2166 3349 2208 ves-

1755 2236 2009 2303 cendum,
2029 2246 2088 2293 ut
2117 2254 2247 2293 oves
2273 2247 2327 2293 et
2353 2254 2495 2296 sues.

1831 2329 1918 2383 17.
1948 2327 2084 2395 Quid
2114 2344 2241 2399 ergo
2268 2339 2392 2384 sunt
2425 2331 2826 2401 quadrupedia?
2851 2331 3165 2403 Quanquam
3204 2333 3350 2390 enim

1759 2421 1876 2480 brec
1901 2423 2101 2487 omnia,
2133 2431 2329 2493 praeter
2353 2424 2594 2493 quredam
2622 2426 2914 2495 serpentia,
2943 2435 3171 2496 quatuor
3200 2425 3351 2496 pedi-

1758 2514 1860 2571 bus
1876 2515 2209 2586 gradiantur,
2243 2516 2341 2571 nisi
2363 2526 2540 2574 tamen
2566 2516 2670 2573 hoc
2696 2519 2913 2576 nonnae
2950 2520 3167 2590 proprie
3198 2536 3354 2592 qua:-

1758 2607 1881 2665 dam
1913 2609 2071 2665 vellet
2098 2608 2340 2679 intelligi,
2372 2626 2475 2665 non
2501 2612 2681 2681 utique
2702 2611 2788 2668 hic
2807 2614 2967 2669 etiam
2986 2615 3353 2684 quadrupedia

1761 2704 2083 2768 nominaret,
2112 2704 2357 2772 quamvis
2379 2704 2448 2760 de
2476 2704 2561 2760 bis
2589 2705 2640 2761 in
2659 2707 2977 2777 repetitione
2997 2708 3236 2763 tacuerit.
3267 2710 3351 2763 An

1758 2797 1923 2861 corvi,
1952 2806 2006 2852 et
2037 2797 2301 2864 damulre,
2326 2806 2382 2854 et
2405 2798 2610 2868 onagri,
2642 2804 2696 2852 et
2719 2799 2833 2868 apri
2860 2798 3015 2871 (quia
3040 2810 3217 2870 neque
3244 2800 3352 2855 illis

1759 2890 1946 2946 bestiis
1994 2890 2083 2945 ubi
2125 2891 2314 2949 leones
2353 2899 2514 2955 sunt,
2558 2890 2809 2961 conjungi
2853 2901 3103 2961 possunt;
3142 2892 3353 2947 similes

1758 2982 1901 3039 enim
1942 2990 2067 3036 sunt
2106 2982 2208 3037 illis
2250 2982 2562 3050 pecoribus,
2585 2999 2755 3052 neque
2777 2991 2954 3038 tamen
2980 2982 3084 3038 sub
3123 2982 3352 3039 liumana

1760 3088 1887 3129 cura
1931 3070 2095 3145 sunt)
2145 3072 2360 3143 proprie
2409 3073 2778 3144 quadrupedia
2836 3082 3139 3144 nuncupata
3185 3082 3350 3141 sunt;

1760 3164 1911 3234 quasi
1942 3166 2145 3233 reliqua
2164 3173 2347 3221 essent
2372 3164 2487 3221 haec
2512 3166 2783 3230 animalia,
2810 3166 3005 3236 quibus
3030 3167 3129 3221 ista
3159 3167 3349 3237 appel-

1760 3256 1888 3310 latio
1908 3254 2178 3326 generalis
2207 3255 2422 3326 quidem
2448 3270 2568 3311 cum
2600 3256 2784 3312 multis
2825 3265 3046 3329 propter
3069 3273 3351 3313 numerum

1758 3346 1975 3417 pedum,
2004 3346 2100 3401 sed
2130 3354 2305 3402 taiiien
2327 3348 2550 3417 speciali
2574 3348 2957 3418 signiﬁcatione
2982 3348 3339 3407 tribueretur?

1758 3440 1841 3496 An
1878 3440 2001 3509 quia
2046 3448 2127 3494 ter
2148 3439 2284 3495 dixit
2301 3480 2318 3506 ,
2344 3440 2620 3495 secundum
2649 3458 2824 3511 genus,
2857 3443 2954 3495 tria
2978 3441 3221 3511 quaedam
3248 3457 3346 3512 ge-

1760 3548 1890 3589 nera
1926 3548 2026 3591 nos
2066 3533 2255 3588 invitat
2300 3533 2614 3589 attendere!
2645 3534 2844 3600 Primo,
2886 3534 3160 3588 secundum
3197 3551 3353 3603 genus

1758 3624 2121 3696 quadrupedis
2142 3635 2195 3679 et
2226 3624 2465 3694 reptilia;
2498 3624 2587 3679 ubi
2606 3623 2838 3678 arbitror
2857 3623 3211 3693 signiﬁcatum
3234 3640 3352 3693 qua:

1759 3717 2120 3788 quadrupedia
2146 3716 2361 3780 dixerit,
2393 3716 2599 3770 scilicet
2624 3731 2743 3785 qua:
2783 3716 2833 3769 in
2870 3730 3067 3786 genere
3109 3724 3233 3769 sunt
3262 3730 3351 3769 re-

1760 3810 1992 3879 ptilinm,
2020 3808 2159 3865 sicut
2189 3816 2312 3863 sunt
2342 3806 2561 3870 lacerti,
2594 3806 2900 3873 stelliones,
2931 3813 2985 3860 et
3010 3806 3055 3860 si
3084 3805 3210 3876 quid
3252 3806 3353 3862 hu-

1755 3900 1993 3972 jusmodi
2012 3909 2114 3956 est.
2140 3898 2371 3969 ideoque
2394 3900 2449 3953 in
2475 3897 2792 3968 repetitione
2815 3897 3220 3969 quadrupedum
3251 3916 3352 3954 no-

1760 4008 1883 4047 men
1931 4006 2034 4045 non
2077 3990 2318 4056 iteravit,
2349 3992 2471 4059 quia
2514 3989 2783 4059 roptilium
2831 3989 3089 4045 vocabulo
3126 3988 3355 4047 fortasse

1759 4084 2068 4154 complexus
2096 4092 2180 4139 eet
2208 4096 2225 4133 :
2261 4081 2401 4137 unde
2431 4082 2501 4136 ibi
2526 4096 2632 4136 non
2657 4080 2969 4150 simpliciter
2994 4081 3090 4149 ait,
3116 4082 3351 4152 reptilia;

1759 4175 1854 4230 sed
1880 4173 2048 4241 addit,
2079 4174 2252 4228 omnia
2274 4173 2480 4242 reptilia
2508 4183 2674 4227 terrw.
2704 4169 2830 4227 Ideo
2870 4181 3047 4239 terrm,
3076 4173 3197 4243 quia
3227 4185 3356 4229 sunt

1758 4276 1816 4322 et
1839 4282 2129 4337 aquarum;
2158 4274 2216 4321 et
2242 4264 2365 4319 ideo
2387 4265 2557 4318 antnia
2577 4306 2591 4327 ,
2624 4270 2681 4318 ut
2710 4262 2817 4319 illic
2848 4262 3210 4333 intelligantur
3233 4280 3352 4334 qua:

1758 4370 1985 4431 quatuor
2028 4359 2188 4413 etiam
2226 4355 2450 4425 pedibus
2481 4355 2741 4421 nituntur,
2771 4370 2891 4425 qum
2934 4355 3178 4425 superius
3216 4372 3351 4425 qua-

1760 4451 2056 4522 drupedum
2095 4448 2312 4504 nomine
2355 4448 2572 4518 proprie
2623 4446 2917 4519 signiﬁcata
2960 4456 3103 4505 sunt.
3152 4448 3355 4503 Bestiae

1759 4558 1959 4613 autem,
1982 4546 2051 4601 de
2079 4544 2270 4615 quibus
2299 4544 2428 4599 item
2458 4543 2551 4608 ait,
2580 4542 2857 4597 mundum
2880 4559 3071 4615 genus,
3098 4543 3353 4614 quidquid

1759 4657 1854 4695 ore
1894 4648 1986 4694 aut
2018 4637 2179 4693 etiam
2214 4635 2480 4706 unguibus
2516 4635 2691 4701 saevit,
2721 4636 2959 4704 exceptis
2995 4636 3354 4706 serpentibus.

1760 4732 1961 4788 Pecora
1984 4743 2115 4785 vero
2133 4727 2202 4783 de
2222 4727 2419 4797 quibus
2442 4728 2602 4783 tertio
2622 4726 2718 4791 ait,
2739 4726 3013 4781 mundam
3036 4743 3212 4798 genus,
3237 4743 3357 4797 qua:

1759 4833 1945 4879 neutra
1975 4822 2027 4876 vi
2057 4822 2316 4887 lacerant,
2349 4819 2442 4877 sed
2472 4828 2563 4874 aut
2590 4819 2866 4883 cornibus,
2899 4828 2992 4874 aut
3012 4836 3080 4875 ne
3111 4820 3213 4875 lioc
3240 4822 3356 4890 qui-

1759 4915 1902 4971 dem.
1924 4912 2153 4969 Ρηάίχί
2175 4912 2319 4967 enim
2345 4919 2400 4966 et
2423 4910 2826 4982 quadrupedum
2852 4927 3047 4966 nomen
3066 4927 3226 4981 quam
3250 4913 3357 4968 late

1759 5015 1962 5080 pateat,
1996 5007 2113 5077 ipso
2137 5004 2333 5075 pedum
2364 5018 2589 5059 numero
2620 5004 2773 5060 facile
2797 5004 3031 5075 agnosci,
3058 5013 3112 5059 et
3140 5004 3357 5058 nomine

1760 5114 2014 5170 pecorum
2060 5096 2143 5152 vel
2178 5096 2469 5152 bestiarum
2508 5111 2670 5151 omne
2694 5094 3004 5152 irrationale
3032 5093 3225 5148 animal
3254 5093 3367 5147 ειΙί-

1761 5191 1973 5263 quando
1999 5188 2401 5260 comprehendi.
2433 5187 2539 5244 Sed
2576 5188 2738 5243 etiam
2773 5186 3003 5242 ferarum
3039 5184 3355 5241 vocabulum

1762 5285 1904 5341 solet
1941 5284 1994 5340 in
2039 5284 2202 5339 latina
2246 5283 2422 5353 lingua
2461 5282 2791 5337 tantumdem
2834 5281 3010 5335 valere
3044 5297 3056 5331 :
3087 5296 3193 5334 non
3234 5278 3357 5335 ideo

1764 5387 1941 5433 tamen
1972 5375 2288 5447 negligenda
2318 5374 2415 5430 fuit
2450 5374 2829 5438 consideratio,
2858 5371 3124 5442 quomodo
3150 5372 3362 5441 possint

1764 5468 1881 5525 haec
1925 5469 2141 5525 nomina
2164 5510 2178 5533 ,
2218 5484 2339 5538 quae
2367 5482 2473 5521 non
2506 5465 2699 5519 frustra
2739 5464 2791 5517 in
2824 5464 2925 5516 hoc
2959 5461 3355 5533 Scripturarum

1764 5562 1884 5623 loco
1913 5561 2083 5631 posita
2112 5570 2255 5626 sunt,
2285 5559 2446 5615 etiam
2478 5556 2693 5627 speciali
2723 5555 3062 5612 distinctione
3086 5554 3356 5627 discerni,

1830 5696 1847 5726 ⁸
1874 5694 2043 5743 Plures
2065 5706 2096 5742 θ
2116 5699 2246 5751 κει,
2267 5697 2503 5753 repentes.

1802 5749 2769 5835 annualmpe'mninm
