  <div class='ocr_page' id='page_1' title='image "/cluster/home/n/w/nwhite01/storage/ocr_20150623/34/uva.x000826574/155.png"; bbox 0 0 3906 6320; ppageno 0'>
   <div class='ocr_carea' id='block_1_1' title="bbox 515 305 623 365">
    <p class='ocr_par' dir='ltr' id='par_1_1' title="bbox 515 305 623 365">
     <span class='ocr_line' id='line_1_1' title="bbox 515 305 623 365; baseline -0.009 0"><span class='ocrx_word' id='word_1_1' title='bbox 515 305 623 365; x_wconf 68' lang='lat'><strong>287</strong></span> 
     </span>
    </p>
   </div>
   <div class='ocr_carea' id='block_1_2' title="bbox 517 410 2103 492">
    <p class='ocr_par' dir='ltr' id='par_1_2' title="bbox 517 410 2103 492">
     <span class='ocr_line' id='line_1_2' title="bbox 517 410 2103 492; baseline -0.007 -17"><span class='ocrx_word' id='word_1_2' title='bbox 517 419 660 492; x_wconf 90' lang='lat' dir='ltr'><strong>quod</strong></span> <span class='ocrx_word' id='word_1_3' title='bbox 690 435 743 474; x_wconf 80' lang='grc' dir='ltr'><strong>ιη</strong></span> <span class='ocrx_word' id='word_1_4' title='bbox 787 432 887 475; x_wconf 85' lang='lat' dir='ltr'><strong>usu</strong></span> <span class='ocrx_word' id='word_1_5' title='bbox 930 414 1176 489; x_wconf 86' lang='lat' dir='ltr'><strong>loquendi</strong></span> <span class='ocrx_word' id='word_1_6' title='bbox 1210 413 1520 486; x_wconf 86' lang='lat' dir='ltr'><strong>quotidiano</strong></span> <span class='ocrx_word' id='word_1_7' title='bbox 1559 413 1714 470; x_wconf 81' lang='lat' dir='ltr'><strong>facile</strong></span> <span class='ocrx_word' id='word_1_8' title='bbox 1751 410 2103 468; x_wconf 78' lang='lat' dir='ltr'><strong>animadverti</strong></span> 
     </span>
    </p>
   </div>
   <div class='ocr_carea' id='block_1_3' title="bbox 519 521 709 581">
    <p class='ocr_par' dir='ltr' id='par_1_3' title="bbox 519 521 709 581">
     <span class='ocr_line' id='line_1_3' title="bbox 519 521 709 581; baseline 0 -18"><span class='ocrx_word' id='word_1_9' title='bbox 519 521 709 581; x_wconf 87' lang='lat' dir='ltr'><strong>potest.</strong></span> 
     </span>
    </p>
   </div>
   <div class='ocr_carea' id='block_1_4' title="bbox 523 598 2107 670">
    <p class='ocr_par' dir='ltr' id='par_1_4' title="bbox 523 598 2107 670">
     <span class='ocr_line' id='line_1_4' title="bbox 523 598 2107 670; baseline -0.004 -12"><span class='ocrx_word' id='word_1_10' title='bbox 523 601 754 658; x_wconf 79' lang='lat' dir='ltr'><strong>CAPUT</strong></span> <span class='ocrx_word' id='word_1_11' title='bbox 808 600 921 656; x_wconf 81' lang='lat' dir='ltr'><strong>XII.</strong></span> <span class='ocrx_word' id='word_1_12' title='bbox 976 631 1046 641; x_wconf 90' lang='lat'><strong><em>—</em></strong></span> <span class='ocrx_word' id='word_1_13' title='bbox 1087 601 1225 667; x_wconf 85' lang='lat' dir='ltr'><strong>Quid</strong></span> <span class='ocrx_word' id='word_1_14' title='bbox 1275 601 1564 657; x_wconf 89' lang='lat' dir='ltr'><strong>secundum</strong></span> <span class='ocrx_word' id='word_1_15' title='bbox 1611 615 1813 670; x_wconf 89' lang='lat' dir='ltr'><strong>genus,</strong></span> <span class='ocrx_word' id='word_1_16' title='bbox 1858 598 1995 666; x_wconf 81' lang='lat' dir='ltr'><strong>quod</strong></span> <span class='ocrx_word' id='word_1_17' title='bbox 2046 599 2107 652; x_wconf 88' lang='lat' dir='ltr'><strong>de</strong></span> 
     </span>
    </p>
   </div>
   <div class='ocr_carea' id='block_1_5' title="bbox 684 693 1973 759">
    <p class='ocr_par' dir='ltr' id='par_1_5' title="bbox 684 693 1973 759">
     <span class='ocr_line' id='line_1_5' title="bbox 684 693 1973 759; baseline -0.002 -12"><span class='ocrx_word' id='word_1_18' title='bbox 684 695 985 759; x_wconf 76' lang='lat' dir='ltr'><strong>quibusdam</strong></span> <span class='ocrx_word' id='word_1_19' title='bbox 1013 695 1258 748; x_wconf 90' lang='lat' dir='ltr'><strong>creaturis</strong></span> <span class='ocrx_word' id='word_1_20' title='bbox 1277 737 1292 759; x_wconf 95' lang='lat'><strong>,</strong></span> <span class='ocrx_word' id='word_1_21' title='bbox 1321 712 1422 748; x_wconf 87' lang='lat' dir='ltr'><strong>non</strong></span> <span class='ocrx_word' id='word_1_22' title='bbox 1447 695 1512 749; x_wconf 86' lang='lat' dir='ltr'><strong>de</strong></span> <span class='ocrx_word' id='word_1_23' title='bbox 1538 693 1738 747; x_wconf 80' lang='lat' dir='ltr'><strong>homine</strong></span> <span class='ocrx_word' id='word_1_24' title='bbox 1770 694 1973 746; x_wconf 85' lang='lat' dir='ltr'><strong>dicitur.</strong></span> 
     </span>
    </p>
   </div>
   <div class='ocr_carea' id='block_1_6' title="bbox 593 785 2109 841">
    <p class='ocr_par' dir='ltr' id='par_1_6' title="bbox 593 785 2109 841">
     <span class='ocr_line' id='line_1_6' title="bbox 593 785 2109 841; baseline -0.001 -1"><span class='ocrx_word' id='word_1_25' title='bbox 593 785 678 840; x_wconf 85' lang='grc'><strong>18.</strong></span> <span class='ocrx_word' id='word_1_26' title='bbox 721 785 834 840; x_wconf 82' lang='lat' dir='ltr'><strong>Non</strong></span> <span class='ocrx_word' id='word_1_27' title='bbox 887 787 1079 840; x_wconf 91' lang='lat' dir='ltr'><strong>frustra</strong></span> <span class='ocrx_word' id='word_1_28' title='bbox 1121 786 1278 840; x_wconf 89' lang='lat' dir='ltr'><strong>etiam</strong></span> <span class='ocrx_word' id='word_1_29' title='bbox 1322 786 1577 841; x_wconf 77' lang='lat' dir='ltr'><strong>lectorem</strong></span> <span class='ocrx_word' id='word_1_30' title='bbox 1627 794 1806 839; x_wconf 88' lang='lat' dir='ltr'><strong>movet</strong></span> <span class='ocrx_word' id='word_1_31' title='bbox 1862 792 2109 838; x_wconf 91' lang='lat' dir='ltr'><strong>utrumne</strong></span> 
     </span>
    </p>
   </div>
   <div class='ocr_carea' id='block_1_7' title="bbox 520 876 2108 949">
    <p class='ocr_par' dir='ltr' id='par_1_7' title="bbox 520 876 2108 949">
     <span class='ocr_line' id='line_1_7' title="bbox 520 876 2108 949; baseline -0.001 -18"><span class='ocrx_word' id='word_1_32' title='bbox 520 879 718 948; x_wconf 88' lang='lat' dir='ltr'><strong>passim</strong></span> <span class='ocrx_word' id='word_1_33' title='bbox 747 887 802 932; x_wconf 92' lang='lat' dir='ltr'><strong>et</strong></span> <span class='ocrx_word' id='word_1_34' title='bbox 825 877 974 948; x_wconf 90' lang='lat' dir='ltr'><strong>quasi</strong></span> <span class='ocrx_word' id='word_1_35' title='bbox 1006 877 1224 934; x_wconf 91' lang='lat' dir='ltr'><strong>fortuito</strong></span> <span class='ocrx_word' id='word_1_36' title='bbox 1245 895 1312 932; x_wconf 88' lang='lat' dir='ltr'><strong>an</strong></span> <span class='ocrx_word' id='word_1_37' title='bbox 1347 879 1520 949; x_wconf 86' lang='lat' dir='ltr'><strong>aliqua</strong></span> <span class='ocrx_word' id='word_1_38' title='bbox 1550 876 1757 932; x_wconf 91' lang='lat' dir='ltr'><strong>ratione</strong></span> <span class='ocrx_word' id='word_1_39' title='bbox 1778 876 2005 940; x_wconf 90' lang='lat' dir='ltr'><strong>dicatur,</strong></span> <span class='ocrx_word' id='word_1_40' title='bbox 2028 891 2108 930; x_wconf 86' lang='lat' dir='ltr'><strong>se-</strong></span> 
     </span>
    </p>
   </div>
   <div class='ocr_carea' id='block_1_8' title="bbox 520 967 2110 1040">
    <p class='ocr_par' dir='ltr' id='par_1_8' title="bbox 520 967 2110 1040">
     <span class='ocr_line' id='line_1_8' title="bbox 520 967 2110 1040; baseline -0.001 -17"><span class='ocrx_word' id='word_1_41' title='bbox 520 970 746 1023; x_wconf 85' lang='lat' dir='ltr'><strong>cundum</strong></span> <span class='ocrx_word' id='word_1_42' title='bbox 773 986 950 1040; x_wconf 82' lang='lat' dir='ltr'><strong>genus,</strong></span> <span class='ocrx_word' id='word_1_43' title='bbox 983 980 1232 1040; x_wconf 90' lang='lat' dir='ltr'><strong>tanquam</strong></span> <span class='ocrx_word' id='word_1_44' title='bbox 1257 967 1456 1024; x_wconf 87' lang='lat' dir='ltr'><strong>fuerint</strong></span> <span class='ocrx_word' id='word_1_45' title='bbox 1478 979 1533 1025; x_wconf 89' lang='lat' dir='ltr'><strong>et</strong></span> <span class='ocrx_word' id='word_1_46' title='bbox 1559 979 1748 1036; x_wconf 85' lang='lat' dir='ltr'><strong>antea,</strong></span> <span class='ocrx_word' id='word_1_47' title='bbox 1787 983 1908 1023; x_wconf 87' lang='lat' dir='ltr'><strong>eum</strong></span> <span class='ocrx_word' id='word_1_48' title='bbox 1941 967 2110 1036; x_wconf 91' lang='lat' dir='ltr'><strong>primo</strong></span> 
     </span>
    </p>
   </div>
   <div class='ocr_carea' id='block_1_9' title="bbox 520 1058 2111 1134">
    <p class='ocr_par' dir='ltr' id='par_1_9' title="bbox 520 1058 2111 1134">
     <span class='ocr_line' id='line_1_9' title="bbox 520 1058 2111 1134; baseline -0.004 -16"><span class='ocrx_word' id='word_1_49' title='bbox 520 1071 700 1118; x_wconf 88' lang='lat' dir='ltr'><strong>creata</strong></span> <span class='ocrx_word' id='word_1_50' title='bbox 722 1072 1008 1118; x_wconf 89' lang='lat' dir='ltr'><strong>narrentur</strong></span> <span class='ocrx_word' id='word_1_51' title='bbox 1033 1064 1049 1094; x_wconf 74' lang='grc' dir='ltr'>ί</span> <span class='ocrx_word' id='word_1_52' title='bbox 1081 1081 1093 1116; x_wconf 90' lang='lat'><strong>:</strong></span> <span class='ocrx_word' id='word_1_53' title='bbox 1124 1077 1191 1116; x_wconf 88' lang='lat' dir='ltr'><strong>an</strong></span> <span class='ocrx_word' id='word_1_54' title='bbox 1228 1077 1398 1134; x_wconf 90' lang='lat' dir='ltr'><strong>genus</strong></span> <span class='ocrx_word' id='word_1_55' title='bbox 1428 1077 1613 1117; x_wconf 91' lang='lat' dir='ltr'><strong>eorum</strong></span> <span class='ocrx_word' id='word_1_56' title='bbox 1650 1061 1706 1115; x_wconf 91' lang='lat' dir='ltr'><strong>in</strong></span> <span class='ocrx_word' id='word_1_57' title='bbox 1747 1058 2111 1129; x_wconf 85' lang='lat' dir='ltr'><strong>superioribus</strong></span> 
     </span>
    </p>
   </div>
   <div class='ocr_carea' id='block_1_10' title="bbox 520 1151 2113 1225">
    <p class='ocr_par' dir='ltr' id='par_1_10' title="bbox 520 1151 2113 1225">
     <span class='ocr_line' id='line_1_10' title="bbox 520 1151 2113 1225; baseline -0.002 -16"><span class='ocrx_word' id='word_1_58' title='bbox 520 1154 815 1210; x_wconf 89' lang='lat' dir='ltr'><strong>rationibus</strong></span> <span class='ocrx_word' id='word_1_59' title='bbox 841 1154 1239 1224; x_wconf 88' lang='lat' dir='ltr'><strong>intelligendum</strong></span> <span class='ocrx_word' id='word_1_60' title='bbox 1270 1165 1372 1220; x_wconf 91' lang='lat' dir='ltr'><strong>est,</strong></span> <span class='ocrx_word' id='word_1_61' title='bbox 1401 1155 1585 1225; x_wconf 88' lang='lat' dir='ltr'><strong>utique</strong></span> <span class='ocrx_word' id='word_1_62' title='bbox 1611 1151 1994 1224; x_wconf 85' lang='lat' dir='ltr'><strong>spiritualibus,</strong></span> <span class='ocrx_word' id='word_1_63' title='bbox 2027 1165 2113 1206; x_wconf 82' lang='lat' dir='ltr'><strong>se-</strong></span> 
     </span>
    </p>
   </div>
   <div class='ocr_carea' id='block_1_11' title="bbox 521 1245 2112 1318">
    <p class='ocr_par' dir='ltr' id='par_1_11' title="bbox 521 1245 2112 1318">
     <span class='ocr_line' id='line_1_11' title="bbox 521 1245 2112 1318; baseline -0.002 -15"><span class='ocrx_word' id='word_1_64' title='bbox 521 1247 754 1303; x_wconf 89' lang='lat' dir='ltr'><strong>cundum</strong></span> <span class='ocrx_word' id='word_1_65' title='bbox 786 1264 917 1318; x_wconf 90' lang='lat' dir='ltr'><strong>quas</strong></span> <span class='ocrx_word' id='word_1_66' title='bbox 945 1257 1194 1303; x_wconf 86' lang='lat' dir='ltr'><strong>creantur</strong></span> <span class='ocrx_word' id='word_1_67' title='bbox 1222 1246 1464 1302; x_wconf 88' lang='lat' dir='ltr'><strong>inferius.</strong></span> <span class='ocrx_word' id='word_1_68' title='bbox 1496 1247 1600 1303; x_wconf 88' lang='lat' dir='ltr'><strong>Sed</strong></span> <span class='ocrx_word' id='word_1_69' title='bbox 1631 1247 1675 1301; x_wconf 94' lang='lat' dir='ltr'><strong>si</strong></span> <span class='ocrx_word' id='word_1_70' title='bbox 1712 1247 1782 1300; x_wconf 90' lang='lat' dir='ltr'><strong>ita</strong></span> <span class='ocrx_word' id='word_1_71' title='bbox 1812 1255 1976 1311; x_wconf 85' lang='lat' dir='ltr'><strong>esset,</strong></span> <span class='ocrx_word' id='word_1_72' title='bbox 2010 1245 2112 1300; x_wconf 89' lang='lat' dir='ltr'><strong>hoc</strong></span> 
     </span>
    </p>
   </div>
   <div class='ocr_carea' id='block_1_12' title="bbox 521 1336 2112 1410">
    <p class='ocr_par' dir='ltr' id='par_1_12' title="bbox 521 1336 2112 1410">
     <span class='ocr_line' id='line_1_12' title="bbox 521 1336 2112 1410; baseline -0.001 -16"><span class='ocrx_word' id='word_1_73' title='bbox 521 1339 591 1395; x_wconf 89' lang='lat' dir='ltr'><strong>de</strong></span> <span class='ocrx_word' id='word_1_74' title='bbox 612 1340 757 1404; x_wconf 90' lang='lat' dir='ltr'><strong>luce,</strong></span> <span class='ocrx_word' id='word_1_75' title='bbox 793 1340 896 1395; x_wconf 90' lang='lat' dir='ltr'><strong>hoc</strong></span> <span class='ocrx_word' id='word_1_76' title='bbox 917 1339 983 1394; x_wconf 91' lang='lat' dir='ltr'><strong>de</strong></span> <span class='ocrx_word' id='word_1_77' title='bbox 1012 1341 1149 1395; x_wconf 78' lang='lat' dir='ltr'><strong>ctelo</strong></span> <span class='ocrx_word' id='word_1_78' title='bbox 1168 1381 1181 1403; x_wconf 93' lang='lat'><strong>,</strong></span> <span class='ocrx_word' id='word_1_79' title='bbox 1211 1341 1312 1396; x_wconf 93' lang='lat' dir='ltr'><strong>hoc</strong></span> <span class='ocrx_word' id='word_1_80' title='bbox 1335 1339 1404 1395; x_wconf 92' lang='lat' dir='ltr'><strong>de</strong></span> <span class='ocrx_word' id='word_1_81' title='bbox 1427 1339 1579 1410; x_wconf 90' lang='lat' dir='ltr'><strong>aquis</strong></span> <span class='ocrx_word' id='word_1_82' title='bbox 1613 1347 1669 1395; x_wconf 91' lang='lat' dir='ltr'><strong>et</strong></span> <span class='ocrx_word' id='word_1_83' title='bbox 1695 1340 1878 1401; x_wconf 89' lang='lat' dir='ltr'><strong>terris,</strong></span> <span class='ocrx_word' id='word_1_84' title='bbox 1915 1338 2015 1393; x_wconf 91' lang='lat' dir='ltr'><strong>hoc</strong></span> <span class='ocrx_word' id='word_1_85' title='bbox 2043 1336 2112 1392; x_wconf 92' lang='lat' dir='ltr'><strong>de</strong></span> 
     </span>
    </p>
   </div>
   <div class='ocr_carea' id='block_1_13' title="bbox 507 1430 2108 1500">
    <p class='ocr_par' dir='ltr' id='par_1_13' title="bbox 507 1430 2108 1500">
     <span class='ocr_line' id='line_1_13' title="bbox 507 1430 2108 1500; baseline -0.002 -14"><span class='ocrx_word' id='word_1_86' title='bbox 507 1431 645 1500; x_wconf 68' lang='lat' dir='ltr'><strong>caeli</strong></span> <span class='ocrx_word' id='word_1_87' title='bbox 688 1431 1034 1486; x_wconf 89' lang='lat' dir='ltr'><strong>luminaribus</strong></span> <span class='ocrx_word' id='word_1_88' title='bbox 1071 1431 1356 1486; x_wconf 86' lang='lat' dir='ltr'><strong>diceretur.</strong></span> <span class='ocrx_word' id='word_1_89' title='bbox 1399 1430 1535 1497; x_wconf 78' lang='lat' dir='ltr'><strong>Quid</strong></span> <span class='ocrx_word' id='word_1_90' title='bbox 1584 1430 1726 1486; x_wconf 89' lang='lat' dir='ltr'><strong>enim</strong></span> <span class='ocrx_word' id='word_1_91' title='bbox 1777 1445 1960 1485; x_wconf 91' lang='lat' dir='ltr'><strong>eorum</strong></span> <span class='ocrx_word' id='word_1_92' title='bbox 2007 1435 2108 1494; x_wconf 88' lang='lat' dir='ltr'><strong>est,</strong></span> 
     </span>
    </p>
   </div>
   <div class='ocr_carea' id='block_1_14' title="bbox 521 1520 2114 1594">
    <p class='ocr_par' dir='ltr' id='par_1_14' title="bbox 521 1520 2114 1594">
     <span class='ocr_line' id='line_1_14' title="bbox 521 1520 2114 1594; baseline -0.003 -15"><span class='ocrx_word' id='word_1_93' title='bbox 521 1524 674 1594; x_wconf 86' lang='lat' dir='ltr'><strong>cujus</strong></span> <span class='ocrx_word' id='word_1_94' title='bbox 707 1538 812 1577; x_wconf 89' lang='lat' dir='ltr'><strong>non</strong></span> <span class='ocrx_word' id='word_1_95' title='bbox 837 1535 1036 1578; x_wconf 71' lang='lat' dir='ltr'><strong>aeterna</strong></span> <span class='ocrx_word' id='word_1_96' title='bbox 1065 1532 1119 1578; x_wconf 90' lang='lat' dir='ltr'><strong>et</strong></span> <span class='ocrx_word' id='word_1_97' title='bbox 1144 1522 1592 1578; x_wconf 88' lang='lat' dir='ltr'><strong>incommutabilis</strong></span> <span class='ocrx_word' id='word_1_98' title='bbox 1631 1524 1766 1576; x_wconf 89' lang='lat' dir='ltr'><strong>ratio</strong></span> <span class='ocrx_word' id='word_1_99' title='bbox 1802 1523 1853 1578; x_wconf 93' lang='lat' dir='ltr'><strong>in</strong></span> <span class='ocrx_word' id='word_1_100' title='bbox 1881 1522 1992 1591; x_wconf 90' lang='lat' dir='ltr'><strong>ipsa</strong></span> <span class='ocrx_word' id='word_1_101' title='bbox 2019 1520 2114 1574; x_wconf 88' lang='lat' dir='ltr'><strong>Dei</strong></span> 
     </span>
    </p>
   </div>
   <div class='ocr_carea' id='block_1_15' title="bbox 521 1612 2109 1686">
    <p class='ocr_par' dir='ltr' id='par_1_15' title="bbox 521 1612 2109 1686">
     <span class='ocr_line' id='line_1_15' title="bbox 521 1612 2109 1686; baseline -0.004 -15"><span class='ocrx_word' id='word_1_102' title='bbox 521 1615 789 1686; x_wconf 85' lang='lat' dir='ltr'><strong>Sapientia</strong></span> <span class='ocrx_word' id='word_1_103' title='bbox 817 1616 1023 1685; x_wconf 92' lang='lat' dir='ltr'><strong>vigeat,</strong></span> <span class='ocrx_word' id='word_1_104' title='bbox 1051 1630 1170 1684; x_wconf 68' lang='lat' dir='ltr'><strong>qua:</strong></span> <span class='ocrx_word' id='word_1_105' title='bbox 1204 1615 1412 1685; x_wconf 84' lang='lat' dir='ltr'><strong>attingit</strong></span> <span class='ocrx_word' id='word_1_106' title='bbox 1440 1630 1470 1668; x_wconf 87' lang='lat' dir='ltr'><strong>a</strong></span> <span class='ocrx_word' id='word_1_107' title='bbox 1500 1615 1602 1669; x_wconf 88' lang='lat' dir='ltr'><strong>fine</strong></span> <span class='ocrx_word' id='word_1_108' title='bbox 1630 1629 1798 1683; x_wconf 88' lang='lat' dir='ltr'><strong>usque</strong></span> <span class='ocrx_word' id='word_1_109' title='bbox 1838 1612 1903 1667; x_wconf 87' lang='lat' dir='ltr'><strong>ad</strong></span> <span class='ocrx_word' id='word_1_110' title='bbox 1951 1612 2109 1666; x_wconf 89' lang='lat' dir='ltr'><strong>finem</strong></span> 
     </span>
    </p>
   </div>
   <div class='ocr_carea' id='block_1_16' title="bbox 523 1701 2116 1776">
    <p class='ocr_par' dir='ltr' id='par_1_16' title="bbox 523 1701 2116 1776">
     <span class='ocr_line' id='line_1_16' title="bbox 523 1701 2116 1776; baseline -0.001 -16"><span class='ocrx_word' id='word_1_111' title='bbox 523 1704 750 1771; x_wconf 88' lang='lat' dir='ltr'><strong>fortiter,</strong></span> <span class='ocrx_word' id='word_1_112' title='bbox 780 1714 834 1760; x_wconf 93' lang='lat' dir='ltr'><strong>et</strong></span> <span class='ocrx_word' id='word_1_113' title='bbox 856 1704 1092 1774; x_wconf 88' lang='lat' dir='ltr'><strong>disponit</strong></span> <span class='ocrx_word' id='word_1_114' title='bbox 1113 1704 1291 1761; x_wconf 91' lang='lat' dir='ltr'><strong>omnia</strong></span> <span class='ocrx_word' id='word_1_115' title='bbox 1313 1705 1583 1760; x_wconf 83' lang='lat' dir='ltr'><strong>suaviter?</strong></span> <span class='ocrx_word' id='word_1_116' title='bbox 1605 1703 1758 1776; x_wconf 89' lang='lat' dir='ltr'><strong>(Sap.</strong></span> <span class='ocrx_word' id='word_1_117' title='bbox 1781 1719 1898 1766; x_wconf 85' lang='lat' dir='ltr'><strong>vin,</strong></span> <span class='ocrx_word' id='word_1_118' title='bbox 1932 1704 2008 1773; x_wconf 87' lang='grc'><strong>1.)</strong></span> <span class='ocrx_word' id='word_1_119' title='bbox 2029 1701 2116 1758; x_wconf 89' lang='lat' dir='ltr'><strong>ln-</strong></span> 
     </span>
    </p>
   </div>
   <div class='ocr_carea' id='block_1_17' title="bbox 529 1791 2115 1864">
    <p class='ocr_par' dir='ltr' id='par_1_17' title="bbox 529 1791 2115 1864">
     <span class='ocr_line' id='line_1_17' title="bbox 529 1791 2115 1864; baseline -0.003 -14"><span class='ocrx_word' id='word_1_120' title='bbox 529 1795 659 1864; x_wconf 89' lang='lat' dir='ltr'><strong>cipit</strong></span> <span class='ocrx_word' id='word_1_121' title='bbox 684 1804 860 1849; x_wconf 91' lang='lat' dir='ltr'><strong>autem</strong></span> <span class='ocrx_word' id='word_1_122' title='bbox 886 1793 986 1850; x_wconf 89' lang='lat' dir='ltr'><strong>hoc</strong></span> <span class='ocrx_word' id='word_1_123' title='bbox 1015 1793 1118 1849; x_wconf 92' lang='lat' dir='ltr'><strong>dici</strong></span> <span class='ocrx_word' id='word_1_124' title='bbox 1139 1793 1206 1848; x_wconf 91' lang='lat' dir='ltr'><strong>de</strong></span> <span class='ocrx_word' id='word_1_125' title='bbox 1227 1794 1406 1849; x_wconf 88' lang='lat' dir='ltr'><strong>herbis</strong></span> <span class='ocrx_word' id='word_1_126' title='bbox 1431 1803 1484 1848; x_wconf 91' lang='lat' dir='ltr'><strong>et</strong></span> <span class='ocrx_word' id='word_1_127' title='bbox 1508 1794 1683 1864; x_wconf 89' lang='lat' dir='ltr'><strong>lignis,</strong></span> <span class='ocrx_word' id='word_1_128' title='bbox 1716 1808 1883 1864; x_wconf 88' lang='lat' dir='ltr'><strong>usque</strong></span> <span class='ocrx_word' id='word_1_129' title='bbox 1905 1791 1970 1846; x_wconf 93' lang='lat' dir='ltr'><strong>ad</strong></span> <span class='ocrx_word' id='word_1_130' title='bbox 1999 1791 2115 1846; x_wconf 69' lang='lat' dir='ltr'><strong>hinc</strong></span> 
     </span>
    </p>
   </div>
   <div class='ocr_carea' id='block_1_18' title="bbox 526 1883 2112 1954">
    <p class='ocr_par' dir='ltr' id='par_1_18' title="bbox 526 1883 2112 1954">
     <span class='ocr_line' id='line_1_18' title="bbox 526 1883 2112 1954; baseline -0.004 -12"><span class='ocrx_word' id='word_1_131' title='bbox 526 1895 739 1942; x_wconf 86' lang='lat' dir='ltr'><strong>terrena</strong></span> <span class='ocrx_word' id='word_1_132' title='bbox 756 1885 1065 1940; x_wconf 77' lang='lat' dir='ltr'><strong>animantia.</strong></span> <span class='ocrx_word' id='word_1_133' title='bbox 1095 1885 1226 1940; x_wconf 88' lang='lat' dir='ltr'><strong>Nam</strong></span> <span class='ocrx_word' id='word_1_134' title='bbox 1254 1893 1309 1941; x_wconf 90' lang='lat' dir='ltr'><strong>et</strong></span> <span class='ocrx_word' id='word_1_135' title='bbox 1337 1885 1389 1938; x_wconf 92' lang='lat' dir='ltr'><strong>in</strong></span> <span class='ocrx_word' id='word_1_136' title='bbox 1418 1885 1496 1940; x_wconf 90' lang='lat' dir='ltr'><strong>eis</strong></span> <span class='ocrx_word' id='word_1_137' title='bbox 1524 1900 1643 1954; x_wconf 79' lang='lat' dir='ltr'><strong>quae</strong></span> <span class='ocrx_word' id='word_1_138' title='bbox 1669 1899 1733 1939; x_wconf 84' lang='lat' dir='ltr'><strong>ex</strong></span> <span class='ocrx_word' id='word_1_139' title='bbox 1759 1883 1913 1953; x_wconf 84' lang='lat' dir='ltr'><strong>aquis</strong></span> <span class='ocrx_word' id='word_1_140' title='bbox 1933 1891 2112 1938; x_wconf 88' lang='lat' dir='ltr'><strong>creata</strong></span> 
     </span>
    </p>
   </div>
   <div class='ocr_carea' id='block_1_19' title="bbox 524 1976 2116 2049">
    <p class='ocr_par' dir='ltr' id='par_1_19' title="bbox 524 1976 2116 2049">
     <span class='ocr_line' id='line_1_19' title="bbox 524 1976 2116 2049; baseline -0.001 -16"><span class='ocrx_word' id='word_1_141' title='bbox 524 1987 668 2045; x_wconf 78' lang='lat' dir='ltr'><strong>sunt,</strong></span> <span class='ocrx_word' id='word_1_142' title='bbox 691 1979 932 2049; x_wconf 86' lang='lat' dir='ltr'><strong>quamvis</strong></span> <span class='ocrx_word' id='word_1_143' title='bbox 951 1979 1003 2032; x_wconf 91' lang='lat' dir='ltr'><strong>in</strong></span> <span class='ocrx_word' id='word_1_144' title='bbox 1043 1978 1212 2048; x_wconf 90' lang='lat' dir='ltr'><strong>prima</strong></span> <span class='ocrx_word' id='word_1_145' title='bbox 1243 1976 1754 2032; x_wconf 85' lang='lat' dir='ltr'><strong>commemoratione</strong></span> <span class='ocrx_word' id='word_1_146' title='bbox 1779 1976 1981 2030; x_wconf 89' lang='lat' dir='ltr'><strong>dictum</strong></span> <span class='ocrx_word' id='word_1_147' title='bbox 2009 1990 2116 2031; x_wconf 92' lang='lat' dir='ltr'><strong>non</strong></span> 
     </span>
    </p>
   </div>
   <div class='ocr_carea' id='block_1_20' title="bbox 529 2065 2116 2140">
    <p class='ocr_par' dir='ltr' id='par_1_20' title="bbox 529 2065 2116 2140">
     <span class='ocr_line' id='line_1_20' title="bbox 529 2065 2116 2140; baseline -0.004 -14"><span class='ocrx_word' id='word_1_148' title='bbox 529 2073 637 2136; x_wconf 87' lang='lat' dir='ltr'><strong>sit;</strong></span> <span class='ocrx_word' id='word_1_149' title='bbox 664 2073 716 2126; x_wconf 91' lang='lat' dir='ltr'><strong>in</strong></span> <span class='ocrx_word' id='word_1_150' title='bbox 743 2072 829 2126; x_wconf 89' lang='lat' dir='ltr'><strong>illa</strong></span> <span class='ocrx_word' id='word_1_151' title='bbox 863 2081 1040 2126; x_wconf 90' lang='lat' dir='ltr'><strong>tamen</strong></span> <span class='ocrx_word' id='word_1_152' title='bbox 1070 2071 1348 2126; x_wconf 89' lang='lat' dir='ltr'><strong>iteratione</strong></span> <span class='ocrx_word' id='word_1_153' title='bbox 1375 2069 1574 2124; x_wconf 92' lang='lat' dir='ltr'><strong>dictum</strong></span> <span class='ocrx_word' id='word_1_154' title='bbox 1603 2078 1714 2130; x_wconf 82' lang='lat' dir='ltr'><strong>est,</strong></span> <span class='ocrx_word' id='word_1_155' title='bbox 1751 2065 1816 2120; x_wconf 86' lang='lat' dir='ltr'><strong>Et</strong></span> <span class='ocrx_word' id='word_1_156' title='bbox 1839 2067 1955 2140; x_wconf 78' lang='lat' dir='ltr'><strong>fecit</strong></span> <span class='ocrx_word' id='word_1_157' title='bbox 1982 2065 2116 2120; x_wconf 86' lang='lat' dir='ltr'><strong>Deus</strong></span> 
     </span>
    </p>
   </div>
   <div class='ocr_carea' id='block_1_21' title="bbox 525 2155 2110 2235">
    <p class='ocr_par' dir='ltr' id='par_1_21' title="bbox 525 2155 2110 2235">
     <span class='ocr_line' id='line_1_21' title="bbox 525 2155 2110 2235; baseline -0.005 -17"><span class='ocrx_word' id='word_1_158' title='bbox 525 2174 657 2219; x_wconf 87' lang='lat' dir='ltr'><strong>cetos</strong></span> <span class='ocrx_word' id='word_1_159' title='bbox 686 2180 897 2235; x_wconf 87' lang='lat' dir='ltr'><strong>magnos</strong></span> <span class='ocrx_word' id='word_1_160' title='bbox 933 2171 981 2216; x_wconf 88' lang='lat' dir='ltr'><strong>et</strong></span> <span class='ocrx_word' id='word_1_161' title='bbox 1019 2178 1216 2216; x_wconf 87' lang='lat' dir='ltr'><strong>omnem</strong></span> <span class='ocrx_word' id='word_1_162' title='bbox 1250 2161 1473 2215; x_wconf 91' lang='lat' dir='ltr'><strong>animam</strong></span> <span class='ocrx_word' id='word_1_163' title='bbox 1507 2159 1805 2214; x_wconf 82' lang='lat' dir='ltr'><strong>animalium</strong></span> <span class='ocrx_word' id='word_1_164' title='bbox 1839 2155 2110 2227; x_wconf 86' lang='lat' dir='ltr'><strong>reptilium,</strong></span> 
     </span>
    </p>
   </div>
   <div class='ocr_carea' id='block_1_22' title="bbox 526 2252 2119 2325">
    <p class='ocr_par' dir='ltr' id='par_1_22' title="bbox 526 2252 2119 2325">
     <span class='ocr_line' id='line_1_22' title="bbox 526 2252 2119 2325; baseline -0.005 -16"><span class='ocrx_word' id='word_1_165' title='bbox 526 2271 640 2325; x_wconf 65' lang='lat' dir='ltr'><strong>qua</strong></span> <span class='ocrx_word' id='word_1_166' title='bbox 675 2254 953 2309; x_wconf 72' lang='lat' dir='ltr'><strong>eduxerunt</strong></span> <span class='ocrx_word' id='word_1_167' title='bbox 981 2269 1126 2324; x_wconf 68' lang='lat' dir='ltr'><strong>aqua</strong></span> <span class='ocrx_word' id='word_1_168' title='bbox 1155 2252 1434 2307; x_wconf 85' lang='lat' dir='ltr'><strong>secundum</strong></span> <span class='ocrx_word' id='word_1_169' title='bbox 1470 2267 1625 2323; x_wconf 88' lang='lat' dir='ltr'><strong>genus</strong></span> <span class='ocrx_word' id='word_1_170' title='bbox 1648 2265 1856 2314; x_wconf 87' lang='lat' dir='ltr'><strong>eorum;</strong></span> <span class='ocrx_word' id='word_1_171' title='bbox 1887 2258 1933 2302; x_wconf 89' lang='lat' dir='ltr'><strong>et</strong></span> <span class='ocrx_word' id='word_1_172' title='bbox 1973 2264 2119 2303; x_wconf 90' lang='lat' dir='ltr'><strong>omne</strong></span> 
     </span>
    </p>
   </div>
   <div class='ocr_carea' id='block_1_23' title="bbox 528 2344 1526 2414">
    <p class='ocr_par' dir='ltr' id='par_1_23' title="bbox 528 2344 1526 2414">
     <span class='ocr_line' id='line_1_23' title="bbox 528 2344 1526 2414; baseline -0.003 -15"><span class='ocrx_word' id='word_1_173' title='bbox 528 2345 729 2399; x_wconf 73' lang='lat' dir='ltr'><strong>volatile</strong></span> <span class='ocrx_word' id='word_1_174' title='bbox 752 2353 1028 2414; x_wconf 76' lang='lat' dir='ltr'><strong>pennatam</strong></span> <span class='ocrx_word' id='word_1_175' title='bbox 1053 2344 1325 2398; x_wconf 84' lang='lat' dir='ltr'><strong>secundum</strong></span> <span class='ocrx_word' id='word_1_176' title='bbox 1349 2359 1526 2413; x_wconf 86' lang='lat' dir='ltr'><strong>genus.</strong></span> 
     </span>
    </p>
   </div>
   <div class='ocr_carea' id='block_1_24' title="bbox 598 2431 2120 2508">
    <p class='ocr_par' dir='ltr' id='par_1_24' title="bbox 598 2431 2120 2508">
     <span class='ocr_line' id='line_1_24' title="bbox 598 2431 2120 2508; baseline -0.007 -15"><span class='ocrx_word' id='word_1_177' title='bbox 598 2440 685 2493; x_wconf 87' lang='grc'><strong>19.</strong></span> <span class='ocrx_word' id='word_1_178' title='bbox 727 2438 809 2493; x_wconf 89' lang='lat' dir='ltr'><strong>An</strong></span> <span class='ocrx_word' id='word_1_179' title='bbox 839 2440 960 2508; x_wconf 85' lang='lat' dir='ltr'><strong>quia</strong></span> <span class='ocrx_word' id='word_1_180' title='bbox 988 2437 1102 2492; x_wconf 79' lang='lat' dir='ltr'><strong>haec</strong></span> <span class='ocrx_word' id='word_1_181' title='bbox 1123 2437 1192 2491; x_wconf 90' lang='lat' dir='ltr'><strong>ita</strong></span> <span class='ocrx_word' id='word_1_182' title='bbox 1215 2444 1396 2490; x_wconf 79' lang='lat' dir='ltr'><strong>exorta</strong></span> <span class='ocrx_word' id='word_1_183' title='bbox 1424 2443 1568 2497; x_wconf 84' lang='lat' dir='ltr'><strong>sunt.</strong></span> <span class='ocrx_word' id='word_1_184' title='bbox 1597 2443 1652 2488; x_wconf 92' lang='lat' dir='ltr'><strong>ut</strong></span> <span class='ocrx_word' id='word_1_185' title='bbox 1679 2448 1746 2487; x_wconf 78' lang='lat' dir='ltr'><strong>ex</strong></span> <span class='ocrx_word' id='word_1_186' title='bbox 1772 2431 1850 2487; x_wconf 91' lang='lat' dir='ltr'><strong>eis</strong></span> <span class='ocrx_word' id='word_1_187' title='bbox 1874 2431 1975 2485; x_wconf 91' lang='lat' dir='ltr'><strong>alia</strong></span> <span class='ocrx_word' id='word_1_188' title='bbox 1997 2444 2120 2485; x_wconf 89' lang='lat' dir='ltr'><strong>nas-</strong></span> 
     </span>
    </p>
   </div>
   <div class='ocr_carea' id='block_1_25' title="bbox 527 2525 2115 2599">
    <p class='ocr_par' dir='ltr' id='par_1_25' title="bbox 527 2525 2115 2599">
     <span class='ocr_line' id='line_1_25' title="bbox 527 2525 2115 2599; baseline -0.006 -13"><span class='ocrx_word' id='word_1_189' title='bbox 527 2539 797 2592; x_wconf 90' lang='lat' dir='ltr'><strong>cerentur,</strong></span> <span class='ocrx_word' id='word_1_190' title='bbox 829 2538 886 2585; x_wconf 91' lang='lat' dir='ltr'><strong>et</strong></span> <span class='ocrx_word' id='word_1_191' title='bbox 921 2528 1138 2599; x_wconf 76' lang='lat' dir='ltr'><strong>originis</strong></span> <span class='ocrx_word' id='word_1_192' title='bbox 1177 2529 1398 2583; x_wconf 89' lang='lat' dir='ltr'><strong>formam</strong></span> <span class='ocrx_word' id='word_1_193' title='bbox 1434 2525 1774 2582; x_wconf 89' lang='lat' dir='ltr'><strong>successione</strong></span> <span class='ocrx_word' id='word_1_194' title='bbox 1820 2531 2115 2590; x_wconf 87' lang='lat' dir='ltr'><strong>servarent,</strong></span> 
     </span>
    </p>
   </div>
   <div class='ocr_carea' id='block_1_26' title="bbox 527 2616 2117 2691">
    <p class='ocr_par' dir='ltr' id='par_1_26' title="bbox 527 2616 2117 2691">
     <span class='ocr_line' id='line_1_26' title="bbox 527 2616 2117 2691; baseline -0.006 -13"><span class='ocrx_word' id='word_1_195' title='bbox 527 2624 648 2680; x_wconf 91' lang='lat' dir='ltr'><strong>ideo</strong></span> <span class='ocrx_word' id='word_1_196' title='bbox 675 2624 924 2680; x_wconf 90' lang='lat' dir='ltr'><strong>dicuntur</strong></span> <span class='ocrx_word' id='word_1_197' title='bbox 945 2621 1218 2677; x_wconf 83' lang='lat' dir='ltr'><strong>secundum</strong></span> <span class='ocrx_word' id='word_1_198' title='bbox 1239 2637 1417 2691; x_wconf 81' lang='lat' dir='ltr'><strong>genus,</strong></span> <span class='ocrx_word' id='word_1_199' title='bbox 1446 2628 1662 2690; x_wconf 88' lang='lat' dir='ltr'><strong>propter</strong></span> <span class='ocrx_word' id='word_1_200' title='bbox 1682 2616 2117 2687; x_wconf 82' lang='lat' dir='ltr'><strong>propagationem</strong></span> 
     </span>
    </p>
   </div>
   <div class='ocr_carea' id='block_1_27' title="bbox 526 2706 2116 2787">
    <p class='ocr_par' dir='ltr' id='par_1_27' title="bbox 526 2706 2116 2787">
     <span class='ocr_line' id='line_1_27' title="bbox 526 2706 2116 2787; baseline -0.006 -16"><span class='ocrx_word' id='word_1_201' title='bbox 526 2717 714 2787; x_wconf 87' lang='lat' dir='ltr'><strong>prolis,</strong></span> <span class='ocrx_word' id='word_1_202' title='bbox 739 2731 841 2787; x_wconf 87' lang='lat' dir='ltr'><strong>qua</strong></span> <span class='ocrx_word' id='word_1_203' title='bbox 873 2729 1218 2785; x_wconf 86' lang='lat' dir='ltr'><strong>permansura</strong></span> <span class='ocrx_word' id='word_1_204' title='bbox 1253 2709 1609 2767; x_wconf 85' lang='lat' dir='ltr'><strong>creabantur?</strong></span> <span class='ocrx_word' id='word_1_205' title='bbox 1634 2709 1741 2764; x_wconf 88' lang='lat' dir='ltr'><strong>Sed</strong></span> <span class='ocrx_word' id='word_1_206' title='bbox 1767 2723 1863 2762; x_wconf 92' lang='lat' dir='ltr'><strong>cur</strong></span> <span class='ocrx_word' id='word_1_207' title='bbox 1894 2706 1962 2761; x_wconf 91' lang='lat' dir='ltr'><strong>de</strong></span> <span class='ocrx_word' id='word_1_208' title='bbox 1991 2707 2116 2762; x_wconf 88' lang='lat' dir='ltr'><strong>her-</strong></span> 
     </span>
    </p>
   </div>
   <div class='ocr_carea' id='block_1_28' title="bbox 528 2799 2116 2876">
    <p class='ocr_par' dir='ltr' id='par_1_28' title="bbox 528 2799 2116 2876">
     <span class='ocr_line' id='line_1_28' title="bbox 528 2799 2116 2876; baseline -0.006 -16"><span class='ocrx_word' id='word_1_209' title='bbox 528 2805 610 2862; x_wconf 89' lang='lat' dir='ltr'><strong>bis</strong></span> <span class='ocrx_word' id='word_1_210' title='bbox 635 2816 690 2861; x_wconf 92' lang='lat' dir='ltr'><strong>et</strong></span> <span class='ocrx_word' id='word_1_211' title='bbox 731 2806 888 2876; x_wconf 78' lang='lat' dir='ltr'><strong>lignis</strong></span> <span class='ocrx_word' id='word_1_212' title='bbox 916 2819 1023 2859; x_wconf 91' lang='lat' dir='ltr'><strong>non</strong></span> <span class='ocrx_word' id='word_1_213' title='bbox 1058 2803 1230 2858; x_wconf 84' lang='lat' dir='ltr'><strong>solum</strong></span> <span class='ocrx_word' id='word_1_214' title='bbox 1271 2803 1484 2868; x_wconf 88' lang='lat' dir='ltr'><strong>dicitur,</strong></span> <span class='ocrx_word' id='word_1_215' title='bbox 1517 2799 1794 2855; x_wconf 84' lang='lat' dir='ltr'><strong>secundum</strong></span> <span class='ocrx_word' id='word_1_216' title='bbox 1818 2814 1995 2869; x_wconf 85' lang='lat' dir='ltr'><strong>genus,</strong></span> <span class='ocrx_word' id='word_1_217' title='bbox 2022 2812 2116 2852; x_wconf 81' lang='lat' dir='ltr'><strong>ve-</strong></span> 
     </span>
    </p>
   </div>
   <div class='ocr_carea' id='block_1_29' title="bbox 526 2889 2118 2957">
    <p class='ocr_par' dir='ltr' id='par_1_29' title="bbox 526 2889 2118 2957">
     <span class='ocr_line' id='line_1_29' title="bbox 526 2889 2118 2957; baseline -0.008 -3"><span class='ocrx_word' id='word_1_218' title='bbox 526 2914 645 2954; x_wconf 91' lang='lat' dir='ltr'><strong>rum</strong></span> <span class='ocrx_word' id='word_1_219' title='bbox 683 2897 843 2952; x_wconf 91' lang='lat' dir='ltr'><strong>etiam</strong></span> <span class='ocrx_word' id='word_1_220' title='bbox 886 2894 1162 2950; x_wconf 86' lang='lat' dir='ltr'><strong>secundum</strong></span> <span class='ocrx_word' id='word_1_221' title='bbox 1195 2893 1605 2957; x_wconf 84' lang='lat' dir='ltr'><strong>similitudinem,</strong></span> <span class='ocrx_word' id='word_1_222' title='bbox 1636 2905 1758 2945; x_wconf 93' lang='lat' dir='ltr'><strong>cum</strong></span> <span class='ocrx_word' id='word_1_223' title='bbox 1789 2899 1842 2944; x_wconf 91' lang='lat' dir='ltr'><strong>et</strong></span> <span class='ocrx_word' id='word_1_224' title='bbox 1868 2889 2118 2942; x_wconf 86' lang='lat' dir='ltr'><strong>animalia</strong></span> 
     </span>
    </p>
   </div>
   <div class='ocr_carea' id='block_1_30' title="bbox 527 2981 2116 3056">
    <p class='ocr_par' dir='ltr' id='par_1_30' title="bbox 527 2981 2116 3056">
     <span class='ocr_line' id='line_1_30' title="bbox 527 2981 2116 3056; baseline -0.006 -13"><span class='ocrx_word' id='word_1_225' title='bbox 527 2988 642 3044; x_wconf 86' lang='lat' dir='ltr'><strong>sive</strong></span> <span class='ocrx_word' id='word_1_226' title='bbox 667 3001 922 3056; x_wconf 88' lang='lat' dir='ltr'><strong>aquarum</strong></span> <span class='ocrx_word' id='word_1_227' title='bbox 961 2986 1072 3040; x_wconf 89' lang='lat' dir='ltr'><strong>sive</strong></span> <span class='ocrx_word' id='word_1_228' title='bbox 1105 2993 1365 3039; x_wconf 89' lang='lat' dir='ltr'><strong>terrarum</strong></span> <span class='ocrx_word' id='word_1_229' title='bbox 1395 2981 1685 3038; x_wconf 90' lang='lat' dir='ltr'><strong>secundum</strong></span> <span class='ocrx_word' id='word_1_230' title='bbox 1716 2981 2116 3036; x_wconf 88' lang='lat' dir='ltr'><strong>similitudinem</strong></span> 
     </span>
    </p>
   </div>
   <div class='ocr_carea' id='block_1_31' title="bbox 529 3072 2115 3148">
    <p class='ocr_par' dir='ltr' id='par_1_31' title="bbox 529 3072 2115 3148">
     <span class='ocr_line' id='line_1_31' title="bbox 529 3072 2115 3148; baseline -0.005 -14"><span class='ocrx_word' id='word_1_231' title='bbox 529 3094 678 3134; x_wconf 88' lang='lat' dir='ltr'><strong>suam</strong></span> <span class='ocrx_word' id='word_1_232' title='bbox 706 3075 1006 3148; x_wconf 88' lang='lat' dir='ltr'><strong>generent?</strong></span> <span class='ocrx_word' id='word_1_233' title='bbox 1034 3078 1139 3140; x_wconf 80' lang='lat' dir='ltr'><strong>An,</strong></span> <span class='ocrx_word' id='word_1_234' title='bbox 1180 3073 1300 3143; x_wconf 87' lang='lat' dir='ltr'><strong>quia</strong></span> <span class='ocrx_word' id='word_1_235' title='bbox 1329 3089 1497 3144; x_wconf 88' lang='lat' dir='ltr'><strong>genus</strong></span> <span class='ocrx_word' id='word_1_236' title='bbox 1525 3074 1765 3144; x_wconf 89' lang='lat' dir='ltr'><strong>sequitur</strong></span> <span class='ocrx_word' id='word_1_237' title='bbox 1791 3072 2082 3127; x_wconf 90' lang='lat' dir='ltr'><strong>similitudo</strong></span> <span class='ocrx_word' id='word_1_238' title='bbox 2101 3115 2115 3135; x_wconf 89' lang='lat'><strong>,</strong></span> 
     </span>
    </p>
   </div>
   <div class='ocr_carea' id='block_1_32' title="bbox 530 3165 2118 3238">
    <p class='ocr_par' dir='ltr' id='par_1_32' title="bbox 530 3165 2118 3238">
     <span class='ocr_line' id='line_1_32' title="bbox 530 3165 2118 3238; baseline -0.004 -13"><span class='ocrx_word' id='word_1_239' title='bbox 530 3172 699 3226; x_wconf 90' lang='lat' dir='ltr'><strong>noluit</strong></span> <span class='ocrx_word' id='word_1_240' title='bbox 722 3185 840 3224; x_wconf 90' lang='lat' dir='ltr'><strong>eam</strong></span> <span class='ocrx_word' id='word_1_241' title='bbox 863 3169 1058 3238; x_wconf 88' lang='lat' dir='ltr'><strong>ubique</strong></span> <span class='ocrx_word' id='word_1_242' title='bbox 1085 3167 1368 3237; x_wconf 87' lang='lat' dir='ltr'><strong>repetere?</strong></span> <span class='ocrx_word' id='word_1_243' title='bbox 1392 3166 1522 3220; x_wconf 87' lang='lat' dir='ltr'><strong>Nam</strong></span> <span class='ocrx_word' id='word_1_244' title='bbox 1557 3175 1612 3220; x_wconf 92' lang='lat' dir='ltr'><strong>et</strong></span> <span class='ocrx_word' id='word_1_245' title='bbox 1643 3180 1826 3221; x_wconf 87' lang='lat' dir='ltr'><strong>semen</strong></span> <span class='ocrx_word' id='word_1_246' title='bbox 1859 3180 1962 3220; x_wconf 91' lang='lat' dir='ltr'><strong>non</strong></span> <span class='ocrx_word' id='word_1_247' title='bbox 1997 3165 2118 3220; x_wconf 78' lang='lat' dir='ltr'><strong>ubi-</strong></span> 
     </span>
    </p>
   </div>
   <div class='ocr_carea' id='block_1_33' title="bbox 527 3256 2116 3332">
    <p class='ocr_par' dir='ltr' id='par_1_33' title="bbox 527 3256 2116 3332">
     <span class='ocr_line' id='line_1_33' title="bbox 527 3256 2116 3332; baseline -0.003 -18"><span class='ocrx_word' id='word_1_248' title='bbox 527 3277 632 3332; x_wconf 90' lang='lat' dir='ltr'><strong>que</strong></span> <span class='ocrx_word' id='word_1_249' title='bbox 662 3260 940 3330; x_wconf 90' lang='lat' dir='ltr'><strong>repetivit;</strong></span> <span class='ocrx_word' id='word_1_250' title='bbox 967 3273 1090 3314; x_wconf 91' lang='lat' dir='ltr'><strong>cum</strong></span> <span class='ocrx_word' id='word_1_251' title='bbox 1116 3267 1223 3316; x_wconf 90' lang='lat' dir='ltr'><strong>tam</strong></span> <span class='ocrx_word' id='word_1_252' title='bbox 1267 3257 1443 3312; x_wconf 88' lang='lat' dir='ltr'><strong>herbis</strong></span> <span class='ocrx_word' id='word_1_253' title='bbox 1479 3266 1534 3312; x_wconf 91' lang='lat' dir='ltr'><strong>et</strong></span> <span class='ocrx_word' id='word_1_254' title='bbox 1562 3256 1719 3327; x_wconf 78' lang='lat' dir='ltr'><strong>lignis</strong></span> <span class='ocrx_word' id='word_1_255' title='bbox 1753 3256 1913 3321; x_wconf 91' lang='lat' dir='ltr'><strong>insit,</strong></span> <span class='ocrx_word' id='word_1_256' title='bbox 1959 3271 2116 3327; x_wconf 83' lang='lat' dir='ltr'><strong>quain</strong></span> 
     </span>
    </p>
   </div>
   <div class='ocr_carea' id='block_1_34' title="bbox 527 3349 2116 3420">
    <p class='ocr_par' dir='ltr' id='par_1_34' title="bbox 527 3349 2116 3420">
     <span class='ocr_line' id='line_1_34' title="bbox 527 3349 2116 3420; baseline -0.004 -12"><span class='ocrx_word' id='word_1_257' title='bbox 527 3353 866 3420; x_wconf 84' lang='lat' dir='ltr'><strong>animalibus,</strong></span> <span class='ocrx_word' id='word_1_258' title='bbox 894 3353 994 3407; x_wconf 91' lang='lat' dir='ltr'><strong>etsi</strong></span> <span class='ocrx_word' id='word_1_259' title='bbox 1038 3368 1143 3406; x_wconf 91' lang='lat' dir='ltr'><strong>non</strong></span> <span class='ocrx_word' id='word_1_260' title='bbox 1175 3351 1439 3405; x_wconf 89' lang='lat' dir='ltr'><strong>omnibus.</strong></span> <span class='ocrx_word' id='word_1_261' title='bbox 1466 3349 1816 3406; x_wconf 89' lang='lat' dir='ltr'><strong>Observatum</strong></span> <span class='ocrx_word' id='word_1_262' title='bbox 1861 3360 1939 3404; x_wconf 88' lang='lat' dir='ltr'><strong>est</strong></span> <span class='ocrx_word' id='word_1_263' title='bbox 1975 3349 2116 3404; x_wconf 90' lang='lat' dir='ltr'><strong>enim</strong></span> 
     </span>
    </p>
   </div>
   <div class='ocr_carea' id='block_1_35' title="bbox 527 3441 2117 3516">
    <p class='ocr_par' dir='ltr' id='par_1_35' title="bbox 527 3441 2117 3516">
     <span class='ocr_line' id='line_1_35' title="bbox 527 3441 2117 3516; baseline -0.001 -19"><span class='ocrx_word' id='word_1_264' title='bbox 527 3444 769 3516; x_wconf 85' lang='lat' dir='ltr'><strong>quaedam</strong></span> <span class='ocrx_word' id='word_1_265' title='bbox 816 3445 885 3498; x_wconf 90' lang='lat' dir='ltr'><strong>ita</strong></span> <span class='ocrx_word' id='word_1_266' title='bbox 931 3445 1076 3498; x_wconf 89' lang='lat' dir='ltr'><strong>nasci</strong></span> <span class='ocrx_word' id='word_1_267' title='bbox 1118 3458 1183 3499; x_wconf 81' lang='lat' dir='ltr'><strong>ex</strong></span> <span class='ocrx_word' id='word_1_268' title='bbox 1225 3443 1375 3512; x_wconf 87' lang='lat' dir='ltr'><strong>aquis</strong></span> <span class='ocrx_word' id='word_1_269' title='bbox 1411 3441 1492 3497; x_wconf 90' lang='lat' dir='ltr'><strong>vel</strong></span> <span class='ocrx_word' id='word_1_270' title='bbox 1534 3450 1693 3506; x_wconf 88' lang='lat' dir='ltr'><strong>terra,</strong></span> <span class='ocrx_word' id='word_1_271' title='bbox 1724 3449 1784 3495; x_wconf 95' lang='lat' dir='ltr'><strong>ut</strong></span> <span class='ocrx_word' id='word_1_272' title='bbox 1831 3455 1993 3495; x_wconf 79' lang='lat' dir='ltr'><strong>sexus</strong></span> <span class='ocrx_word' id='word_1_273' title='bbox 2038 3441 2117 3495; x_wconf 90' lang='lat' dir='ltr'><strong>eis</strong></span> 
     </span>
    </p>
   </div>
   <div class='ocr_carea' id='block_1_36' title="bbox 530 3532 2117 3602">
    <p class='ocr_par' dir='ltr' id='par_1_36' title="bbox 530 3532 2117 3602">
     <span class='ocr_line' id='line_1_36' title="bbox 530 3532 2117 3602; baseline -0.003 -10"><span class='ocrx_word' id='word_1_274' title='bbox 530 3538 704 3592; x_wconf 93' lang='lat' dir='ltr'><strong>nullus</strong></span> <span class='ocrx_word' id='word_1_275' title='bbox 725 3537 827 3602; x_wconf 89' lang='lat' dir='ltr'><strong>sit;</strong></span> <span class='ocrx_word' id='word_1_276' title='bbox 854 3546 908 3591; x_wconf 91' lang='lat' dir='ltr'><strong>et</strong></span> <span class='ocrx_word' id='word_1_277' title='bbox 934 3535 1054 3592; x_wconf 91' lang='lat' dir='ltr'><strong>idco</strong></span> <span class='ocrx_word' id='word_1_278' title='bbox 1074 3551 1256 3591; x_wconf 88' lang='lat' dir='ltr'><strong>semen</strong></span> <span class='ocrx_word' id='word_1_279' title='bbox 1284 3549 1471 3590; x_wconf 87' lang='lat' dir='ltr'><strong>eorum</strong></span> <span class='ocrx_word' id='word_1_280' title='bbox 1496 3550 1600 3589; x_wconf 92' lang='lat' dir='ltr'><strong>non</strong></span> <span class='ocrx_word' id='word_1_281' title='bbox 1631 3535 1702 3588; x_wconf 90' lang='lat' dir='ltr'><strong>sit</strong></span> <span class='ocrx_word' id='word_1_282' title='bbox 1728 3535 1780 3588; x_wconf 92' lang='lat' dir='ltr'><strong>in</strong></span> <span class='ocrx_word' id='word_1_283' title='bbox 1811 3534 1910 3600; x_wconf 88' lang='lat' dir='ltr'><strong>cis,</strong></span> <span class='ocrx_word' id='word_1_284' title='bbox 1941 3532 2034 3588; x_wconf 89' lang='lat' dir='ltr'><strong>sed</strong></span> <span class='ocrx_word' id='word_1_285' title='bbox 2062 3534 2117 3588; x_wconf 74' lang='lat' dir='ltr'><strong>in</strong></span> 
     </span>
    </p>
   </div>
   <div class='ocr_carea' id='block_1_37' title="bbox 531 3624 2119 3698">
    <p class='ocr_par' dir='ltr' id='par_1_37' title="bbox 531 3624 2119 3698">
     <span class='ocr_line' id='line_1_37' title="bbox 531 3624 2119 3698; baseline -0.006 -13"><span class='ocrx_word' id='word_1_286' title='bbox 531 3629 811 3686; x_wconf 82' lang='lat' dir='ltr'><strong>elementis</strong></span> <span class='ocrx_word' id='word_1_287' title='bbox 830 3645 896 3684; x_wconf 79' lang='lat' dir='ltr'><strong>ex</strong></span> <span class='ocrx_word' id='word_1_288' title='bbox 917 3629 1108 3698; x_wconf 86' lang='lat' dir='ltr'><strong>quibus</strong></span> <span class='ocrx_word' id='word_1_289' title='bbox 1132 3627 1394 3682; x_wconf 90' lang='lat' dir='ltr'><strong>oriuntur.</strong></span> <span class='ocrx_word' id='word_1_290' title='bbox 1423 3625 1534 3680; x_wconf 88' lang='lat' dir='ltr'><strong>Hoc</strong></span> <span class='ocrx_word' id='word_1_291' title='bbox 1566 3633 1648 3679; x_wconf 88' lang='lat' dir='ltr'><strong>est</strong></span> <span class='ocrx_word' id='word_1_292' title='bbox 1687 3639 1817 3694; x_wconf 87' lang='lat' dir='ltr'><strong>ergo</strong></span> <span class='ocrx_word' id='word_1_293' title='bbox 1844 3624 2119 3678; x_wconf 81' lang='lat' dir='ltr'><strong>secundum</strong></span> 
     </span>
    </p>
   </div>
   <div class='ocr_carea' id='block_1_38' title="bbox 537 3716 2120 3792">
    <p class='ocr_par' dir='ltr' id='par_1_38' title="bbox 537 3716 2120 3792">
     <span class='ocr_line' id='line_1_38' title="bbox 537 3716 2120 3792; baseline -0.004 -16"><span class='ocrx_word' id='word_1_294' title='bbox 537 3739 726 3792; x_wconf 87' lang='lat' dir='ltr'><strong>genus,</strong></span> <span class='ocrx_word' id='word_1_295' title='bbox 755 3721 842 3776; x_wconf 90' lang='lat' dir='ltr'><strong>ubi</strong></span> <span class='ocrx_word' id='word_1_296' title='bbox 874 3729 928 3775; x_wconf 91' lang='lat' dir='ltr'><strong>et</strong></span> <span class='ocrx_word' id='word_1_297' title='bbox 967 3721 1233 3776; x_wconf 89' lang='lat' dir='ltr'><strong>seminum</strong></span> <span class='ocrx_word' id='word_1_298' title='bbox 1272 3719 1352 3772; x_wconf 89' lang='lat' dir='ltr'><strong>vis</strong></span> <span class='ocrx_word' id='word_1_299' title='bbox 1394 3726 1448 3773; x_wconf 90' lang='lat' dir='ltr'><strong>et</strong></span> <span class='ocrx_word' id='word_1_300' title='bbox 1487 3717 1783 3772; x_wconf 90' lang='lat' dir='ltr'><strong>similitudo</strong></span> <span class='ocrx_word' id='word_1_301' title='bbox 1811 3716 2120 3787; x_wconf 77' lang='lat' dir='ltr'><strong>intelligitur</strong></span> 
     </span>
    </p>
   </div>
   <div class='ocr_carea' id='block_1_39' title="bbox 530 3809 2118 3880">
    <p class='ocr_par' dir='ltr' id='par_1_39' title="bbox 530 3809 2118 3880">
     <span class='ocr_line' id='line_1_39' title="bbox 530 3809 2118 3880; baseline -0.004 -11"><span class='ocrx_word' id='word_1_302' title='bbox 530 3815 930 3870; x_wconf 84' lang='lat' dir='ltr'><strong>succedentium</strong></span> <span class='ocrx_word' id='word_1_303' title='bbox 979 3811 1440 3875; x_wconf 80' lang='lat' dir='ltr'><strong>decedentibus&#39;;</strong></span> <span class='ocrx_word' id='word_1_304' title='bbox 1477 3811 1598 3880; x_wconf 90' lang='lat' dir='ltr'><strong>quia</strong></span> <span class='ocrx_word' id='word_1_305' title='bbox 1644 3809 1777 3865; x_wconf 83' lang='lat' dir='ltr'><strong>nihil</strong></span> <span class='ocrx_word' id='word_1_306' title='bbox 1813 3824 1998 3864; x_wconf 88' lang='lat' dir='ltr'><strong>eorum</strong></span> <span class='ocrx_word' id='word_1_307' title='bbox 2047 3809 2118 3863; x_wconf 89' lang='lat' dir='ltr'><strong>ita</strong></span> 
     </span>
    </p>
   </div>
   <div class='ocr_carea' id='block_1_40' title="bbox 528 3903 2114 3973">
    <p class='ocr_par' dir='ltr' id='par_1_40' title="bbox 528 3903 2114 3973">
     <span class='ocr_line' id='line_1_40' title="bbox 528 3903 2114 3973; baseline -0.004 -11"><span class='ocrx_word' id='word_1_308' title='bbox 528 3916 766 3962; x_wconf 89' lang='lat' dir='ltr'><strong>creatum</strong></span> <span class='ocrx_word' id='word_1_309' title='bbox 806 3913 888 3960; x_wconf 86' lang='lat' dir='ltr'><strong>est</strong></span> <span class='ocrx_word' id='word_1_310' title='bbox 909 3946 922 3969; x_wconf 95' lang='lat'><strong>,</strong></span> <span class='ocrx_word' id='word_1_311' title='bbox 956 3915 1013 3958; x_wconf 90' lang='lat' dir='ltr'><strong>ut</strong></span> <span class='ocrx_word' id='word_1_312' title='bbox 1049 3905 1215 3960; x_wconf 91' lang='lat' dir='ltr'><strong>semel</strong></span> <span class='ocrx_word' id='word_1_313' title='bbox 1245 3904 1530 3970; x_wconf 75' lang='lat' dir='ltr'><strong>existeret,</strong></span> <span class='ocrx_word' id='word_1_314' title='bbox 1562 3903 1644 3958; x_wconf 91' lang='lat' dir='ltr'><strong>vel</strong></span> <span class='ocrx_word' id='word_1_315' title='bbox 1675 3917 2114 3973; x_wconf 88' lang='lat' dir='ltr'><strong>permansurum,</strong></span> 
     </span>
    </p>
   </div>
   <div class='ocr_carea' id='block_1_41' title="bbox 529 3993 1535 4051">
    <p class='ocr_par' dir='ltr' id='par_1_41' title="bbox 529 3993 1535 4051">
     <span class='ocr_line' id='line_1_41' title="bbox 529 3993 1535 4051; baseline -0.003 -3"><span class='ocrx_word' id='word_1_316' title='bbox 529 3996 612 4051; x_wconf 86' lang='lat' dir='ltr'><strong>vel</strong></span> <span class='ocrx_word' id='word_1_317' title='bbox 644 3995 789 4049; x_wconf 89' lang='lat' dir='ltr'><strong>nullo</strong></span> <span class='ocrx_word' id='word_1_318' title='bbox 818 3993 1141 4049; x_wconf 87' lang='lat' dir='ltr'><strong>succedente</strong></span> <span class='ocrx_word' id='word_1_319' title='bbox 1169 3993 1535 4048; x_wconf 90' lang='lat' dir='ltr'><strong>decessurum.</strong></span> 
     </span>
    </p>
   </div>
   <div class='ocr_carea' id='block_1_42' title="bbox 600 4083 2116 4155">
    <p class='ocr_par' dir='ltr' id='par_1_42' title="bbox 600 4083 2116 4155">
     <span class='ocr_line' id='line_1_42' title="bbox 600 4083 2116 4155; baseline -0.002 -14"><span class='ocrx_word' id='word_1_320' title='bbox 600 4087 690 4141; x_wconf 92' lang='lat'><strong>20.</strong></span> <span class='ocrx_word' id='word_1_321' title='bbox 732 4085 839 4140; x_wconf 88' lang='lat' dir='ltr'><strong>Cur</strong></span> <span class='ocrx_word' id='word_1_322' title='bbox 861 4099 990 4155; x_wconf 89' lang='lat' dir='ltr'><strong>ergo</strong></span> <span class='ocrx_word' id='word_1_323' title='bbox 1018 4095 1072 4140; x_wconf 92' lang='lat' dir='ltr'><strong>et</strong></span> <span class='ocrx_word' id='word_1_324' title='bbox 1092 4085 1158 4139; x_wconf 89' lang='lat' dir='ltr'><strong>de</strong></span> <span class='ocrx_word' id='word_1_325' title='bbox 1187 4083 1402 4138; x_wconf 89' lang='lat' dir='ltr'><strong>homine</strong></span> <span class='ocrx_word' id='word_1_326' title='bbox 1429 4098 1532 4137; x_wconf 92' lang='lat' dir='ltr'><strong>non</strong></span> <span class='ocrx_word' id='word_1_327' title='bbox 1557 4083 1626 4138; x_wconf 89' lang='lat' dir='ltr'><strong>ita</strong></span> <span class='ocrx_word' id='word_1_328' title='bbox 1656 4083 1854 4138; x_wconf 91' lang='lat' dir='ltr'><strong>dictum</strong></span> <span class='ocrx_word' id='word_1_329' title='bbox 1875 4091 1979 4150; x_wconf 90' lang='lat' dir='ltr'><strong>est,</strong></span> <span class='ocrx_word' id='word_1_330' title='bbox 2012 4083 2116 4139; x_wconf 85' lang='lat' dir='ltr'><strong>Fa-</strong></span> 
     </span>
    </p>
   </div>
   <div class='ocr_carea' id='block_1_43' title="bbox 530 4175 2120 4246">
    <p class='ocr_par' dir='ltr' id='par_1_43' title="bbox 530 4175 2120 4246">
     <span class='ocr_line' id='line_1_43' title="bbox 530 4175 2120 4246; baseline -0.002 -13"><span class='ocrx_word' id='word_1_331' title='bbox 530 4178 735 4233; x_wconf 88' lang='lat' dir='ltr'><strong>ciamus</strong></span> <span class='ocrx_word' id='word_1_332' title='bbox 761 4177 1032 4232; x_wconf 88' lang='lat' dir='ltr'><strong>hominem</strong></span> <span class='ocrx_word' id='word_1_333' title='bbox 1071 4176 1135 4231; x_wconf 90' lang='lat' dir='ltr'><strong>ad</strong></span> <span class='ocrx_word' id='word_1_334' title='bbox 1169 4176 1450 4246; x_wconf 84' lang='lat' dir='ltr'><strong>imaginem</strong></span> <span class='ocrx_word' id='word_1_335' title='bbox 1491 4182 1546 4229; x_wconf 93' lang='lat' dir='ltr'><strong>et</strong></span> <span class='ocrx_word' id='word_1_336' title='bbox 1582 4175 1980 4230; x_wconf 90' lang='lat' dir='ltr'><strong>similitudinem</strong></span> <span class='ocrx_word' id='word_1_337' title='bbox 2025 4192 2120 4230; x_wconf 86' lang='lat' dir='ltr'><strong>no-</strong></span> 
     </span>
    </p>
   </div>
   <div class='ocr_carea' id='block_1_44' title="bbox 530 4265 2120 4338">
    <p class='ocr_par' dir='ltr' id='par_1_44' title="bbox 530 4265 2120 4338">
     <span class='ocr_line' id='line_1_44' title="bbox 530 4265 2120 4338; baseline -0.002 -13"><span class='ocrx_word' id='word_1_338' title='bbox 530 4278 718 4332; x_wconf 84' lang='lat' dir='ltr'><strong>stram.</strong></span> <span class='ocrx_word' id='word_1_339' title='bbox 766 4267 1056 4324; x_wconf 90' lang='lat' dir='ltr'><strong>secundum</strong></span> <span class='ocrx_word' id='word_1_340' title='bbox 1099 4281 1306 4338; x_wconf 90' lang='lat' dir='ltr'><strong>genus,</strong></span> <span class='ocrx_word' id='word_1_341' title='bbox 1359 4280 1478 4320; x_wconf 92' lang='lat' dir='ltr'><strong>cum</strong></span> <span class='ocrx_word' id='word_1_342' title='bbox 1523 4273 1577 4320; x_wconf 91' lang='lat' dir='ltr'><strong>et</strong></span> <span class='ocrx_word' id='word_1_343' title='bbox 1616 4265 1845 4320; x_wconf 91' lang='lat' dir='ltr'><strong>hominis</strong></span> <span class='ocrx_word' id='word_1_344' title='bbox 1886 4281 2120 4338; x_wconf 88' lang='lat' dir='ltr'><strong>propago</strong></span> 
     </span>
    </p>
   </div>
   <div class='ocr_carea' id='block_1_45' title="bbox 532 4356 2118 4431">
    <p class='ocr_par' dir='ltr' id='par_1_45' title="bbox 532 4356 2118 4431">
     <span class='ocr_line' id='line_1_45' title="bbox 532 4356 2118 4431; baseline -0.004 -13"><span class='ocrx_word' id='word_1_345' title='bbox 532 4361 809 4418; x_wconf 88' lang='lat' dir='ltr'><strong>manifesta</strong></span> <span class='ocrx_word' id='word_1_346' title='bbox 831 4362 940 4417; x_wconf 87' lang='lat' dir='ltr'><strong>sit?</strong></span> <span class='ocrx_word' id='word_1_347' title='bbox 965 4362 1047 4416; x_wconf 84' lang='lat' dir='ltr'><strong>An</strong></span> <span class='ocrx_word' id='word_1_348' title='bbox 1068 4359 1189 4431; x_wconf 91' lang='lat' dir='ltr'><strong>quia</strong></span> <span class='ocrx_word' id='word_1_349' title='bbox 1218 4374 1323 4414; x_wconf 92' lang='lat' dir='ltr'><strong>non</strong></span> <span class='ocrx_word' id='word_1_350' title='bbox 1352 4359 1420 4414; x_wconf 90' lang='lat' dir='ltr'><strong>ita</strong></span> <span class='ocrx_word' id='word_1_351' title='bbox 1451 4359 1592 4415; x_wconf 87' lang='lat' dir='ltr'><strong>Deus</strong></span> <span class='ocrx_word' id='word_1_352' title='bbox 1622 4356 1820 4413; x_wconf 83' lang='lat' dir='ltr'><strong>fecerat</strong></span> <span class='ocrx_word' id='word_1_353' title='bbox 1849 4358 2118 4413; x_wconf 86' lang='lat' dir='ltr'><strong>hominem</strong></span> 
     </span>
    </p>
   </div>
   <div class='ocr_carea' id='block_1_46' title="bbox 531 4449 2121 4523">
    <p class='ocr_par' dir='ltr' id='par_1_46' title="bbox 531 4449 2121 4523">
     <span class='ocr_line' id='line_1_46' title="bbox 531 4449 2121 4523; baseline -0.003 -14"><span class='ocrx_word' id='word_1_354' title='bbox 531 4464 593 4510; x_wconf 88' lang='lat' dir='ltr'><strong>tit</strong></span> <span class='ocrx_word' id='word_1_355' title='bbox 616 4461 934 4518; x_wconf 90' lang='lat' dir='ltr'><strong>moreretur,</strong></span> <span class='ocrx_word' id='word_1_356' title='bbox 963 4453 1005 4507; x_wconf 93' lang='lat' dir='ltr'><strong>si</strong></span> <span class='ocrx_word' id='word_1_357' title='bbox 1039 4459 1361 4523; x_wconf 77' lang='lat' dir='ltr'><strong>praeceptum</strong></span> <span class='ocrx_word' id='word_1_358' title='bbox 1389 4465 1603 4506; x_wconf 85' lang='lat' dir='ltr'><strong>servare</strong></span> <span class='ocrx_word' id='word_1_359' title='bbox 1622 4449 1898 4513; x_wconf 86' lang='lat' dir='ltr'><strong>voluisset,</strong></span> <span class='ocrx_word' id='word_1_360' title='bbox 1923 4459 1973 4505; x_wconf 91' lang='lat' dir='ltr'><strong>et</strong></span> <span class='ocrx_word' id='word_1_361' title='bbox 2001 4451 2121 4505; x_wconf 91' lang='lat' dir='ltr'><strong>ideo</strong></span> 
     </span>
    </p>
   </div>
   <div class='ocr_carea' id='block_1_47' title="bbox 533 4543 2121 4614">
    <p class='ocr_par' dir='ltr' id='par_1_47' title="bbox 533 4543 2121 4614">
     <span class='ocr_line' id='line_1_47' title="bbox 533 4543 2121 4614; baseline -0.002 -13"><span class='ocrx_word' id='word_1_362' title='bbox 533 4562 641 4602; x_wconf 91' lang='lat' dir='ltr'><strong>non</strong></span> <span class='ocrx_word' id='word_1_363' title='bbox 679 4555 794 4600; x_wconf 92' lang='lat' dir='ltr'><strong>erat</strong></span> <span class='ocrx_word' id='word_1_364' title='bbox 832 4545 1164 4600; x_wconf 89' lang='lat' dir='ltr'><strong>necessarius</strong></span> <span class='ocrx_word' id='word_1_365' title='bbox 1201 4543 1471 4600; x_wconf 87' lang='lat' dir='ltr'><strong>decessori</strong></span> <span class='ocrx_word' id='word_1_366' title='bbox 1511 4557 1792 4599; x_wconf 87' lang='lat' dir='ltr'><strong>successor</strong></span> <span class='ocrx_word' id='word_1_367' title='bbox 1829 4561 1843 4597; x_wconf 88' lang='lat'><strong>:</strong></span> <span class='ocrx_word' id='word_1_368' title='bbox 1875 4543 1969 4598; x_wconf 89' lang='lat' dir='ltr'><strong>sed</strong></span> <span class='ocrx_word' id='word_1_369' title='bbox 2001 4553 2121 4614; x_wconf 87' lang='lat' dir='ltr'><strong>post</strong></span> 
     </span>
    </p>
   </div>
   <div class='ocr_carea' id='block_1_48' title="bbox 534 4635 2118 4710">
    <p class='ocr_par' dir='ltr' id='par_1_48' title="bbox 534 4635 2118 4710">
     <span class='ocr_line' id='line_1_48' title="bbox 534 4635 2118 4710; baseline -0.001 -18"><span class='ocrx_word' id='word_1_370' title='bbox 534 4647 809 4710; x_wconf 84' lang='lat' dir='ltr'><strong>peccatum</strong></span> <span class='ocrx_word' id='word_1_371' title='bbox 839 4646 1176 4707; x_wconf 89' lang='lat' dir='ltr'><strong>comparatus</strong></span> <span class='ocrx_word' id='word_1_372' title='bbox 1201 4645 1284 4690; x_wconf 89' lang='lat' dir='ltr'><strong>est</strong></span> <span class='ocrx_word' id='word_1_373' title='bbox 1309 4635 1590 4706; x_wconf 88' lang='lat' dir='ltr'><strong>pecoribus</strong></span> <span class='ocrx_word' id='word_1_374' title='bbox 1621 4635 1904 4690; x_wconf 90' lang='lat' dir='ltr'><strong>insensatis</strong></span> <span class='ocrx_word' id='word_1_375' title='bbox 1922 4677 1936 4698; x_wconf 93' lang='lat'><strong>,</strong></span> <span class='ocrx_word' id='word_1_376' title='bbox 1961 4644 2015 4690; x_wconf 87' lang='lat' dir='ltr'><strong>et</strong></span> <span class='ocrx_word' id='word_1_377' title='bbox 2043 4636 2118 4690; x_wconf 88' lang='lat' dir='ltr'><strong>si-</strong></span> 
     </span>
    </p>
   </div>
   <div class='ocr_carea' id='block_1_49' title="bbox 534 4726 2121 4802">
    <p class='ocr_par' dir='ltr' id='par_1_49' title="bbox 534 4726 2121 4802">
     <span class='ocr_line' id='line_1_49' title="bbox 534 4726 2121 4802; baseline -0.002 -16"><span class='ocrx_word' id='word_1_378' title='bbox 534 4730 676 4786; x_wconf 85' lang='lat' dir='ltr'><strong>milis</strong></span> <span class='ocrx_word' id='word_1_379' title='bbox 704 4729 872 4785; x_wconf 87' lang='lat' dir='ltr'><strong>factus</strong></span> <span class='ocrx_word' id='word_1_380' title='bbox 895 4740 975 4786; x_wconf 92' lang='lat' dir='ltr'><strong>est</strong></span> <span class='ocrx_word' id='word_1_381' title='bbox 997 4731 1077 4786; x_wconf 90' lang='lat' dir='ltr'><strong>eis</strong></span> <span class='ocrx_word' id='word_1_382' title='bbox 1103 4729 1275 4802; x_wconf 79' lang='lat' dir='ltr'><strong>(Psal.</strong></span> <span class='ocrx_word' id='word_1_383' title='bbox 1304 4743 1484 4791; x_wconf 75' lang='lat' dir='ltr'><strong>XLVIII,</strong></span> <span class='ocrx_word' id='word_1_384' title='bbox 1516 4728 1641 4798; x_wconf 74' lang='lat' dir='ltr'><strong>t3);</strong></span> <span class='ocrx_word' id='word_1_385' title='bbox 1673 4736 1731 4782; x_wconf 91' lang='lat' dir='ltr'><strong>ut</strong></span> <span class='ocrx_word' id='word_1_386' title='bbox 1753 4727 1862 4797; x_wconf 89' lang='lat' dir='ltr'><strong>jam</strong></span> <span class='ocrx_word' id='word_1_387' title='bbox 1895 4726 1986 4781; x_wconf 86' lang='lat' dir='ltr'><strong>ﬁlii</strong></span> <span class='ocrx_word' id='word_1_388' title='bbox 2014 4742 2121 4783; x_wconf 67' lang='lat' dir='ltr'><strong>sae-</strong></span> 
     </span>
    </p>
   </div>
   <div class='ocr_carea' id='block_1_50' title="bbox 535 4819 2120 4893">
    <p class='ocr_par' dir='ltr' id='par_1_50' title="bbox 535 4819 2120 4893">
     <span class='ocr_line' id='line_1_50' title="bbox 535 4819 2120 4893; baseline -0.004 -14"><span class='ocrx_word' id='word_1_389' title='bbox 535 4825 639 4879; x_wconf 91' lang='lat' dir='ltr'><strong>culi</strong></span> <span class='ocrx_word' id='word_1_390' title='bbox 666 4823 820 4893; x_wconf 90' lang='lat' dir='ltr'><strong>hujus</strong></span> <span class='ocrx_word' id='word_1_391' title='bbox 843 4830 1098 4893; x_wconf 89' lang='lat' dir='ltr'><strong>generent</strong></span> <span class='ocrx_word' id='word_1_392' title='bbox 1129 4830 1184 4877; x_wconf 90' lang='lat' dir='ltr'><strong>et</strong></span> <span class='ocrx_word' id='word_1_393' title='bbox 1209 4828 1550 4892; x_wconf 88' lang='lat' dir='ltr'><strong>generentur,</strong></span> <span class='ocrx_word' id='word_1_394' title='bbox 1578 4833 1687 4888; x_wconf 91' lang='lat' dir='ltr'><strong>quo</strong></span> <span class='ocrx_word' id='word_1_395' title='bbox 1715 4819 1880 4888; x_wconf 86' lang='lat' dir='ltr'><strong>possit</strong></span> <span class='ocrx_word' id='word_1_396' title='bbox 1917 4826 2120 4874; x_wconf 89' lang='lat' dir='ltr'><strong>morta-</strong></span> 
     </span>
    </p>
   </div>
   <div class='ocr_carea' id='block_1_51' title="bbox 539 4909 2120 4984">
    <p class='ocr_par' dir='ltr' id='par_1_51' title="bbox 539 4909 2120 4984">
     <span class='ocr_line' id='line_1_51' title="bbox 539 4909 2120 4984; baseline -0.004 -14"><span class='ocrx_word' id='word_1_397' title='bbox 539 4915 668 4970; x_wconf 89' lang='lat' dir='ltr'><strong>lium</strong></span> <span class='ocrx_word' id='word_1_398' title='bbox 695 4929 862 4984; x_wconf 89' lang='lat' dir='ltr'><strong>genus</strong></span> <span class='ocrx_word' id='word_1_399' title='bbox 889 4923 1096 4968; x_wconf 87' lang='lat' dir='ltr'><strong>servata</strong></span> <span class='ocrx_word' id='word_1_400' title='bbox 1125 4913 1466 4967; x_wconf 88' lang='lat' dir='ltr'><strong>successione</strong></span> <span class='ocrx_word' id='word_1_401' title='bbox 1494 4909 1824 4964; x_wconf 87' lang='lat' dir='ltr'><strong>subsistere?</strong></span> <span class='ocrx_word' id='word_1_402' title='bbox 1847 4909 1985 4977; x_wconf 85' lang='lat' dir='ltr'><strong>Quid</strong></span> <span class='ocrx_word' id='word_1_403' title='bbox 2020 4910 2120 4964; x_wconf 89' lang='lat' dir='ltr'><strong>sibi</strong></span> 
     </span>
    </p>
   </div>
   <div class='ocr_carea' id='block_1_52' title="bbox 489 5001 2124 5079">
    <p class='ocr_par' dir='ltr' id='par_1_52' title="bbox 489 5001 2124 5079">
     <span class='ocr_line' id='line_1_52' title="bbox 489 5001 2124 5079; baseline -0.006 -16"><span class='ocrx_word' id='word_1_404' title='bbox 489 5023 500 5041; x_wconf 68' lang='grc' dir='ltr'>ι</span> <span class='ocrx_word' id='word_1_405' title='bbox 538 5024 667 5079; x_wconf 87' lang='lat' dir='ltr'><strong>ergo</strong></span> <span class='ocrx_word' id='word_1_406' title='bbox 696 5007 808 5061; x_wconf 89' lang='lat' dir='ltr'><strong>vult</strong></span> <span class='ocrx_word' id='word_1_407' title='bbox 835 5015 953 5076; x_wconf 89' lang='lat' dir='ltr'><strong>post</strong></span> <span class='ocrx_word' id='word_1_408' title='bbox 971 5005 1240 5060; x_wconf 91' lang='lat' dir='ltr'><strong>hominem</strong></span> <span class='ocrx_word' id='word_1_409' title='bbox 1258 5004 1452 5057; x_wconf 90' lang='lat' dir='ltr'><strong>factum</strong></span> <span class='ocrx_word' id='word_1_410' title='bbox 1471 5002 1556 5055; x_wconf 91' lang='lat' dir='ltr'><strong>illa</strong></span> <span class='ocrx_word' id='word_1_411' title='bbox 1575 5001 1891 5067; x_wconf 88' lang='lat' dir='ltr'><strong>benedictio,</strong></span> <span class='ocrx_word' id='word_1_412' title='bbox 1907 5001 2124 5055; x_wconf 78' lang='lat' dir='ltr'><strong>Crescite</strong></span> 
     </span>
    </p>
   </div>
   <div class='ocr_carea' id='block_1_53' title="bbox 539 5094 2120 5171">
    <p class='ocr_par' dir='ltr' id='par_1_53' title="bbox 539 5094 2120 5171">
     <span class='ocr_line' id='line_1_53' title="bbox 539 5094 2120 5171; baseline -0.005 -16"><span class='ocrx_word' id='word_1_413' title='bbox 539 5111 589 5155; x_wconf 89' lang='lat' dir='ltr'><strong>et</strong></span> <span class='ocrx_word' id='word_1_414' title='bbox 620 5098 1066 5170; x_wconf 86' lang='lat' dir='ltr'><strong>multiplicamini,</strong></span> <span class='ocrx_word' id='word_1_415' title='bbox 1095 5105 1141 5150; x_wconf 90' lang='lat' dir='ltr'><strong>et</strong></span> <span class='ocrx_word' id='word_1_416' title='bbox 1165 5094 1371 5171; x_wconf 85' lang='lat' dir='ltr'><strong>implete</strong></span> <span class='ocrx_word' id='word_1_417' title='bbox 1397 5105 1610 5158; x_wconf 84' lang='lat' dir='ltr'><strong>terram;</strong></span> <span class='ocrx_word' id='word_1_418' title='bbox 1636 5094 1778 5163; x_wconf 90' lang='lat' dir='ltr'><strong>quod</strong></span> <span class='ocrx_word' id='word_1_419' title='bbox 1803 5095 1982 5164; x_wconf 86' lang='lat' dir='ltr'><strong>utique</strong></span> <span class='ocrx_word' id='word_1_420' title='bbox 2009 5094 2120 5148; x_wconf 81' lang='lat' dir='ltr'><strong>fieri</strong></span> 
     </span>
    </p>
   </div>
   <div class='ocr_carea' id='block_1_54' title="bbox 467 5186 2120 5268">
    <p class='ocr_par' dir='ltr' id='par_1_54' title="bbox 467 5186 2120 5268">
     <span class='ocr_line' id='line_1_54' title="bbox 467 5186 2120 5268; baseline -0.003 -23"><span class='ocrx_word' id='word_1_421' title='bbox 467 5235 478 5268; x_wconf 13' lang='grc' dir='ltr'><strong>κ.</strong></span> <span class='ocrx_word' id='word_1_422' title='bbox 540 5201 721 5262; x_wconf 90' lang='lat' dir='ltr'><strong>posset</strong></span> <span class='ocrx_word' id='word_1_423' title='bbox 745 5189 1083 5260; x_wconf 88' lang='lat' dir='ltr'><strong>generando?</strong></span> <span class='ocrx_word' id='word_1_424' title='bbox 1111 5189 1192 5243; x_wconf 82' lang='lat' dir='ltr'><strong>An</strong></span> <span class='ocrx_word' id='word_1_425' title='bbox 1237 5187 1366 5242; x_wconf 92' lang='lat' dir='ltr'><strong>nihil</strong></span> <span class='ocrx_word' id='word_1_426' title='bbox 1413 5187 1535 5242; x_wconf 90' lang='lat' dir='ltr'><strong>hinc</strong></span> <span class='ocrx_word' id='word_1_427' title='bbox 1565 5195 1770 5240; x_wconf 91' lang='lat' dir='ltr'><strong>temere</strong></span> <span class='ocrx_word' id='word_1_428' title='bbox 1803 5186 2084 5240; x_wconf 89' lang='lat' dir='ltr'><strong>dicendum</strong></span> <span class='ocrx_word' id='word_1_429' title='bbox 2105 5227 2120 5250; x_wconf 96' lang='lat'><strong>,</strong></span> 
     </span>
    </p>
   </div>
   <div class='ocr_carea' id='block_1_55' title="bbox 471 5277 2126 5350">
    <p class='ocr_par' dir='ltr' id='par_1_55' title="bbox 471 5277 2126 5350">
     <span class='ocr_line' id='line_1_55' title="bbox 471 5277 2126 5350; baseline -0.005 -10"><span class='ocrx_word' id='word_1_430' title='bbox 471 5297 480 5302; x_wconf 89' lang='lat'>&#39;</span> <span class='ocrx_word' id='word_1_431' title='bbox 539 5283 711 5340; x_wconf 89' lang='lat' dir='ltr'><strong>donec</strong></span> <span class='ocrx_word' id='word_1_432' title='bbox 731 5281 798 5337; x_wconf 89' lang='lat' dir='ltr'><strong>ad</strong></span> <span class='ocrx_word' id='word_1_433' title='bbox 823 5297 944 5335; x_wconf 87' lang='lat' dir='ltr'><strong>eum</strong></span> <span class='ocrx_word' id='word_1_434' title='bbox 965 5281 1253 5350; x_wconf 67' lang='lat' dir='ltr'><strong>Scriptura:</strong></span> <span class='ocrx_word' id='word_1_435' title='bbox 1279 5279 1452 5333; x_wconf 92' lang='lat' dir='ltr'><strong>locum</strong></span> <span class='ocrx_word' id='word_1_436' title='bbox 1478 5278 1863 5347; x_wconf 88' lang='lat' dir='ltr'><strong>perveniamus,</strong></span> <span class='ocrx_word' id='word_1_437' title='bbox 1891 5277 1976 5331; x_wconf 88' lang='lat' dir='ltr'><strong>ubi</strong></span> <span class='ocrx_word' id='word_1_438' title='bbox 2006 5277 2126 5332; x_wconf 90' lang='lat' dir='ltr'><strong>dili-</strong></span> 
     </span>
    </p>
   </div>
   <div class='ocr_carea' id='block_1_56' title="bbox 541 5369 2126 5446">
    <p class='ocr_par' dir='ltr' id='par_1_56' title="bbox 541 5369 2126 5446">
     <span class='ocr_line' id='line_1_56' title="bbox 541 5369 2126 5446; baseline -0.003 -15"><span class='ocrx_word' id='word_1_439' title='bbox 541 5376 751 5446; x_wconf 85' lang='lat' dir='ltr'><strong>gentius</strong></span> <span class='ocrx_word' id='word_1_440' title='bbox 788 5374 883 5428; x_wconf 92' lang='lat' dir='ltr'><strong>ista</strong></span> <span class='ocrx_word' id='word_1_441' title='bbox 911 5373 1224 5443; x_wconf 87' lang='lat' dir='ltr'><strong>requirenda</strong></span> <span class='ocrx_word' id='word_1_442' title='bbox 1251 5381 1410 5441; x_wconf 88' lang='lat' dir='ltr'><strong>atque</strong></span> <span class='ocrx_word' id='word_1_443' title='bbox 1441 5369 1709 5426; x_wconf 88' lang='lat' dir='ltr'><strong>tractanda</strong></span> <span class='ocrx_word' id='word_1_444' title='bbox 1745 5371 1910 5426; x_wconf 89' lang='lat' dir='ltr'><strong>sunt?</strong></span> <span class='ocrx_word' id='word_1_445' title='bbox 1943 5372 2126 5429; x_wconf 89' lang='lat' dir='ltr'><strong>Potest</strong></span> 
     </span>
    </p>
   </div>
   <div class='ocr_carea' id='block_1_57' title="bbox 469 5457 2125 5532">
    <p class='ocr_par' dir='ltr' id='par_1_57' title="bbox 469 5457 2125 5532">
     <span class='ocr_line' id='line_1_57' title="bbox 469 5457 2125 5532; baseline 0 -11"><span class='ocrx_word' id='word_1_446' title='bbox 541 5467 683 5522; x_wconf 91' lang='lat' dir='ltr'><strong>enim</strong></span> <span class='ocrx_word' id='word_1_447' title='bbox 721 5481 860 5520; x_wconf 93' lang='lat' dir='ltr'><strong>nunc</strong></span> <span class='ocrx_word' id='word_1_448' title='bbox 904 5466 1130 5519; x_wconf 90' lang='lat' dir='ltr'><strong>fortasse</strong></span> <span class='ocrx_word' id='word_1_449' title='bbox 1169 5463 1436 5527; x_wconf 89' lang='lat' dir='ltr'><strong>sufficere,</strong></span> <span class='ocrx_word' id='word_1_450' title='bbox 1475 5471 1756 5532; x_wconf 89' lang='lat' dir='ltr'><strong>propterea</strong></span> <span class='ocrx_word' id='word_1_451' title='bbox 1802 5462 1869 5517; x_wconf 90' lang='lat' dir='ltr'><strong>de</strong></span> <span class='ocrx_word' id='word_1_452' title='bbox 1907 5465 2125 5521; x_wconf 88' lang='lat' dir='ltr'><strong>homine</strong></span> 
     </span>
    </p>
   </div>
   <div class='ocr_carea' id='block_1_58' title="bbox 468 5543 2120 5627">
    <p class='ocr_par' dir='ltr' id='par_1_58' title="bbox 468 5543 2120 5627">
     <span class='ocr_line' id='line_1_58' title="bbox 468 5543 2120 5627; baseline -0.002 -12"><span class='ocrx_word' id='word_1_453' title='bbox 468 5543 512 5627; x_wconf 61' lang='grc' dir='ltr'><em>ἐ</em></span> <span class='ocrx_word' id='word_1_454' title='bbox 540 5573 648 5615; x_wconf 85' lang='lat' dir='ltr'><strong>non</strong></span> <span class='ocrx_word' id='word_1_455' title='bbox 675 5556 876 5612; x_wconf 91' lang='lat' dir='ltr'><strong>dictum</strong></span> <span class='ocrx_word' id='word_1_456' title='bbox 903 5571 1022 5612; x_wconf 89' lang='lat' dir='ltr'><strong>esse</strong></span> <span class='ocrx_word' id='word_1_457' title='bbox 1043 5598 1058 5623; x_wconf 95' lang='lat'><strong>,</strong></span> <span class='ocrx_word' id='word_1_458' title='bbox 1086 5555 1360 5609; x_wconf 81' lang='lat' dir='ltr'><strong>secundant</strong></span> <span class='ocrx_word' id='word_1_459' title='bbox 1386 5570 1576 5625; x_wconf 89' lang='lat' dir='ltr'><strong>genus,</strong></span> <span class='ocrx_word' id='word_1_460' title='bbox 1607 5554 1726 5624; x_wconf 91' lang='lat' dir='ltr'><strong>quia</strong></span> <span class='ocrx_word' id='word_1_461' title='bbox 1759 5570 1894 5610; x_wconf 88' lang='lat' dir='ltr'><strong>unus</strong></span> <span class='ocrx_word' id='word_1_462' title='bbox 1932 5555 2120 5626; x_wconf 83' lang='lat' dir='ltr'><strong>fiebat,</strong></span> 
     </span>
    </p>
   </div>
   <div class='ocr_carea' id='block_1_59' title="bbox 604 5689 1874 5753">
    <p class='ocr_par' dir='ltr' id='par_1_59' title="bbox 604 5689 1874 5753">
     <span class='ocr_line' id='line_1_59' title="bbox 604 5689 1874 5753; baseline -0.001 -14"><span class='ocrx_word' id='word_1_463' title='bbox 604 5693 621 5753; x_wconf 53' lang='grc' dir='ltr'><strong><em>ε</em></strong></span> <span class='ocrx_word' id='word_1_464' title='bbox 643 5698 692 5739; x_wconf 89' lang='lat' dir='ltr'><strong>In</strong></span> <span class='ocrx_word' id='word_1_465' title='bbox 717 5689 933 5753; x_wconf 77' lang='lat' dir='ltr'><strong>plurimis</strong></span> <span class='ocrx_word' id='word_1_466' title='bbox 955 5698 1007 5739; x_wconf 89' lang='lat' dir='ltr'><strong>et</strong></span> <span class='ocrx_word' id='word_1_467' title='bbox 1023 5693 1361 5753; x_wconf 54' lang='lat' dir='ltr'><strong>optiintenotg</strong></span> <span class='ocrx_word' id='word_1_468' title='bbox 1385 5697 1516 5753; x_wconf 59' lang='lat' dir='ltr'><strong>Mss,</strong></span> <span class='ocrx_word' id='word_1_469' title='bbox 1543 5694 1874 5753; x_wconf 73' lang='lat' dir='ltr'><strong>narrarentur.</strong></span> 
     </span>
    </p>
   </div>
   <div class='ocr_carea' id='block_1_60' title="bbox 602 5749 2108 5814">
    <p class='ocr_par' dir='ltr' id='par_1_60' title="bbox 602 5749 2108 5814">
     <span class='ocr_line' id='line_1_60' title="bbox 602 5749 2108 5814; baseline -0.003 -10"><span class='ocrx_word' id='word_1_470' title='bbox 602 5752 627 5787; x_wconf 79' lang='grc'><strong><em>⁸</em></strong></span> <span class='ocrx_word' id='word_1_471' title='bbox 645 5749 754 5804; x_wconf 65' lang='lat' dir='ltr'><strong>Uss.</strong></span> <span class='ocrx_word' id='word_1_472' title='bbox 778 5751 1032 5807; x_wconf 87' lang='lat' dir='ltr'><strong>tredecim.</strong></span> <span class='ocrx_word' id='word_1_473' title='bbox 1054 5749 1408 5804; x_wconf 55' lang='lat' dir='ltr'><strong>succedentem</strong></span> <span class='ocrx_word' id='word_1_474' title='bbox 1424 5750 1486 5802; x_wconf 83' lang='lat' dir='ltr'><strong>de</strong></span> <span class='ocrx_word' id='word_1_475' title='bbox 1502 5750 1873 5804; x_wconf 79' lang='lat' dir='ltr'><strong>succedentilnts.</strong></span> <span class='ocrx_word' id='word_1_476' title='bbox 1950 5783 1969 5794; x_wconf 82' lang='lat'><strong>.</strong></span> <span class='ocrx_word' id='word_1_477' title='bbox 1986 5760 2062 5813; x_wconf 59' lang='lat' dir='ltr'><strong>«at</strong></span> <span class='ocrx_word' id='word_1_478' title='bbox 2077 5756 2108 5814; x_wconf 64' lang='grc' dir='ltr'><strong>ἧι</strong></span> 
     </span>
    </p>
   </div>
   <div class='ocr_carea' id='block_1_61' title="bbox 1408 298 2836 371">
    <p class='ocr_par' dir='ltr' id='par_1_61' title="bbox 1408 298 2836 371">
     <span class='ocr_line' id='line_1_61' title="bbox 1408 298 2836 371; baseline 0.004 -14"><span class='ocrx_word' id='word_1_479' title='bbox 1408 301 1502 358; x_wconf 81' lang='lat' dir='ltr'><strong>DE</strong></span> <span class='ocrx_word' id='word_1_480' title='bbox 1533 299 1778 358; x_wconf 83' lang='lat' dir='ltr'><strong>GENESI</strong></span> <span class='ocrx_word' id='word_1_481' title='bbox 1819 301 1908 355; x_wconf 87' lang='lat' dir='ltr'><strong>AD</strong></span> <span class='ocrx_word' id='word_1_482' title='bbox 1947 298 2327 371; x_wconf 83' lang='lat' dir='ltr'><strong>LITTERAM,</strong></span> <span class='ocrx_word' id='word_1_483' title='bbox 2368 303 2427 359; x_wconf 92' lang='lat' dir='ltr'><strong>S.</strong></span> <span class='ocrx_word' id='word_1_484' title='bbox 2468 303 2836 362; x_wconf 78' lang='lat' dir='ltr'><strong>AUGUSTINI</strong></span> 
     </span>
    </p>
   </div>
   <div class='ocr_carea' id='block_1_62' title="bbox 2213 407 3812 492">
    <p class='ocr_par' dir='ltr' id='par_1_62' title="bbox 2213 407 3812 492">
     <span class='ocr_line' id='line_1_62' title="bbox 2213 407 3812 492; baseline 0.006 -24"><span class='ocrx_word' id='word_1_485' title='bbox 2213 415 2281 470; x_wconf 89' lang='lat' dir='ltr'><strong>de</strong></span> <span class='ocrx_word' id='word_1_486' title='bbox 2300 431 2406 486; x_wconf 94' lang='lat' dir='ltr'><strong>quo</strong></span> <span class='ocrx_word' id='word_1_487' title='bbox 2426 417 2584 473; x_wconf 87' lang='lat' dir='ltr'><strong>etiam</strong></span> <span class='ocrx_word' id='word_1_488' title='bbox 2609 417 2804 473; x_wconf 79' lang='lat' dir='ltr'><strong>femina</strong></span> <span class='ocrx_word' id='word_1_489' title='bbox 2821 407 2959 474; x_wconf 81' lang='lat' dir='ltr'><strong>facta</strong></span> <span class='ocrx_word' id='word_1_490' title='bbox 2982 428 3082 475; x_wconf 90' lang='lat' dir='ltr'><strong>est.</strong></span> <span class='ocrx_word' id='word_1_491' title='bbox 3105 407 3221 475; x_wconf 84' lang='lat' dir='ltr'><strong>Non</strong></span> <span class='ocrx_word' id='word_1_492' title='bbox 3249 419 3389 474; x_wconf 90' lang='lat' dir='ltr'><strong>enim</strong></span> <span class='ocrx_word' id='word_1_493' title='bbox 3417 421 3579 475; x_wconf 88' lang='lat' dir='ltr'><strong>multa</strong></span> <span class='ocrx_word' id='word_1_494' title='bbox 3601 436 3812 492; x_wconf 84' lang='lat' dir='ltr'><strong>genera</strong></span> 
     </span>
    </p>
   </div>
   <div class='ocr_carea' id='block_1_63' title="bbox 2214 506 3813 582">
    <p class='ocr_par' dir='ltr' id='par_1_63' title="bbox 2214 506 3813 582">
     <span class='ocr_line' id='line_1_63' title="bbox 2214 506 3813 582; baseline 0.004 -21"><span class='ocrx_word' id='word_1_495' title='bbox 2214 506 2513 578; x_wconf 88' lang='lat' dir='ltr'><strong>hominum,</strong></span> <span class='ocrx_word' id='word_1_496' title='bbox 2541 509 2676 565; x_wconf 86' lang='lat' dir='ltr'><strong>sicut</strong></span> <span class='ocrx_word' id='word_1_497' title='bbox 2701 509 3010 576; x_wconf 87' lang='lat' dir='ltr'><strong>herbarum,</strong></span> <span class='ocrx_word' id='word_1_498' title='bbox 3043 511 3326 582; x_wconf 89' lang='lat' dir='ltr'><strong>lignorum,</strong></span> <span class='ocrx_word' id='word_1_499' title='bbox 3361 511 3616 582; x_wconf 88' lang='lat' dir='ltr'><strong>piscium,</strong></span> <span class='ocrx_word' id='word_1_500' title='bbox 3651 513 3813 567; x_wconf 84' lang='lat' dir='ltr'><strong>vola-</strong></span> 
     </span>
    </p>
   </div>
   <div class='ocr_carea' id='block_1_64' title="bbox 2213 600 3814 673">
    <p class='ocr_par' dir='ltr' id='par_1_64' title="bbox 2213 600 3814 673">
     <span class='ocr_line' id='line_1_64' title="bbox 2213 600 3814 673; baseline 0.004 -20"><span class='ocrx_word' id='word_1_501' title='bbox 2213 600 2408 665; x_wconf 89' lang='lat' dir='ltr'><strong>tilium,</strong></span> <span class='ocrx_word' id='word_1_502' title='bbox 2436 603 2784 670; x_wconf 85' lang='lat' dir='ltr'><strong>serpentium,</strong></span> <span class='ocrx_word' id='word_1_503' title='bbox 2799 617 3073 673; x_wconf 89' lang='lat' dir='ltr'><strong>pecorum,</strong></span> <span class='ocrx_word' id='word_1_504' title='bbox 3095 602 3412 657; x_wconf 86' lang='lat' dir='ltr'><strong>bestiarum:</strong></span> <span class='ocrx_word' id='word_1_505' title='bbox 3436 613 3492 656; x_wconf 90' lang='lat' dir='ltr'><strong>ut</strong></span> <span class='ocrx_word' id='word_1_506' title='bbox 3511 605 3588 658; x_wconf 90' lang='lat' dir='ltr'><strong>sic</strong></span> <span class='ocrx_word' id='word_1_507' title='bbox 3603 603 3814 660; x_wconf 87' lang='lat' dir='ltr'><strong>dictum</strong></span> 
     </span>
    </p>
   </div>
   <div class='ocr_carea' id='block_1_65' title="bbox 2213 691 3812 764">
    <p class='ocr_par' dir='ltr' id='par_1_65' title="bbox 2213 691 3812 764">
     <span class='ocr_line' id='line_1_65' title="bbox 2213 691 3812 764; baseline 0.003 -20"><span class='ocrx_word' id='word_1_508' title='bbox 2213 691 2555 760; x_wconf 87' lang='lat' dir='ltr'><strong>accipiamus.</strong></span> <span class='ocrx_word' id='word_1_509' title='bbox 2580 692 2854 747; x_wconf 81' lang='lat' dir='ltr'><strong>secundum</strong></span> <span class='ocrx_word' id='word_1_510' title='bbox 2873 709 3048 764; x_wconf 87' lang='lat' dir='ltr'><strong>genus,</strong></span> <span class='ocrx_word' id='word_1_511' title='bbox 3064 708 3125 747; x_wconf 88' lang='lat' dir='ltr'><strong>ac</strong></span> <span class='ocrx_word' id='word_1_512' title='bbox 3145 693 3188 748; x_wconf 89' lang='lat' dir='ltr'><strong>si</strong></span> <span class='ocrx_word' id='word_1_513' title='bbox 3205 693 3474 748; x_wconf 86' lang='lat' dir='ltr'><strong>diceretur</strong></span> <span class='ocrx_word' id='word_1_514' title='bbox 3487 696 3812 763; x_wconf 74' lang='lat' dir='ltr'><strong>generatim,</strong></span> 
     </span>
    </p>
   </div>
   <div class='ocr_carea' id='block_1_66' title="bbox 2215 782 3814 855">
    <p class='ocr_par' dir='ltr' id='par_1_66' title="bbox 2215 782 3814 855">
     <span class='ocr_line' id='line_1_66' title="bbox 2215 782 3814 855; baseline 0.002 -19"><span class='ocrx_word' id='word_1_515' title='bbox 2215 791 2274 836; x_wconf 90' lang='lat' dir='ltr'><strong>ut</strong></span> <span class='ocrx_word' id='word_1_516' title='bbox 2300 782 2439 837; x_wconf 90' lang='lat' dir='ltr'><strong>inter</strong></span> <span class='ocrx_word' id='word_1_517' title='bbox 2463 797 2522 838; x_wconf 90' lang='lat' dir='ltr'><strong>se</strong></span> <span class='ocrx_word' id='word_1_518' title='bbox 2552 783 2740 837; x_wconf 63' lang='lat' dir='ltr'><strong>similia</strong></span> <span class='ocrx_word' id='word_1_519' title='bbox 2773 792 2931 854; x_wconf 85' lang='lat' dir='ltr'><strong>atque</strong></span> <span class='ocrx_word' id='word_1_520' title='bbox 2973 784 3042 838; x_wconf 90' lang='lat' dir='ltr'><strong>ad</strong></span> <span class='ocrx_word' id='word_1_521' title='bbox 3085 799 3244 839; x_wconf 88' lang='lat' dir='ltr'><strong>unam</strong></span> <span class='ocrx_word' id='word_1_522' title='bbox 3283 785 3542 855; x_wconf 89' lang='lat' dir='ltr'><strong>originem</strong></span> <span class='ocrx_word' id='word_1_523' title='bbox 3585 787 3814 840; x_wconf 89' lang='lat' dir='ltr'><strong>seminis</strong></span> 
     </span>
    </p>
   </div>
   <div class='ocr_carea' id='block_1_67' title="bbox 2217 873 3318 944">
    <p class='ocr_par' dir='ltr' id='par_1_67' title="bbox 2217 873 3318 944">
     <span class='ocr_line' id='line_1_67' title="bbox 2217 873 3318 944; baseline 0.001 -17"><span class='ocrx_word' id='word_1_524' title='bbox 2217 874 2534 944; x_wconf 87' lang='lat' dir='ltr'><strong>pertinentia</strong></span> <span class='ocrx_word' id='word_1_525' title='bbox 2560 873 3010 944; x_wconf 86' lang='lat' dir='ltr'><strong>distinguerentnr</strong></span> <span class='ocrx_word' id='word_1_526' title='bbox 3032 889 3062 928; x_wconf 90' lang='lat' dir='ltr'><strong>a</strong></span> <span class='ocrx_word' id='word_1_527' title='bbox 3089 875 3318 930; x_wconf 72' lang='lat' dir='ltr'><strong>czeteris.</strong></span> 
     </span>
    </p>
   </div>
   <div class='ocr_carea' id='block_1_68' title="bbox 2217 963 3818 1035">
    <p class='ocr_par' dir='ltr' id='par_1_68' title="bbox 2217 963 3818 1035">
     <span class='ocr_line' id='line_1_68' title="bbox 2217 963 3818 1035; baseline -0.001 -14"><span class='ocrx_word' id='word_1_528' title='bbox 2217 963 2444 1021; x_wconf 86' lang='lat' dir='ltr'><strong>CAPUT</strong></span> <span class='ocrx_word' id='word_1_529' title='bbox 2480 964 3014 1021; x_wconf 59' lang='lat' dir='ltr'><strong>BIL—Benedictio</strong></span> <span class='ocrx_word' id='word_1_530' title='bbox 3053 983 3142 1020; x_wconf 88' lang='lat' dir='ltr'><strong>cur</strong></span> <span class='ocrx_word' id='word_1_531' title='bbox 3185 967 3306 1021; x_wconf 83' lang='lat' dir='ltr'><strong>solis</strong></span> <span class='ocrx_word' id='word_1_532' title='bbox 3337 967 3640 1035; x_wconf 76' lang='lat' dir='ltr'><strong>aquatilibus</strong></span> <span class='ocrx_word' id='word_1_533' title='bbox 3683 969 3818 1021; x_wconf 81' lang='lat' dir='ltr'><strong>sicut</strong></span> 
     </span>
    </p>
   </div>
   <div class='ocr_carea' id='block_1_69' title="bbox 2489 1057 3530 1129">
    <p class='ocr_par' dir='ltr' id='par_1_69' title="bbox 2489 1057 3530 1129">
     <span class='ocr_line' id='line_1_69' title="bbox 2489 1057 3530 1129; baseline 0.001 -18"><span class='ocrx_word' id='word_1_534' title='bbox 2489 1058 2679 1112; x_wconf 80' lang='lat' dir='ltr'><strong>homini</strong></span> <span class='ocrx_word' id='word_1_535' title='bbox 2711 1059 2982 1128; x_wconf 84' lang='lat' dir='ltr'><strong>impertita.</strong></span> <span class='ocrx_word' id='word_1_536' title='bbox 3015 1057 3245 1128; x_wconf 70' lang='lat' dir='ltr'><strong>Oﬂicium</strong></span> <span class='ocrx_word' id='word_1_537' title='bbox 3271 1059 3530 1129; x_wconf 85' lang='lat' dir='ltr'><strong>gignendi.</strong></span> 
     </span>
    </p>
   </div>
   <div class='ocr_carea' id='block_1_70' title="bbox 2289 1147 3816 1223">
    <p class='ocr_par' dir='ltr' id='par_1_70' title="bbox 2289 1147 3816 1223">
     <span class='ocr_line' id='line_1_70' title="bbox 2289 1147 3816 1223; baseline 0.001 -19"><span class='ocrx_word' id='word_1_538' title='bbox 2289 1148 2352 1206; x_wconf 76' lang='lat' dir='ltr'><strong>2i</strong></span> <span class='ocrx_word' id='word_1_539' title='bbox 2375 1191 2388 1203; x_wconf 93' lang='lat'><strong>.</strong></span> <span class='ocrx_word' id='word_1_540' title='bbox 2433 1147 2560 1206; x_wconf 92' lang='lat' dir='ltr'><strong>Item</strong></span> <span class='ocrx_word' id='word_1_541' title='bbox 2589 1152 2843 1222; x_wconf 71' lang='lat' dir='ltr'><strong>qureritur</strong></span> <span class='ocrx_word' id='word_1_542' title='bbox 2872 1151 2994 1223; x_wconf 88' lang='lat' dir='ltr'><strong>quid</strong></span> <span class='ocrx_word' id='word_1_543' title='bbox 3036 1161 3237 1208; x_wconf 89' lang='lat' dir='ltr'><strong>tantum</strong></span> <span class='ocrx_word' id='word_1_544' title='bbox 3267 1168 3525 1222; x_wconf 90' lang='lat' dir='ltr'><strong>aquarum</strong></span> <span class='ocrx_word' id='word_1_545' title='bbox 3562 1154 3816 1208; x_wconf 85' lang='lat' dir='ltr'><strong>animalia</strong></span> 
     </span>
    </p>
   </div>
   <div class='ocr_carea' id='block_1_71' title="bbox 2219 1241 3818 1311">
    <p class='ocr_par' dir='ltr' id='par_1_71' title="bbox 2219 1241 3818 1311">
     <span class='ocr_line' id='line_1_71' title="bbox 2219 1241 3818 1311; baseline 0.001 -13"><span class='ocrx_word' id='word_1_546' title='bbox 2219 1241 2288 1298; x_wconf 91' lang='lat' dir='ltr'><strong>de</strong></span> <span class='ocrx_word' id='word_1_547' title='bbox 2315 1241 2570 1299; x_wconf 88' lang='lat' dir='ltr'><strong>Creatorc</strong></span> <span class='ocrx_word' id='word_1_548' title='bbox 2594 1245 2917 1311; x_wconf 90' lang='lat' dir='ltr'><strong>meruerint,</strong></span> <span class='ocrx_word' id='word_1_549' title='bbox 2945 1254 3002 1300; x_wconf 93' lang='lat' dir='ltr'><strong>ut</strong></span> <span class='ocrx_word' id='word_1_550' title='bbox 3033 1244 3144 1299; x_wconf 92' lang='lat' dir='ltr'><strong>sola</strong></span> <span class='ocrx_word' id='word_1_551' title='bbox 3175 1244 3640 1309; x_wconf 87' lang='lat' dir='ltr'><strong>benedicerentur,</strong></span> <span class='ocrx_word' id='word_1_552' title='bbox 3679 1247 3818 1300; x_wconf 89' lang='lat' dir='ltr'><strong>sicut</strong></span> 
     </span>
    </p>
   </div>
   <div class='ocr_carea' id='block_1_72' title="bbox 2220 1331 3817 1407">
    <p class='ocr_par' dir='ltr' id='par_1_72' title="bbox 2220 1331 3817 1407">
     <span class='ocr_line' id='line_1_72' title="bbox 2220 1331 3817 1407; baseline 0.003 -20"><span class='ocrx_word' id='word_1_553' title='bbox 2220 1331 2484 1388; x_wconf 84' lang='lat' dir='ltr'><strong>homines.</strong></span> <span class='ocrx_word' id='word_1_554' title='bbox 2508 1332 2638 1388; x_wconf 86' lang='lat' dir='ltr'><strong>Nam</strong></span> <span class='ocrx_word' id='word_1_555' title='bbox 2661 1342 2715 1389; x_wconf 88' lang='lat' dir='ltr'><strong>et</strong></span> <span class='ocrx_word' id='word_1_556' title='bbox 2739 1335 2848 1407; x_wconf 91' lang='lat' dir='ltr'><strong>ipsa</strong></span> <span class='ocrx_word' id='word_1_557' title='bbox 2870 1334 3141 1390; x_wconf 81' lang='lat' dir='ltr'><strong>benedixit</strong></span> <span class='ocrx_word' id='word_1_558' title='bbox 3162 1335 3322 1401; x_wconf 88' lang='lat' dir='ltr'><strong>Deus,</strong></span> <span class='ocrx_word' id='word_1_559' title='bbox 3345 1335 3563 1390; x_wconf 90' lang='lat' dir='ltr'><strong>dicens:</strong></span> <span class='ocrx_word' id='word_1_560' title='bbox 3594 1336 3817 1391; x_wconf 80' lang='lat' dir='ltr'><strong>Crescite</strong></span> 
     </span>
    </p>
   </div>
   <div class='ocr_carea' id='block_1_73' title="bbox 2221 1425 3817 1499">
    <p class='ocr_par' dir='ltr' id='par_1_73' title="bbox 2221 1425 3817 1499">
     <span class='ocr_line' id='line_1_73' title="bbox 2221 1425 3817 1499; baseline 0 -19"><span class='ocrx_word' id='word_1_561' title='bbox 2221 1435 2268 1480; x_wconf 89' lang='lat' dir='ltr'><strong>et</strong></span> <span class='ocrx_word' id='word_1_562' title='bbox 2297 1425 2738 1498; x_wconf 86' lang='lat' dir='ltr'><strong>multiplicamini,</strong></span> <span class='ocrx_word' id='word_1_563' title='bbox 2770 1437 2816 1483; x_wconf 87' lang='lat' dir='ltr'><strong>et</strong></span> <span class='ocrx_word' id='word_1_564' title='bbox 2856 1429 3059 1496; x_wconf 86' lang='lat' dir='ltr'><strong>implete</strong></span> <span class='ocrx_word' id='word_1_565' title='bbox 3097 1445 3254 1499; x_wconf 85' lang='lat' dir='ltr'><strong>aquas</strong></span> <span class='ocrx_word' id='word_1_566' title='bbox 3296 1430 3450 1483; x_wconf 85' lang='lat' dir='ltr'><strong>maris</strong></span> <span class='ocrx_word' id='word_1_567' title='bbox 3470 1473 3483 1492; x_wconf 94' lang='lat'><strong>,</strong></span> <span class='ocrx_word' id='word_1_568' title='bbox 3517 1438 3563 1482; x_wconf 88' lang='lat' dir='ltr'><strong>et</strong></span> <span class='ocrx_word' id='word_1_569' title='bbox 3589 1431 3817 1482; x_wconf 80' lang='lat' dir='ltr'><strong>volatilia</strong></span> 
     </span>
    </p>
   </div>
   <div class='ocr_carea' id='block_1_74' title="bbox 2222 1518 3816 1590">
    <p class='ocr_par' dir='ltr' id='par_1_74' title="bbox 2222 1518 3816 1590">
     <span class='ocr_line' id='line_1_74' title="bbox 2222 1518 3816 1590; baseline 0.003 -20"><span class='ocrx_word' id='word_1_570' title='bbox 2222 1518 2616 1587; x_wconf 84' lang='lat' dir='ltr'><strong>multiplicemur</strong></span> <span class='ocrx_word' id='word_1_571' title='bbox 2651 1535 2803 1588; x_wconf 84' lang='lat' dir='ltr'><strong>super</strong></span> <span class='ocrx_word' id='word_1_572' title='bbox 2845 1529 3045 1573; x_wconf 87' lang='lat' dir='ltr'><strong>terram.</strong></span> <span class='ocrx_word' id='word_1_573' title='bbox 3080 1520 3160 1573; x_wconf 85' lang='lat' dir='ltr'><strong>An</strong></span> <span class='ocrx_word' id='word_1_574' title='bbox 3195 1521 3244 1573; x_wconf 91' lang='lat' dir='ltr'><strong>in</strong></span> <span class='ocrx_word' id='word_1_575' title='bbox 3276 1535 3381 1574; x_wconf 90' lang='lat' dir='ltr'><strong>uno</strong></span> <span class='ocrx_word' id='word_1_576' title='bbox 3422 1529 3686 1575; x_wconf 75' lang='lat' dir='ltr'><strong>creatura:</strong></span> <span class='ocrx_word' id='word_1_577' title='bbox 3721 1535 3816 1590; x_wconf 84' lang='lat' dir='ltr'><strong>ge-</strong></span> 
     </span>
    </p>
   </div>
   <div class='ocr_carea' id='block_1_75' title="bbox 2224 1607 3815 1681">
    <p class='ocr_par' dir='ltr' id='par_1_75' title="bbox 2224 1607 3815 1681">
     <span class='ocr_line' id='line_1_75' title="bbox 2224 1607 3815 1681; baseline 0.001 -19"><span class='ocrx_word' id='word_1_578' title='bbox 2224 1623 2353 1664; x_wconf 90' lang='lat' dir='ltr'><strong>nere</strong></span> <span class='ocrx_word' id='word_1_579' title='bbox 2379 1607 2660 1664; x_wconf 89' lang='lat' dir='ltr'><strong>dicendum</strong></span> <span class='ocrx_word' id='word_1_580' title='bbox 2695 1608 2812 1676; x_wconf 90' lang='lat' dir='ltr'><strong>fuit,</strong></span> <span class='ocrx_word' id='word_1_581' title='bbox 2843 1619 2900 1664; x_wconf 90' lang='lat' dir='ltr'><strong>ttt</strong></span> <span class='ocrx_word' id='word_1_582' title='bbox 2929 1612 2980 1664; x_wconf 92' lang='lat' dir='ltr'><strong>in</strong></span> <span class='ocrx_word' id='word_1_583' title='bbox 3006 1610 3216 1665; x_wconf 58' lang='lat' dir='ltr'><strong>caeteris</strong></span> <span class='ocrx_word' id='word_1_584' title='bbox 3240 1621 3631 1681; x_wconf 89' lang='lat' dir='ltr'><strong>consequenter</strong></span> <span class='ocrx_word' id='word_1_585' title='bbox 3657 1612 3815 1665; x_wconf 80' lang='lat' dir='ltr'><strong>intel-</strong></span> 
     </span>
    </p>
   </div>
   <div class='ocr_carea' id='block_1_76' title="bbox 2222 1699 3814 1770">
    <p class='ocr_par' dir='ltr' id='par_1_76' title="bbox 2222 1699 3814 1770">
     <span class='ocr_line' id='line_1_76' title="bbox 2222 1699 3814 1770; baseline 0.001 -16"><span class='ocrx_word' id='word_1_586' title='bbox 2222 1699 2494 1770; x_wconf 86' lang='lat' dir='ltr'><strong>ligeretur,</strong></span> <span class='ocrx_word' id='word_1_587' title='bbox 2540 1715 2658 1770; x_wconf 85' lang='lat' dir='ltr'><strong>quac</strong></span> <span class='ocrx_word' id='word_1_588' title='bbox 2701 1700 3130 1770; x_wconf 86' lang='lat' dir='ltr'><strong>generationibus</strong></span> <span class='ocrx_word' id='word_1_589' title='bbox 3175 1701 3465 1756; x_wconf 87' lang='lat' dir='ltr'><strong>crescunt?</strong></span> <span class='ocrx_word' id='word_1_590' title='bbox 3496 1700 3650 1755; x_wconf 87' lang='lat' dir='ltr'><strong>Prius</strong></span> <span class='ocrx_word' id='word_1_591' title='bbox 3685 1718 3814 1770; x_wconf 86' lang='lat' dir='ltr'><strong>ergo</strong></span> 
     </span>
    </p>
   </div>
   <div class='ocr_carea' id='block_1_77' title="bbox 2222 1790 3813 1862">
    <p class='ocr_par' dir='ltr' id='par_1_77' title="bbox 2222 1790 3813 1862">
     <span class='ocr_line' id='line_1_77' title="bbox 2222 1790 3813 1862; baseline 0.002 -17"><span class='ocrx_word' id='word_1_592' title='bbox 2222 1791 2490 1846; x_wconf 89' lang='lat' dir='ltr'><strong>diceretur</strong></span> <span class='ocrx_word' id='word_1_593' title='bbox 2533 1790 2582 1845; x_wconf 92' lang='lat' dir='ltr'><strong>in</strong></span> <span class='ocrx_word' id='word_1_594' title='bbox 2629 1807 2694 1847; x_wconf 90' lang='lat' dir='ltr'><strong>eo</strong></span> <span class='ocrx_word' id='word_1_595' title='bbox 2739 1791 2877 1862; x_wconf 91' lang='lat' dir='ltr'><strong>quod</strong></span> <span class='ocrx_word' id='word_1_596' title='bbox 2927 1792 3152 1861; x_wconf 88' lang='lat' dir='ltr'><strong>primum</strong></span> <span class='ocrx_word' id='word_1_597' title='bbox 3193 1793 3295 1847; x_wconf 90' lang='lat' dir='ltr'><strong>tale</strong></span> <span class='ocrx_word' id='word_1_598' title='bbox 3325 1802 3560 1848; x_wconf 86' lang='lat' dir='ltr'><strong>creatum</strong></span> <span class='ocrx_word' id='word_1_599' title='bbox 3603 1803 3729 1858; x_wconf 89' lang='lat' dir='ltr'><strong>est,</strong></span> <span class='ocrx_word' id='word_1_600' title='bbox 3764 1795 3813 1848; x_wconf 94' lang='lat' dir='ltr'><strong>iu</strong></span> 
     </span>
    </p>
   </div>
   <div class='ocr_carea' id='block_1_78' title="bbox 2224 1879 3814 1954">
    <p class='ocr_par' dir='ltr' id='par_1_78' title="bbox 2224 1879 3814 1954">
     <span class='ocr_line' id='line_1_78' title="bbox 2224 1879 3814 1954; baseline 0.001 -20"><span class='ocrx_word' id='word_1_601' title='bbox 2224 1879 2391 1936; x_wconf 90' lang='lat' dir='ltr'><strong>herba</strong></span> <span class='ocrx_word' id='word_1_602' title='bbox 2421 1881 2628 1936; x_wconf 88' lang='lat' dir='ltr'><strong>scilicet</strong></span> <span class='ocrx_word' id='word_1_603' title='bbox 2656 1892 2814 1952; x_wconf 88' lang='lat' dir='ltr'><strong>atque</strong></span> <span class='ocrx_word' id='word_1_604' title='bbox 2843 1883 3001 1954; x_wconf 91' lang='lat' dir='ltr'><strong>ligno.</strong></span> <span class='ocrx_word' id='word_1_605' title='bbox 3036 1883 3117 1936; x_wconf 86' lang='lat' dir='ltr'><strong>An</strong></span> <span class='ocrx_word' id='word_1_606' title='bbox 3150 1883 3284 1938; x_wconf 87' lang='lat' dir='ltr'><strong>forte</strong></span> <span class='ocrx_word' id='word_1_607' title='bbox 3319 1898 3437 1952; x_wconf 76' lang='lat' dir='ltr'><strong>quae</strong></span> <span class='ocrx_word' id='word_1_608' title='bbox 3477 1883 3683 1937; x_wconf 87' lang='lat' dir='ltr'><strong>nullum</strong></span> <span class='ocrx_word' id='word_1_609' title='bbox 3727 1884 3814 1937; x_wconf 84' lang='lat' dir='ltr'><strong>ha-</strong></span> 
     </span>
    </p>
   </div>
   <div class='ocr_carea' id='block_1_79' title="bbox 2223 1973 3814 2044">
    <p class='ocr_par' dir='ltr' id='par_1_79' title="bbox 2223 1973 3814 2044">
     <span class='ocr_line' id='line_1_79' title="bbox 2223 1973 3814 2044; baseline 0.002 -17"><span class='ocrx_word' id='word_1_610' title='bbox 2223 1973 2412 2027; x_wconf 89' lang='lat' dir='ltr'><strong>berent</strong></span> <span class='ocrx_word' id='word_1_611' title='bbox 2438 1973 2791 2044; x_wconf 76' lang='lat' dir='ltr'><strong>propagandm</strong></span> <span class='ocrx_word' id='word_1_612' title='bbox 2821 1975 2980 2044; x_wconf 81' lang='lat' dir='ltr'><strong>prolis</strong></span> <span class='ocrx_word' id='word_1_613' title='bbox 3009 1973 3277 2039; x_wconf 76' lang='lat' dir='ltr'><strong>allectum,</strong></span> <span class='ocrx_word' id='word_1_614' title='bbox 3301 1989 3363 2029; x_wconf 88' lang='lat' dir='ltr'><strong>ac</strong></span> <span class='ocrx_word' id='word_1_615' title='bbox 3383 1975 3498 2030; x_wconf 90' lang='lat' dir='ltr'><strong>sine</strong></span> <span class='ocrx_word' id='word_1_616' title='bbox 3521 1976 3634 2030; x_wconf 87' lang='lat' dir='ltr'><strong>ullo</strong></span> <span class='ocrx_word' id='word_1_617' title='bbox 3656 1991 3814 2032; x_wconf 89' lang='lat' dir='ltr'><strong>sensu</strong></span> 
     </span>
    </p>
   </div>
   <div class='ocr_carea' id='block_1_80' title="bbox 2224 2065 3814 2135">
    <p class='ocr_par' dir='ltr' id='par_1_80' title="bbox 2224 2065 3814 2135">
     <span class='ocr_line' id='line_1_80' title="bbox 2224 2065 3814 2135; baseline 0.001 -16"><span class='ocrx_word' id='word_1_618' title='bbox 2224 2075 2562 2135; x_wconf 87' lang='lat' dir='ltr'><strong>generarent,</strong></span> <span class='ocrx_word' id='word_1_619' title='bbox 2598 2065 2810 2134; x_wconf 90' lang='lat' dir='ltr'><strong>indigna</strong></span> <span class='ocrx_word' id='word_1_620' title='bbox 2842 2065 3097 2134; x_wconf 89' lang='lat' dir='ltr'><strong>judicavit</strong></span> <span class='ocrx_word' id='word_1_621' title='bbox 3133 2067 3236 2120; x_wconf 92' lang='lat' dir='ltr'><strong>illis</strong></span> <span class='ocrx_word' id='word_1_622' title='bbox 3277 2065 3666 2120; x_wconf 89' lang='lat' dir='ltr'><strong>benedictionis</strong></span> <span class='ocrx_word' id='word_1_623' title='bbox 3696 2083 3814 2121; x_wconf 84' lang='lat' dir='ltr'><strong>vcr-</strong></span> 
     </span>
    </p>
   </div>
   <div class='ocr_carea' id='block_1_81' title="bbox 2224 2153 3817 2226">
    <p class='ocr_par' dir='ltr' id='par_1_81' title="bbox 2224 2153 3817 2226">
     <span class='ocr_line' id='line_1_81' title="bbox 2224 2153 3817 2226; baseline 0.001 -17"><span class='ocrx_word' id='word_1_624' title='bbox 2224 2155 2323 2219; x_wconf 82' lang='lat' dir='ltr'><strong>bis,</strong></span> <span class='ocrx_word' id='word_1_625' title='bbox 2359 2153 2574 2209; x_wconf 81' lang='lat' dir='ltr'><strong>Crescite</strong></span> <span class='ocrx_word' id='word_1_626' title='bbox 2601 2165 2647 2208; x_wconf 81' lang='lat' dir='ltr'><strong>et</strong></span> <span class='ocrx_word' id='word_1_627' title='bbox 2673 2157 3080 2226; x_wconf 85' lang='lat' dir='ltr'><strong>multiplicamini</strong></span> <span class='ocrx_word' id='word_1_628' title='bbox 3105 2171 3124 2210; x_wconf 89' lang='lat'><strong><em>:</em></strong></span> <span class='ocrx_word' id='word_1_629' title='bbox 3152 2155 3240 2210; x_wconf 89' lang='lat' dir='ltr'><strong>ubi</strong></span> <span class='ocrx_word' id='word_1_630' title='bbox 3267 2165 3443 2210; x_wconf 89' lang='lat' dir='ltr'><strong>autem</strong></span> <span class='ocrx_word' id='word_1_631' title='bbox 3469 2157 3588 2210; x_wconf 88' lang='lat' dir='ltr'><strong>talis</strong></span> <span class='ocrx_word' id='word_1_632' title='bbox 3618 2157 3817 2211; x_wconf 88' lang='lat' dir='ltr'><strong>inessct</strong></span> 
     </span>
    </p>
   </div>
   <div class='ocr_carea' id='block_1_82' title="bbox 2223 2244 3812 2316">
    <p class='ocr_par' dir='ltr' id='par_1_82' title="bbox 2223 2244 3812 2316">
     <span class='ocr_line' id='line_1_82' title="bbox 2223 2244 3812 2316; baseline 0.001 -17"><span class='ocrx_word' id='word_1_633' title='bbox 2223 2245 2465 2309; x_wconf 79' lang='lat' dir='ltr'><strong>affectus,</strong></span> <span class='ocrx_word' id='word_1_634' title='bbox 2497 2244 2566 2299; x_wconf 90' lang='lat' dir='ltr'><strong>ibi</strong></span> <span class='ocrx_word' id='word_1_635' title='bbox 2599 2246 2824 2316; x_wconf 88' lang='lat' dir='ltr'><strong>primum</strong></span> <span class='ocrx_word' id='word_1_636' title='bbox 2859 2245 2960 2300; x_wconf 90' lang='lat' dir='ltr'><strong>hoc</strong></span> <span class='ocrx_word' id='word_1_637' title='bbox 2989 2246 3141 2311; x_wconf 81' lang='lat' dir='ltr'><strong>dixit,</strong></span> <span class='ocrx_word' id='word_1_638' title='bbox 3175 2254 3234 2300; x_wconf 91' lang='lat' dir='ltr'><strong>ut</strong></span> <span class='ocrx_word' id='word_1_639' title='bbox 3271 2247 3326 2300; x_wconf 92' lang='lat' dir='ltr'><strong>in</strong></span> <span class='ocrx_word' id='word_1_640' title='bbox 3354 2247 3582 2301; x_wconf 89' lang='lat' dir='ltr'><strong>terrenis</strong></span> <span class='ocrx_word' id='word_1_641' title='bbox 3607 2248 3812 2302; x_wconf 85' lang='lat' dir='ltr'><strong>anima-</strong></span> 
     </span>
    </p>
   </div>
   <div class='ocr_carea' id='block_1_83' title="bbox 2224 2335 3810 2407">
    <p class='ocr_par' dir='ltr' id='par_1_83' title="bbox 2224 2335 3810 2407">
     <span class='ocr_line' id='line_1_83' title="bbox 2224 2335 3810 2407; baseline 0.001 -17"><span class='ocrx_word' id='word_1_642' title='bbox 2224 2336 2363 2390; x_wconf 88' lang='lat' dir='ltr'><strong>libus</strong></span> <span class='ocrx_word' id='word_1_643' title='bbox 2400 2337 2560 2392; x_wconf 91' lang='lat' dir='ltr'><strong>etiam</strong></span> <span class='ocrx_word' id='word_1_644' title='bbox 2606 2350 2710 2390; x_wconf 92' lang='lat' dir='ltr'><strong>non</strong></span> <span class='ocrx_word' id='word_1_645' title='bbox 2741 2335 2944 2391; x_wconf 87' lang='lat' dir='ltr'><strong>dictum</strong></span> <span class='ocrx_word' id='word_1_646' title='bbox 2985 2336 3413 2407; x_wconf 82' lang='lat' dir='ltr'><strong>intelligeretur?</strong></span> <span class='ocrx_word' id='word_1_647' title='bbox 3441 2336 3810 2392; x_wconf 87' lang='lat' dir='ltr'><strong>Necessarium</strong></span> 
     </span>
    </p>
   </div>
   <div class='ocr_carea' id='block_1_84' title="bbox 2223 2427 3820 2502">
    <p class='ocr_par' dir='ltr' id='par_1_84' title="bbox 2223 2427 3820 2502">
     <span class='ocr_line' id='line_1_84' title="bbox 2223 2427 3820 2502; baseline 0.003 -20"><span class='ocrx_word' id='word_1_648' title='bbox 2223 2438 2398 2483; x_wconf 81' lang='lat' dir='ltr'><strong>autent</strong></span> <span class='ocrx_word' id='word_1_649' title='bbox 2422 2427 2518 2483; x_wconf 89' lang='lat' dir='ltr'><strong>fuit</strong></span> <span class='ocrx_word' id='word_1_650' title='bbox 2545 2429 2646 2484; x_wconf 93' lang='lat' dir='ltr'><strong>hoc</strong></span> <span class='ocrx_word' id='word_1_651' title='bbox 2674 2430 2724 2484; x_wconf 92' lang='lat' dir='ltr'><strong>in</strong></span> <span class='ocrx_word' id='word_1_652' title='bbox 2751 2429 2965 2485; x_wconf 89' lang='lat' dir='ltr'><strong>homine</strong></span> <span class='ocrx_word' id='word_1_653' title='bbox 2990 2439 3255 2500; x_wconf 89' lang='lat' dir='ltr'><strong>repetere,</strong></span> <span class='ocrx_word' id='word_1_654' title='bbox 3285 2446 3352 2485; x_wconf 93' lang='lat' dir='ltr'><strong>ne</strong></span> <span class='ocrx_word' id='word_1_655' title='bbox 3372 2431 3657 2502; x_wconf 87' lang='lat' dir='ltr'><strong>quisquam</strong></span> <span class='ocrx_word' id='word_1_656' title='bbox 3683 2430 3820 2486; x_wconf 76' lang='lat' dir='ltr'><strong>dice~</strong></span> 
     </span>
    </p>
   </div>
   <div class='ocr_carea' id='block_1_85' title="bbox 2224 2521 3807 2592">
    <p class='ocr_par' dir='ltr' id='par_1_85' title="bbox 2224 2521 3807 2592">
     <span class='ocr_line' id='line_1_85' title="bbox 2224 2521 3807 2592; baseline 0 -16"><span class='ocrx_word' id='word_1_657' title='bbox 2224 2529 2306 2576; x_wconf 90' lang='lat' dir='ltr'><strong>ret</strong></span> <span class='ocrx_word' id='word_1_658' title='bbox 2327 2523 2380 2576; x_wconf 92' lang='lat' dir='ltr'><strong>in</strong></span> <span class='ocrx_word' id='word_1_659' title='bbox 2407 2521 2585 2576; x_wconf 86' lang='lat' dir='ltr'><strong>officio</strong></span> <span class='ocrx_word' id='word_1_660' title='bbox 2611 2521 2859 2592; x_wconf 80' lang='lat' dir='ltr'><strong>gignendi</strong></span> <span class='ocrx_word' id='word_1_661' title='bbox 2892 2521 3029 2577; x_wconf 89' lang='lat' dir='ltr'><strong>filios</strong></span> <span class='ocrx_word' id='word_1_662' title='bbox 3057 2522 3223 2576; x_wconf 90' lang='lat' dir='ltr'><strong>ullum</strong></span> <span class='ocrx_word' id='word_1_663' title='bbox 3243 2535 3363 2577; x_wconf 89' lang='lat' dir='ltr'><strong>esse</strong></span> <span class='ocrx_word' id='word_1_664' title='bbox 3393 2531 3672 2592; x_wconf 89' lang='lat' dir='ltr'><strong>peccatum</strong></span> <span class='ocrx_word' id='word_1_665' title='bbox 3693 2563 3709 2588; x_wconf 93' lang='lat'><strong>,</strong></span> <span class='ocrx_word' id='word_1_666' title='bbox 3735 2525 3807 2576; x_wconf 86' lang='lat' dir='ltr'><strong>si-</strong></span> 
     </span>
    </p>
   </div>
   <div class='ocr_carea' id='block_1_86' title="bbox 2224 2612 3816 2686">
    <p class='ocr_par' dir='ltr' id='par_1_86' title="bbox 2224 2612 3816 2686">
     <span class='ocr_line' id='line_1_86' title="bbox 2224 2612 3816 2686; baseline 0 -18"><span class='ocrx_word' id='word_1_667' title='bbox 2224 2621 2316 2668; x_wconf 89' lang='lat' dir='ltr'><strong>cut</strong></span> <span class='ocrx_word' id='word_1_668' title='bbox 2340 2622 2425 2669; x_wconf 91' lang='lat' dir='ltr'><strong>est</strong></span> <span class='ocrx_word' id='word_1_669' title='bbox 2452 2613 2501 2666; x_wconf 95' lang='lat' dir='ltr'><strong>in</strong></span> <span class='ocrx_word' id='word_1_670' title='bbox 2526 2612 2769 2679; x_wconf 89' lang='lat' dir='ltr'><strong>libidine,</strong></span> <span class='ocrx_word' id='word_1_671' title='bbox 2797 2613 2914 2668; x_wconf 91' lang='lat' dir='ltr'><strong>sive</strong></span> <span class='ocrx_word' id='word_1_672' title='bbox 2938 2612 3252 2680; x_wconf 89' lang='lat' dir='ltr'><strong>fornicandi,</strong></span> <span class='ocrx_word' id='word_1_673' title='bbox 3280 2615 3394 2669; x_wconf 86' lang='lat' dir='ltr'><strong>sive</strong></span> <span class='ocrx_word' id='word_1_674' title='bbox 3428 2614 3545 2685; x_wconf 89' lang='lat' dir='ltr'><strong>ipso</strong></span> <span class='ocrx_word' id='word_1_675' title='bbox 3567 2615 3816 2686; x_wconf 87' lang='lat' dir='ltr'><strong>conjugio</strong></span> 
     </span>
    </p>
   </div>
   <div class='ocr_carea' id='block_1_87' title="bbox 2224 2704 2927 2760">
    <p class='ocr_par' dir='ltr' id='par_1_87' title="bbox 2224 2704 2927 2760">
     <span class='ocr_line' id='line_1_87' title="bbox 2224 2704 2927 2760; baseline -0.004 0"><span class='ocrx_word' id='word_1_676' title='bbox 2224 2704 2625 2760; x_wconf 90' lang='lat' dir='ltr'><strong>immoderatius</strong></span> <span class='ocrx_word' id='word_1_677' title='bbox 2651 2704 2927 2759; x_wconf 91' lang='lat' dir='ltr'><strong>abutendi.</strong></span> 
     </span>
    </p>
   </div>
   <div class='ocr_carea' id='block_1_88' title="bbox 2399 2793 3635 2853">
    <p class='ocr_par' dir='ltr' id='par_1_88' title="bbox 2399 2793 3635 2853">
     <span class='ocr_line' id='line_1_88' title="bbox 2399 2793 3635 2853; baseline 0.002 -3"><span class='ocrx_word' id='word_1_678' title='bbox 2399 2793 2626 2852; x_wconf 83' lang='lat' dir='ltr'><strong>CAPUT</strong></span> <span class='ocrx_word' id='word_1_679' title='bbox 2665 2795 2802 2851; x_wconf 85' lang='lat' dir='ltr'><strong>XIV.</strong></span> <span class='ocrx_word' id='word_1_680' title='bbox 2831 2825 2905 2836; x_wconf 95' lang='lat'><strong>—</strong></span> <span class='ocrx_word' id='word_1_681' title='bbox 2930 2794 3005 2850; x_wconf 89' lang='lat' dir='ltr'><strong>De</strong></span> <span class='ocrx_word' id='word_1_682' title='bbox 3035 2795 3338 2850; x_wconf 85' lang='lat' dir='ltr'><strong>insectorum</strong></span> <span class='ocrx_word' id='word_1_683' title='bbox 3362 2797 3635 2853; x_wconf 84' lang='lat' dir='ltr'><strong>creatione.</strong></span> 
     </span>
    </p>
   </div>
   <div class='ocr_carea' id='block_1_89' title="bbox 2293 2887 3817 2958">
    <p class='ocr_par' dir='ltr' id='par_1_89' title="bbox 2293 2887 3817 2958">
     <span class='ocr_line' id='line_1_89' title="bbox 2293 2887 3817 2958; baseline -0.001 -16"><span class='ocrx_word' id='word_1_684' title='bbox 2293 2887 2384 2942; x_wconf 89' lang='lat'><strong>22.</strong></span> <span class='ocrx_word' id='word_1_685' title='bbox 2413 2887 2676 2942; x_wconf 89' lang='lat' dir='ltr'><strong>Nonnulla</strong></span> <span class='ocrx_word' id='word_1_686' title='bbox 2699 2889 2858 2943; x_wconf 91' lang='lat' dir='ltr'><strong>etiam</strong></span> <span class='ocrx_word' id='word_1_687' title='bbox 2880 2887 2947 2943; x_wconf 92' lang='lat' dir='ltr'><strong>de</strong></span> <span class='ocrx_word' id='word_1_688' title='bbox 2966 2887 3282 2958; x_wconf 87' lang='lat' dir='ltr'><strong>quibusdam</strong></span> <span class='ocrx_word' id='word_1_689' title='bbox 3308 2887 3686 2943; x_wconf 86' lang='lat' dir='ltr'><strong>minutissimis</strong></span> <span class='ocrx_word' id='word_1_690' title='bbox 3711 2890 3817 2943; x_wconf 88' lang='lat' dir='ltr'><strong>ani-</strong></span> 
     </span>
    </p>
   </div>
   <div class='ocr_carea' id='block_1_90' title="bbox 2223 2978 3818 3050">
    <p class='ocr_par' dir='ltr' id='par_1_90' title="bbox 2223 2978 3818 3050">
     <span class='ocr_line' id='line_1_90' title="bbox 2223 2978 3818 3050; baseline -0.001 -16"><span class='ocrx_word' id='word_1_691' title='bbox 2223 2979 2450 3034; x_wconf 83' lang='lat' dir='ltr'><strong>malibus</strong></span> <span class='ocrx_word' id='word_1_692' title='bbox 2470 2979 2694 3050; x_wconf 58' lang='lat' dir='ltr'><strong>quaestio</strong></span> <span class='ocrx_word' id='word_1_693' title='bbox 2719 2987 2838 3042; x_wconf 91' lang='lat' dir='ltr'><strong>est,</strong></span> <span class='ocrx_word' id='word_1_694' title='bbox 2866 2989 3044 3033; x_wconf 92' lang='lat' dir='ltr'><strong>utrum</strong></span> <span class='ocrx_word' id='word_1_695' title='bbox 3075 2978 3127 3032; x_wconf 92' lang='lat' dir='ltr'><strong>in</strong></span> <span class='ocrx_word' id='word_1_696' title='bbox 3157 2978 3341 3048; x_wconf 91' lang='lat' dir='ltr'><strong>primis</strong></span> <span class='ocrx_word' id='word_1_697' title='bbox 3380 2995 3558 3033; x_wconf 90' lang='lat' dir='ltr'><strong>rerum</strong></span> <span class='ocrx_word' id='word_1_698' title='bbox 3585 2981 3602 3010; x_wconf 82' lang='grc'>⁸</span> <span class='ocrx_word' id='word_1_699' title='bbox 3638 2979 3818 3034; x_wconf 90' lang='lat' dir='ltr'><strong>condi-</strong></span> 
     </span>
    </p>
   </div>
   <div class='ocr_carea' id='block_1_91' title="bbox 2225 3071 3816 3142">
    <p class='ocr_par' dir='ltr' id='par_1_91' title="bbox 2225 3071 3816 3142">
     <span class='ocr_line' id='line_1_91' title="bbox 2225 3071 3816 3142; baseline 0 -16"><span class='ocrx_word' id='word_1_700' title='bbox 2225 3071 2458 3126; x_wconf 69' lang='lat' dir='ltr'><strong>tionibus</strong></span> <span class='ocrx_word' id='word_1_701' title='bbox 2500 3083 2678 3127; x_wconf 87' lang='lat' dir='ltr'><strong>creata</strong></span> <span class='ocrx_word' id='word_1_702' title='bbox 2728 3072 2869 3136; x_wconf 86' lang='lat' dir='ltr'><strong>sint,</strong></span> <span class='ocrx_word' id='word_1_703' title='bbox 2919 3086 2985 3125; x_wconf 90' lang='lat' dir='ltr'><strong>an</strong></span> <span class='ocrx_word' id='word_1_704' title='bbox 3031 3085 3096 3126; x_wconf 81' lang='lat' dir='ltr'><strong>ex</strong></span> <span class='ocrx_word' id='word_1_705' title='bbox 3145 3072 3596 3142; x_wconf 89' lang='lat' dir='ltr'><strong>consequentibus</strong></span> <span class='ocrx_word' id='word_1_706' title='bbox 3646 3088 3816 3128; x_wconf 92' lang='lat' dir='ltr'><strong>rerum</strong></span> 
     </span>
    </p>
   </div>
   <div class='ocr_carea' id='block_1_92' title="bbox 2226 3161 3819 3234">
    <p class='ocr_par' dir='ltr' id='par_1_92' title="bbox 2226 3161 3819 3234">
     <span class='ocr_line' id='line_1_92' title="bbox 2226 3161 3819 3234; baseline -0.001 -16"><span class='ocrx_word' id='word_1_707' title='bbox 2226 3163 2529 3218; x_wconf 88' lang='lat' dir='ltr'><strong>mortalium</strong></span> <span class='ocrx_word' id='word_1_708' title='bbox 2570 3161 3036 3233; x_wconf 90' lang='lat' dir='ltr'><strong>corruptionibus?</strong></span> <span class='ocrx_word' id='word_1_709' title='bbox 3078 3162 3209 3217; x_wconf 88' lang='lat' dir='ltr'><strong>Nam</strong></span> <span class='ocrx_word' id='word_1_710' title='bbox 3240 3162 3493 3234; x_wconf 88' lang='lat' dir='ltr'><strong>pleraque</strong></span> <span class='ocrx_word' id='word_1_711' title='bbox 3521 3179 3710 3219; x_wconf 87' lang='lat' dir='ltr'><strong>eorum</strong></span> <span class='ocrx_word' id='word_1_712' title='bbox 3739 3174 3819 3217; x_wconf 89' lang='lat' dir='ltr'><strong>aut</strong></span> 
     </span>
    </p>
   </div>
   <div class='ocr_carea' id='block_1_93' title="bbox 2225 3253 3819 3324">
    <p class='ocr_par' dir='ltr' id='par_1_93' title="bbox 2225 3253 3819 3324">
     <span class='ocr_line' id='line_1_93' title="bbox 2225 3253 3819 3324; baseline 0 -16"><span class='ocrx_word' id='word_1_713' title='bbox 2225 3253 2295 3308; x_wconf 93' lang='lat' dir='ltr'><strong>de</strong></span> <span class='ocrx_word' id='word_1_714' title='bbox 2321 3253 2561 3308; x_wconf 89' lang='lat' dir='ltr'><strong>vivorum</strong></span> <span class='ocrx_word' id='word_1_715' title='bbox 2589 3268 2872 3322; x_wconf 85' lang='lat' dir='ltr'><strong>corporum</strong></span> <span class='ocrx_word' id='word_1_716' title='bbox 2903 3253 3063 3319; x_wconf 83' lang='lat' dir='ltr'><strong>vitiis,</strong></span> <span class='ocrx_word' id='word_1_717' title='bbox 3094 3253 3175 3307; x_wconf 88' lang='lat' dir='ltr'><strong>vel</strong></span> <span class='ocrx_word' id='word_1_718' title='bbox 3204 3255 3582 3324; x_wconf 89' lang='lat' dir='ltr'><strong>purgamentis,</strong></span> <span class='ocrx_word' id='word_1_719' title='bbox 3620 3256 3705 3310; x_wconf 80' lang='lat' dir='ltr'><strong>vel</strong></span> <span class='ocrx_word' id='word_1_720' title='bbox 3733 3270 3819 3310; x_wconf 68' lang='lat' dir='ltr'><strong>et-</strong></span> 
     </span>
    </p>
   </div>
   <div class='ocr_carea' id='block_1_94' title="bbox 2227 3345 3817 3416">
    <p class='ocr_par' dir='ltr' id='par_1_94' title="bbox 2227 3345 3817 3416">
     <span class='ocr_line' id='line_1_94' title="bbox 2227 3345 3817 3416; baseline 0 -16"><span class='ocrx_word' id='word_1_721' title='bbox 2227 3345 2585 3401; x_wconf 85' lang='lat' dir='ltr'><strong>halationibus</strong></span> <span class='ocrx_word' id='word_1_722' title='bbox 2615 3354 2706 3400; x_wconf 91' lang='lat' dir='ltr'><strong>aut</strong></span> <span class='ocrx_word' id='word_1_723' title='bbox 2733 3345 3050 3400; x_wconf 86' lang='lat' dir='ltr'><strong>cadaverum</strong></span> <span class='ocrx_word' id='word_1_724' title='bbox 3082 3345 3202 3400; x_wconf 88' lang='lat' dir='ltr'><strong>tabe</strong></span> <span class='ocrx_word' id='word_1_725' title='bbox 3231 3347 3549 3416; x_wconf 88' lang='lat' dir='ltr'><strong>gignuntur;</strong></span> <span class='ocrx_word' id='word_1_726' title='bbox 3578 3348 3817 3416; x_wconf 62' lang='lat' dir='ltr'><strong>quaedam</strong></span> 
     </span>
    </p>
   </div>
   <div class='ocr_carea' id='block_1_95' title="bbox 2225 3437 3815 3511">
    <p class='ocr_par' dir='ltr' id='par_1_95' title="bbox 2225 3437 3815 3511">
     <span class='ocr_line' id='line_1_95' title="bbox 2225 3437 3815 3511; baseline 0.001 -19"><span class='ocrx_word' id='word_1_727' title='bbox 2225 3439 2384 3493; x_wconf 91' lang='lat' dir='ltr'><strong>etiam</strong></span> <span class='ocrx_word' id='word_1_728' title='bbox 2415 3437 2484 3492; x_wconf 90' lang='lat' dir='ltr'><strong>de</strong></span> <span class='ocrx_word' id='word_1_729' title='bbox 2509 3439 2851 3507; x_wconf 89' lang='lat' dir='ltr'><strong>corruptione</strong></span> <span class='ocrx_word' id='word_1_730' title='bbox 2880 3439 3142 3507; x_wconf 86' lang='lat' dir='ltr'><strong>lignorum</strong></span> <span class='ocrx_word' id='word_1_731' title='bbox 3168 3447 3222 3493; x_wconf 93' lang='lat' dir='ltr'><strong>et</strong></span> <span class='ocrx_word' id='word_1_732' title='bbox 3245 3438 3548 3504; x_wconf 88' lang='lat' dir='ltr'><strong>herbarum,</strong></span> <span class='ocrx_word' id='word_1_733' title='bbox 3577 3440 3815 3511; x_wconf 58' lang='lat' dir='ltr'><strong>quaedam</strong></span> 
     </span>
    </p>
   </div>
   <div class='ocr_carea' id='block_1_96' title="bbox 2227 3534 3875 3606">
    <p class='ocr_par' dir='ltr' id='par_1_96' title="bbox 2227 3534 3875 3606">
     <span class='ocr_line' id='line_1_96' title="bbox 2227 3534 3875 3606; baseline -0.002 -15"><span class='ocrx_word' id='word_1_734' title='bbox 2227 3535 2294 3591; x_wconf 91' lang='lat' dir='ltr'><strong>de</strong></span> <span class='ocrx_word' id='word_1_735' title='bbox 2333 3536 2764 3606; x_wconf 89' lang='lat' dir='ltr'><strong>corruptionihus</strong></span> <span class='ocrx_word' id='word_1_736' title='bbox 2813 3534 3079 3590; x_wconf 86' lang='lat' dir='ltr'><strong>fructuum</strong></span> <span class='ocrx_word' id='word_1_737' title='bbox 3120 3553 3133 3589; x_wconf 91' lang='lat'>:</span> <span class='ocrx_word' id='word_1_738' title='bbox 3171 3550 3394 3604; x_wconf 89' lang='lat' dir='ltr'><strong>quorum</strong></span> <span class='ocrx_word' id='word_1_739' title='bbox 3437 3536 3678 3590; x_wconf 90' lang='lat' dir='ltr'><strong>omnium</strong></span> <span class='ocrx_word' id='word_1_740' title='bbox 3720 3550 3818 3588; x_wconf 86' lang='lat' dir='ltr'><strong>non</strong></span> <span class='ocrx_word' id='word_1_741' title='bbox 3867 3587 3875 3594; x_wconf 77' lang='grc'>,</span> 
     </span>
    </p>
   </div>
   <div class='ocr_carea' id='block_1_97' title="bbox 2227 3627 3814 3701">
    <p class='ocr_par' dir='ltr' id='par_1_97' title="bbox 2227 3627 3814 3701">
     <span class='ocr_line' id='line_1_97' title="bbox 2227 3627 3814 3701; baseline -0.003 -17"><span class='ocrx_word' id='word_1_742' title='bbox 2227 3645 2506 3701; x_wconf 88' lang='lat' dir='ltr'><strong>possumus</strong></span> <span class='ocrx_word' id='word_1_743' title='bbox 2557 3639 2699 3684; x_wconf 90' lang='lat' dir='ltr'><strong>recte</strong></span> <span class='ocrx_word' id='word_1_744' title='bbox 2744 3628 2922 3683; x_wconf 91' lang='lat' dir='ltr'><strong>dicere</strong></span> <span class='ocrx_word' id='word_1_745' title='bbox 2968 3627 3131 3681; x_wconf 89' lang='lat' dir='ltr'><strong>Deum</strong></span> <span class='ocrx_word' id='word_1_746' title='bbox 3179 3643 3284 3681; x_wconf 90' lang='lat' dir='ltr'><strong>non</strong></span> <span class='ocrx_word' id='word_1_747' title='bbox 3335 3641 3456 3682; x_wconf 90' lang='lat' dir='ltr'><strong>esse</strong></span> <span class='ocrx_word' id='word_1_748' title='bbox 3501 3639 3814 3682; x_wconf 83' lang='lat' dir='ltr'><strong>creatorem.</strong></span> 
     </span>
    </p>
   </div>
   <div class='ocr_carea' id='block_1_98' title="bbox 2227 3718 3816 3790">
    <p class='ocr_par' dir='ltr' id='par_1_98' title="bbox 2227 3718 3816 3790">
     <span class='ocr_line' id='line_1_98' title="bbox 2227 3718 3816 3790; baseline -0.002 -14"><span class='ocrx_word' id='word_1_749' title='bbox 2227 3722 2368 3776; x_wconf 85' lang='lat' dir='ltr'><strong>Inest</strong></span> <span class='ocrx_word' id='word_1_750' title='bbox 2395 3721 2537 3776; x_wconf 71' lang='lat' dir='ltr'><strong>etaim</strong></span> <span class='ocrx_word' id='word_1_751' title='bbox 2570 3720 2816 3774; x_wconf 89' lang='lat' dir='ltr'><strong>omnibus</strong></span> <span class='ocrx_word' id='word_1_752' title='bbox 2846 3718 3111 3789; x_wconf 90' lang='lat' dir='ltr'><strong>quoddam</strong></span> <span class='ocrx_word' id='word_1_753' title='bbox 3145 3727 3348 3773; x_wconf 67' lang='lat' dir='ltr'><strong>natura:</strong></span> <span class='ocrx_word' id='word_1_754' title='bbox 3377 3720 3456 3773; x_wconf 88' lang='lat' dir='ltr'><strong>sui</strong></span> <span class='ocrx_word' id='word_1_755' title='bbox 3487 3721 3702 3790; x_wconf 84' lang='lat' dir='ltr'><strong>generis</strong></span> <span class='ocrx_word' id='word_1_756' title='bbox 3725 3719 3816 3774; x_wconf 80' lang='lat' dir='ltr'><strong>de-</strong></span> 
     </span>
    </p>
   </div>
   <div class='ocr_carea' id='block_1_99' title="bbox 2225 3809 3813 3881">
    <p class='ocr_par' dir='ltr' id='par_1_99' title="bbox 2225 3809 3813 3881">
     <span class='ocr_line' id='line_1_99' title="bbox 2225 3809 3813 3881; baseline -0.004 -12"><span class='ocrx_word' id='word_1_757' title='bbox 2225 3830 2353 3880; x_wconf 90' lang='lat' dir='ltr'><strong>cus,</strong></span> <span class='ocrx_word' id='word_1_758' title='bbox 2395 3815 2470 3868; x_wconf 86' lang='lat' dir='ltr'><strong>sic</strong></span> <span class='ocrx_word' id='word_1_759' title='bbox 2505 3823 2561 3868; x_wconf 90' lang='lat' dir='ltr'><strong>ut</strong></span> <span class='ocrx_word' id='word_1_760' title='bbox 2597 3815 2648 3867; x_wconf 89' lang='lat' dir='ltr'><strong>in</strong></span> <span class='ocrx_word' id='word_1_761' title='bbox 2686 3813 2768 3866; x_wconf 89' lang='lat' dir='ltr'><strong>his</strong></span> <span class='ocrx_word' id='word_1_762' title='bbox 2798 3813 2969 3881; x_wconf 89' lang='lat' dir='ltr'><strong>major</strong></span> <span class='ocrx_word' id='word_1_763' title='bbox 2998 3812 3068 3866; x_wconf 89' lang='lat' dir='ltr'><strong>sit</strong></span> <span class='ocrx_word' id='word_1_764' title='bbox 3095 3810 3376 3865; x_wconf 87' lang='lat' dir='ltr'><strong>admiratio</strong></span> <span class='ocrx_word' id='word_1_765' title='bbox 3406 3809 3544 3865; x_wconf 90' lang='lat' dir='ltr'><strong>bene</strong></span> <span class='ocrx_word' id='word_1_766' title='bbox 3573 3811 3813 3866; x_wconf 86' lang='lat' dir='ltr'><strong>conside-</strong></span> 
     </span>
    </p>
   </div>
   <div class='ocr_carea' id='block_1_100' title="bbox 2225 3902 3813 3974">
    <p class='ocr_par' dir='ltr' id='par_1_100' title="bbox 2225 3902 3813 3974">
     <span class='ocr_line' id='line_1_100' title="bbox 2225 3902 3813 3974; baseline -0.005 -11"><span class='ocrx_word' id='word_1_767' title='bbox 2225 3909 2428 3974; x_wconf 86' lang='lat' dir='ltr'><strong>rantis,</strong></span> <span class='ocrx_word' id='word_1_768' title='bbox 2477 3917 2532 3962; x_wconf 89' lang='lat' dir='ltr'><strong>et</strong></span> <span class='ocrx_word' id='word_1_769' title='bbox 2577 3907 2692 3960; x_wconf 88' lang='lat' dir='ltr'><strong>laus</strong></span> <span class='ocrx_word' id='word_1_770' title='bbox 2741 3905 2958 3960; x_wconf 87' lang='lat' dir='ltr'><strong>uberior</strong></span> <span class='ocrx_word' id='word_1_771' title='bbox 3003 3905 3383 3971; x_wconf 90' lang='lat' dir='ltr'><strong>omnipotentis</strong></span> <span class='ocrx_word' id='word_1_772' title='bbox 3426 3902 3682 3969; x_wconf 84' lang='lat' dir='ltr'><strong>artificis;</strong></span> <span class='ocrx_word' id='word_1_773' title='bbox 3731 3903 3813 3972; x_wconf 95' lang='lat' dir='ltr'><strong>qui</strong></span> 
     </span>
    </p>
   </div>
   <div class='ocr_carea' id='block_1_101' title="bbox 2225 3993 3814 4067">
    <p class='ocr_par' dir='ltr' id='par_1_101' title="bbox 2225 3993 3814 4067">
     <span class='ocr_line' id='line_1_101' title="bbox 2225 3993 3814 4067; baseline -0.004 -14"><span class='ocrx_word' id='word_1_774' title='bbox 2225 4001 2401 4054; x_wconf 89' lang='lat' dir='ltr'><strong>omnia</strong></span> <span class='ocrx_word' id='word_1_775' title='bbox 2445 3999 2496 4052; x_wconf 90' lang='lat' dir='ltr'><strong>in</strong></span> <span class='ocrx_word' id='word_1_776' title='bbox 2537 3997 2795 4067; x_wconf 88' lang='lat' dir='ltr'><strong>sapientia</strong></span> <span class='ocrx_word' id='word_1_777' title='bbox 2841 3995 2965 4050; x_wconf 85' lang='lat' dir='ltr'><strong>fecit</strong></span> <span class='ocrx_word' id='word_1_778' title='bbox 3010 3993 3180 4067; x_wconf 86' lang='lat' dir='ltr'><strong>(Psal.</strong></span> <span class='ocrx_word' id='word_1_779' title='bbox 3207 4009 3327 4058; x_wconf 77' lang='lat' dir='ltr'><strong>cur,</strong></span> <span class='ocrx_word' id='word_1_780' title='bbox 3356 3993 3476 4064; x_wconf 66' lang='lat'><strong>24),</strong></span> <span class='ocrx_word' id='word_1_781' title='bbox 3511 4011 3634 4064; x_wconf 79' lang='lat' dir='ltr'><strong>qua:</strong></span> <span class='ocrx_word' id='word_1_782' title='bbox 3660 4011 3687 4046; x_wconf 92' lang='lat' dir='ltr'><strong>a</strong></span> <span class='ocrx_word' id='word_1_783' title='bbox 3719 3995 3814 4047; x_wconf 78' lang='lat' dir='ltr'><strong>fine</strong></span> 
     </span>
    </p>
   </div>
   <div class='ocr_carea' id='block_1_102' title="bbox 2227 4079 3812 4160">
    <p class='ocr_par' dir='ltr' id='par_1_102' title="bbox 2227 4079 3812 4160">
     <span class='ocr_line' id='line_1_102' title="bbox 2227 4079 3812 4160; baseline -0.004 -16"><span class='ocrx_word' id='word_1_784' title='bbox 2227 4104 2393 4160; x_wconf 89' lang='lat' dir='ltr'><strong>usque</strong></span> <span class='ocrx_word' id='word_1_785' title='bbox 2420 4089 2485 4143; x_wconf 92' lang='lat' dir='ltr'><strong>ad</strong></span> <span class='ocrx_word' id='word_1_786' title='bbox 2517 4088 2676 4143; x_wconf 90' lang='lat' dir='ltr'><strong>finem</strong></span> <span class='ocrx_word' id='word_1_787' title='bbox 2709 4086 3049 4157; x_wconf 86' lang='lat' dir='ltr'><strong>pertendens,</strong></span> <span class='ocrx_word' id='word_1_788' title='bbox 3082 4095 3137 4140; x_wconf 90' lang='lat' dir='ltr'><strong>et</strong></span> <span class='ocrx_word' id='word_1_789' title='bbox 3165 4085 3400 4139; x_wconf 88' lang='lat' dir='ltr'><strong>suaviter</strong></span> <span class='ocrx_word' id='word_1_790' title='bbox 3426 4079 3619 4139; x_wconf 86' lang='lat' dir='ltr'><strong>cuncta</strong></span> <span class='ocrx_word' id='word_1_791' title='bbox 3647 4085 3812 4154; x_wconf 81' lang='lat' dir='ltr'><strong>diSpO-</strong></span> 
     </span>
    </p>
   </div>
   <div class='ocr_carea' id='block_1_103' title="bbox 2229 4177 3812 4249">
    <p class='ocr_par' dir='ltr' id='par_1_103' title="bbox 2229 4177 3812 4249">
     <span class='ocr_line' id='line_1_103' title="bbox 2229 4177 3812 4249; baseline -0.004 -13"><span class='ocrx_word' id='word_1_792' title='bbox 2229 4196 2362 4236; x_wconf 87' lang='lat' dir='ltr'><strong>nens</strong></span> <span class='ocrx_word' id='word_1_793' title='bbox 2391 4179 2546 4248; x_wconf 88' lang='lat' dir='ltr'><strong>(Sap.</strong></span> <span class='ocrx_word' id='word_1_794' title='bbox 2572 4195 2687 4245; x_wconf 85' lang='lat' dir='ltr'><strong>vni,</strong></span> <span class='ocrx_word' id='word_1_795' title='bbox 2712 4179 2795 4249; x_wconf 88' lang='grc'><strong>1),</strong></span> <span class='ocrx_word' id='word_1_796' title='bbox 2827 4194 2922 4231; x_wconf 89' lang='lat' dir='ltr'><strong>nec</strong></span> <span class='ocrx_word' id='word_1_797' title='bbox 2944 4193 3004 4231; x_wconf 90' lang='lat' dir='ltr'><strong>ea</strong></span> <span class='ocrx_word' id='word_1_798' title='bbox 3030 4179 3140 4246; x_wconf 88' lang='lat' dir='ltr'><strong>ipsa</strong></span> <span class='ocrx_word' id='word_1_799' title='bbox 3166 4192 3343 4230; x_wconf 87' lang='lat' dir='ltr'><strong>rerum</strong></span> <span class='ocrx_word' id='word_1_800' title='bbox 3367 4177 3678 4241; x_wconf 85' lang='lat' dir='ltr'><strong>novissima,</strong></span> <span class='ocrx_word' id='word_1_801' title='bbox 3704 4192 3812 4248; x_wconf 79' lang='lat' dir='ltr'><strong>qua:</strong></span> 
     </span>
    </p>
   </div>
   <div class='ocr_carea' id='block_1_104' title="bbox 2229 4260 3812 4343">
    <p class='ocr_par' dir='ltr' id='par_1_104' title="bbox 2229 4260 3812 4343">
     <span class='ocr_line' id='line_1_104' title="bbox 2229 4260 3812 4343; baseline -0.006 -15"><span class='ocrx_word' id='word_1_802' title='bbox 2229 4288 2326 4343; x_wconf 90' lang='lat' dir='ltr'><strong>pro</strong></span> <span class='ocrx_word' id='word_1_803' title='bbox 2351 4273 2432 4328; x_wconf 87' lang='lat' dir='ltr'><strong>sui</strong></span> <span class='ocrx_word' id='word_1_804' title='bbox 2461 4273 2673 4342; x_wconf 87' lang='lat' dir='ltr'><strong>generis</strong></span> <span class='ocrx_word' id='word_1_805' title='bbox 2695 4269 2883 4324; x_wconf 90' lang='lat' dir='ltr'><strong>ordine</strong></span> <span class='ocrx_word' id='word_1_806' title='bbox 2907 4268 3288 4334; x_wconf 90' lang='lat' dir='ltr'><strong>dissolvuntur,</strong></span> <span class='ocrx_word' id='word_1_807' title='bbox 3320 4277 3371 4323; x_wconf 87' lang='lat' dir='ltr'><strong>et</strong></span> <span class='ocrx_word' id='word_1_808' title='bbox 3397 4284 3627 4340; x_wconf 90' lang='lat' dir='ltr'><strong>quarum</strong></span> <span class='ocrx_word' id='word_1_809' title='bbox 3655 4260 3812 4323; x_wconf 85' lang='lat' dir='ltr'><strong>disso-</strong></span> 
     </span>
    </p>
   </div>
   <div class='ocr_carea' id='block_1_105' title="bbox 2228 4361 3808 4432">
    <p class='ocr_par' dir='ltr' id='par_1_105' title="bbox 2228 4361 3808 4432">
     <span class='ocr_line' id='line_1_105' title="bbox 2228 4361 3808 4432; baseline -0.004 -14"><span class='ocrx_word' id='word_1_810' title='bbox 2228 4364 2482 4419; x_wconf 90' lang='lat' dir='ltr'><strong>lutionem</strong></span> <span class='ocrx_word' id='word_1_811' title='bbox 2535 4379 2602 4418; x_wconf 83' lang='lat' dir='ltr'><strong>ex</strong></span> <span class='ocrx_word' id='word_1_812' title='bbox 2660 4377 2814 4432; x_wconf 80' lang='lat' dir='ltr'><strong>ptena</strong></span> <span class='ocrx_word' id='word_1_813' title='bbox 2870 4370 3065 4416; x_wconf 79' lang='lat' dir='ltr'><strong>nostra:</strong></span> <span class='ocrx_word' id='word_1_814' title='bbox 3119 4361 3454 4416; x_wconf 86' lang='lat' dir='ltr'><strong>mortalitatis</strong></span> <span class='ocrx_word' id='word_1_815' title='bbox 3509 4363 3808 4427; x_wconf 89' lang='lat' dir='ltr'><strong>horremus,</strong></span> 
     </span>
    </p>
   </div>
   <div class='ocr_carea' id='block_1_106' title="bbox 2230 4454 3808 4526">
    <p class='ocr_par' dir='ltr' id='par_1_106' title="bbox 2230 4454 3808 4526">
     <span class='ocr_line' id='line_1_106' title="bbox 2230 4454 3808 4526; baseline -0.004 -15"><span class='ocrx_word' id='word_1_816' title='bbox 2230 4457 2482 4526; x_wconf 90' lang='lat' dir='ltr'><strong>relinquit</strong></span> <span class='ocrx_word' id='word_1_817' title='bbox 2519 4455 2766 4510; x_wconf 86' lang='lat' dir='ltr'><strong>informia</strong></span> <span class='ocrx_word' id='word_1_818' title='bbox 2797 4473 2809 4506; x_wconf 89' lang='lat'><strong>:</strong></span> <span class='ocrx_word' id='word_1_819' title='bbox 2840 4454 2932 4509; x_wconf 90' lang='lat' dir='ltr'><strong>sed</strong></span> <span class='ocrx_word' id='word_1_820' title='bbox 2964 4463 3112 4509; x_wconf 81' lang='lat' dir='ltr'><strong>creat</strong></span> <span class='ocrx_word' id='word_1_821' title='bbox 3138 4455 3354 4508; x_wconf 88' lang='lat' dir='ltr'><strong>minima</strong></span> <span class='ocrx_word' id='word_1_822' title='bbox 3380 4469 3637 4524; x_wconf 87' lang='lat' dir='ltr'><strong>corpore,</strong></span> <span class='ocrx_word' id='word_1_823' title='bbox 3668 4462 3808 4508; x_wconf 86' lang='lat' dir='ltr'><strong>acuta</strong></span> 
     </span>
    </p>
   </div>
   <div class='ocr_carea' id='block_1_107' title="bbox 2228 4547 3809 4616">
    <p class='ocr_par' dir='ltr' id='par_1_107' title="bbox 2228 4547 3809 4616">
     <span class='ocr_line' id='line_1_107' title="bbox 2228 4547 3809 4616; baseline -0.006 -12"><span class='ocrx_word' id='word_1_824' title='bbox 2228 4563 2424 4615; x_wconf 87' lang='lat' dir='ltr'><strong>sensu,</strong></span> <span class='ocrx_word' id='word_1_825' title='bbox 2461 4547 2784 4612; x_wconf 90' lang='lat' dir='ltr'><strong>animantia;</strong></span> <span class='ocrx_word' id='word_1_826' title='bbox 2830 4555 2885 4600; x_wconf 90' lang='lat' dir='ltr'><strong>ut</strong></span> <span class='ocrx_word' id='word_1_827' title='bbox 2930 4547 3133 4616; x_wconf 89' lang='lat' dir='ltr'><strong>majore</strong></span> <span class='ocrx_word' id='word_1_828' title='bbox 3175 4547 3470 4601; x_wconf 90' lang='lat' dir='ltr'><strong>attentione</strong></span> <span class='ocrx_word' id='word_1_829' title='bbox 3513 4557 3809 4616; x_wconf 83' lang='lat' dir='ltr'><strong>stupeamns</strong></span> 
     </span>
    </p>
   </div>
   <div class='ocr_carea' id='block_1_108' title="bbox 2226 4638 3808 4712">
    <p class='ocr_par' dir='ltr' id='par_1_108' title="bbox 2226 4638 3808 4712">
     <span class='ocr_line' id='line_1_108' title="bbox 2226 4638 3808 4712; baseline -0.004 -16"><span class='ocrx_word' id='word_1_830' title='bbox 2226 4641 2513 4712; x_wconf 74' lang='lat' dir='ltr'><strong>agilitatem</strong></span> <span class='ocrx_word' id='word_1_831' title='bbox 2560 4655 2758 4695; x_wconf 83' lang='lat' dir='ltr'><strong>muscae</strong></span> <span class='ocrx_word' id='word_1_832' title='bbox 2795 4639 3054 4703; x_wconf 87' lang='lat' dir='ltr'><strong>volantis,</strong></span> <span class='ocrx_word' id='word_1_833' title='bbox 3089 4654 3244 4708; x_wconf 85' lang='lat' dir='ltr'><strong>quam</strong></span> <span class='ocrx_word' id='word_1_834' title='bbox 3278 4639 3693 4710; x_wconf 86' lang='lat' dir='ltr'><strong>magnitudinem</strong></span> <span class='ocrx_word' id='word_1_835' title='bbox 3729 4638 3808 4706; x_wconf 88' lang='lat' dir='ltr'><strong>ju-</strong></span> 
     </span>
    </p>
   </div>
   <div class='ocr_carea' id='block_1_109' title="bbox 2227 4727 3807 4802">
    <p class='ocr_par' dir='ltr' id='par_1_109' title="bbox 2227 4727 3807 4802">
     <span class='ocr_line' id='line_1_109' title="bbox 2227 4727 3807 4802; baseline -0.006 -16"><span class='ocrx_word' id='word_1_836' title='bbox 2227 4731 2392 4786; x_wconf 87' lang='lat' dir='ltr'><strong>menti</strong></span> <span class='ocrx_word' id='word_1_837' title='bbox 2433 4731 2722 4802; x_wconf 87' lang='lat' dir='ltr'><strong>gradientis</strong></span> <span class='ocrx_word' id='word_1_838' title='bbox 2745 4773 2758 4793; x_wconf 89' lang='lat'><strong>,</strong></span> <span class='ocrx_word' id='word_1_839' title='bbox 2789 4729 3122 4799; x_wconf 84' lang='lat' dir='ltr'><strong>ampliusque</strong></span> <span class='ocrx_word' id='word_1_840' title='bbox 3162 4730 3418 4785; x_wconf 88' lang='lat' dir='ltr'><strong>miremur</strong></span> <span class='ocrx_word' id='word_1_841' title='bbox 3442 4744 3602 4800; x_wconf 91' lang='lat' dir='ltr'><strong>opera</strong></span> <span class='ocrx_word' id='word_1_842' title='bbox 3637 4727 3807 4783; x_wconf 86' lang='lat' dir='ltr'><strong>formi-</strong></span> 
     </span>
    </p>
   </div>
   <div class='ocr_carea' id='block_1_110' title="bbox 2228 4820 3249 4890">
    <p class='ocr_par' dir='ltr' id='par_1_110' title="bbox 2228 4820 3249 4890">
     <span class='ocr_line' id='line_1_110' title="bbox 2228 4820 3249 4890; baseline -0.003 -13"><span class='ocrx_word' id='word_1_843' title='bbox 2228 4821 2493 4885; x_wconf 89' lang='lat' dir='ltr'><strong>cularutn,</strong></span> <span class='ocrx_word' id='word_1_844' title='bbox 2530 4836 2687 4890; x_wconf 89' lang='lat' dir='ltr'><strong>quam</strong></span> <span class='ocrx_word' id='word_1_845' title='bbox 2719 4835 2881 4875; x_wconf 91' lang='lat' dir='ltr'><strong>onera</strong></span> <span class='ocrx_word' id='word_1_846' title='bbox 2907 4820 3249 4874; x_wconf 88' lang='lat' dir='ltr'><strong>camelorum.</strong></span> 
     </span>
    </p>
   </div>
   <div class='ocr_carea' id='block_1_111' title="bbox 2298 4910 3807 4980">
    <p class='ocr_par' dir='ltr' id='par_1_111' title="bbox 2298 4910 3807 4980">
     <span class='ocr_line' id='line_1_111' title="bbox 2298 4910 3807 4980; baseline -0.005 -14"><span class='ocrx_word' id='word_1_847' title='bbox 2298 4912 2388 4968; x_wconf 80' lang='lat'><strong>25.</strong></span> <span class='ocrx_word' id='word_1_848' title='bbox 2432 4911 2537 4966; x_wconf 92' lang='lat' dir='ltr'><strong>Sed</strong></span> <span class='ocrx_word' id='word_1_849' title='bbox 2566 4921 2742 4966; x_wconf 92' lang='lat' dir='ltr'><strong>utrum</strong></span> <span class='ocrx_word' id='word_1_850' title='bbox 2775 4912 2826 4965; x_wconf 93' lang='lat' dir='ltr'><strong>in</strong></span> <span class='ocrx_word' id='word_1_851' title='bbox 2858 4911 3070 4980; x_wconf 89' lang='lat' dir='ltr'><strong>primis,</strong></span> <span class='ocrx_word' id='word_1_852' title='bbox 3099 4923 3156 4965; x_wconf 91' lang='lat' dir='ltr'><strong>ut</strong></span> <span class='ocrx_word' id='word_1_853' title='bbox 3181 4911 3320 4975; x_wconf 85' lang='lat' dir='ltr'><strong>dixi,</strong></span> <span class='ocrx_word' id='word_1_854' title='bbox 3349 4927 3526 4967; x_wconf 89' lang='lat' dir='ltr'><strong>rerum</strong></span> <span class='ocrx_word' id='word_1_855' title='bbox 3562 4910 3807 4966; x_wconf 86' lang='lat' dir='ltr'><strong>conditio-</strong></span> 
     </span>
    </p>
   </div>
   <div class='ocr_carea' id='block_1_112' title="bbox 2232 5003 3801 5073">
    <p class='ocr_par' dir='ltr' id='par_1_112' title="bbox 2232 5003 3801 5073">
     <span class='ocr_line' id='line_1_112' title="bbox 2232 5003 3801 5073; baseline -0.004 -15"><span class='ocrx_word' id='word_1_856' title='bbox 2232 5004 2414 5070; x_wconf 88' lang='lat' dir='ltr'><strong>nibus,</strong></span> <span class='ocrx_word' id='word_1_857' title='bbox 2443 5019 2564 5073; x_wconf 68' lang='lat' dir='ltr'><strong>qum</strong></span> <span class='ocrx_word' id='word_1_858' title='bbox 2594 5004 2695 5058; x_wconf 85' lang='lat' dir='ltr'><strong>isto</strong></span> <span class='ocrx_word' id='word_1_859' title='bbox 2725 5017 2816 5058; x_wconf 77' lang='lat' dir='ltr'><strong>sex</strong></span> <span class='ocrx_word' id='word_1_860' title='bbox 2843 5004 3047 5058; x_wconf 91' lang='lat' dir='ltr'><strong>dierum</strong></span> <span class='ocrx_word' id='word_1_861' title='bbox 3076 5003 3265 5059; x_wconf 88' lang='lat' dir='ltr'><strong>ordine</strong></span> <span class='ocrx_word' id='word_1_862' title='bbox 3295 5015 3486 5059; x_wconf 68' lang='lat' dir='ltr'><strong>creata:</strong></span> <span class='ocrx_word' id='word_1_863' title='bbox 3515 5012 3801 5062; x_wconf 85' lang='lat' dir='ltr'><strong>narrantur,</strong></span> 
     </span>
    </p>
   </div>
   <div class='ocr_carea' id='block_1_113' title="bbox 2233 5093 3801 5166">
    <p class='ocr_par' dir='ltr' id='par_1_113' title="bbox 2233 5093 3801 5166">
     <span class='ocr_line' id='line_1_113' title="bbox 2233 5093 3801 5166; baseline -0.002 -19"><span class='ocrx_word' id='word_1_864' title='bbox 2233 5093 2348 5147; x_wconf 78' lang='lat' dir='ltr'><strong>hch</strong></span> <span class='ocrx_word' id='word_1_865' title='bbox 2391 5107 2600 5164; x_wconf 88' lang='lat' dir='ltr'><strong>quoque</strong></span> <span class='ocrx_word' id='word_1_866' title='bbox 2644 5093 2858 5147; x_wconf 90' lang='lat' dir='ltr'><strong>tninima</strong></span> <span class='ocrx_word' id='word_1_867' title='bbox 2904 5095 3138 5148; x_wconf 90' lang='lat' dir='ltr'><strong>instituta</strong></span> <span class='ocrx_word' id='word_1_868' title='bbox 3183 5095 3490 5161; x_wconf 81' lang='lat' dir='ltr'><strong>credamus,</strong></span> <span class='ocrx_word' id='word_1_869' title='bbox 3527 5111 3592 5149; x_wconf 87' lang='lat' dir='ltr'><strong>an</strong></span> <span class='ocrx_word' id='word_1_870' title='bbox 3633 5103 3801 5166; x_wconf 76' lang='lat' dir='ltr'><strong>postea</strong></span> 
     </span>
    </p>
   </div>
   <div class='ocr_carea' id='block_1_114' title="bbox 2189 5183 3800 5256">
    <p class='ocr_par' dir='ltr' id='par_1_114' title="bbox 2189 5183 3800 5256">
     <span class='ocr_line' id='line_1_114' title="bbox 2189 5183 3800 5256; baseline -0.002 -19"><span class='ocrx_word' id='word_1_871' title='bbox 2189 5184 2197 5200; x_wconf 94' lang='lat'><em>‘</em></span> <span class='ocrx_word' id='word_1_872' title='bbox 2231 5183 2680 5252; x_wconf 87' lang='lat' dir='ltr'><strong>consequentibus</strong></span> <span class='ocrx_word' id='word_1_873' title='bbox 2699 5184 3122 5254; x_wconf 89' lang='lat' dir='ltr'><strong>corruptibilium</strong></span> <span class='ocrx_word' id='word_1_874' title='bbox 3143 5201 3427 5256; x_wconf 91' lang='lat' dir='ltr'><strong>corporum</strong></span> <span class='ocrx_word' id='word_1_875' title='bbox 3445 5185 3800 5245; x_wconf 71' lang='lat' dir='ltr'><strong>solutionibus,</strong></span> 
     </span>
    </p>
   </div>
   <div class='ocr_carea' id='block_1_115' title="bbox 2234 5275 3799 5348">
    <p class='ocr_par' dir='ltr' id='par_1_115' title="bbox 2234 5275 3799 5348">
     <span class='ocr_line' id='line_1_115' title="bbox 2234 5275 3799 5348; baseline -0.001 -20"><span class='ocrx_word' id='word_1_876' title='bbox 2234 5275 2334 5329; x_wconf 91' lang='lat' dir='ltr'><strong>hoc</strong></span> <span class='ocrx_word' id='word_1_877' title='bbox 2361 5277 2634 5346; x_wconf 69' lang='lat' dir='ltr'><strong>quaeritur.</strong></span> <span class='ocrx_word' id='word_1_878' title='bbox 2679 5277 2743 5332; x_wconf 84' lang='lat' dir='ltr'><strong>Et</strong></span> <span class='ocrx_word' id='word_1_879' title='bbox 2773 5287 2945 5348; x_wconf 86' lang='lat' dir='ltr'><strong>potest</strong></span> <span class='ocrx_word' id='word_1_880' title='bbox 2971 5278 3184 5348; x_wconf 78' lang='lat' dir='ltr'><strong>quidem</strong></span> <span class='ocrx_word' id='word_1_881' title='bbox 3213 5279 3317 5332; x_wconf 85' lang='lat' dir='ltr'><strong>dici</strong></span> <span class='ocrx_word' id='word_1_882' title='bbox 3353 5296 3418 5334; x_wconf 81' lang='lat' dir='ltr'><strong>ea</strong></span> <span class='ocrx_word' id='word_1_883' title='bbox 3445 5278 3799 5336; x_wconf 88' lang='lat' dir='ltr'><strong>minutissima,</strong></span> 
     </span>
    </p>
   </div>
   <div class='ocr_carea' id='block_1_116' title="bbox 2233 5367 3801 5437">
    <p class='ocr_par' dir='ltr' id='par_1_116' title="bbox 2233 5367 3801 5437">
     <span class='ocr_line' id='line_1_116' title="bbox 2233 5367 3801 5437; baseline 0.001 -19"><span class='ocrx_word' id='word_1_884' title='bbox 2233 5382 2350 5436; x_wconf 78' lang='lat' dir='ltr'><strong>qua:</strong></span> <span class='ocrx_word' id='word_1_885' title='bbox 2379 5383 2444 5422; x_wconf 77' lang='lat' dir='ltr'><strong>ex</strong></span> <span class='ocrx_word' id='word_1_886' title='bbox 2471 5368 2622 5437; x_wconf 87' lang='lat' dir='ltr'><strong>aquis</strong></span> <span class='ocrx_word' id='word_1_887' title='bbox 2645 5368 2729 5422; x_wconf 89' lang='lat' dir='ltr'><strong>vel</strong></span> <span class='ocrx_word' id='word_1_888' title='bbox 2755 5369 2909 5424; x_wconf 87' lang='lat' dir='ltr'><strong>terris</strong></span> <span class='ocrx_word' id='word_1_889' title='bbox 2937 5369 3198 5435; x_wconf 90' lang='lat' dir='ltr'><strong>oriuntur,</strong></span> <span class='ocrx_word' id='word_1_890' title='bbox 3233 5381 3356 5426; x_wconf 90' lang='lat' dir='ltr'><strong>tunc</strong></span> <span class='ocrx_word' id='word_1_891' title='bbox 3378 5380 3554 5426; x_wconf 87' lang='lat' dir='ltr'><strong>creata</strong></span> <span class='ocrx_word' id='word_1_892' title='bbox 3585 5389 3597 5424; x_wconf 91' lang='lat'>:</span> <span class='ocrx_word' id='word_1_893' title='bbox 3626 5371 3675 5423; x_wconf 92' lang='lat' dir='ltr'><strong>in</strong></span> <span class='ocrx_word' id='word_1_894' title='bbox 3697 5367 3801 5437; x_wconf 84' lang='lat' dir='ltr'><strong>qui-</strong></span> 
     </span>
    </p>
   </div>
   <div class='ocr_carea' id='block_1_117' title="bbox 2231 5461 3799 5533">
    <p class='ocr_par' dir='ltr' id='par_1_117' title="bbox 2231 5461 3799 5533">
     <span class='ocr_line' id='line_1_117' title="bbox 2231 5461 3799 5533; baseline -0.005 -16"><span class='ocrx_word' id='word_1_895' title='bbox 2231 5462 2332 5517; x_wconf 88' lang='lat' dir='ltr'><strong>bus</strong></span> <span class='ocrx_word' id='word_1_896' title='bbox 2355 5462 2512 5517; x_wconf 88' lang='lat' dir='ltr'><strong>etiam</strong></span> <span class='ocrx_word' id='word_1_897' title='bbox 2544 5462 2629 5515; x_wconf 88' lang='lat' dir='ltr'><strong>illa</strong></span> <span class='ocrx_word' id='word_1_898' title='bbox 2657 5478 2759 5514; x_wconf 89' lang='lat' dir='ltr'><strong>non</strong></span> <span class='ocrx_word' id='word_1_899' title='bbox 2789 5461 3014 5516; x_wconf 84' lang='lat' dir='ltr'><strong>absurde</strong></span> <span class='ocrx_word' id='word_1_900' title='bbox 3041 5462 3422 5533; x_wconf 83' lang='lat' dir='ltr'><strong>intelliguntur,</strong></span> <span class='ocrx_word' id='word_1_901' title='bbox 3451 5480 3566 5533; x_wconf 76' lang='lat' dir='ltr'><strong>qua:</strong></span> <span class='ocrx_word' id='word_1_902' title='bbox 3595 5474 3799 5516; x_wconf 84' lang='lat' dir='ltr'><strong>nascun-</strong></span> 
     </span>
    </p>
   </div>
   <div class='ocr_carea' id='block_1_118' title="bbox 2232 5549 3795 5625">
    <p class='ocr_par' dir='ltr' id='par_1_118' title="bbox 2232 5549 3795 5625">
     <span class='ocr_line' id='line_1_118' title="bbox 2232 5549 3795 5625; baseline -0.005 -15"><span class='ocrx_word' id='word_1_903' title='bbox 2232 5564 2318 5610; x_wconf 89' lang='lat' dir='ltr'><strong>tur</strong></span> <span class='ocrx_word' id='word_1_904' title='bbox 2355 5571 2418 5610; x_wconf 81' lang='lat' dir='ltr'><strong>ex</strong></span> <span class='ocrx_word' id='word_1_905' title='bbox 2467 5554 2530 5608; x_wconf 90' lang='lat' dir='ltr'><strong>iis</strong></span> <span class='ocrx_word' id='word_1_906' title='bbox 2569 5571 2687 5625; x_wconf 65' lang='lat' dir='ltr'><strong>quae</strong></span> <span class='ocrx_word' id='word_1_907' title='bbox 2731 5564 2869 5608; x_wconf 86' lang='lat' dir='ltr'><strong>terra</strong></span> <span class='ocrx_word' id='word_1_908' title='bbox 2910 5555 3240 5624; x_wconf 88' lang='lat' dir='ltr'><strong>germinaute</strong></span> <span class='ocrx_word' id='word_1_909' title='bbox 3279 5565 3392 5609; x_wconf 82' lang='lat' dir='ltr'><strong>orta</strong></span> <span class='ocrx_word' id='word_1_910' title='bbox 3428 5567 3581 5618; x_wconf 88' lang='lat' dir='ltr'><strong>sunt;</strong></span> <span class='ocrx_word' id='word_1_911' title='bbox 3613 5564 3661 5608; x_wconf 89' lang='lat' dir='ltr'><strong>ct</strong></span> <span class='ocrx_word' id='word_1_912' title='bbox 3688 5549 3795 5620; x_wconf 75' lang='lat' dir='ltr'><strong>quia</strong></span> 
     </span>
    </p>
   </div>
   <div class='ocr_carea' id='block_1_119' title="bbox 2231 5679 3796 5802">
    <p class='ocr_par' dir='ltr' id='par_1_119' title="bbox 2231 5679 3796 5802">
     <span class='ocr_line' id='line_1_119' title="bbox 2231 5679 3796 5802; baseline -0.002 -61"><span class='ocrx_word' id='word_1_913' title='bbox 2231 5693 2469 5802; x_wconf 43' lang='lat' dir='ltr'><strong>libLigov.</strong></span> <span class='ocrx_word' id='word_1_914' title='bbox 2491 5725 2506 5750; x_wconf 95' lang='lat'><strong>,</strong></span> <span class='ocrx_word' id='word_1_915' title='bbox 2561 5702 2725 5739; x_wconf 86' lang='lat' dir='ltr'><strong>rerum</strong></span> <span class='ocrx_word' id='word_1_916' title='bbox 2760 5686 3048 5739; x_wconf 80' lang='lat' dir='ltr'><strong>mortalium.</strong></span> <span class='ocrx_word' id='word_1_917' title='bbox 3088 5689 3232 5739; x_wconf 78' lang='lat' dir='ltr'><strong>Abest</strong></span> <span class='ocrx_word' id='word_1_918' title='bbox 3286 5686 3558 5740; x_wconf 84' lang='lat' dir='ltr'><strong>mortalium</strong></span> <span class='ocrx_word' id='word_1_919' title='bbox 3597 5687 3658 5738; x_wconf 84' lang='lat' dir='ltr'><strong>ab</strong></span> <span class='ocrx_word' id='word_1_920' title='bbox 3701 5679 3796 5730; x_wconf 65' lang='lat' dir='ltr'><strong>aliis</strong></span> 
     </span>
    </p>
   </div>
  </div>
