3906 6328
96 252 179 310 189
1389 236 1594 296 LIBER
1628 231 1947 294 TERTIUS.

95 371 465 438 praecesserant
485 359 862 424 conditionem,
890 369 998 410 non
1024 353 1197 409 solum
1221 350 1555 416 animalium,
1576 349 1673 406 sed

95 461 230 515 etiam
260 458 643 521 luminarium;
687 464 741 510 et
780 453 903 522 quia
949 458 1108 504 terrae
1156 446 1538 503 continuantur
1578 457 1677 513 per

90 554 307 611 radicum
349 547 781 612 connexionem,
827 543 971 599 unde
1018 543 1107 598 illo
1150 541 1239 597 die
1283 555 1389 611 quo
1430 536 1678 609 apparuit

94 644 238 703 arida,
272 648 467 695 exorta
500 646 651 701 sunt,
683 645 740 690 ut
764 635 939 706 potius
968 634 1035 688 ad
1062 632 1493 704 supplementum
1519 626 1674 682 habi-

97 733 316 797 talionis,
363 746 532 801 quam
580 728 646 783 ad
688 742 967 781 numerum
1011 724 1368 780 habitatorum
1408 721 1676 793 pertinere

95 825 454 894 intelligantur.
491 820 694 875 Cmtera
720 833 850 874 vero
877 832 997 887 qua:
1024 817 1093 871 de
1117 814 1428 871 animalium
1453 813 1679 884 gignun-

96 926 168 971 tur
183 913 517 986 corporibus,
534 920 588 967 et
609 910 839 965 maxime
859 918 1215 975 mortuorum,
1232 904 1673 962 absurdissimum

96 1019 164 1065 est
183 1008 354 1063 dicere
377 1016 508 1060 tunc
527 1014 730 1071 creata,
757 1018 880 1058 cum
905 1001 1155 1056 animalia
1178 1000 1292 1072 ipsa
1315 1007 1495 1055 creata
1515 1006 1671 1054 sunt:

100 1103 182 1159 nisi
205 1103 320 1173 quia
351 1102 529 1155 inerat
556 1098 666 1169 jam
696 1097 946 1153 omnibus
974 1096 1223 1151 animatis
1251 1094 1567 1165 corporibus
1598 1093 1676 1149 vis

99 1193 311 1264 qumdam
337 1190 635 1257 naturalis,
666 1198 721 1245 et
748 1188 899 1259 quasi
929 1187 1302 1259 praeseminata
1331 1194 1385 1241 et
1412 1183 1674 1257 quodam-

101 1287 235 1343 modo
253 1288 425 1342 liciata
449 1287 465 1317 ¹
493 1281 784 1355 primordia
803 1281 1100 1337 futurorum
1123 1278 1455 1345 animalium,
1473 1291 1592 1347 quae
1608 1275 1677 1332 de

100 1376 505 1446 corruptionibus
531 1374 713 1428 talium
734 1386 1019 1442 corporum
1041 1386 1137 1441 pro
1154 1384 1251 1424 suo
1275 1382 1499 1439 quaeque
1513 1381 1678 1438 gene-

102 1486 147 1525 re
162 1484 217 1524 ac
232 1469 550 1525 differentiis
572 1476 724 1523 erant
741 1474 1014 1531 exortura,
1042 1479 1140 1535 per
1159 1460 1675 1518 administrationem

102 1561 392 1616 ineffabilem
424 1560 609 1614 omnia
639 1563 890 1613 movente
915 1553 1330 1611 incommutabili
1360 1552 1637 1609 Creatore.

102 1650 296 1707 CAPUT
323 1650 440 1705 XV.
467 1680 543 1690 —
567 1649 644 1704 De
666 1649 920 1703 creatione
955 1645 1254 1700 animalium
1296 1653 1672 1699 venenatorum.

158 1744 237 1798 24.
276 1743 349 1797 De
382 1742 678 1812 generibus
714 1756 927 1811 quoque
964 1738 1274 1793 animalium
1314 1735 1598 1791 venenosis
1624 1743 1679 1791 et

101 1834 385 1905 perniciosis
412 1834 585 1904 quaeri
612 1833 770 1899 solet,
798 1842 976 1886 utrum
1004 1837 1127 1901 post
1148 1836 1422 1899 peccatum
1446 1826 1678 1883 hominis

104 1926 157 1978 ad
180 1925 452 1979 vindictam
484 1934 667 1978 creata
697 1922 844 1987 sint;
890 1937 958 1975 an
1004 1921 1180 1991 potius
1207 1935 1327 1974 cum
1364 1918 1469 1988 iam
1498 1926 1678 1973 creata

105 2027 258 2072 essent
300 2016 555 2081 innoxia,
588 2016 800 2070 nonnisi
848 2022 1031 2083 postea
1079 2011 1449 2083 peccatoribus
1484 2024 1679 2066 nocere

108 2114 354 2182 coeperint.
386 2111 581 2181 Neque
605 2110 705 2164 hoc
726 2108 919 2163 mirum
942 2117 1046 2173 est,
1068 2104 1493 2182 quandoquidem
1517 2105 1677 2159 etiam

106 2180 400 2274 temporibus
450 2180 615 2272 hujus
662 2201 783 2255 vitm
829 2180 1113 2254 laboriosa;
1150 2209 1307 2268 atque
1338 2212 1675 2266 aerumnosa,

108 2310 205 2349 cum
226 2296 290 2350 ita
311 2296 379 2349 sit
399 2309 568 2350 nemo
585 2293 760 2362 justus
781 2301 837 2346 ut
858 2288 1150 2361 perfectum
1181 2304 1239 2344 se
1265 2288 1458 2344 audeat
1476 2287 1676 2354 dicere,

110 2386 303 2441 fideliter
328 2393 624 2441 attestante
654 2382 911 2453 Apostolo
936 2390 991 2435 et
1015 2380 1245 2446 dicente,
1278 2378 1401 2433 Non
1429 2381 1547 2449 quia
1564 2379 1680 2449 jam

110 2480 385 2550 acceperim,
416 2488 511 2532 aut
541 2477 695 2531 etiam
723 2477 972 2547 perfectus
1001 2474 1096 2527 sim
1136 2471 1394 2545 (Philipp.
1425 2487 1518 2539 ιιι,
1551 2470 1677 2541 I2);

110 2588 307 2644 cumque
346 2573 532 2628 adhuc
572 2568 888 2626 exercendae
932 2578 1092 2639 atque
1127 2566 1180 2622 in
1214 2566 1523 2622 infirmitate
1554 2582 1678 2636 per-

112 2664 322 2720 ﬁcienda:
362 2663 553 2719 virtuti
590 2662 907 2718 necessaria:
938 2661 1044 2715 sint
1071 2661 1392 2716 tentationcs
1432 2669 1485 2713 et
1508 2659 1680 2714 mole-

110 2758 204 2809 stia:
226 2757 561 2826 corporales,
589 2752 779 2809 eodem
811 2768 997 2809 rursus
1022 2753 1279 2823 Apostolo
1309 2753 1682 2809 manifestante

112 2850 184 2918 qui
209 2851 294 2916 ait,
324 2851 376 2904 in
403 2847 775 2920 magnitudine
802 2848 1190 2903 revelationum
1220 2863 1290 2903 ne
1316 2848 1679 2917 extolleretur,

112 2940 263 2995 datum
290 2942 387 2997 sibi
414 2958 543 2998 esse
571 2941 845 2997 stimulum
869 2942 1067 3005 carnis,
1099 2942 1349 3013 angelum
1375 2951 1594 3009 saluum,
1627 2951 1686 2998 ut

114 3047 213 3086 eum
240 3033 633 3105 colapbizaret,
673 3041 1023 3103 rogatumque
1050 3048 1081 3087 a
1109 3047 1169 3089 se
1196 3032 1477 3088 Dominum
1505 3036 1680 3103 tertio,

115 3134 159 3178 ut
179 3124 462 3182 discederet
493 3125 565 3181 ab
595 3140 681 3193 eo,
710 3124 1055 3195 respondisse
1080 3124 1202 3192 sibi,
1236 3124 1430 3197 Sufﬁcit
1456 3127 1550 3181 tibi.
1566 3144 1686 3198 gra-

116 3218 170 3269 tia
188 3234 320 3282 mea;
344 3236 460 3272 nam
490 3218 650 3271 virtus
675 3217 730 3271 in
751 3216 1049 3286 inﬁrmitate
1070 3216 1329 3287 perﬁcitur
1357 3215 1423 3289 (lI
1445 3216 1563 3272 Cor.
1584 3234 1682 3284 xu,

117 3311 247 3385 7-9)
274 3332 287 3368 :
313 3322 492 3370 tamen
545 3321 599 3369 et
641 3321 857 3367 sanctus
886 3311 1069 3367 Daniel
1112 3312 1250 3367 inter
1285 3313 1469 3368 leones
1508 3313 1685 3370 salvus

117 3410 247 3470 atque
274 3404 575 3476 intrepidus
617 3403 748 3458 vixit
786 3401 949 3474 (Dan.
980 3418 1066 3469 vr,
1093 3401 1195 3465 22;
1225 3412 1274 3457 et
1301 3419 1412 3469 xiv,
1439 3402 1530 3474 38)
1552 3444 1567 3470 ,
1594 3404 1685 3473 qui

120 3508 203 3545 non
223 3496 393 3565 utique
414 3495 533 3550 Deo
552 3493 818 3549 mentiens
840 3496 892 3548 in
913 3493 1178 3557 oratione,
1207 3508 1312 3548 non
1335 3502 1537 3548 tantum
1563 3509 1689 3565 pec-

120 3594 212 3638 cata
237 3586 405 3658 populi
430 3585 546 3654 sui,
574 3584 670 3641 sed
694 3585 855 3640 etiam
875 3599 971 3639 sua
997 3582 1193 3640 fatetur
1220 3582 1331 3657 (Id.
1372 3600 1452 3648 rx,
1491 3582 1682 3657 449);

120 3684 161 3726 et
185 3677 228 3729 in
257 3677 415 3745 ipsius
445 3674 698 3746 Apostoli
740 3689 901 3729 manu
946 3674 1220 3729 mortifera
1248 3675 1426 3746 vipera
1452 3675 1683 3742 inhaesit,

120 3760 199 3820 nec
224 3768 348 3823 laesit
376 3768 521 3841 (Act.
551 3782 760 3832 xxvnr,
802 3764 879 3839 5).
913 3765 1207 3822 Potuerunt
1232 3781 1360 3838 ergo
1398 3767 1497 3822 ista
1523 3770 1686 3823 etiam

120 3870 269 3917 creata
306 3862 432 3917 nihil
480 3875 677 3916 nocere
696 3901 712 3927 ,
744 3859 789 3915 si
819 3874 979 3915 causa
1010 3875 1117 3914 non
1145 3861 1437 3916 exstitisset
1463 3862 1545 3915 vel
1575 3870 1684 3916 ter-

123 3952 375 4010 rendorum
412 3953 920 4026 puniendorumque
948 3953 1229 4021 vitiorum,
1270 3955 1357 4011 vel
1398 3955 1686 4026 probanda:

122 4041 538 4117 wrﬁcienquue
578 4044 787 4099 virtutis
828 4062 842 4097 :
882 4044 1005 4115 quia
1047 4052 1104 4100 et
1144 4044 1387 4115 exempla
1429 4054 1554 4100 sunt
1592 4045 1682 4101 de-

122 4140 429 4194 monstranda
456 4138 769 4211 patientiae,
816 4137 884 4192 ad
915 4136 1211 4208 profectum
1246 4146 1591 4206 cmterorum;
1632 4147 1686 4195 et

124 4225 216 4293 ipse
241 4231 333 4285 sibi
371 4232 539 4286 homo
568 4230 624 4284 in
654 4229 1038 4285 tentationibus
1064 4230 1264 4286 certius
1289 4231 1600 4298 innotescit;
1631 4241 1686 4288 et

123 4315 238 4383 iuste
263 4321 400 4375 salus
428 4322 522 4376 illa
551 4330 805 4391 perpetua
824 4360 841 4386 ,
870 4335 987 4390 qua:
1015 4321 1240 4390 turpiter
1262 4322 1456 4376 amissa
1482 4330 1566 4379 est
1589 4338 1685 4394 per

130 4407 415 4479 voluptatem
442 4413 492 4475 ',
524 4410 729 4465 fortiter
752 4409 1007 4479 recipitur
1039 4425 1135 4480 per
1160 4410 1421 4466 dolorem.

125 4494 321 4554 CAPUT
346 4500 490 4555 XVI.
516 4529 589 4539 —
608 4498 795 4554 Bestiae
828 4498 1036 4552 invicem
1081 4509 1310 4554 nocentes
1350 4517 1442 4554 cur
1482 4512 1680 4559 creatae.

184 4591 261 4647 25.
292 4592 437 4649 Dicet
460 4593 657 4663 aliquis
685 4610 699 4645 :
728 4593 835 4647 Cur
859 4606 987 4662 ergo
1010 4591 1234 4646 invicem
1260 4591 1443 4647 bestiae
1470 4604 1681 4663 nocent,

129 4682 292 4748 quibus
312 4702 407 4741 nec
434 4694 652 4757 peccata
685 4684 788 4738 ulla
816 4692 959 4750 sunt,
988 4691 1047 4738 ut
1073 4682 1302 4738 vindicta
1332 4685 1430 4739 ista
1457 4685 1682 4752 dicatur,

133 4788 211 4827 nec
237 4776 385 4831 ullam
414 4778 681 4846 recipiunt
711 4776 799 4830 tali
837 4775 1219 4831 exercitatione
1247 4776 1533 4833 virtutem?
1563 4778 1686 4834 Ideo

126 4863 383 4935 nimirum,
429 4867 554 4940 quia
594 4867 799 4922 scilicet
843 4865 963 4919 alia:
1004 4866 1109 4922 cibi
1153 4875 1276 4921 sunt
1304 4867 1547 4924 aliarum.
1575 4869 1686 4927 Nec

134 4964 253 5009 recte
286 4972 564 5027 possumus
594 4956 774 5013 dicere
802 4974 815 5010 :
848 4956 963 5011 Non
992 4965 1173 5012 essent
1199 4958 1319 5012 alia:
1351 4958 1541 5028 quibus
1569 4960 1685 5017 alia:

158 5088 287 5165 3.?-
310 5098 360 5165 9‘
378 5099 519 5165 ¹ιοῖεε
541 5088 886 5165 Fami“
902 5087 1126 5165 η’ἔαετίαν
1148 5094 1195 5165 ei
1214 5090 1565 5165 ίέυίξάίπηητοάο
1590 5092 1686 5165 ἐπέ-

136 5152 232 5217 (tata
250 5152 648 5217 prbmrdiaylss.
670 5165 790 5217 vero
806 5158 971 5217 carent
989 5165 1128 5217 voce,
1140 5152 1382 5217 "talaria;
1396 5167 1581 5217 proque
1598 5155 1689 5206 ini-

138 5212 441 5277 !I'alqihabent
641 5228 660 5277 ;
676 5215 749 5277 uti
773 5215 919 5277 etiam
950 5212 1098 5277 editio
1114 5222 1213 5262 Am.
1238 5215 1369 5277 Quod
1396 5212 1689 5267 Vocabulum

139 5271 354 5337 intelliges
374 5289 439 5337 ex
459 5276 543 5327 lib.
574 5271 652 5326 22⁷
664 5276 732 5326 de
749 5275 950 5325 civitate
969 5276 1090 5334 Dei,
1113 5287 1217 5337 cap.
1240 5271 1329 5336 i4;
1355 5277 1439 5325 ubi
1471 5281 1686 5328 membra

140 5336 273 5401 omnia
294 5350 399 5386 esse
431 5336 640 5401 latenter
674 5338 724 5387 in
753 5337 973 5401 semine,
1006 5344 1058 5386 et
1082 5336 1348 5401 nascentes
1379 5338 1691 5401 perfectionis

140 5396 321 5465 modum,
342 5411 434 5448 non
464 5401 514 5448 in
530 5398 678 5459 mole,
693 5397 791 5465 sed
806 5398 855 5447 in
873 5400 1061 5465 ratione
1074 5399 1188 5465 jam_
1204 5396 1394 5448 habere"
1420 5400 1563 5451 docet
1594 5413 1688 5451 Αυ-

388 5478 413 5507 ι
429 5468 592 5534 lngua
614 5462 823 5534 ratione,
843 5460 941 5519 ait,
972 5460 1353 5534 uniuscujusque
1378 5464 1598 5534 materias
1612 5466 1689 5513 in-

150 5516 268 5587 cdita
297 5516 644 5587 corporali'jam
671 5516 1018 5587 quodammodo
1036 5554 1052 5580 ,
1086 5530 1141 5571 ut
1169 5516 1242 5587 ita
1263 5516 1690 5587 dicam,_liciatum

542 5537 1052 5634 moguoaammouo,
1086 5537 1141 5571 ut
1176 5537 1242 5572 lla
1263 5537 1449 5608 uicani,
1480 5537 1689 5575 notatum

188 5643 195 5647 _
353 5618 382 5647 Α,
416 5585 630 5647 quodnq
696 5590 907 5647 umest,
937 5584 1185 5647 imoquod
1206 5583 1689 5644 latet,sedaccessu

151 5652 171 5681 ⁸
186 5643 889 5770 Mum-1p:va
885 5658 975 5757 ﬁt
956 5647 1156 5769 ἰὲὺέἒὸῗ.
1180 5732 1268 5783 per
1292 5723 1594 5780 minutam".

3261 240 3373 300 290

1785 353 2149 404 vescerentur.
2173 346 2385 404 Habent
2402 347 2545 404 enim
2564 349 2764 417 omnia,
2787 352 3040 423 quamdiu
3059 361 3207 421 sunt,
3226 370 3371 411 men-

1783 452 1965 504 suras,
2007 452 2293 504 numeros,
2331 437 2549 494 ordines
2591 453 2750 506 suos;
2782 457 2900 511 quae
2941 452 3131 499 cuncta
3177 444 3371 501 merito

1782 530 2116 586 considerata
2146 530 2458 599 laudantur,
2488 546 2586 587 nec
2627 532 2745 587 sine
2786 532 2991 587 occulta
3023 550 3119 603 pro
3150 552 3250 592 suo
3276 553 3371 607 ge-

1783 635 1912 677 nere
1938 620 2304 678 moderatione
2327 621 2737 694 pulchritudinis
2767 624 3095 693 temporalis,
3121 625 3283 679 etiam
3308 644 3372 685 ex

1781 712 1887 767 alio
1916 712 1970 768 in
1996 712 2138 768 aliud
2171 712 2518 778 transeundo,
2550 722 2840 769 mutantur.
2870 713 3024 781 Quod
3052 715 3152 771 etsi
3182 716 3377 771 stultos

1782 804 1932 871 latet,
1953 804 2199 860 sublucet
2219 805 2644 877 proficientibus,
2668 806 2978 876 clarumque
3001 806 3251 876 perfectis
3272 818 3372 862 est.

1780 894 1850 949 Et
1873 904 2020 952 certe
2044 897 2292 952 omnibus
2323 897 2516 953 talibus
2550 898 2817 954 inferioris
2851 909 3114 954 creaturae
3142 898 3376 954 motibus

1782 985 2089 1055 praebentur
2129 986 2331 1043 homini
2376 988 2618 1044 salubres
2658 988 3080 1056 admonitiones,
3113 998 3171 1045 ut
3198 990 3375 1046 videat

1780 1088 2039 1146 quantum
2077 1078 2179 1135 sibi
2218 1080 2564 1150 satagendum
2604 1080 2673 1135 sit
2711 1094 2808 1150 pro
2834 1080 3004 1136 salute
3031 1081 3292 1152 spirituali
3320 1092 3376 1138 et

1760 1167 2106 1249 sempiterna
2123 1210 2138 1237 ,
2183 1184 2286 1240 qua
2314 1171 2562 1227 omnibus
2591 1170 2986 1227 irrationalibus
3013 1173 3374 1229 animantibus

1779 1261 2078 1327 antecellit;
2103 1276 2225 1317 cum
2250 1262 2338 1318 illa
2365 1262 2543 1319 videat
2562 1279 2590 1317 a
2615 1264 2858 1319 maximis
2883 1264 3181 1335 elephantis
3207 1281 3375 1335 usque

1779 1347 1849 1404 ad
1875 1350 2129 1406 minimos
2151 1352 2473 1408 vermiculos
2517 1367 2614 1423 pro
2658 1354 2829 1408 salute
2864 1354 3126 1424 corporali
3154 1365 3209 1410 et
3238 1365 3374 1410 tem-

1782 1440 1982 1509 porali,
2013 1457 2174 1511 quam
2224 1458 2320 1513 pro
2365 1445 2447 1498 sui
2490 1445 2701 1514 generis
2746 1444 2996 1500 inferiore
3038 1445 3375 1503 ordinatione

1781 1532 1967 1586 sortita
2012 1543 2163 1600 sunt,
2211 1535 2324 1591 sive
2364 1534 2699 1602 resistendo,
2748 1536 2861 1591 sive
2900 1536 3167 1602 cavendo,
3214 1552 3376 1609 agere

1780 1622 2036 1693 quidquid
2056 1624 2236 1679 valent
2260 1643 2273 1680 :
2296 1625 2438 1695 quod
2460 1642 2566 1680 non
2589 1635 2830 1697 apparet,
2858 1627 2957 1681 nisi
2984 1642 3104 1682 cum
3128 1628 3375 1698 quaedam

1782 1712 2128 1769 refectionem
2153 1716 2393 1784 corporis
2419 1716 2501 1771 sui
2531 1732 2597 1771 ex
2623 1717 2849 1772 aliorum
2884 1720 3200 1789 corporibus
3223 1735 3376 1790 quae-

1782 1816 1939 1871 runt;
1973 1805 2074 1861 alia
2104 1821 2164 1862 se
2189 1808 2272 1862 vel
2303 1809 2631 1879 repugnandi
2662 1808 2898 1878 viribus,
2943 1810 3026 1866 vel
3070 1810 3207 1882 fugae
3237 1828 3377 1883 prte-

1783 1898 1940 1965 sidio,
1973 1899 2057 1956 vel
2086 1900 2409 1956 latebrarum
2438 1901 2731 1957 munimine
2758 1909 2992 1958 tuentur.
3021 1902 3152 1957 Nam
3184 1911 3239 1959 et
3264 1904 3379 1974 ipse

1784 1991 2025 2060 corporis
2051 1991 2206 2047 dolor
2233 1992 2287 2047 in
2316 1993 2555 2063 quolibet
2591 1994 2860 2049 animante
2899 2009 3087 2065 magna
3126 2004 3180 2050 et
3215 1996 3374 2051 mira-

1783 2082 1906 2137 bilis
1940 2084 2134 2139 anima:
2160 2085 2241 2140 vis
2263 2096 2374 2149 est,
2416 2100 2537 2157 quae
2579 2086 2726 2141 illam
2765 2101 3074 2157 compagem
3121 2085 3375 2143 ineffabili

1784 2175 2141 2244 permixtione
2178 2176 2415 2231 vitaliter
2454 2177 2723 2245 continet,
2769 2186 2824 2233 et
2866 2178 2920 2232 in
2966 2176 3248 2247 quamdam
3293 2177 3377 2232 sui

1784 2268 1984 2323 moduli
2014 2269 2207 2340 redigit
2236 2270 2493 2325 unitatem
2513 2313 2531 2337 ,
2560 2286 2681 2326 cum
2706 2285 2827 2327 eam
2854 2285 2960 2326 non
2991 2270 3377 2337 indifferenter,

1786 2358 1902 2425 sed,
1922 2369 1978 2414 ut
2006 2361 2076 2414 ita
2102 2361 2297 2428 dicam,
2323 2361 2681 2434 indignanter,
2705 2364 2902 2434 patitur
2926 2363 3194 2434 corrumpi
3220 2370 3381 2435 atque

1783 2448 2023 2504 dissolvi.

1784 2539 2012 2597 CAPUT
2056 2540 2218 2596 XVII.
2244 2572 2315 2583 —
2342 2543 2629 2615 Scrupulus
2659 2545 2722 2599 de
2747 2548 3041 2617 corporibus
3065 2557 3381 2603 mortuorum

2450 2638 2716 2694 devoratis.

1857 2723 1947 2779 26.
1992 2723 2120 2780 Illud
2145 2726 2305 2781 etiam
2335 2727 2559 2784 fortasse
2589 2730 2817 2800 aliquem
2848 2738 3079 2799 moveat,
3107 2731 3152 2786 si
3178 2733 3380 2788 anima-

1786 2816 1858 2871 lia
1887 2818 2050 2872 noxia
2086 2819 2234 2873 vivos
2273 2818 2514 2874 homines
2559 2830 2649 2873 aut
2691 2821 2971 2890 pmnaliter
3013 2821 3248 2889 laedunt,
3287 2830 3380 2878 aut

1786 2907 2074 2963 salubriter
2101 2920 2370 2974 exercent,
2392 2920 2481 2965 aut
2507 2912 2709 2966 utiliter
2740 2912 2983 2982 probant,
3016 2924 3107 2968 aut
3132 2915 3381 2986 ignoran-

1788 3007 1872 3053 ter
1892 2999 2105 3066 docent,
2134 3015 2231 3055 cur
2255 3002 2307 3056 in
2333 3018 2485 3057 escas
2509 3017 2635 3056 suas
2659 3002 2953 3058 dilacerant
2973 3006 3134 3060 etiam
3155 3021 3379 3078 corpora

1789 3087 2065 3145 hominum
2096 3092 2465 3147 mortuorum?
2492 3094 2653 3161 Quasi
2690 3109 2819 3149 vero
2846 3094 3131 3167 quidquam
3173 3097 3382 3154 intersit

1789 3182 1855 3237 ad
1886 3192 2122 3239 nostram
2153 3185 2431 3241 utilitatem
2453 3230 2469 3254 ,
2499 3188 2598 3242 ista
2622 3202 2748 3243 caro
2771 3188 2880 3257 jam
2908 3190 3171 3246 exanimis
3200 3192 3251 3245 in
3282 3207 3381 3246 na-

1791 3283 1923 3329 tura:
1966 3275 2227 3344 profunda
2268 3288 2473 3333 secreta
2513 3293 2610 3348 per
2646 3294 2781 3349 quos
2813 3282 3063 3337 transitus
3088 3291 3207 3349 eat,
3240 3283 3382 3340 unde

1790 3366 2020 3423 mirabili
2069 3370 2451 3441 omnipotentia
2500 3370 2768 3427 Creatoris
2812 3373 3145 3430 reformanda
3194 3392 3381 3433 rursus

1790 3471 2029 3516 eruatur.
2058 3462 2370 3534 Quanquam
2409 3471 2466 3520 et
2501 3464 2625 3519 hinc
2649 3467 2739 3520 fiat
2765 3466 3006 3536 quaedam
3033 3468 3381 3539 prudentibus

1789 3552 2115 3620 admonitio,
2167 3564 2223 3610 ut
2268 3572 2327 3612 se
2378 3556 2450 3611 ita
2499 3558 2875 3614 commendent
2926 3560 3069 3616 fideli
3116 3562 3377 3633 Creatori,

1790 3646 1967 3699 omnia
1995 3649 2223 3701 maxima
2247 3656 2302 3703 et
2328 3649 2544 3703 minima
2570 3650 2780 3705 occulto
2805 3661 2934 3706 nutu
2962 3653 3374 3724 administranti,

1790 3737 1873 3791 cui
1919 3738 2086 3792 nostri
2116 3740 2273 3792 etiam
2315 3739 2487 3808 capilli
2521 3742 2779 3795 numerati
2810 3752 2932 3797 sunt
2972 3742 3118 3816 (Luc.
3151 3762 3261 3814 xu,
3298 3749 3376 3821 7),

1790 3842 1859 3882 ne
1887 3839 2102 3898 propter
2121 3828 2307 3885 inanes
2333 3846 2486 3885 curas
2506 3832 2927 3889 exanimatorum
2948 3851 3229 3906 corporum
3253 3854 3379 3895 suo-

1791 3934 1911 3974 rum
1942 3920 2047 3975 ulla
2076 3937 2268 3992 genera
2295 3923 2542 3977 mortium
2570 3924 2998 3993 perhorrescant,
3025 3928 3123 3984 sed
3151 3930 3250 3999 piae
3274 3931 3379 3987 for-

1790 4010 2028 4066 titudinis
2057 4028 2247 4068 nervos
2280 4014 2344 4068 ad
2376 4015 2552 4071 omnia
2584 4032 2884 4088 praeparare
2913 4034 3017 4075 non
3043 4021 3303 4078 dubitent.

1788 4125 2016 4185 CAPUT
2042 4127 2227 4184 XVIII.
2254 4160 2326 4170 —
2348 4131 2526 4201 Spintz
2551 4141 2596 4187 et
2617 4132 2785 4188 tribuli
2808 4134 3043 4207 lignaque
3065 4139 3380 4209 infructuosa

2283 4240 2374 4277 cur
2396 4233 2446 4278 et
2469 4225 2671 4296 quando
2695 4236 2881 4282 creata.

1859 4314 1951 4371 27.
1992 4315 2135 4371 Talis
2172 4317 2329 4372 etiam
2372 4319 2595 4387 quiestio
2633 4319 2701 4375 de
2733 4320 2900 4389 spinis
2927 4332 2981 4376 et
3009 4323 3215 4379 tribulis
3240 4326 3382 4382 solet

1788 4407 2022 4472 oboriri,
2054 4416 2108 4462 et
2134 4406 2201 4462 de
2238 4407 2554 4478 quibusdam
2585 4408 2743 4480 lignis
2772 4410 3137 4479 infructuosis,
3172 4416 3254 4471 vel
3282 4432 3380 4473 cur

1788 4501 1871 4555 vel
1901 4500 2113 4572 quando
2142 4510 2316 4555 creata
2348 4502 2485 4568 sint,
2515 4517 2636 4557 cum
2669 4503 2809 4559 Deus
2846 4504 3073 4573 dixerit,
3116 4507 3379 4565 Producat

1790 4601 1922 4645 terra
1942 4591 2146 4645 herbam
2171 4590 2342 4663 pabuli
2362 4594 2689 4647 seminantem
2706 4611 2896 4661 semen,
2916 4606 2962 4649 et
2985 4595 3176 4669 lignum
3199 4604 3379 4672 fructi-

1790 4686 1952 4754 ferum
1978 4683 2169 4755 faciens
2196 4683 2433 4753 fructum.
2466 4684 2568 4740 Sed
2598 4686 2687 4755 qui
2719 4686 2787 4740 ita
2820 4698 3127 4759 moventur,
3161 4708 3265 4748 non
3292 4696 3377 4750 in-

1789 4774 2035 4843 telligunt
2081 4775 2268 4830 saltem
2314 4774 2380 4831 de
2425 4776 2630 4830 usitatis
2676 4776 2920 4834 formulis
2963 4780 3178 4837 humani
3217 4785 3375 4854 juris,

1789 4864 2236 4935 quemadmodum
2275 4866 2572 4937 appelletur
2611 4867 2961 4924 ususfructns.
2995 4871 3203 4928 Utilitas
3233 4878 3376 4931 enim

1789 4956 2032 5027 quaedam
2071 4956 2356 5013 fruentium
2392 4958 2446 5013 in
2485 4957 2689 5016 fructus
2730 4964 2948 5020 nomine
2985 4967 3373 5023 consideratur.

1790 5048 2010 5116 Quanta:
2033 5058 2209 5104 autem
2232 5049 2339 5104 sint
2361 5049 2636 5118 utilitates,
2667 5053 2781 5109 sive
2804 5056 3119 5122 manifestae,
3148 5059 3260 5113 sive
3286 5076 3376 5113 oc-

1790 5141 1966 5205 cultae,
1991 5142 2224 5195 omnium
2248 5156 2365 5209 qum
2390 5149 2530 5197 terra
2550 5143 2772 5214 gignens
2789 5145 3041 5202 radicitus
3060 5148 3174 5213 alit,
3201 5159 3255 5204 et
3275 5150 3377 5220 ipsi

1791 5231 2035 5301 qumdam
2064 5233 2365 5287 intueantur
2383 5272 2398 5297 ,
2428 5242 2484 5287 et
2507 5233 2575 5288 ab
2603 5237 2837 5304 expertis
2864 5246 3054 5291 caatera
3084 5237 3373 5308 inquirant.

1862 5323 1949 5376 9.8.
1994 5322 2058 5377 Et
2086 5323 2153 5377 de
2180 5323 2346 5393 spinis
2374 5323 2588 5393 quidem
2614 5339 2677 5379 ac
2704 5325 2908 5379 tribulis
2935 5326 3225 5383 absolutior
3249 5342 3374 5400 pot-

1792 5426 1874 5469 est
1913 5428 2032 5471 esse
2075 5416 2389 5484 responsio,
2431 5415 2554 5487 quia
2596 5423 2717 5484 post
2750 5426 3023 5483 peccatum
3057 5417 3257 5478 dictum
3293 5436 3377 5481 est

1794 5507 1995 5563 homini
2037 5508 2104 5564 de
2147 5516 2319 5576 terra,
2353 5508 2545 5577 Spinas
2580 5516 2627 5562 et
2665 5506 2871 5563 tribulos
2905 5512 3065 5583 pan'et
3104 5516 3189 5568 tibi
3219 5516 3371 5587 (Gen.

1794 5619 1851 5657 ιιι
1870 5642 1885 5667 ,
1918 5600 2031 5671 18).
2063 5600 2171 5655 Nec
2199 5608 2373 5655 tamen
2400 5599 2552 5653 facile
2580 5598 2861 5656 dicendum
2891 5612 2973 5659 est
3003 5614 3125 5662 tunc
3150 5611 3375 5679 cepisse

1798 5703 1895 5757 ista
1923 5697 2048 5753 oriri
2078 5709 2141 5751 ex
2175 5705 2333 5749 terra.
2379 5692 2639 5751 Fortassis
2679 5694 2821 5751 enim
2865 5697 3114 5755 quoniam
3156 5699 3208 5757 in
3246 5702 3378 5764 iusis
