3906 6338
527 249 628 316 991

531 379 746 444 quoque
783 357 1068 441 generibus
1105 355 1370 418 seminum
1402 356 1585 412 multae
1614 352 1952 424 reperiuntur
1977 345 2122 404 utili-

532 475 703 530 tates,
735 467 980 533 poterant
1022 453 1219 509 habere
1260 451 1439 506 locum
1484 459 1637 504 suum
1677 446 1793 500 sine
1831 445 1936 498 ulla
1965 453 2123 513 poma

532 557 785 614 hominis.
825 547 929 608 Sed
959 557 1020 605 ut
1047 544 1102 603 in
1133 543 1271 620 agris
1300 543 1353 600 in
1382 541 1572 616 quibus
1597 539 1708 610 jam
1739 537 2022 611 pmnaliler
2046 535 2126 592 ia-

529 646 784 710 borabat,
836 643 995 699 etiam
1040 641 1141 695 ista
1184 639 1558 700 nascerentur,
1603 629 1708 687 hoc
1749 629 1818 685 ad
1852 625 2122 684 cumulum

529 748 707 808 pinna:
745 732 923 789 valere
951 726 1097 788 credi
1135 733 1344 800 potest,
1388 735 1510 781 eum
1556 725 1774 794 possent
1803 718 1928 774 alibi
1953 718 2121 782 nasci,

441 871 444 874 .
529 831 615 884 vel
659 824 724 882 ad
762 824 939 881 avium
984 831 1345 894 pecorumque
1384 825 1598 888 pastus,
1644 811 1732 869 vel
1775 809 1844 868 ad
1886 811 2122 882 ipsorum

529 917 808 975 hominum
839 913 1046 986 aliquos
1073 925 1219 969 usus.
1253 909 1566 981 Quanquam
1596 911 1650 963 et
1675 903 1762 961 ille
1800 915 1987 959 sensus
2017 914 2124 957 non

529 1011 783 1067 ablIOrl'et
826 1003 894 1062 ab
936 1007 1019 1060 his
1045 1003 1257 1069 verbis,
1305 1011 1409 1072 quo
1452 997 1523 1054 ita
1567 989 1880 1068 intelligitur
1919 992 2120 1049 dictum

531 1101 722 1176 Sptnas
746 1104 796 1157 et
817 1095 1028 1155 tributos
1053 1095 1217 1168 pariet
1242 1093 1359 1160 tibi;
1389 1097 1446 1147 ut
1475 1089 1588 1146 haec
1612 1090 1772 1146 etiam
1798 1095 1953 1142 antea
1980 1093 2124 1141 terra

528 1197 742 1267 pariens
765 1237 778 1259 ,
811 1203 917 1248 non
945 1195 1128 1245 tamen
1154 1185 1358 1242 homini
1385 1192 1596 1255 pareret
1634 1179 1698 1237 ad
1727 1178 1993 1244 laborem,
2025 1178 2122 1234 sed

527 1281 891 1357 cuiuscemodi
934 1279 1251 1336 animalibus
1294 1276 1700 1333 convenientem
1744 1273 1956 1337 cibum;
2000 1276 2124 1325 sunt

526 1381 668 1438 enim
695 1394 812 1451 qua:
841 1377 925 1432 liis
951 1373 1252 1447 generibus,
1283 1377 1336 1426 et
1365 1365 1695 1425 mollioribus
1723 1373 1776 1420 cl
1802 1363 2122 1420 aridiOribUs

525 1468 806 1528 commode
833 1465 1170 1537 suaviterque
1194 1471 1477 1519 vescantur
1503 1480 1516 1517 :
1547 1470 1670 1514 tunc
1695 1463 1872 1512 autem
1899 1451 2124 1526 coeperit

525 1565 624 1622 ista
667 1561 865 1617 homini
914 1575 1102 1631 parere
1146 1557 1209 1612 ad
1254 1569 1611 1611 aerumnosum
1652 1550 1955 1620 negotium,
1999 1563 2121 1603 cum

524 1667 645 1729 post
675 1663 952 1727 peccatum
975 1654 1138 1723 coepit
1165 1649 1218 1705 in
1247 1659 1382 1704 terra
1412 1643 1677 1701 laborare.
1701 1641 1817 1698 Non
1845 1643 1985 1714 quod
2006 1639 2122 1695 aliis

525 1743 659 1803 locis
701 1743 818 1800 inec
856 1751 1010 1800 antea
1057 1748 1435 1805 nascerentur,
1469 1745 1523 1792 et
1565 1742 1684 1808 post
1723 1735 1776 1790 in
1819 1734 1959 1805 agris
1987 1749 2122 1805 quos

523 1837 688 1892 ltomo
730 1831 794 1890 ad
832 1831 1116 1904 capiendas
1156 1830 1332 1903 fruges
1371 1829 1604 1894 coleret;
1650 1823 1744 1880 sed
1788 1833 1842 1881 et
1886 1825 2030 1895 prius
2068 1832 2123 1879 et

523 1939 706 2000 postea
733 1925 786 1983 in
814 1927 1015 1982 eisdem
1041 1926 1175 1980 locis
1207 1943 1219 1978 :
1251 1922 1395 1994 prius
1422 1919 1599 1976 tamen
1627 1936 1730 1973 non
1753 1915 1978 1982 liomini,
2003 1923 2124 1988 post

523 2031 700 2079 autem
742 2017 976 2085 homini;
1005 2026 1064 2074 ut
1089 2017 1194 2073 hoc
1223 2014 1549 2088 signiﬁcetur
1576 2009 1718 2084 quod
1748 2009 1984 2065 additum
2016 2020 2117 2075 cst,

523 2113 614 2169 tibi
642 2127 661 2168 :
687 2110 806 2184 quia
839 2127 944 2166 non
977 2119 1059 2166 est
1087 2107 1320 2174 dictum,
1365 2105 1558 2178 Spinas
1589 2114 1640 2158 et
1671 2102 1896 2157 tribulos
1929 2101 2117 2172 pariet,

522 2205 616 2260 sed
637 2244 653 2271 ,
685 2201 845 2274 pariet
872 2198 996 2266 tibi;
1034 2195 1085 2254 id
1125 2209 1204 2254 est
1233 2205 1290 2253 ut
1317 2193 1408 2252 tibi
1433 2197 1542 2265 jam
1567 2193 1668 2250 ista
1695 2195 1838 2248 nasci
1867 2193 2122 2264 incipiant

521 2293 590 2348 ad
618 2289 877 2358 laborem,
903 2303 1019 2362 quae
1044 2289 1111 2344 ad
1137 2299 1346 2359 pastum
1373 2283 1744 2343 tantummodo
1770 2283 1888 2339 aliis
1918 2285 2120 2338 anima-

522 2385 663 2443 libus
694 2394 849 2440 antea
881 2379 1256 2439 nascebantur.

521 2480 749 2537 CAPUT
779 2479 920 2534 XIX.
939 2510 1008 2518 —
1028 2477 1105 2532 De
1130 2494 1256 2532 vers.
1279 2476 1369 2542 26,
1404 2476 1496 2541 27,
1527 2484 1620 2530 etc.
1651 2474 1754 2529 Cur
1773 2475 1826 2530 in
1845 2474 2004 2530 solius
2023 2469 2117 2527 ha-

821 2570 972 2626 minis
1013 2572 1264 2626 creatione
1284 2557 1495 2636 dictum,
1529 2563 1829 2624 Faciamus.

589 2666 680 2722 29.
723 2664 790 2719 Et
820 2665 948 2718 dixit
977 2661 1116 2717 Deus
1140 2679 1158 2717 :
1179 2655 1456 2717 Faciamus
1477 2661 1728 2714 hominem
1756 2659 1823 2712 ad
1847 2659 2118 2730 imaginem

520 2765 570 2811 et
586 2753 968 2812 similitudinem
991 2761 1251 2820 uestram;
1282 2763 1327 2807 et
1349 2753 1634 2807 dominetur
1654 2751 1865 2822 piscium
1892 2747 2048 2804 maris
2071 2759 2119 2804 et

521 2849 799 2903 vo‘tat'ilium
825 2847 966 2912 caeli,
1000 2855 1045 2900 et
1072 2845 1295 2899 omnium
1323 2861 1579 2915 pecorum,
1613 2855 1657 2898 et
1687 2844 1847 2897 omnis
1876 2852 2043 2909 terrm,
2070 2850 2118 2896 et

520 2941 744 2994 omnium
769 2939 1026 3009 reptitium
1050 2936 1329 3007 repentium
1349 2953 1500 3006 super
1519 2945 1721 2990 terram.
1748 2933 1813 2988 Et
1840 2937 1956 3007 fecit
1980 2935 2116 2992 Deus

521 3032 808 3094 hominem,
841 3031 911 3082 ad
947 3025 1216 3099 imaginem
1257 3021 1357 3081 Dei
1401 3027 1516 3099 fecit
1552 3044 1662 3081 eum
1703 3045 1719 3082 .'
1750 3029 2030 3082 masculum
2069 3039 2116 3084 et

522 3120 762 3192 feminam
792 3119 912 3190 fecit
936 3137 1036 3173 eos.
1079 3113 1146 3172 Et
1183 3115 1435 3174 benedixit
1473 3137 1556 3174 eos
1584 3116 1718 3174 Deus
1747 3122 1914 3178 dicens
1944 3139 1961 3175 :
1992 3121 2114 3177 Cre-

519 3211 642 3264 scite
660 3252 675 3278 ,
707 3221 755 3264 et
780 3205 1223 3279 multiplicamini,
1254 3220 1298 3263 et
1327 3209 1529 3279 implete
1558 3220 1774 3278 terram,
1805 3221 1849 3264 et
1877 3211 2114 3267 domina-

520 3302 648 3356 mini
675 3302 805 3374 ejus,
835 3308 886 3355 et
913 3301 1269 3372 principamini
1299 3301 1510 3373 piscium
1541 3303 1692 3355 maris
1715 3345 1729 3368 ,
1762 3314 1805 3356 et
1834 3303 2113 3360 volatilium

519 3396 664 3462 cadi,
697 3406 746 3451 et
773 3397 996 3451 omnium
1027 3415 1292 3468 pecorum,
1327 3402 1377 3452 et
1413 3401 1573 3452 omnis
1604 3409 1777 3462 terrw,
1811 3409 1857 3452 et
1888 3400 2113 3453 omnium

518 3489 775 3563 reptiﬁum
799 3491 1077 3561 repentium
1114 3507 1264 3561 super
1298 3499 1500 3544 terram.
1535 3486 1602 3544 Et
1628 3488 1754 3545 dixit
1780 3489 1948 3558 Deus,
1981 3491 2114 3547 Ecce

519 3582 791 3638 dedivobis
813 3597 958 3638 omne
978 3581 1217 3655 pabuium
1237 3583 1493 3650 seminata,
1517 3584 1769 3638 seminans
1793 3601 1956 3638 semen
1977 3586 2114 3656 quod

519 3681 594 3730 est
615 3691 773 3747 super
789 3689 983 3729 omnem
1012 3685 1196 3730 terram
1213 3717 1226 3741 ,
1257 3684 1303 3728 et
1331 3693 1477 3730 omne
1505 3673 1695 3748 lignum
1721 3675 1854 3746 quod
1883 3677 2029 3731 habet
2058 3678 2111 3737 in

518 3785 573 3824 ss
598 3774 815 3841 [metum
858 3770 1061 3824 seminis
1103 3769 1396 3835 seminatis;
1438 3770 1572 3826 vobis
1600 3771 1692 3824 erit
1727 3771 1794 3824 ad
1832 3788 1996 3826 escam
2017 3815 2032 3838 ,
2064 3783 2110 3826 et

519 3863 750 3916 omnibus
791 3861 960 3916 bestiis
987 3870 1164 3928 terra,
1211 3871 1256 3916 et
1301 3862 1541 3915 omnibus
1566 3862 1848 3916 volatilibus
1890 3864 2032 3930 cadi,
2063 3872 2111 3920 et

520 3955 656 4006 onmi
683 3953 854 4022 reptiti
881 3953 1076 4023 repenti
1101 3968 1254 4023 super
1283 3962 1485 4018 terram,
1511 3953 1644 4024 quod
1669 3953 1814 4010 habet
1839 3954 1894 4009 in
1919 3972 1976 4010 se
1999 3956 2106 4025 spi-

519 4045 672 4097 ritum
697 4045 847 4108 vitw;
872 4055 917 4098 et
943 4061 1088 4097 omne
1112 4043 1348 4115 pabulum
1373 4043 1527 4098 viride
1547 4046 1596 4098 in
1618 4063 1801 4101 escam.
1830 4045 1898 4100 Et
1915 4047 2108 4117 [actum

521 4147 596 4189 est
611 4138 703 4190 sic.
726 4136 792 4190 Et
814 4137 932 4190 vidit
956 4135 1099 4191 Deus
1112 4137 1281 4190 omnia
1299 4150 1411 4206 qua:
1431 4137 1568 4208 fecit,
1595 4147 1642 4191 et
1659 4152 1771 4193 ecce
1791 4140 1919 4194 bona
1938 4139 2103 4194 valde.

520 4227 586 4280 Et
627 4233 763 4298 facta
807 4238 878 4281 est
920 4243 1154 4298 vespera,
1189 4236 1235 4282 et
1263 4227 1452 4298 factum
1480 4237 1559 4282 est
1590 4245 1739 4284 mane
1774 4231 1881 4286 dies
1915 4241 2102 4287 sextus.

518 4321 702 4375 Etiam
717 4330 875 4391 aurae
893 4321 1052 4375 etiam
1075 4321 1146 4375 du
1163 4331 1348 4374 natura
1375 4319 1605 4376 hominis
1632 4330 1750 4391 post
1774 4323 1874 4377 erit
1892 4324 2106 4380 uberior

517 4412 890 4466 miserandi
935 4419 996 4467 et
1038 4409 1340 4482 dii'rgenthts
1391 4412 1687 4468 disserendi
1738 4413 1908 4469 locus.
1955 4411 2105 4472 Nunc

519 4512 732 4570 tium,
763 4513 819 4558 ut
848 4517 1008 4574 opera
1038 4519 1139 4558 sext
1158 4504 1360 4560 dierum
1388 4514 1570 4559 nostra
1601 4504 1870 4574 inquisitio
1895 4514 2102 4576 pertra-

517 4597 786 4666 ctatioque
817 4596 1134 4663 concludat,
1178 4596 1278 4650 hoc
1322 4597 1547 4666 primum
1587 4595 1833 4652 breviter
1857 4596 2102 4670 dicimus,

516 4703 624 4741 non
667 4687 1038 4743 iudiﬂ'ereuter
1065 4687 1430 4757 accipiendum
1460 4687 1602 4758 quod
1631 4688 1681 4742 in
1709 4689 1826 4744 aliis
1855 4689 2103 4760 operibus

515 4781 728 4848 dicitur,
762 4777 1078 4847 meum,
1107 4779 1262 4848 Fiat,-
1289 4781 1374 4835 hic
1401 4790 1599 4848 autem,
1634 4779 1958 4850 οἰκῆι-θεας,
1991 4781 2102 4838 Fa-

513 4877 708 4929 ciamus
733 4873 984 4928 homi'nem
1003 4874 1072 4926 ad
1089 4872 1357 4945 imaginem
1376 4885 1423 4928 et
1442 4872 1820 4929 similitudinem
1848 4884 2102 4931 nostram:

513 4969 584 5024 ad
614 4968 990 5024 instituendum
1024 4968 1254 5032 scilicet,
1286 4978 1343 5022 ut
1382 4966 1451 5023 ita
1494 4961 1702 5036 dicam,
1746 4969 2098 5038 plura‘litalem

513 5074 866 5132 personarum
906 5069 1121 5131 propter
1157 5059 1406 5127 Patrem,
1438 5070 1493 5115 et
1515 5056 1704 5115 Filium
1723 5104 1736 5126 ,
1766 5069 1819 5116 et
1844 5061 2098 5132 Spiritum

511 5168 774 5211 sanctum
803 5156 978 5224 Quam
997 5162 1173 5210 tamen
1195 5153 1405 5210 d‘eitaeis
1429 5153 1680 5210 unitatem
1707 5155 2098 5227 intelligendam

512 5250 1001 5314 statim-admonet,
1033 5247 1248 5312 dicens,
1295 5245 1372 5301 Et
1403 5247 1518 5318 fecit
1558 5246 1697 5303 Deus
1741 5249 1992 5302 hominem
2033 5250 2102 5302 ad

509 5343 784 5414 imaginem
804 5339 934 5408 Dei";
961 5356 1064 5395 non
1094 5342 1242 5410 quasi
1271 5337 1425 5396 Pater
1449 5339 1514 5396 ad
1537 5342 1814 5410 imaginem
1838 5337 1978 5410 Filii,
2009 5350 2100 5398 aut

512 5432 774 5488 Filius-ad
799 5433 1080 5504 imaginem
1108 5431 1277 5487 Patris
1294 5446 1319 5498 ;'
1340 5431 1571 5503 alioquin
1603 5448 1714 5512 non
1745 5447 1870 5488 vere
1899 5432 2099 5491 dictum

511 5535 625 5591 est,
667 5527 746 5579 ad‘
772 5527 1041 5596 imaginem
1077 5535 1327 5594 nostram,
1371 5527 1424 5582 si
1457 5527 1527 5582 ad
1557 5525 1724 5584 Patris
1767 5526 1969 5594 solius,
2011 5541 2101 5587 aut

512 5616 632 5671 Filii
658 5616 826 5672 solius
852 5615 1132 5688 imaginem
1164 5616 1333 5674 factus
1359 5627 1440 5675 est
1464 5618 1620 5675 homo
1648 5639 1658 5673 :
1689 5619 1781 5676 sed
1805 5621 1874 5678 ita
1901 5619 2099 5680 dictum

509 5715 629 5774 est,
661 5709 773 5764 Fecit
797 5707 940 5766 Deus
965 5709 1040 5765 ad‘
1061 5709 1332 5777 imaginem
1359 5710 1490 5770 Dei:
1529 5709 1775 5783 (cuiquam
1810 5716 2096 5788 diceretur,

1398 241 1487 300 DE
1524 235 1775 299 caussr
1815 235 1905 293 AD
1943 220 2314 303 multum,
2354 221 2414 293 s.
2457 233 2828 295 AUGUSTINI

3766 231 3869 303 292

2232 347 2358 405 fecit
2381 347 2523 405 Deus
2551 349 2617 406 ad
2649 351 2934 422 imaginem
2959 361 3132 407 suam.
3163 341 3309 409 Cum
3343 351 3541 410 autem
3568 363 3720 409 nunc
3741 352 3869 412 dlci-

2231 447 2350 508 tur,
2383 441 2453 496 ad
2480 443 2751 514 imaginem
2786 441 2915 508 Dei,
2947 458 3068 497 cum
3104 447 3366 512 superius
3409 445 3626 501 dictum
3664 445 3762 511 sit,
3803 448 3864 502 ad

2231 532 2502 606 imaginem
2532 542 2794 598 nostram;
2833 532 3164 604 signiﬁcatur
3188 534 3348 604 quod
3383 548 3500 588 non
3538 538 3597 589 id
3635 547 3758 606 agat
3781 539 3865 593 illa

2230 624 2507 694 pluralitas
2536 639 2920 696 personarum,
2961 634 3019 680 ut
3059 625 3244 696 plures
3292 628 3438 682 deos
3479 626 3570 682 vel
3599 625 3860 697 dicamus,

2231 718 2315 771 vel
2333 717 2634 784 credamus,
2661 717 2746 773 vel
2773 716 3162 787 intelligamus;
3191 716 3297 773 sed
3329 718 3562 773 Patrem
3591 725 3648 773 et
3674 718 3860 780 Filium

2228 815 2287 864 ct
2303 806 2561 880 Spiritum
2582 820 2845 876 sanctum,
2869 817 3088 880 propter
3106 819 3272 881 quam
3297 805 3642 864 Trinitatem
3667 810 3858 867 dictum

2231 903 2413 959 estad
2445 903 2714 975 imaginem
2756 909 3016 970 nostram,
3062 913 3227 957 unum
3274 902 3460 976 Deum
3509 900 3854 973 accioiamus,

2230 1002 2449 1066 propter
2474 993 2614 1065 quod
2644 993 2841 1050 dietum
2871 999 2973 1062 est,
3005 993 3076 1048 ad
3097 989 3391 1065 imaginem
3422 989 3551 1048 DEI.

2227 1083 2460 1143 CAPUT
2489 1086 2685 1141 XX.——-
2711 1083 2780 1141 In
2803 1101 2901 1158 quo
2940 1085 3090 1140 homo
3135 1085 3318 1155 factus
3359 1083 3433 1140 sit
3471 1083 3547 1139 ad
3587 1083 3854 1157 bnaginem

2302 1177 2418 1235 Dei.
2449 1180 2553 1234 Car
2576 1181 2642 1235 de
2668 1179 2886 1234 hominis
2909 1179 3160 1234 creatione
3186 1187 3297 1234 non
3329 1175 3554 1246 dicitur,
3584 1175 3657 1233 Et
3677 1178 3753 1234 sic
3776 1188 3854 1235 est

2299 1270 2517 1326 factum.

2297 1363 2388 1420 30.
2431 1363 2528 1420 llic
2569 1364 2729 1421 etiam
2767 1363 2900 1420 illud
2935 1377 3039 1420 non
3078 1375 3160 1421 est
3200 1362 3703 1436 puniet-eundum,
3734 1378 3847 1435 quia

2227 1469 2349 1515 cum
2373 1457 2620 1526 dixisset,
2649 1459 2716 1513 ad
2736 1457 3004 1530 imaginem
3029 1466 3297 1523 nostram;
3331 1458 3526 1513 statim
3558 1455 3843 1529 subiunxit,

2229 1555 2278 1604 et
2319 1548 2497 1604 habeat
2535 1556 2827 1620 potestatem
2863 1550 3076 1622 piscium
3113 1550 3275 1604 maris
3305 1559 3359 1604 et
3392 1548 3686 1604 volatilium
3712 1551 3842 1613 certi,

2229 1650 2284 1698 et
2314 1651 2628 1698 cancrormn
2664 1641 2973 1698 animalium
3019 1641 3248 1699 rationis
3291 1641 3611 1714 expertium
3644 1661 3657 1697 :
3688 1649 3742 1698 ut
3767 1646 3840 1698 vi-

2227 1732 2423 1788 delicet
2453 1733 2807 1804 intelligamus
2837 1734 2892 1789 in
2919 1749 2985 1790 eo
3013 1732 3211 1791 factum
3240 1733 3535 1790 hominem
3563 1733 3629 1790 ad
3662 1735 3841 1806 imagi-

2229 1837 2352 1879 nem
2374 1822 2490 1892 Dei,
2519 1823 2574 1878 in
2596 1837 2700 1895 quo
2725 1824 3126 1881 irrationalibus
3145 1825 3529 1882 animantibus
3556 1827 3835 1882 antecellit.

2227 1914 2282 1972 id
2307 1927 2486 1972 autem
2528 1926 2614 1973 est
2652 1919 2764 1989 ipsa
2796 1921 2965 1987 ratio,
2997 1919 3078 1976 vel
3106 1927 3262 1975 mens
3283 1961 3300 1987 ,
3333 1918 3423 1974 vel
3469 1917 3833 1992 intelligentia,

2227 2011 2308 2067 vel
2337 2010 2383 2066 si
2407 2023 2513 2082 quo
2543 2012 2648 2067 alio
2676 2012 2931 2068 vocabulo
2957 2011 3298 2068 commodius
3323 2009 3654 2085 appellatur.
3692 2012 3834 2069 Unde

2225 2114 2280 2162 et
2305 2105 2592 2177 Apostolus
2611 2103 3117 2171 dicitJienovamini
3137 2104 3193 2161 in
3213 2104 3409 2178 spiritu
3435 2105 3621 2161 mentis
3645 2115 3830 2171 vestra',

2225 2207 2276 2252 et
2301 2196 2496 2251 induite
2524 2211 2706 2251 novum
2733 2197 2982 2250 hominem
3012 2195 3227 2269 (Ephes.
3254 2209 3332 2263 tv,
3355 2193 3454 2263 ΞΡ),
3487 2193 3607 2268 24),
3638 2196 3724 2266 qui
3757 2211 3830 2250 re-

2221 2297 2438 2343 novatur
2457 2286 2510 2341 in
2539 2286 2845 2360 agnitionem
2862 2282 2978 2355 Dei,
3003 2285 3286 2342 secundum
3311 2286 3600 2360 imaginem
3628 2289 3736 2360 ejus
3753 2289 3830 2357 qui

2225 2380 2412 2434 crmvit
2437 2393 2552 2434 eum
2582 2377 2811 2453 (Cotoss.
2839 2389 2914 2444 ut,
2949 2378 3085 2450 10);
3116 2377 3247 2435 satis
3295 2377 3601 2436 ostendens
3642 2380 3727 2435 ubi
3765 2380 3827 2434 sit

2225 2468 2389 2524 homo
2413 2475 2625 2525 creatus
2646 2467 2718 2524 ad
2739 2469 3020 2540 imaginem
3043 2467 3158 2538 Del,
3183 2469 3311 2540 quia
3343 2481 3456 2525 non
3479 2470 3750 2541 corporeis
3771 2469 3827 2524 li-

2225 2562 2553 2631 neamentis,
2585 2560 2679 2618 scd
2711 2561 2940 2634 quadam
2970 2562 3137 2617 forma
3175 2559 3515 2635 intelligibili‘
3541 2562 3735 2620 mentis
3764 2561 3823 2615 il-

2223 2653 2512 2710 luminatte.

2297 2745 2385 2802 51.
2427 2744 2506 2802 Ac
2545 2757 2642 2817 per
2669 2745 2771 2801 hoc
2798 2745 2936 2801 sicut
2961 2745 3015 2800 in
3047 2742 3132 2801 illa
3159 2743 3340 2816 prima
3373 2745 3497 2802 luce
3517 2789 3531 2813 ,
3564 2745 3702 2802 sieo
3729 2759 3818 2801 no-

2223 2839 2368 2892 mine
2384 2845 2528 2893 recte
2551 2836 2863 2907 intelligitur
2883 2835 3018 2892 facta
3040 2836 3129 2891 lux
3151 2837 3546 2894 intellectualis
3562 2839 3816 2910 particeps

2229 2942 2444 2988 sternte
2471 2939 2630 3003 atque
2661 2929 3105 2987 incommutabilis
3131 2927 3424 3000 sapientia:
3451 2930 3584 2999 Dei,
3614 2945 3716 2987 non
3744 2929 3816 2986 di-

2220 3033 2365 3080 ctum
2395 3035 2498 3089 est,
2524 3024 2590 3079 Et
2614 3025 2694 3080 sic
2723 3033 2804 3079 est
2827 3023 3045 3090 factum,
3069 3031 3128 3078 ut
3151 3021 3357 3079 deinde
3381 3033 3736 3095 repeteretur,
3757 3022 3814 3077 Et

2223 3119 2350 3174 κᾶε
2375 3117 2515 3173 licus
2540 3133 2553 3172 :
2575 3119 2699 3188 quia
2727 3117 2864 3172 sicut
2884 3117 3017 3188 jam,
3045 3127 3306 3188 quantum
3341 3119 3636 3188 potuimus,
3658 3116 3812 3172 disse-

2221 3212 2448 3280 ruimus,
2477 3225 2583 3265 non
2618 3209 2776 3264 [lebat
2802 3210 3032 3280 cognitio
3059 3207 3236 3280 aliqua
3260 3207 3429 3265 Verbi
3449 3208 3546 3265 Dei
3574 3210 3628 3264 in
3654 3207 3810 3279 prima

2225 3313 2489 3370 creatura,
2514 3311 2571 3359 ut
2594 3312 2715 3374 post
2744 3315 2862 3359 eam
2889 3302 3247 3374 cognitionem
3276 3303 3506 3359 inferius
3530 3311 3806 3368 crearetur,

2220 3397 2359 3467 quod
2380 3400 2436 3450 in
2449 3412 2514 3452 eo
2532 3394 2711 3452 Verbo
2734 3395 3052 3461 creabatur;
3073 3393 3170 3451 sed
3194 3395 3314 3466 ipsa
3344 3396 3520 3466 prima
3545 3393 3807 3452 creabatur

2220 3493 2334 3556 ius,
2361 3493 2412 3545 in
2439 3505 2540 3562 qua
2572 3491 2721 3546 ﬂeret
2750 3490 2984 3561 cognitio
3010 3485 3176 3546 Verbi
3206 3489 3339 3558 D‘ei‘,
3372 3503 3471 3561 per
3501 3487 3639 3561 quod
3665 3503 3804 3544 crea-

2220 3579 2389 3648 batur,
2413 3593 2574 3654 atque
2603 3579 2716 3652 ipsa
2744 3583 2975 3654 cognitio
2997 3578 3074 3637 illi
3106 3589 3252 3638 esset
3277 3581 3349 3637 ab
3371 3579 3696 3639 inl'orniitate
3716 3595 3799 3634 sua

2216 3675 2451 3730 conserti
2482 3673 2548 3730 ad
2577 3674 2893 3730 formantem
2921 3672 3122 3742 Deum,
3156 3683 3210 3730 et
3256 3675 3469 3739 creari,
3502 3685 3657 3747 atque
3700 3672 3797 3727 lor-

2217 3766 2349 3822 mari
2382 3787 2394 3822 :
2424 3777 2610 3838 postea
2635 3779 2760 3822 vero
2792 3769 2842 3821 in
2870 3767 3080 3822 ueteris
3110 3766 3378 3823 creaturis
3407 3767 3620 3832 dicitur,
3653 3763 3711 3820 Et
3737 3763 3799 3819 sic

2214 3868 2288 3913 est
2313 3861 2501 3931 factum
2519 3874 2538 3924 ;
2564 3857 2655 3913 ubi
2681 3856 3004 3929 signiﬁCatur
3029 3857 3080 3912 in
3115 3855 3200 3913 illa
3230 3860 3373 3925 luce,
3400 3855 3504 3914 lioe
3535 3863 3616 3914 est
3643 3857 3693 3911 in
3719 3854 3792 3910 in-

2216 3945 2505 4007 tellectuali
2545 3961 2816 4018 creatura,
2863 3951 3010 4022 prius
3052 3951 3188 4006 i‘ael‘a
3223 3951 3392 4009 Verbi
3437 3951 3704 4022 cognitio;
3741 3963 3795 4001 ac

2212 4044 2407 4102 deinde
2435 4057 2555 4101 cum
2584 4046 2796 4110 dicitur,
2823 4041 2887 4098 Et
2913 4046 3029 4118 fecit
3056 4043 3211 4110 Deus,
3238 4045 3410 4115 ipsius
3436 4053 3688 4099 creatura:
3711 4055 3794 4110 ge-

2213 4153 2312 4197 nus
2340 4140 2453 4197 ﬂeri
2477 4141 2892 4206 demonstratur,
2919 4137 3058 4211 quod
3081 4140 3130 4193 in
3157 4137 3332 4194 Verbo
3363 4138 3452 4193 Dei
3475 4137 3668 4192 dictum
3689 4139 3792 4188 erat

2212 4245 2269 4288 ut
2291 4235 2441 4289 tleret
2467 4253 2479 4288 :
2502 4233 2604 4288 hoc
2631 4241 2683 4288 et
2711 4233 2760 4286 in
2789 4231 3019 4286 hominis
3048 4229 3355 4286 conditione
3381 4240 3640 4286 servatur.
3666 4225 3790 4280 Dixit

2211 4324 2350 4380 enim
2372 4321 2534 4391 Deus,
2560 4318 2835 4376 Faciamus
2861 4322 3111 4376 hominem
3132 4322 3198 4376 ad
3218 4322 3491 4394 imaginem
3513 4330 3557 4374 et
3579 4315 3786 4374 similitu-

2211 4419 2380 4472 dinem
2408 4425 2650 4483 nostram,
2679 4426 2782 4471 etc.
2809 4416 2883 4472 Ac
2910 4413 3101 4470 deinde
3132 4432 3233 4469 non
3263 4415 3484 4479 dicitur,
3516 4409 3582 4468 Et
3615 4411 3684 4466 sic
3719 4415 3786 4461 est

2211 4517 2438 4585 factum;
2471 4509 2564 4564 sed
2598 4508 2707 4580 jam
2754 4507 3098 4576 subinfertur,
3132 4499 3195 4560 Et
3226 4507 3345 4578 fecit
3375 4508 3514 4562 Deus
3548 4503 3780 4560 hominem

2209 4603 2286 4658 ad
2302 4603 2570 4672 imaginem
2599 4598 2696 4654 Dei
2725 4619 2737 4656 :
2767 4601 2887 4671 quia
2918 4603 2980 4654 ct‘
3003 4599 3111 4670 ipsa
3142 4611 3328 4657 natura
3359 4593 3559 4657 scilicet
3587 4591 3781 4648 intelle-

2209 4695 2400 4751 ctualis
2427 4700 2528 4759 est,
2557 4694 2694 4748 sicut
2725 4689 2811 4746 illa
2837 4693 2945 4756 lux,
2971 4691 3028 4745 ct'
3050 4691 3330 4762 pr0pt'erea
3353 4679 3455 4744 hoc
3480 4699 3560 4742 est
3584 4686 3629 4738 ei
3653 4681 3770 4745 fieri,

2207 4785 2350 4860 quod
2377 4794 2458 4842 est
2483 4797 2774 4856 agnoscere
2802 4775 3034 4839 Verbum
3064 4779 3164 4837 Dei
3186 4799 3281 4853 per
3307 4777 3450 4852 quod
3480 4765 3575 4833 ﬁtf

2278 4875 2366 4937 52.
2407 4873 2536 4934 Nam
2567 4878 2612 4932 si
2643 4875 2927 4942 diceretur,
2960 4869 3026 4929 Et
3056 4877 3129 4930 sic
3167 4886 3237 4931 est
3275 4879 3466 4948 [actum
3485 4913 3500 4939 ,
3529 4879 3578 4926 et
3606 4873 3769 4940 postea

2207 4969 2616 5039 sobint‘errelur,
2641 4967 2706 5025 Et
2735 4969 2849 5042 fecit
2878 4966 3048 5036 Deus;
3069 4969 3218 5041 quasi
3248 4969 3393 5038 prius
3416 4963 3606 5022 factum
3633 4958 3770 5014 intel-

2207 5071 2459 5141 ligeretur
2486 5068 2544 5121 in
2574 5065 2878 5136 cognitione
2903 5065 3479 5128 ratiomlis'creatunc',
3506 5069 3574 5112 ac
3590 5047 3766 5141 deinde

2206 5139 2266 5215 in
2288 5159 2463 5232 aliqua
2485 5165 2734 5216 creatura
2759 5171 2878 5229 (μη
2903 5151 3308 5218 rationatisnon
3329 5163 3472 5212 esset
3487 5139 3635 5220 aquis
3652 5154 3770 5196 tero

2206 5261 2259 5308 et
2285 5231 2395 5322 ipsa
2426 5249 2710 5306 rationalis
2730 5259 2980 5305 creaturar
3003 5256 3126 5324 est,
3155 5256 3216 5303 et
3249 5250 3360 5318 ipsa
3395 5231 3759 5332 eadem

2206 5341 2351 5401 tione
2394 5339 2632 5415 perfecta
2667 5349 2770 5398 est.
2809 5340 2966 5400 Sicut.
2991 5339 3144 5404 enim:
3177 5347 3308 5412 post:
3336 5339 3543 5410 lapsum.
3575 5332 3766 5404 peccat!-

2208 5435 2728 5508 homiuiagnitione
2746 5437 2845 5492 Dei
2864 5443 3169 5503 tenentur,
3188 5432 3484 5492 εεειιηάῑιηπι
3496 5423 3762 5495 imaginem

2208 5529 2322 5604 eius
2343 5530 2438 5604 qui
2461 5529 2664 5594 creavit
2680 5546 2838 5596 was;
2862 5525 2932 5592 ita
2952 5515 3004 5586 in
3025 5527 3138 5602 ipsa
3156 5523 3648 5600 mimarum
3661 5517 3750 5573 εει,

2207 5639 2490 5698 antequam
2513 5626 2708 5681 delicto
2730 5629 3104 5696 veteranum
3125 5623 3273 5682 unde
3287 5617 3566 5688 rursmtrit!

2209 5715 2475 5787 aguitibnt:
2501 5725 2872 5777 renovaretur.
2896 5712 3024 5788 Qua:
3058 5729 3240 5778 autem
3277 5728 3380 5777 non
3417 5709 3468 5770 in
3500 5720 3560 5766 ea
3584 5711 3744 5797 εοαωξ
