3906 6310
516 222 621 279 295

517 343 700 393 bonum
766 346 872 401 est;
920 334 1012 391 sed
1040 341 1161 405 post
1207 331 1475 386 hominem
1526 329 1755 395 factum,
1821 327 2108 398 datamque

521 431 596 486 illi
658 438 971 499 potestatem
1017 426 1098 480 vel
1154 420 1463 475 dominandi
1506 419 1590 474 vel
1636 416 1870 481 edendi,
1919 416 2105 472 subin-

520 522 639 576 tulit
678 520 746 574 de
791 518 1066 578 omnibus,
1097 511 1161 565 Et
1210 512 1329 565 vidit
1380 510 1515 564 Deus
1565 510 1734 563 omnia
1789 524 1903 579 quw
1950 510 2102 579 fecit,

523 625 572 669 et
597 629 706 669 erce
739 608 870 662 bona
899 608 1044 660 valde
1066 648 1079 670 ,
1109 606 1299 660 merito
1332 604 1496 674 quaeri
1523 611 1720 674 potest.
1759 601 1937 656 Potuit
1962 600 2105 655 enim

522 705 692 775 primo
719 701 869 757 reddi
903 699 1103 753 homini
1130 698 1430 769 singulatim
1451 737 1467 762 ,
1499 695 1640 766 quod
1666 695 1970 767 singulatim
1996 710 2106 750 σεε·

520 795 650 849 teris
673 809 792 862 qua:
820 799 977 845 antea
1005 790 1139 844 facta
1165 797 1290 843 sunt
1311 787 1574 843 redditum
1606 796 1721 852 est;
1752 796 1860 841 tum
1889 785 2105 840 demum

521 887 589 942 de
608 884 854 941 omnibus
876 882 983 937 dici
1009 897 1127 952 quae
1157 881 1279 937 fecit
1303 881 1464 946 Deus,
1494 879 1627 933 Ecce
1651 880 1781 933 bona
1813 880 1976 933 valde.
2024 880 2105 934 An

522 978 659 1032 forte
686 976 809 1045 quia
836 983 989 1029 sexto
1012 972 1098 1028 die
1127 971 1471 1042 perﬁciuntur
1497 972 1672 1025 omnia
1694 1012 1709 1036 ,
1739 980 2018 1041 propterea
2041 969 2108 1026 de

522 1067 769 1123 omnibus
795 1064 1078 1121 dicendum
1108 1063 1231 1129 fuit,
1274 1062 1411 1116 Vidit
1440 1062 1579 1116 Deus
1608 1062 1776 1115 omnia
1813 1078 1925 1130 qua:
1952 1062 2066 1131 fecit
2088 1102 2105 1128 ,

522 1169 570 1215 et
598 1175 708 1214 ecce
733 1159 862 1212 bona
889 1157 1069 1221 valde;
1096 1171 1200 1210 non
1225 1154 1527 1225 singillatim
1556 1153 1624 1209 de
1651 1154 1713 1208 iis
1732 1169 1849 1224 quae
1881 1153 1996 1222 ipso
2019 1151 2110 1209 die

524 1249 659 1304 facta
680 1248 843 1303 sunt?
863 1249 969 1302 Cur
995 1261 1123 1317 ergo
1143 1246 1209 1300 de
1240 1245 1520 1315 pecoribus
1540 1255 1594 1299 et
1620 1244 1803 1299 bestiis
1821 1252 1876 1299 et
1901 1243 2109 1313 reptili-

526 1343 625 1397 bus
651 1352 811 1397 terra:
833 1340 1033 1395 dictum
1063 1347 1176 1403 est,
1210 1353 1329 1408 quae
1363 1337 1431 1392 ad
1461 1336 1705 1391 eumdem
1732 1335 1873 1392 diem
1901 1345 2109 1391 sextum

524 1434 833 1507 pertinent?
864 1432 965 1487 nisi
996 1432 1132 1487 forte
1158 1430 1245 1485 illa
1274 1438 1330 1485 et
1353 1428 1661 1499 singillatim
1690 1429 1739 1482 in
1772 1443 1870 1482 suo
1887 1442 2107 1497 genere,

440 1582 443 1583 ν
525 1538 581 1583 ει
606 1543 726 1582 cum
754 1524 962 1580 czeteris
989 1521 1359 1576 univcrsaliter
1384 1520 1487 1574 dici
1526 1521 1659 1573 bona
1689 1526 2030 1582 meruerunt;
2056 1527 2113 1573 et

529 1620 689 1674 homo
720 1617 890 1671 factus
917 1613 980 1667 ad
1007 1613 1291 1682 imaginem
1319 1611 1445 1675 Dei,
1476 1612 1689 1665 nonnisi
1730 1625 1851 1664 cum
1898 1608 2111 1664 exteris

529 1712 628 1765 hoc
676 1708 782 1763 dici
835 1707 1045 1761 meruit.
1093 1707 1172 1760 An
1214 1706 1334 1774 quia
1372 1702 1636 1773 perfectus
1676 1703 1909 1759 nondum
1956 1711 2109 1767 erat,

526 1802 647 1871 quia
676 1798 910 1854 nondum
938 1805 1052 1852 erat
1077 1797 1129 1851 in
1164 1796 1406 1865 paradiso
1427 1794 1779 1849 constitutus?
1805 1794 1956 1865 quasi
1984 1808 2114 1849 vero

530 1902 874 1964 posteaquam
896 1891 965 1945 ibi
992 1890 1311 1946 constitutus
1347 1898 1458 1954 est,
1499 1888 1699 1944 dictum
1738 1888 1808 1944 sit
1849 1887 1989 1959 quod
2027 1887 2114 1944 hic

531 1983 943 2053 prmtermissum
974 1990 1074 2035 est.

602 2075 694 2129 57.
735 2073 870 2140 Quid
896 2088 1024 2142 ergo
1048 2071 1324 2127 dicemus?
1351 2072 1430 2127 An
1456 2071 1579 2142 quia
1615 2072 1931 2141 praesciebat
1970 2072 2113 2127 Deus

530 2167 799 2223 hominem
833 2174 1201 2233 peccaturum,
1248 2178 1347 2217 nec
1394 2163 1446 2217 in
1497 2178 1609 2217 sua:
1648 2161 1894 2234 imaginis
1937 2161 2113 2232 perfe-

531 2259 705 2313 ctione
718 2269 1047 2319 mansurum,
1067 2270 1171 2309 non
1185 2254 1511 2324 singillatim,
1533 2252 1625 2308 sed
1637 2268 1757 2308 cum
1775 2253 1983 2308 caeteris
1992 2268 2114 2309 eum

531 2348 706 2402 dicere.
724 2346 889 2400 voluit
903 2346 1121 2409 bonum,
1136 2345 1279 2399 velut
1295 2345 1541 2399 intimans
1556 2343 1681 2414 quid
1698 2353 1839 2399 esset
1851 2344 2117 2399 futurum?

531 2437 663 2505 Quia
681 2454 801 2492 cum
816 2452 875 2491 ea
892 2452 1009 2508 qua:
1036 2438 1167 2492 facta
1183 2445 1325 2504 sunt,
1344 2437 1397 2491 iu
1413 2435 1629 2506 ecquod
1646 2435 1780 2489 facta
1798 2445 1940 2500 sunt,
1960 2450 2120 2507 quan-

535 2537 644 2583 tum
662 2537 999 2598 acceperunt,
1024 2537 1259 2594 manent,
1283 2528 1417 2583 sicut
1437 2526 1522 2582 vel
1549 2526 1635 2581 illa
1657 2542 1775 2598 qute
1796 2542 1900 2581 non
1925 2542 2117 2598 pecca-

1366 215 1455 270 DE
1490 212 1737 271 GENESI
1774 211 1866 267 AD
1905 209 2282 281 LITTERAM,
2322 214 2383 270 S.
2424 216 2793 274 AUGUSTINI

3698 226 3793 284 296

2212 339 2421 397 verum,
2448 331 2531 387 vel
2560 332 2647 386 illa
2674 349 2792 403 qua:
2830 349 3056 406 peccare
3082 353 3190 394 non
3228 350 3492 411 possunt;
3524 348 3578 397 et
3608 322 3794 414 singula

2210 420 2369 485 bona,
2397 432 2451 476 et
2478 423 2529 475 in
2559 424 2807 480 universo
2825 426 2961 484 bona
2979 430 3128 485 valde
3153 443 3295 487 sunt.
3316 433 3433 488 Non
3453 435 3595 490 enim
3617 435 3794 493 frustra

2209 523 2292 567 est
2311 512 2571 580 additum,
2601 515 2788 581 valde;
2826 516 2952 586 quia
2978 526 3033 571 et
3053 532 3293 589 corporis
3322 526 3561 582 membra
3582 528 3625 583 si
3645 530 3790 585 etiam

2210 604 2415 673 singula
2466 604 2690 675 pulchra
2739 617 2882 671 sunt,
2912 608 3076 663 multo
3118 619 3241 664 sunt
3269 622 3449 667 tamen
3492 613 3545 667 in
3575 620 3788 674 universi

2210 697 2450 766 corporis
2502 713 2760 769 compage
2797 700 2977 753 omnia
3027 701 3353 771 pulchriora.
3397 704 3532 772 Quia
3558 707 3788 774 oculum,

2211 788 2359 843 verbi
2385 789 2549 859 gratia
2570 830 2584 855 ,
2616 789 2868 859 placitum
2906 800 3066 862 atque
3112 793 3382 850 laudatum
3405 838 3417 860 ,
3452 808 3628 852 tamen
3654 800 3695 854 si
3719 816 3789 856 se-

2212 890 2451 948 paratum
2477 896 2506 935 a
2526 896 2751 951 corpore
2771 882 3095 948 videremus,
3116 899 3219 940 non
3236 887 3543 943 diceremus
3566 898 3665 944 tam
3692 892 3825 959 pul-g?

2212 932 2235 948 τ
2482 932 2506 935 η
2533 932 2707 951 ---τη
2726 932 2747 937 ν
2785 932 3095 948 πψτη-η.
3116 932 3219 940 --νη
3240 932 3543 943 www.m-
3567 932 3665 944 ----
3693 932 3765 959 ,ιι--

2211 970 2422 1039 cbrum,
2435 987 2592 1042 quam
2616 973 2667 1027 in
2690 972 2776 1026 illa
2795 975 3128 1030 connexione
3151 977 3539 1045 membrorum,
3558 996 3672 1033 cum
3691 932 3819 1045 loco!

2213 1078 2310 1119 suo
2327 1064 2529 1134 positus
2547 1065 2598 1119 in
2612 1064 2862 1121 universo
2880 1082 3103 1137 corpore
3114 1079 3447 1125 cerneretur.
3465 1072 3536 1127 Ea
3557 1087 3677 1129 vero
3687 1036 3817 1147 quasi

2214 1159 2480 1227 peccando
2498 1157 2750 1212 amittunt
2770 1158 2935 1214 decus
2957 1160 3247 1229 proprium,
3275 1163 3426 1218 nullo
3449 1172 3622 1219 tamen
3645 1166 3788 1220 modo

2213 1247 2452 1303 efﬁciunt
2472 1258 2529 1304 ut
2557 1264 2661 1303 non
2689 1250 2849 1303 etiam
2895 1250 3007 1319 ipsa
3049 1260 3192 1307 recte
3230 1252 3477 1311 ordinata
3501 1297 3516 1321 ,
3547 1271 3660 1310 cum
3692 1267 3788 1312 toto

2214 1349 2374 1408 atque
2402 1339 2651 1394 universo
2673 1340 2812 1395 bona
2838 1340 2966 1395 sint.
2994 1341 3165 1397 Homo
3187 1342 3347 1413 igitur
3376 1353 3503 1399 ante
3532 1359 3787 1414 peccatum

2214 1440 2268 1486 et
2310 1432 2362 1485 in
2404 1447 2501 1485 suo
2548 1434 2731 1502 utique
2774 1447 2975 1503 genere
3019 1433 3191 1488 bonus
3227 1443 3382 1501 erat;
3413 1435 3509 1491 sed
3534 1436 3784 1507 Scriptura

2216 1521 2557 1590 praetermisit
2582 1522 2685 1576 hoc
2713 1522 2914 1587 dicere,
2950 1530 3008 1578 ut
3038 1524 3165 1578 illud
3197 1526 3377 1593 potius
3418 1526 3621 1582 diceret
3659 1527 3784 1597 quod

2215 1608 2449 1665 futurum
2473 1611 2671 1681 aliquid
2695 1614 3097 1681 prmuuntiaret.
3120 1613 3232 1669 Non
3253 1616 3399 1670 enim
3426 1615 3608 1672 falsum
3629 1618 3689 1672 de
3707 1619 3785 1673 illo

2216 1700 2414 1757 dictum
2454 1709 2554 1757 est.
2584 1704 2685 1771 Qui
2719 1704 2862 1758 enim
2901 1704 3206 1774 singillatim
3247 1706 3424 1763 bonus
3470 1719 3589 1776 est,
3635 1712 3783 1780 magis

2217 1797 2398 1864 utique
2444 1810 2565 1849 cum
2613 1795 2859 1850 omnibus
2899 1796 3071 1851 bonus
3109 1806 3208 1852 est.
3240 1797 3356 1853 Non
3389 1806 3565 1855 autem
3595 1801 3784 1870 quando

2217 1901 2337 1941 cum
2363 1886 2612 1941 omnibus
2638 1887 2809 1941 bonus
2836 1895 2919 1941 est
2939 1929 2953 1952 ,
2977 1889 3217 1957 sequitur
3262 1898 3321 1943 ut
3364 1891 3525 1945 etiam
3571 1891 3783 1961 singilla-

2220 1979 2313 2033 tim
2339 1978 2511 2034 bonus
2538 1981 2627 2034 sit.
2655 1980 2983 2036 Muderatum
3008 1990 3091 2036 est
3117 1982 3295 2053 itaque
3340 1992 3397 2038 ut
3440 1983 3490 2039 id
3519 1982 3781 2044 diceretur.

2218 2068 2359 2140 quod
2386 2068 2438 2123 in
2468 2072 2714 2139 ρηεδεηῑί
2740 2086 2922 2125 verum
2950 2084 3111 2136 esset,
3140 2080 3196 2127 et
3224 2074 3610 2142 przescientiam
3638 2073 3782 2142 signi-

2221 2160 2406 2215 ﬁcaret
2422 2158 2608 2215 futuri.
2632 2161 2773 2215 Dens
2791 2162 2933 2216 enim
2953 2172 3257 2218 naturarum
3285 2164 3517 2234 optimus
3542 2164 3780 2229 conditor,

2222 2252 2552 2320 peccantium
2600 2266 2728 2306 vero
2748 2251 3074 2321 iustissimus
3108 2253 3383 2309 ordinator
3409 2262 3525 2319 est;
3559 2262 3613 2308 ut
3638 2253 3779 2307 etiam

2221 2340 2268 2397 si
2296 2357 2403 2412 qua
2432 2342 2735 2412 singillatim
2759 2344 2891 2396 liunt
2910 2342 3268 2413 delinquendo
3286 2344 3567 2410 deformia,
3592 2358 3781 2412 semper

2225 2442 2400 2488 tamen
2447 2448 2568 2489 cum
2613 2434 2692 2488 eis
2736 2434 3049 2489 universitas
3080 2436 3301 2504 pulchra
3351 2438 3439 2491 sit.
3480 2435 3582 2492 Sed
3605 2436 3779 2505 jamea

2221 2539 2341 2594 qua:
2367 2532 2659 2594 sequuntur
2683 2525 2734 2578 in
2757 2526 2999 2594 sequenti
3030 2526 3299 2583 volumine
3325 2536 3715 2598 pertractemus.

1479 2731 1960 2838 LIBER
2057 2730 2157 2857 Q
2180 2729 2494 2838 ΗΑΒ
2517 2729 2836 2837 TUS.

592 2932 834 2994 'nauatur
857 2925 1041 2994 ιειίιίωη
1063 2935 1167 2994 cae-
1192 2919 1223 2970 ε
1258 2914 3196 2994 aeneae;.manualem39369912?-39913tieerl‘99999sasevemr,
3213 2923 3419 2994 ςιιιεεωο
3443 2935 3642 2994 mm.
3661 2924 3770 2994 cina

534 2976 667 3041 vers.
691 2976 725 3039 5
741 3002 846 3050 cap.
870 2988 890 3035 l
911 3020 926 3045 ,
945 2976 1185 3048 quomodo
1210 2982 1396 3032 scilicet
1414 2984 1580 3030 acuta
1600 2976 1740 3039 luce,
1765 2976 1885 3027 facta
1906 2977 1970 3027 sit
1985 2988 2193 3039 vespera
2219 2982 2271 3026 et
2295 2976 2470 3026 factum
2490 2976 2633 3026 mane
2650 3010 2667 3038 ,
2688 2979 2856 3041 sicque
2873 2977 2981 3028 dies
3008 2976 3248 3031 numerati
3269 2996 3427 3046 usque
3448 2985 3507 3035 ad
3528 2976 3711 3035 sextum
3732 2989 3776 3031 et

534 3051 808 3114 septimum.

1945 3110 2365 3199 tam»

571 3274 795 3333 CAPUT
829 3270 1112 3329 PRIMUM.
1134 3300 1205 3311 —
1224 3268 1345 3325 Dies
1380 3284 1470 3324 sea:
1497 3267 1744 3339 quomodo
1770 3264 2071 3336 accipiendi.

608 3372 661 3422 1.
704 3367 767 3419 Et
793 3372 1139 3420 consummata
1163 3371 1279 3417 sunt
1304 3361 1482 3415 caelum
1508 3369 1555 3414 et
1582 3368 1733 3425 terra,
1764 3368 1811 3413 et
1837 3359 1999 3413 omnis
2024 3375 2111 3411 or-

536 3472 684 3517 natus
728 3474 920 3514 eorum.
952 3456 1020 3511 Et
1045 3455 1402 3511 consummavit
1428 3453 1564 3507 Deus
1588 3453 1641 3505 in
1665 3454 1746 3506 die
1779 3462 1918 3506 sexto
1958 3466 2112 3519 opera

535 3570 642 3610 sua:
666 3568 777 3623 qum
803 3550 953 3621 fecit;
975 3557 1022 3603 et
1045 3546 1283 3618 requievit
1305 3546 1438 3599 Deus
1458 3546 1511 3599 in
1531 3546 1611 3599 die
1632 3546 1841 3615 septimo
1866 3544 1929 3598 ab
1951 3543 2111 3597 omni-

536 3646 627 3701 bus
653 3643 880 3715 operibus
894 3642 999 3696 suis
1028 3654 1139 3710 qua!
1149 3638 1284 3710 fecit.
1305 3636 1372 3691 Et
1394 3637 1639 3692 benedixit
1655 3636 1791 3691 Deus
1807 3636 1937 3690 diem
1956 3635 2111 3703 septi-

538 3753 675 3790 mum
697 3778 712 3802 ,
760 3742 806 3788 et
842 3730 1172 3799 sanctiﬁcavit
1212 3745 1360 3792 eum;
1396 3729 1514 3799 quia
1543 3730 1593 3781 in
1620 3729 1730 3798 ipso
1778 3727 2009 3798 requievit
2050 3725 2112 3779 ab

536 3827 767 3883 omnibus
802 3823 1035 3895 operibus
1067 3822 1172 3876 suis
1211 3837 1324 3891 qua:
1359 3822 1606 3875 inchoavit
1639 3821 1773 3874 Deus
1800 3823 1982 3892 facere.
2014 3820 2113 3874 Ar-

537 3917 699 3972 duum
723 3913 933 3983 quidem
956 3922 1112 3982 atque
1136 3911 1501 3966 difﬁcillimum
1527 3920 1609 3966 est
1636 3911 1835 3965 viribus
1862 3910 2112 3965 intentio-

538 4007 623 4060 nis
645 4012 839 4059 nostrxe
858 4044 872 4067 ,
900 4003 1226 4058 voluntatem
1252 4002 1524 4070 scriptoris
1553 4002 1604 4054 in
1632 4002 1746 4055 istis
1771 4017 1868 4056 sex
1896 4001 2111 4068 diebus,

464 4160 468 4165 _
539 4095 735 4151 mentis
777 4093 1054 4147 vivacitate
1100 4100 1397 4161 penetrare,
1426 4100 1601 4145 utrum
1631 4091 1979 4159 praeterierint
2002 4091 2115 4145 dies

539 4188 649 4253 illi,
682 4193 736 4241 et
773 4184 952 4240 addito
992 4184 1253 4253 septimo,
1283 4198 1424 4237 nunc
1465 4199 1558 4252 per
1598 4183 1865 4237 volumina
1916 4192 2118 4253 tempo-

538 4294 655 4335 rum
677 4320 692 4346 ,
740 4292 842 4331 non
887 4291 945 4330 re
967 4318 980 4341 ,
1013 4275 1108 4330 sed
1147 4274 1361 4328 nomine
1398 4283 1720 4343 repetantur.
1752 4274 1808 4328 In
1839 4282 1948 4330 toto
1976 4274 2117 4329 enim

538 4379 779 4441 tempore
810 4368 960 4423 multi
991 4367 1107 4423 dies
1132 4366 1354 4421 veniunt
1380 4367 1658 4435 praeteritis
1690 4365 1911 4431 similes,
1946 4365 2120 4421 nullus

538 4471 717 4518 autem
757 4461 895 4516 idem
939 4458 1090 4515 redit.
1121 4458 1306 4515 Utrum
1331 4472 1459 4528 ergo
1480 4458 1833 4527 praeterierint
1861 4458 1976 4513 dies
2005 4458 2075 4512 illi
2099 4474 2115 4523 ;

539 4567 609 4606 an
634 4552 750 4606 istis
772 4552 859 4619 qui
886 4564 1069 4604 eorum
1096 4548 1367 4604 vocabulis
1393 4557 1448 4603 et
1478 4563 1699 4603 numero
1726 4558 2032 4615 censentur,
2064 4548 2117 4602 in

477 4672 487 4701 ι
541 4651 842 4710 temporum
885 4641 1070 4695 ordine
1111 4640 1349 4710 quotidie
1388 4641 1899 4705 transcurrentihus,
1949 4641 2021 4695 illi
2065 4642 2116 4696 in

484 4770 491 4801 ῖ
542 4734 673 4803 ipsis
700 4747 875 4786 rerum
900 4730 1292 4785 conditionibus
1327 4740 1575 4785 maneant
1604 4748 1617 4761 ο
1645 4739 1701 4784 ut
1730 4746 1835 4784 non
1866 4732 2034 4785 solum
2067 4732 2116 4785 in

532 4816 649 4905 Illis
675 4822 843 4877 tribus
870 4829 1151 4891 antequam
1193 4820 1380 4876 ﬁerent
1416 4820 1694 4875 luminaria
1717 4862 1731 4885 ,
1757 4821 1849 4876 sed
1880 4823 2037 4876 etiam
2064 4822 2116 4877 in

537 4913 763 4983 reliquis
790 4912 913 4965 item
946 4909 1131 4975 tribus,
1154 4910 1257 4965 diei
1280 4926 1470 4965 nomen
1495 4910 1848 4982 intelligamus
1870 4911 1920 4965 in
1944 4912 2118 4982 specie

480 5000 481 5003 “
528 4994 618 5062 rei
648 5019 766 5075 qua:
807 5010 985 5057 creata
1024 5010 1132 5067 est,
1164 5010 1478 5070 noctemque
1502 5001 1615 5070 ejus
1640 5001 1692 5056 in
1719 5002 2012 5072 privatione
2036 5003 2119 5058 vel

542 5096 753 5151 defectu
772 5135 787 5160 ,
819 5093 903 5148 vel
945 5094 988 5147 si
1033 5107 1139 5162 quo
1164 5093 1267 5147 alio
1295 5092 1510 5146 nomine
1550 5092 1742 5147 melius
1769 5094 2115 5162 signiﬁcatur,

543 5205 665 5244 cum
690 5187 954 5243 amittitur
982 5185 1220 5255 species,
1256 5184 1430 5254 aliqua
1474 5185 1761 5240 mutatione
1787 5203 1817 5239 a
1844 5186 2015 5240 forma
2052 5185 2116 5239 ad

544 5278 919 5336 iul‘ormitatem
944 5276 1242 5331 declinante
1267 5283 1425 5343 atque
1447 5282 1695 5343 vergente
1719 5292 1733 5329 :
1757 5290 1875 5343 qua:
1900 5276 2119 5330 mutatio

546 5372 601 5424 in
628 5370 772 5424 omni
810 5377 1050 5423 creatura
1081 5367 1192 5421 sive
1224 5364 1568 5434 possibilitate
1583 5365 1738 5430 inest,
1753 5365 1959 5420 etiamsi
1986 5366 2120 5422 desit

547 5461 770 5523 effectu,
800 5458 936 5514 sicut
960 5455 1012 5511 in
1040 5454 1344 5512 coelestibus
1372 5455 1764 5525 Superioribus;
1796 5457 1908 5512 sive
1932 5457 1998 5511 ad
2022 5458 2122 5513 im-

548 5551 794 5623 plendam
817 5550 869 5603 in
892 5548 1085 5603 inlimis
1104 5549 1263 5603 rebus
1284 5546 1728 5618 pulchritudinem
1752 5550 2116 5619 temporalem,

548 5656 645 5715 per
668 5638 942 5696 ordinatas
966 5638 1109 5693 vices
1134 5654 1464 5710 quorumque
1488 5639 1815 5697 mutabilium
1849 5641 2115 5697 decessio-

2139 5806 2169 5819 I‘
2182 5813 2187 5817 .

2224 3266 2379 3321 nibus
2406 3267 2420 3297 ¹
2443 3268 2975 3339 successionibusque
2997 3271 3289 3342 peragitur,
3312 3274 3448 3330 sicut
3466 3273 3773 3330 manifestum

2219 3362 2302 3410 est
2332 3355 2383 3409 in
2412 3355 2573 3410 rebus
2602 3358 2830 3412 terrenis
2855 3368 3014 3427 atque
3052 3361 3368 3418 mortalibus
3393 3381 3406 3417 :
3429 3378 3639 3434 vespera
3666 3376 3775 3417 vero

2216 3447 2270 3501 in
2300 3447 2545 3502 omnibus
2573 3448 2817 3517 perfecta:
2847 3450 3164 3506 conditionis
3190 3456 3342 3523 quasi
3371 3456 3581 3526 quidam
3605 3453 3770 3512 termi-

2218 3553 2317 3592 nus
2356 3538 2420 3591 sit
2460 3557 2473 3592 :
2511 3554 2665 3594 tuane
2708 3548 2883 3594 autem
2923 3540 3220 3611 incipientis
3265 3546 3578 3611 exordium;
3621 3542 3775 3601 omnis

2219 3628 2359 3682 enim
2380 3638 2554 3682 creata
2582 3640 2766 3684 natura
2785 3633 2945 3686 certis
2962 3634 3073 3688 suis
3102 3635 3265 3691 initiis
3285 3647 3338 3692 et
3353 3638 3539 3692 ﬁnibus
3563 3636 3776 3692 contine-

2221 3727 2305 3772 tur
2329 3738 2341 3772 :
2369 3720 2613 3791 indagare
2639 3722 2857 3779 difﬁcile
2872 3734 2974 3779 est.
2996 3725 3100 3781 Sed
3127 3728 3238 3783 sive
3256 3728 3379 3795 hoc,
3397 3732 3507 3786 sive
3523 3728 3661 3795 illud,
3681 3728 3775 3782 sive

2217 3809 2408 3879 aliquid
2438 3811 2595 3865 etiam
2615 3814 2828 3867 tertium
2848 3816 3191 3884 probabilius,
3219 3821 3361 3889 quod
3387 3821 3605 3885 dicatur,
3629 3815 3775 3890 possit

2218 3899 2458 3965 inveniri,
2478 3902 2617 3971 quod
2640 3903 2689 3957 in
2714 3919 2994 3975 progressu
3013 3906 3385 3979 disputationis
3408 3912 3616 3967 forsitan
3635 3921 3775 3977 appa-

2220 3991 2373 4057 rebit,
2389 3992 2830 4062 quemadmodum
2855 3995 2906 4049 in
2929 3997 3033 4052 illis
3050 3997 3237 4054 diebus
3250 4010 3306 4056 et
3323 4019 3423 4056 nox
3442 4012 3494 4056 et
3513 4015 3713 4069 vespera
3729 4006 3774 4053 et

2220 4100 2377 4141 mane
2405 4086 2761 4157 intelligatur:
2792 4105 2896 4144 non
2925 4099 3007 4144 est
3037 4101 3209 4147 tamen
3236 4093 3334 4150 abs
3364 4111 3421 4150 re
3440 4137 3454 4161 ,
3485 4091 3773 4149 utconside-

2222 4191 2399 4231 remus
2427 4177 2621 4231 senarii
2650 4180 2857 4234 numeri
2886 4181 3265 4250 perfectionem
3310 4187 3360 4240 in
3405 4187 3513 4256 ipsa
3559 4179 3770 4238 interiori

2222 4278 2408 4322 natura
2432 4283 2772 4325 numerorum
2795 4289 2809 4333 ;
2836 4288 2995 4341 quam
3038 4284 3215 4331 mente
3244 4277 3510 4334 intuentes
3530 4319 3542 4341 ,
3572 4291 3630 4333 ea
3667 4287 3770 4342 (ιιιιο

2223 4358 2467 4413 sensibus
2487 4360 2644 4416 etiam
2665 4363 2905 4431 corporis
2928 4363 3189 4432 adjacent,
3213 4384 3549 4424 numeramus
3566 4408 3579 4432 ,
3601 4377 3769 4420 nume—

2226 4462 2451 4518 roseque
2474 4448 2828 4518 disponimus.

2362 4538 2589 4594 CAPUT
2617 4539 2764 4593 II.—
2782 4541 2861 4596 De
2885 4546 3071 4599 senarii
3099 4551 3296 4603 numeri
3333 4549 3640 4622 perfectione.

2292 4629 2348 4683 2.
2389 4629 2692 4686 Invenimus
2744 4650 2870 4703 ergo
2918 4638 3183 4691 senarium
3240 4654 3514 4696 numerum
3563 4635 3766 4705 primum

2224 4735 2342 4776 esse
2368 4721 2657 4792 perfectum
2677 4764 2691 4787 ,
2720 4739 2781 4778 ca
2813 4726 3016 4780 ratione
3044 4728 3183 4798 quod
3226 4732 3335 4785 suis
3376 4728 3600 4799 partibus
3642 4738 3767 4777 com—

2224 4811 2450 4881 pleatur.
2478 4811 2614 4867 Sunt
2637 4816 2778 4867 enim
2807 4824 2861 4869 et
2884 4817 2974 4870 alii
3000 4821 3209 4875 numeri
3255 4822 3374 4877 aliis
3420 4819 3588 4875 causis
3624 4814 3766 4870 ratio-

2224 4902 2480 4971 nibusque
2505 4904 2742 4972 perfecti.
2781 4905 3010 4963 Proinde
3037 4909 3193 4964 istum
3216 4913 3479 4966 senarium
3504 4924 3561 4963 ea
3587 4904 3765 4961 ratione

2225 4993 2515 5061 perfectum
2541 4996 2805 5062 diximus,
2842 4999 2981 5068 quod
3024 5001 3134 5055 suis
3177 5006 3410 5071 partibus
3446 4997 3761 5067 compleatur.

2229 5086 2416 5141 talibus
2451 5086 2706 5143 duntaxat
2742 5092 2979 5160 partibus
3002 5133 3014 5155 ,
3047 5110 3163 5162 qua:
3200 5095 3549 5166 multiplicata:
3585 5083 3763 5158 ροεεὶηί

2226 5194 2594 5235 consummare
2624 5197 2899 5237 numerum
2924 5183 3074 5253 cujus
3098 5194 3275 5254 partes
3298 5195 3439 5241 sunt.
3480 5182 3611 5237 Talis
3637 5174 3761 5232 enim

2226 5284 2349 5339 pars
2374 5272 2577 5325 numeri
2603 5271 2707 5326 dici
2735 5282 2906 5341 potest
2928 5285 3085 5344 quota
3113 5277 3199 5331 sit.
3228 5277 3356 5331 Nam
3398 5271 3640 5329 ternarius
3673 5278 3760 5318 nu-

2224 5375 2405 5415 merus
2448 5372 2621 5431 potest
2658 5362 2759 5418 dici
2799 5380 2947 5435 pars,
2988 5381 3094 5420 non
3140 5375 3341 5422 tantum
3386 5362 3602 5425 senarii,
3632 5354 3761 5423 enim

2224 5449 2441 5506 dimidia
2468 5462 2586 5519 est,
2612 5454 2707 5508 sed
2746 5456 2985 5511 omnium
3028 5459 3342 5528 ampliorum
3372 5469 3521 5526 quam
3556 5456 3632 5505 cst
3665 5445 3761 5512 ἰρθθ

2226 5546 2509 5600 teruarius.
2540 5547 2666 5601 Nam
2711 5555 2763 5603 et
2803 5552 3124 5619 quaternarii
3157 5562 3210 5607 et
3234 5547 3451 5622 quittat‘ii
3480 5558 3592 5616 pars
3613 5534 3759 5603 ωεὲοτ

2291 5659 2304 5686 ¹
2331 5664 2455 5719 Mss,
2481 5657 2778 5709 cessiouibus.
