3906 6314
276 309 368 369 291

278 422 537 477 ternarias
564 432 651 479 est
676 441 692 478 :
720 432 895 495 potest
917 425 1059 482 enim
1089 424 1249 482 dividi
1291 437 1348 484 et
1390 433 1764 500 quaternm-ins
1788 434 1847 490 in

277 514 368 569 tria
398 522 452 570 et
478 532 683 583 unum,
727 526 783 572 et
817 518 1089 589 quinarins
1115 522 1164 575 iu
1196 523 1291 576 tria
1333 531 1387 578 et
1425 522 1554 579 dtto.
1586 525 1651 580 Et
1676 537 1854 597 septe-

274 606 404 662 narii
435 617 489 659 et
514 609 775 663 octonarii
800 620 852 664 et
886 612 1194 676 novenarii,
1222 622 1276 667 ct
1311 614 1563 684 quidquid
1601 616 1733 671 ultra
1770 629 1853 697 est

272 711 615 753 numerorum
635 739 651 762 ,
681 715 806 769 pars
832 712 913 757 est
944 704 1225 767 ternarias,
1259 721 1362 760 non
1392 707 1562 774 major
1586 709 1669 763 vel
1695 709 1852 767 dimi-

269 787 371 850 dia,
394 788 490 843 sed
516 790 711 845 minor.
738 790 868 846 Nam
897 796 1229 862 septenarius
1251 811 1463 867 quoque
1489 797 1649 854 dividi
1678 811 1853 869 potest

270 875 319 929 in
346 877 444 931 tria
488 888 544 932 et
577 890 820 947 quatuor.
851 892 905 936 et
941 884 1245 939 octouarins
1284 887 1334 940 in
1377 888 1471 942 tria
1499 898 1553 943 et
1580 892 1846 961 quinque,

267 978 315 1021 et
340 971 669 1039 tiovenarius
696 971 746 1025 in
773 974 868 1025 tria
896 986 949 1027 et
974 990 1064 1028 sex
1088 992 1102 1028 :
1123 976 1216 1030 sed
1244 977 1437 1032 nullius
1464 978 1649 1034 horum
1674 992 1850 1053 potest

266 1058 366 1113 dici
396 1063 659 1114 ternarius
685 1074 839 1133 quota
879 1066 949 1120 sit
986 1080 1126 1136 pars,
1160 1069 1257 1122 nisi
1291 1079 1492 1125 tantum
1537 1076 1844 1143 uovenarii,

266 1151 414 1217 cujus
447 1167 570 1219 pars
598 1159 751 1209 tertia
796 1166 911 1221 est,
959 1160 1098 1212 sicut
1142 1160 1336 1214 senarii
1382 1162 1619 1219 dimidLa.
1666 1164 1847 1235 itaque

265 1242 451 1297 lmrtun
484 1246 722 1300 ninnium
748 1264 881 1316 quos
918 1253 1359 1318 com-renmmvi,
1388 1257 1561 1309 nullus
1591 1272 1845 1313 consum-

264 1345 437 1391 matur
463 1353 529 1392 ex
558 1338 761 1408 aliquot
788 1342 1067 1403 tcrnariis.
1101 1343 1199 1398 υἰπί
1242 1347 1487 1401 senarius
1524 1357 1578 1402 et
1616 1365 1845 1404 novena-

262 1426 389 1480 rins.
412 1426 547 1483 Nam
576 1429 665 1485 ille
693 1441 901 1487 constat
926 1448 991 1488 ex
1020 1433 1226 1490 duobus
1245 1438 1512 1504 teruariis,
1541 1438 1640 1494 iste
1663 1449 1842 1497 autem

261 1530 323 1571 ex
353 1517 545 1573 tribus.

333 1608 389 1663 5.
428 1608 684 1665 Seuarius
728 1626 858 1681 ergo
902 1628 1191 1683 numerus,
1235 1627 1290 1672 ut
1326 1620 1503 1677 dicere
1536 1638 1838 1694 cmperam,

259 1700 500 1768 partibus
535 1701 644 1756 suis
681 1707 1076 1760 coununteratis
1100 1710 1229 1763 etin
1258 1726 1517 1769 summam
1551 1716 1752 1784 ductis,
1786 1721 1839 1776 in

258 1803 317 1844 se
354 1793 673 1860 completur.
722 1794 820 1848 ,ιιΙεί
871 1811 1099 1865 namque
1146 1810 1267 1855 sunt
1319 1807 1561 1873 numeri,
1612 1826 1838 1879 quormn

257 1888 435 1949 partes
463 1883 621 1936 simul
660 1883 831 1937 ducta:
875 1887 1132 1942 minorem
1172 1904 1433 1948 summam
1480 1897 1709 1965 faciunt,
1750 1902 1838 1958 alii

254 1974 710 2042 veroampliorem
736 1992 749 2027 τ
777 1979 938 2032 certis
969 1996 1094 2036 vero
1122 1982 1516 2041 intervallorum
1548 1994 1840 2051 rationibus

255 2065 538 2133 pauciores
563 2066 923 2133 inveniuntur,
943 2072 1032 2140 qui
1061 2075 1171 2125 suis
1194 2076 1427 2143 partibus
1446 2084 1835 2155 compleantur,

251 2171 477 2225 qualum
500 2172 707 2212 sunnna
729 2177 827 2215 nec
846 2162 976 2215 citra
1006 2164 1231 2230 insistat,
1263 2185 1359 2224 nec
1383 2172 1516 2225 ultra
1539 2189 1834 2245 excrescat,

251 2249 347 2302 sed
374 2249 438 2301 ad
466 2259 671 2304 tantum
710 2264 986 2317 occurrat,
1031 2269 1259 2325 quantus
1302 2271 1383 2317 est
1430 2265 1544 2333 ipse
1586 2285 1839 2326 numerus

250 2346 406 2413 cujus
451 2360 630 2416 partes
668 2360 811 2404 sunt.
845 2351 885 2406 ll
912 2370 1041 2407 .rnm
1074 2358 1274 2422 primus
1303 2360 1546 2415 senarius
1571 2372 1671 2415 est.
1704 2362 1834 2417 Nam

254 2438 409 2492 unius
439 2439 491 2492 in
520 2444 756 2498 ntuueris
783 2445 939 2500 nulla:
967 2456 1145 2515 partes
1168 2459 1309 2504 sunt.
1335 2450 1424 2506 Sic
1462 2454 1601 2507 enim
1643 2454 1839 2512 dicitur

252 2546 415 2584 unum
440 2532 489 2584 in
515 2536 747 2588 numeris
774 2539 966 2606 quibus
994 2556 1335 2597 numeramus
1354 2585 1369 2609 ,
1401 2552 1457 2599 ut
1499 2560 1603 2599 non
1645 2546 1839 2605 habeat

248 2619 531 2676 dimidium
577 2626 654 2678 vel
700 2625 932 2696 aliquam
980 2642 1180 2699 partem
1200 2672 1216 2697 ,
1247 2634 1338 2689 sed
1369 2650 1493 2690 vere
1532 2652 1597 2692 ac
1628 2654 1755 2707 pure
1783 2650 1838 2696 et

248 2714 565 2783 simpliciter
591 2732 752 2771 tltttttn
778 2719 867 2774 sit.
897 2720 1127 2777 Duorum
1165 2733 1341 2779 autem
1375 2743 1496 2794 pars
1522 2744 1682 2783 unum
1720 2740 1832 2799 est,

247 2813 305 2856 et
332 2819 393 2857 ea
422 2805 659 2869 dimidia.
692 2824 790 2864 nec
829 2811 933 2864 tilla
976 2814 1161 2867 altera.
1211 2815 1498 2872 Ternarius
1531 2835 1659 2874 vero
1703 2822 1835 2878 duas

248 2893 444 2959 habet,
490 2913 645 2951 unam
690 2916 807 2968 qua:
849 2902 953 2956 dici
1001 2905 1166 2973 possit
1211 2917 1370 2975 quola
1414 2910 1517 2976 sit,
1563 2912 1705 2980 quod
1751 2924 1835 2968 est

246 3002 451 3053 ttann,
478 3005 597 3044 nam
640 3002 720 3047 ter
745 2994 790 3046 ia
831 2994 946 3064 ejus
983 3004 1098 3060 est;
1127 3008 1179 3051 et
1215 3000 1372 3053 aliam
1417 3001 1669 3071 majorem
1715 3020 1834 3075 qua:

247 3096 362 3134 non
396 3086 557 3149 p053"
584 3084 686 3137 diri
718 3095 876 3154 quota
907 3087 972 3140 sit
999 3130 1013 3145 .
1045 3088 1093 3141 id
1119 3098 1198 3143 est
1225 3090 1332 3144 duo
1356 3110 1370 3146 :
1394 3109 1494 3148 nec
1521 3094 1675 3163 hujus
1704 3112 1832 3164 ergo

246 3186 432 3239 partes
459 3175 753 3243 computari
784 3188 1004 3244 poSsunt
1035 3178 1157 3245 illa-,
1189 3181 1256 3235 de
1284 3182 1476 3251 quibus
1511 3186 1750 3254 agimus,
1779 3186 1831 3243 id

240 3275 329 3317 est
353 3282 469 3333 que
495 3265 597 3319 diei
628 3278 848 3334 possunt
888 3281 1063 3337 quone
1092 3272 1217 3327 sint.
1262 3273 1428 3329 Porro
1466 3280 1832 3346 quaternm-ius

238 3354 381 3407 duas
424 3354 580 3410 habet
629 3360 795 3412 tales:
824 3375 941 3412 nam
980 3376 1170 3422 unum.
1210 3373 1394 3433 quarta
1422 3366 1537 3434 ejus
1562 3378 1671 3431 est;
1700 3368 1827 3437 duo,

237 3446 500 3507 dimidia;
538 3448 631 3501 sed
679 3449 849 3504 ambw
878 3450 928 3504 in
956 3466 1218 3507 summam
1245 3454 1418 3511 ducta:
1437 3498 1452 3519 ,
1482 3458 1531 3511 id
1555 3468 1637 3513 est
1665 3477 1827 3518 unum

235 3547 301 3592 et
324 3536 428 3591 duo
457 3538 614 3593 sinml
635 3582 649 3602 .
684 3543 971 3598 ternarium
1009 3544 1239 3609 faciunt,
1268 3563 1374 3602 non
1403 3555 1825 3619 quaternarium.

235 3626 363 3683 Non
393 3645 521 3700 ergo
549 3647 668 3685 cum
694 3635 963 3704 complent
1000 3646 1176 3706 partes
1204 3653 1344 3706 sum,
1368 3642 1489 3710 quia
1532 3645 1584 3697 in
1620 3661 1827 3704 summa

233 3718 453 3776 nitore
480 3723 796 3778 consistunt.
827 3725 1116 3792 Quinarius
1158 3745 1263 3785 non
1312 3732 1471 3787 habet
1517 3736 1673 3791 talem
1724 3739 1825 3796 nisi

232 3828 422 3874 unam.
456 3813 505 3867 id
527 3824 609 3869 est
634 3815 803 3885 ipsum
834 3833 995 3874 unum
1016 3860 1032 3885 ,
1056 3837 1173 3890 qua:
1199 3823 1380 3892 quinta
1410 3839 1529 3894 pars
1553 3828 1671 3895 ejus
1695 3837 1777 3884 est
1807 3848 1824 3887 :

233 3920 365 3958 nam
393 3916 445 3961 et
469 3906 576 3959 duo
604 3910 847 3981 quamvis
891 3926 1010 3979 pars
1042 3913 1160 3980 ejus
1204 3915 1378 3971 minor
1399 3918 1471 3972 sit
1497 3928 1551 3973 et
1579 3921 1675 3974 tria
1707 3937 1824 3977 ma-

220 3996 249 4066 j
302 4013 359 4055 r;
402 4008 586 4051 neutra
628 4010 802 4055 t:uneu
832 4018 1017 4057 earnm
1041 4004 1145 4060 dici
1176 4017 1348 4075 potest
1372 4019 1532 4079 quota
1560 4027 1681 4081 pars
1708 4013 1825 4085 ejus

227 4086 327 4143 sit.
362 4088 617 4143 Senarius
642 4106 770 4146 vero
812 4102 923 4147 tres
963 4105 1142 4164 partes
1168 4099 1300 4152 tales
1337 4098 1529 4164 habet.
1575 4114 1817 4175 sextam,

229 4172 473 4242 tertiam,
500 4180 773 4237 dimidiam
792 4203 806 4239 :
825 4195 972 4242 sexta
998 4188 1133 4256 ejus,
1166 4206 1327 4245 unum
1353 4201 1469 4260 est;
1495 4197 1668 4260 tertia,
1690 4172 1817 4266 duo,

223 4269 476 4335 dimidia,
495 4275 614 4328 tria.
650 4275 742 4330 lla:
768 4288 944 4332 autem
974 4289 1149 4349 partes
1174 4283 1224 4337 in
1254 4299 1519 4342 summam
1544 4288 1737 4358 άιιειειι,
1767 4292 1819 4350 id

223 4371 319 4417 est
364 4377 523 4417 unum
552 4374 604 4419 et
625 4365 730 4420 duo
757 4376 810 4422 et
842 4369 961 4433 tria,
986 4370 1141 4426 simul
1166 4376 1414 4432 eumdem
1443 4392 1818 4441 consummant

224 4456 617 4524 perliciuutque
640 4460 926 4514 senarium.

306 4544 356 4597 4.
400 4545 515 4598 .lam
562 4550 895 4617 septenarius
923 4569 1029 4608 non
1063 4553 1223 4612 habet
1266 4559 1422 4615 talem
1468 4573 1667 4632 partem
1713 4570 1816 4625 nisi

220 4633 512 4702 septimam
536 4678 550 4700 ,
582 4640 722 4707 quod
744 4650 826 4695 est
846 4659 1028 4699 ttututt.
1050 4645 1365 4705 Octonarius
1387 4662 1511 4716 tres,
1539 4666 1775 4714 octavam
1794 4701 1811 4728 ,

220 4732 504 4792 quartam,
537 4725 809 4783 dimidiam
830 4774 844 4792 .
879 4733 929 4787 id
973 4745 1052 4789 est
1096 4751 1257 4791 unum
1280 4782 1295 4801 .
1323 4740 1431 4797 duo
1456 4755 1505 4798 et
1534 4759 1765 4816 quatuor

220 4815 325 4870 Sed
364 4815 445 4870 lue
474 4819 630 4875 simul
660 4822 833 4878 ductae
862 4830 1219 4895 septenarinm
1265 4832 1461 4889 facium
1498 4815 1629 4893 infra
1680 4843 1811 4899 insi-

217 4916 458 4964 stentem
483 4954 497 4975 ,
544 4929 647 4968 non
685 4931 813 4986 ergo
855 4921 1127 4990 eomplent
1169 4926 1415 4981 eumdem
1458 4934 1805 4990 octonarium.

216 4998 560 5058 Naveuarins
599 5005 731 5061 duas
770 5009 955 5075 habet,
1001 5030 1225 5081 nouam,
1258 5018 1395 5086 quod
1420 5029 1503 5075 est
1529 5039 1722 5092 unum;
1755 5038 1810 5084 et

220 5097 461 5161 tertiam,
489 5099 627 5165 quod
668 5112 747 5155 est
789 5102 885 5155 tria
916 5122 929 5156 :
965 5106 1046 5159 lue
1083 5116 1260 5162 autem
1303 5111 1491 5177 simul,
1520 5125 1806 5184 quaterna-

220 5182 365 5238 rium
397 5186 594 5241 faciunt
622 5188 778 5259 longe
802 5196 1090 5249 nov-enario
1111 5198 1390 5254 minorem.
1423 5182 1678 5260 Denarins
1698 5218 1806 5265 tres

222 5276 385 5331 liabet
424 5282 557 5335 tales
598 5294 805 5349 mnes;
838 5300 999 5340 unum
1045 5286 1337 5358 decimam,
1383 5294 1489 5350 duo
1529 5299 1800 5368 quintam,

219 5368 458 5437 quinque
481 5370 787 5439 dimidiam,
819 5375 908 5445 qui
941 5379 1147 5433 numeri
1176 5380 1329 5435 sinml
1356 5384 1498 5440 ducti
1543 5390 1608 5443 ad
1650 5402 1801 5449 octo-

219 5456 432 5514 narium
479 5465 825 5533 perveniunt,
870 5483 974 5521 non
1017 5470 1083 5523 ad
1129 5472 1423 5531 denarium.
1472 5477 1801 5541 Undeuarius

219 5564 327 5603 non
377 5552 533 5606 habet
576 5556 672 5609 nisi
720 5557 889 5613 solam
916 5561 1277 5629 undecimam,
1306 5566 1443 5621 sicut
1468 5575 1799 5638 septenarius

218 5640 389 5695 solam
418 5647 728 5715 septimam,
756 5659 809 5704 et
836 5652 1110 5719 quinarius
1140 5656 1306 5711 Solam
1335 5659 1589 5728 quintam,
1615 5674 1666 5717 et
1693 5674 1798 5722 ter-

216 5733 400 5790 μευ-ιω
437 5738 602 5794 solam
642 5740 881 5809 tertiam,
909 5753 961 5797 et
989 5745 1225 5802 biuarius
1269 5750 1439 5806 solam
1482 5752 1749 5819 dimidiam
1776 5802 1790 5825 ,

500 5829 703 5893 SANCT
739 5875 751 5887 .
798 5834 1075 5896 Aueosr.
1122 5836 1231 5901 ιιι.
1598 5846 1599 5849 “
1642 5846 1647 5851 ’

1613 312 1815 376 LIBER
1850 316 2197 391 QUARTUS.

1961 437 2101 506 quod
2130 439 2180 492 in
2207 440 2453 497 omnibus
2480 460 2642 503 unum
2681 460 2782 505 est.
2812 446 3173 515 Duodenarins
3210 478 3338 521 vero
3375 472 3545 538 parti-

1960 525 2061 581 bus
2087 530 2197 585 suis
2224 531 2415 588 talibns
2439 536 2595 593 siuutl
2619 539 2811 608 dnctis,
2848 561 2949 601 non
2977 550 3088 618 ipse
3116 525 3538 630 consummatur,

1959 618 2053 673 sed
2091 622 2366 678 exceditur
2389 640 2406 689 ;
2432 628 2741 697 ampliorem
2770 636 2964 706 quippe
2992 640 3316 700 iliunleuaria
3344 618 3535 708 autne:

1959 724 2076 764 rum
2120 710 2363 771 faciunt:
2403 734 2523 774 nam
2570 738 2736 794 usque
2775 728 2841 779 ad
2890 733 3154 789 sexdecim
3203 744 3535 807 perveniunt.

1960 800 2127 858 llabet
2154 806 2294 860 enim
2317 822 2409 864 eas
2428 812 2681 881 quinque,
2708 815 3101 887 duodecimam,
3125 800 3350 894 εεέιωη,
3376 850 3537 902 quar-

1956 902 2083 959 tam,
2116 899 2356 966 tertiam,
2388 902 2657 960 dimidiam
2687 925 2700 961 :
2730 926 2849 964 nam
2877 912 3187 971 duodecima
3223 921 3340 991 ejus
3370 899 3536 984 unum

1953 994 2069 1051 est;
2098 998 2275 1055 sexta,
2305 992 2444 1051 duo;
2470 1008 2685 1065 quarta,
2716 1002 2847 1068 tria;
2879 1009 3053 1068 tertia.
3078 1022 3331 1082 quatuor;
3375 1019 3535 1076 dimi-

1952 1074 2060 1143 dia,
2088 1094 2179 1134 sex
2205 1099 2219 1135 :
2249 1099 2408 1138 unum
2449 1099 2624 1143 autem
2645 1132 2661 1155 ,
2690 1102 2743 1146 et
2776 1093 2882 1147 dun
2903 1137 2916 1157 ,
2950 1109 3002 1153 et
3034 1074 3133 1157 tria
3154 1145 3171 1171 ,
3201 1115 3255 1161 et
3281 1121 3533 1183 quatuor,

1950 1176 2005 1223 et
2033 1186 2147 1233 sex,
2178 1173 2227 1226 in
2252 1188 2511 1232 snuunam
2541 1181 2693 1237 ducta
2724 1186 2987 1242 sexdecim
3016 1204 3157 1248 sunt.

2020 1259 2075 1314 5.
2103 1262 2166 1316 Et
2195 1280 2262 1318 ne
2291 1268 2472 1323 multis
2502 1287 2697 1336 morer,
2726 1274 2775 1328 in
2809 1278 3008 1334 inlinita
3028 1285 3167 1341 serie
3185 1304 3530 1353 numerorum

1949 1348 2129 1417 plures
2155 1357 2358 1410 muneri
2390 1362 2745 1427 reperiuntur,
2772 1370 2859 1435 qui
2906 1372 3033 1426 tales
3076 1388 3249 1445 partes
3292 1393 3384 1438 aut
3420 1403 3529 1444 non

1948 1436 2147 1494 habent
2172 1444 2269 1499 nisi
2299 1446 2562 1517 singulas,
2593 1452 2727 1508 sicut
2749 1466 3040 1529 ternarius,
3067 1436 3120 1521 et
3149 1470 3441 1545 quinarius,
3471 1490 3528 1538 et

1946 1531 2123 1584 caeteri
2154 1533 2449 1603 ejusmodi;
2478 1550 2567 1595 aut
2592 1543 2656 1597 ita
2686 1545 2862 1613 plures
2886 1531 3226 1615 li;nbeiittales
3254 1531 3451 1636 partes,

1946 1619 1998 1674 in
2014 1638 2173 1676 unum
2191 1625 2362 1682 ducta:
2381 1640 2538 1702 atque
2563 1635 2612 1688 in
2631 1651 2891 1695 summam
2918 1646 3143 1704 redacta:
3165 1619 3393 1712 vel'citra
3408 1619 3533 1718 insi-

1946 1723 2104 1777 Stant,
2120 1718 2253 1772 sicut
2270 1729 2352 1774 est
2373 1728 2694 1795 octonarius,
2715 1741 2766 1784 et
2785 1739 3100 1795 novenarius
3120 1755 3171 1797 et
3188 1746 3275 1801 alii
3293 1751 3524 1824 plurimi,

1950 1806 2033 1859 vel
2066 1808 2197 1863 ultra
2225 1813 2512 1877 excedant,
2547 1819 2681 1875 sicut
2707 1822 3052 1886 duodecimns
3078 1844 3129 1888 et
3156 1806 3531 1914 duodevigesi:

1944 1911 2084 1963 mus,
2101 1909 2155 1953 et
2171 1904 2317 1956 multi
2334 1904 2481 1959 tales.
2504 1907 2685 1965 Plures
2696 1928 2821 1984 ergo
2838 1904 3415 1998 reperiunturquilibef
3419 1939 3523 1993 ho-

1944 2000 2079 2049 rum,
2099 2004 2255 2059 quam
2285 1994 2358 2048 illi
2375 1997 2462 2065 qui
2478 2001 2689 2066 perfecti
2706 2018 2975 2075 vorantur,
2997 2027 3061 2067 eo
3077 1994 3216 2084 quod
3238 2026 3345 2077 suis
3364 2029 3526 2089 simul

1942 2075 2114 2131 ductis
2154 2082 2344 2136 talibus
2384 2088 2616 2153 partibus
2652 2098 3034 2164 compleantur.
3066 2075 3194 2163 Nam
3224 2122 3343 2179 post
3368 2131 3527 2175 seua-

1941 2166 2077 2220 rinm
2104 2170 2583 2245 duodetrigesimus
2611 2182 2892 2253 invenitur,
2922 2194 3008 2259 qui
3037 2166 3280 2256 similiter
3305 2206 3416 2261 suis
3444 2218 3527 2266 ta-

1943 2255 2080 2312 libus
2109 2262 2342 2327 partibus
2362 2277 2566 2323 constat
2594 2288 2607 2324 :
2634 2271 2790 2329 habet
2824 2280 2963 2333 enim
2997 2299 3088 2337 cas
3115 2289 3347 2363 quinque
3375 2299 3524 2369 vige-

1941 2346 2129 2402 simam
2160 2364 2427 2424 octavam,
2460 2365 2988 2436 quartamdecimam,
3020 2346 3330 2454 septimam,
3363 2346 3525 2459 quar-

1942 2445 2071 2500 tam,
2103 2441 2405 2511 dimidiam;
2437 2451 2487 2503 id
2515 2462 2596 2506 est
2626 2471 2817 2521 unum,
2862 2471 2915 2516 et
2951 2464 3083 2529 duo.
3113 2480 3167 2524 et
3195 2441 3434 2544 quatuor,
3465 2492 3523 2539 ει

1941 2541 2175 2597 septem,
2206 2546 2259 2589 et
2291 2543 2719 2611 quatum'decim;
2744 2564 2859 2618 qtae
2883 2553 3037 2609 simul
3067 2541 3240 2617 ductae
3270 2541 3519 2629 eumdem

1938 2618 2438 2694 duodetrigesimum
2466 2636 2926 2704 complentzliunt
2968 2650 3108 2703 enim
3152 2654 3329 2724 viginti
3372 2618 3516 2719 octo:

1938 2709 2004 2763 Et
2025 2722 2221 2779 quanto
2244 2733 2583 2777 numerorum
2612 2726 2741 2782 ordo
2769 2736 3027 2801 procedit,
3049 2709 3521 2813 tzintoprtidttctio-

1938 2800 2084 2854 ribus
2131 2819 2232 2873 pro
2276 2819 2384 2862 rata
2427 2816 2710 2881 portione‘
2742 2822 3034 2883 intervallis
3075 2800 3413 2903 reperiuntur
3460 2845 3517 2903 hi

1936 2898 2142 2949 numeri
2164 2939 2178 2960 ,
2201 2900 2289 2968 qui
2315 2903 2424 2956 suis
2447 2907 2632 2962 talibus
2655 2914 2887 2978 partibus
2910 2919 2958 2971 in
2981 2938 3239 2981 sunuuam
3263 2932 3513 3007 redactis,

1936 2983 1999 3007 ,Α
2045 2987 2241 3007 ..Αευςκι
2658 3001 2686 3007 “’

1934 2983 2001 3038 ad
2043 2987 2246 3055 seipsos
2286 3008 2564 3051 occurrunt
2587 3040 2602 3063 ,
2636 3001 2988 3078 dicunturque
3016 3016 3247 3081 perfecti.
3276 2983 3514 3090 Quorum:

1935 3075 2076 3129 enim
2127 3094 2467 3139 numerarunt
2510 3089 2640 3144 tales
2685 3105 2861 3162 partes
2892 3102 3045 3156 simul
3074 3105 3245 3164 ductm
3274 3129 3377 3168 non
3410 3116 3514 3173 im-

1936 3164 2083 3233 plent
2110 3172 2325 3225 eosdem
2353 3190 2604 3233 numeros
2630 3199 2851 3251 quorum
2885 3201 3062 3257 partes
3081 3208 3234 3264 sunt,
3264 3201 3494 3275 imper-fe

1933 3258 2003 3311 eti
2032 3262 2402 3319 nominantur:
2427 3285 2651 3338 quorum
2672 3288 2848 3332 autent
2877 3283 3035 3339 etiant
3064 3258 3359 3364 excedunt;
3391 3300 3515 3371 plus

1932 3364 2088 3419 quam
2119 3356 2337 3423 perfecti
2362 3364 2714 3430 appellantur.

2003 3443 2057 3497 6.
2098 3445 2341 3505 Perfecto
2370 3468 2495 3523 ergo
2528 3473 2749 3513 numero
2777 3462 2983 3520 dierum
3001 3510 3014 3529 .
3045 3471 3146 3527 hoc
3168 3486 3250 3531 est
3278 3487 3508 3556 senario,

1928 3538 2149 3606 perfecit
2178 3541 2315 3596 Deus
2343 3561 2502 3613 opera
2528 3566 2620 3603 sua
2650 3568 2766 3621 que
2805 3559 2945 3610 fecit.
2978 3562 3049 3614 lta
3078 3568 3219 3621 enim
3251 3538 3508 3644 scriptun;

1929 3638 2012 3681 est
2039 3646 2052 3681 :
2078 3628 2147 3683 Et
2172 3640 2532 3691 consunnnuvil
2560 3639 2695 3696 Deus
2720 3645 2771 3698 in
2799 3648 2881 3701 die
2905 3664 3045 3707 sexto
3070 3656 3089 3685 ²
3115 3674 3267 3728 opera
3286 3628 3378 3717 sua
3398 3684 3513 3736 qua:

1929 3717 2065 3786 fecit.
2097 3720 2257 3792 Magis
2283 3735 2460 3781 autem
2512 3731 2563 3783 in
2607 3732 2765 3787 istum
2814 3754 3091 3798 numerum
3142 3717 3373 3808 intentus
3408 3717 3505 3826 lio,

1927 3824 2047 3864 cum
2077 3813 2358 3870 considero
2384 3820 2544 3874 etiam
2574 3825 2814 3881 ordinem
2837 3845 3056 3899 operuttt
3080 3836 3332 3906 ipsorum.
3357 3813 3509 3907 Sicut

1926 3908 2069 3963 enim
2118 3910 2256 3964 idem
2300 3929 2554 3972 numerus
2580 3921 2838 3988 gradatim
2864 3931 3097 3995 partibus
3122 3936 3231 3991 suis
3258 3938 3308 3992 in
3342 3943 3507 4014 trigo-

1927 4012 2052 4052 num
2080 4000 2281 4070 snrgit;
2310 4019 2430 4058 natu
2462 4006 2533 4061 ita
2564 4022 2858 4080 sequuntur
2885 4034 3045 4075 unttm
3067 4065 3081 4088 ,
3113 4024 3251 4092 duo,
3284 4000 3510 4100 trta,vut

1924 4087 2246 4146 nullusalius
2263 4094 2522 4165 interponi
2541 4101 2729 4170 possit,
2745 4120 2865 4175 qua:
2879 4087 3097 4181 singulae
3112 4087 3305 4174 Sena'rii
3327 4138 3386 4191 pa
3396 4087 3505 4182 ἶ-ιξέ

1922 4190 2047 4233 sunt
2074 4182 2267 4251 quibus
2290 4194 2526 4253 consttt;
2556 4207 2737 4258 unum,
2766 4208 2945 4260 sexta;
2976 4203 3101 4269 duo,
3146 4211 3297 4265 tertia
3316 4182 3341 4276 ς’
3359 4217 3456 4271 tria
3477 4260 3495 4286 ,

1923 4267 2140 4324 dimidia
2172 4289 2185 4323 :
2214 4273 2283 4327 ita
2314 4289 2419 4329 uno
2444 4278 2532 4333 die
2565 4279 2698 4336 facta
2726 4296 2809 4339 est
2835 4288 2924 4344 lux
2944 4332 2957 4353 ,
2986 4293 3191 4351 duobus
3215 4311 3386 4357 autem
3415 4267 3503 4363 se:

1919 4358 2204 4427 quentibus
2230 4360 2425 4419 fabrica
2451 4370 2631 4423 muudi
2665 4372 2852 4442 hujus;
2886 4393 2991 4432 uno
3010 4387 3253 4452 superior
3274 4407 3413 4460 pars.
3445 4396 3500 4452 id

1920 4459 2003 4505 est
2028 4454 2415 4511 firmamentum
2438 4500 2452 4523 ,
2484 4461 2652 4517 altero
2678 4465 2915 4534 inferior,
2948 4472 2999 4526 id
3036 4486 3115 4530 est
3144 4454 3289 4536 mare
3316 4494 3369 4538 et
3393 4454 3500 4542 ter-

1919 4556 2010 4595 ra:
2035 4543 2128 4597 sed
2156 4557 2357 4613 partem
2379 4553 2705 4619 superiorem
2730 4559 2886 4613 nullis
2912 4563 3281 4626 alimentorum
3308 4590 3501 4646 corpo-

1918 4632 2106 4686 ralium
2136 4636 2420 4705 generibus
2447 4640 2700 4711 implevit,
2732 4649 2976 4717 quianon
3000 4655 3069 4710 ibi
3094 4671 3206 4716 erat
3229 4632 3497 4732 positurus

1915 4738 2137 4794 corpora
2159 4728 2248 4783 tali
2270 4730 2558 4790 refectione
2578 4736 2891 4809 indigentia;
2911 4756 2965 4801 at
2986 4728 3307 4824 inferiorem,
3332 4776 3494 4829 quam

1915 4818 2013 4873 sibi
2043 4825 2456 4891 congruentibus
2481 4832 2794 4891 animalibus
2824 4853 3110 4899 ornaturns
3135 4860 3268 4915 erat,
3300 4818 3492 4910 neces-

1913 4912 2068 4965 sariis
2113 4928 2298 4970 eorum
2338 4918 2639 4988 indigentia:
2679 4926 2810 4983 cibis
2853 4943 2974 4988 ante
3010 4934 3211 4992 ditavit.
3254 4912 3491 5013 Reliquis

1911 5018 2038 5073 ergo
2064 5007 2229 5061 tribus
2270 5009 2459 5067 diebus
2485 5031 2544 5068 ea
2576 5030 2749 5073 creata
2793 5035 2946 5091 sunt,
2996 5043 3115 5097 qua:
3160 5031 3292 5085 intra
3338 5051 3494 5091 mun-

1910 5093 2065 5161 dum,
2097 5098 2149 5152 id
2186 5109 2268 5154 est
2309 5101 2442 5157 intra
2494 5106 2647 5162 istam
2680 5093 3071 5171 universitatem
3115 5121 3372 5179 visibilem
3419 5142 3490 5184 ex

1909 5185 2186 5243 elementis
2213 5194 2460 5250 oumibus
2484 5196 2709 5266 factam,
2742 5204 2966 5258 visibilia
3002 5209 3112 5263 suis
3147 5219 3202 5265 et
3239 5218 3491 5285 congruis

1907 5281 2139 5337 motibus
2164 5298 2489 5355 agerentur:
2520 5293 2690 5362 primo
2720 5296 2773 5350 in
2813 5299 3146 5357 lirmamento
3182 5305 3482 5381 luminaria,

1906 5373 2027 5442 quia
2056 5375 2201 5444 prius
2229 5387 2345 5434 erat
2382 5379 2574 5438 factum
2606 5383 3027 5459 firmamentum;
3054 5392 3244 5454 deinde
3272 5400 3325 5454 in
3351 5373 3489 5461 infe;

1902 5526 2269 5650 ρῶἑέξωιῗιωεε
2289 5544 2346 5583 ac
2365 5531 2579 5585 melioris
2598 5543 2726 5588 noue
2767 5547 2871 5591 Mss.
2897 5550 2953 5594 At.
2975 5545 3111 5611 editi,
3135 5563 3224 5614 pro
3241 5558 3348 5605 rata
3368 5569 3485 5620 pro-

1966 5651 2535 5738 fta,
2553 5659 2691 5720 juxta
2725 5667 3001 5738 versionem
3041 5673 3303 5738 vulgatam.
3338 5686 3393 5730 At
3431 5682 3484 5732 in

1900 5715 2028 5767 Mss,
2041 5719 2191 5782 sea'to,
2208 5715 2345 5782 juxta
2361 5715 2486 5786 Lsx,
2503 5715 2627 5791 quos
2640 5728 2860 5789 sequitur

1906 5780 1956 5810 at
1981 5784 2151 5810 lassum
2177 5781 2348 5810 umnam
2395 5791 2445 5810 θη
2469 5780 2545 5810 Am
2569 5792 2700 5810 οηηοιιι

1906 5780 1957 5819 et
1980 5780 2152 5833 jassim
2176 5780 2371 5837 prozert,
2395 5780 2446 5827 in
2467 5780 2545 5833 die
2565 5792 2714 5836 sexto.

2850 5878 3081 5949 {Dim}
