3906 6308
359 362 466 440 abii

357 496 503 556 riore
544 489 829 549 animantia
850 529 864 553 ,
892 480 1029 540 sicut
1065 478 1197 535 ordo
1224 477 1338 547 ipse
1366 470 1653 545 poscebat,
1691 483 1798 523 uno
1828 467 1933 533 die,
1990 452 1997 457 ’

360 588 652 659 aquarum;
676 580 1122 659 'alio,terrarum.
1166 562 1278 623 Nec
1314 564 1592 635 quisquam
1616 559 1688 614 ita
1718 555 1940 613 demens

363 646 447 738 est
468 721 480 742 .
513 684 569 738 ut
598 662 788 729 audeat
812 658 990 725 dicere
1018 678 1121 719 non
1154 659 1387 731 potuisse
1411 650 1575 709 Deum
1616 646 1794 705 facere
1835 661 1942 703 uno

365 736 454 827 die
470 736 683 833 cuncta,
710 764 754 819 si
781 759 970 822 ‘v'ellet;
995 761 1087 809 aut
1110 744 1157 806 si
1188 749 1347 805 v'ellet
1370 743 1549 805 biduo,
1574 750 1687 796 ‘uno
1714 738 1803 795 die
1831 736 1943 808 s'pi-

364 862 608 922 ritualem
637 858 955 918 creaturam,
981 856 1036 905 et
1061 846 1166 901 alio
1193 841 1555 914 corporalem;
1585 837 1698 892 sive
1726 849 1833 891 uno
1856 832 1944 889 die

366 956 561 1014 caelum
601 962 723 1008 cum
761 936 1007 1002 omnibus
1049 934 1459 1013 pertinentibus,
1501 932 1554 986 et
1598 926 1702 984 alio
1743 934 1943 982 terram

368 1066 489 1107 cum
535 1038 781 1103 omnibus
824 1052 942 1109 qua:
982 1036 1036 1089 in
1082 1048 1145 1088 ea
1189 1036 1343 1090 sunt;
1372 1035 1426 1081 et
1469 1022 1687 1079 omnino
1736 1015 1948 1088 quando

369 1138 558 1205 vellet,
595 1132 844 1207 quamdiu
890 1126 1076 1189 vellet,
1103 1130 1155 1177 et
1193 1110 1457 1191 quomodo
1498 1114 1687 1168 vellet:
1713 1108 1832 1179 quis
1867 1114 1950 1161 est

371 1233 460 1304 qui
488 1196 628 1285 dicat
655 1218 911 1281 voluntati
931 1216 1045 1288 eius
1073 1210 1268 1283 aliquid
1301 1207 1534 1278 potuisse
1557 1196 1844 1257 resistere?

695 1274 978 1370 ἦι--υέ
996 1325 1054 1362 eo
1077 1274 1209 1376 quod
1238 1274 1477 1370 scriptum
1503 1298 1571 1350 est
1593 1288 1724 1363 Sap.
1752 1304 1830 1356 It,
1860 1282 1951 1353 21,
1982 1274 1993 1283 ’

828 1399 1011 1458 Omnia
1029 1400 1082 1453 in
1108 1407 1361 1454 mensura,
1393 1397 1496 1444 etc.

442 1498 497 1559 ⁸7.
536 1502 869 1571 Quapropter
893 1508 1015 1547 cum
1051 1503 1172 1544 eum
1199 1486 1423 1554 legimus
1445 1494 1541 1535 sex
1569 1474 1755 1530 diebus
1778 1469 1956 1528 omnia

376 1594 683 1669 perfecisse,
709 1596 766 1645 et
791 1584 1057 1641 senarium
1103 1589 1380 1633 numerum
1423 1556 1958 1629 considerantes,iu-

377 1651 621 1744 venimus
644 1694 764 1736 esse
790 1673 1083 1748 perfectum
1105 1712 1120 1735 ,
1151 1677 1306 1735 atque
1334 1664 1405 1718 ita
1428 1669 1791 1715 creaturarum
1819 1651 1962 1708 ordi~

380 1792 502 1835 nem
527 1785 763 1835 currere,
788 1776 845 1822 ut
870 1764 1031 1822 etiam
1058 1760 1294 1830 ipsarum
1320 1751 1550 1827 partium
1574 1791 1589 1817 ,
1622 1747 1814 1818 quibus
1858 1744 1961 1799 iste

384 1878 635 1929 numerus
658 1862 950 1936 perficitur,
968 1859 1221 1926 appareat
1238 1847 1389 1920 quasi
1416 1842 1634 1915 gradata
1660 1837 1960 1936 distinctio;

386 1963 561 2019 veniat
604 1918 762 2014 etiam
791 1949 919 2006 illud
951 1918 1302 2005 iii-ruentem,
1334 1934 1474 2007 quod
1517 1933 1623 1987 alio
1661 1930 1784 1985 loco
1822 1918 1966 1982 Scri-

384 2108 605 2219 rriondere
645 2133 935 2207 disposuisti
986 2127 1138 2202 (Sap.
1180 2140 1266 2188 xt,
1307 2118 1616 2193 2i);atque
1660 2113 1733 2167 ita
1775 2108 1970 2180 cogitet

384 2202 583 2301 anima,
612 2246 732 2304 quae
762 2234 955 2299 potest,
984 2222 1234 2276 invocato
1261 2216 1314 2269 in
1342 2208 1595 2267 auxilium
1621 2204 1756 2271 Deo,
1787 2213 1842 2259 et
1868 2202 1967 2256 im-

386 2327 649 2402 pertiente
672 2334 829 2395 atque
854 2316 1145 2386 inspirante
1166 2310 1325 2372 vires,
1349 2315 1524 2359 utrum
1545 2302 1660 2355 lucc
1680 2298 1799 2363 tria,
1823 2310 1971 2349 men-

389 2387 533 2486 sura,
568 2427 819 2473 numerus
839 2453 853 2477 ,
884 2405 1089 2481 pondus
1110 2447 1125 2471 ,
1157 2404 1209 2458 in
1236 2396 1426 2471 quibus
1450 2395 1618 2450 Deum
1648 2387 1973 2460 diSposuisse

390 2515 568 2572 omnia
592 2509 846 2579 scriptum
873 2512 956 2560 est
972 2545 987 2570 ,
1012 2506 1164 2557 erant
1182 2493 1376 2552 alicubi
1396 2501 1678 2561 antequam
1701 2491 1974 2541 crearetur

392 2607 634 2662 universa
674 2607 947 2659 creatura,
983 2608 1049 2647 an
1086 2591 1243 2646 etiam
1278 2587 1391 2656 ipsa
1431 2591 1608 2638 creata
1646 2586 1797 2642 sunt;
1835 2581 1891 2629 et
1929 2570 1976 2626 si

392 2705 545 2753 erant
581 2702 765 2757 antea,
800 2686 887 2744 ubi
915 2693 1089 2742 erant.
1129 2680 1312 2753 Neque
1335 2677 1477 2732 enim
1515 2680 1640 2726 ante
1680 2676 1976 2724 creaturam

397 2796 514 2842 erat
539 2782 735 2855 aliquid
759 2779 857 2835 nisi
888 2786 1116 2833 creator.
1143 2768 1199 2826 ln
1228 2772 1342 2840 ipso
1362 2781 1492 2838 ergo
1516 2771 1686 2819 erant.
1716 2757 1821 2816 Sed
1848 2769 1981 2827 quo-

396 2874 585 2934 modo?
611 2888 735 2929 nam
764 2879 817 2926 et
847 2866 946 2922 ista
974 2879 1091 2937 quae
1126 2869 1306 2917 creata
1337 2867 1493 2926 sunt,
1523 2855 1578 2910 in
1602 2854 1718 2925 ipso
1744 2865 1864 2906 esse
1903 2848 1980 2903 le-

397 2971 568 3040 gimus
590 2965 764 3037 (Rom.
789 2978 864 3028 xi,
889 2956 978 3032 36)
1003 2973 1017 3010 :
1042 2972 1111 3011 an
1140 2953 1229 3008 illa
1255 2952 1392 3007 sicut
1415 2951 1551 3018 ipse,
1572 2947 1673 3000 ista
1692 2957 1821 2999 vero
1846 2941 1982 2996 sicut

396 3029 453 3120 in
497 3029 645 3117 illo‘a
671 3072 778 3129 quo
816 3029 1074 3125 reguntur
1100 3058 1155 3104 et
1181 3038 1577 3118 gubernantur?
1606 3037 1674 3092 Et
1714 3029 1982 3106 quomodo

399 3154 487 3211 illa
516 3148 665 3223 ipse?
692 3146 874 3218 Neque
902 3142 1045 3199 enim
1076 3139 1216 3195 Deus
1248 3147 1497 3192 mensura
1522 3137 1634 3193 est,
1660 3134 1752 3181 aut
1792 3136 1982 3179 nume-

398 3212 634 3311 ros,aut
662 3212 898 3311 pondus,
938 3242 1031 3290 aut
1077 3232 1175 3286 ista
1217 3225 1415 3284 omnia.
1463 3225 1547 3279 An
1592 3215 1887 3276 secundum
1930 3212 1983 3269 id

403 3320 547 3410 quod
573 3310 817 3391 novimus
844 3338 1149 3383 mensuram
1179 3321 1234 3376 in
1261 3319 1338 3375 eis
1364 3331 1482 3388 qua:
1502 3310 1773 3377 metimur,
1797 3314 1853 3363 et
1881 3320 1983 3361 nu-

403 3442 610 3487 merum
637 3426 690 3482 in
718 3424 797 3480 eis
824 3435 945 3493 qua:
972 3428 1335 3477 numeramus,
1362 3420 1417 3466 et
1450 3404 1658 3479 pondus
1682 3403 1737 3458 in
1761 3401 1840 3456 eis
1867 3414 1986 3471 quae

406 3518 787 3595 appendimus,
830 3491 934 3566 non
973 3516 1056 3564 est
1093 3507 1234 3562 Deus
1269 3494 1722 3557 ista:secundum
1762 3491 1814 3547 id
1860 3503 1987 3546 vero

578 3622 829 3667 mensura
852 3601 998 3661 omni
1027 3598 1105 3655 rei
1132 3595 1348 3652 modum
1377 3587 1627 3661 prteiigit,
1653 3593 1709 3641 et
1734 3594 1991 3638 numerus

410 3671 557 3765 dmni
583 3703 663 3760 rei
689 3699 920 3773 speciem
952 3690 1183 3763 praebet,
1213 3696 1268 3744 et
1292 3681 1501 3758 pondus
1526 3691 1739 3737 omnem
1770 3688 1882 3729 rem
1922 3671 1989 3727 ad

407 3796 643 3872 quietem
670 3768 736 3847 ac
772 3787 1115 3845 stabilitatem
1142 3777 1337 3842 trahit,
1375 3773 1463 3829 ille
1498 3768 1744 3842 primitus
1763 3774 1818 3821 et
1842 3778 1993 3820 vera—

408 3857 543 3946 citer
570 3894 624 3941 et
657 3875 994 3952 singulariter
1030 3871 1131 3929 ista
1154 3877 1272 3936 est,
1310 3866 1401 3936 qui
1442 3861 1688 3918 terminat
1726 3857 1901 3911 omnia
1938 3863 1993 3911 et

410 3979 610 4036 format
623 3948 820 4037 omnia,
838 3978 892 4024 ct
910 3963 1122 4022 ordinat
1148 3960 1326 4017 omnia
1344 3975 1359 4023 ;
1379 3955 1615 4025 nihilque
1633 3948 1773 4005 aliud
1792 3948 1991 4003 dictum

414 4068 747 4139 intelligitur,
774 4057 1044 4134 quomodo
1085 4070 1182 4128 per
1217 4068 1311 4109 cor
1355 4059 1409 4107 et
1446 4048 1676 4119 linguam
1708 4043 1994 4099 humanam

416 4133 617 4236 potuit,
647 4133 829 4214 Omnia
860 4153 913 4207 in
937 4164 1192 4214 mensura,
1217 4154 1263 4201 et
1282 4157 1512 4208 numero,
1552 4147 1599 4194 et
1646 4135 1865 4208 pondere
1898 4133 2000 4188 dis-

421 4230 654 4329 posuisti,
678 4248 799 4316 nisi,
821 4242 1010 4302 Omnia
1040 4242 1093 4297 in
1120 4248 1172 4295 te
1198 4230 1541 4306 disposuisti?

487 4346 542 4403 8.
582 4342 827 4415 Magnum
879 4344 960 4392 est
1010 4330 1299 4405 paucisque
1342 4336 1657 4382 concessum
1679 4356 1698 4388 ,
1738 4315 1998 4375 excedere

422 4434 599 4495 omnia
621 4406 739 4505 quae
765 4427 942 4486 metiri
968 4429 1218 4497 possunt,
1242 4424 1302 4473 ut
1322 4414 1569 4473 videatur
1599 4424 1846 4467 mensura
1881 4406 2001 4463 sine

420 4541 704 4607 mensura;
724 4520 985 4601 excedere
1010 4515 1189 4574 omnia
1220 4525 1339 4585 qua:
1360 4504 1629 4565 numerari
1666 4508 1917 4575 possunt,
1943 4506 2002 4554 ut

426 4599 671 4679 videatur
692 4599 946 4672 numerus
964 4609 1080 4665 sine
1106 4616 1364 4669 numero;
1392 4596 1655 4656 excedere
1679 4593 1859 4650 omnia
1883 4605 2002 4662 quae

423 4706 655 4785 appendi
678 4710 917 4778 possunt.
944 4708 1001 4755 ut
1018 4696 1265 4753 videatur
1288 4688 1494 4764 pondus
1520 4687 1638 4743 sine
1659 4681 1915 4756 pondere.

427 4777 652 4865 C'A'PU’I‘
684 4777 789 4854 71V.
815 4825 881 4838 —
898 4792 967 4848 In
1008 4790 1115 4846 Deo
1151 4803 1259 4844 esse
1291 4795 1580 4840 mensuram
1600 4777 1709 4834 sine
1733 4789 1965 4829 mensura
1983 4814 2001 4840 ,

531 4905 797 4951 numerum
817 4887 926 4943 sine
947 4897 1154 4939 numero
1171 4919 1189 4948 ,
1218 4887 1265 4933 et
1302 4874 1499 4947 pondus
1523 4871 1632 4926 sine
1659 4866 1896 4941 pondere.

497 4986 683 5058 Neque
706 4981 851 5040 enim
878 4989 1125 5034 mensura
1150 4980 1206 5028 et
1239 4981 1492 5026 numerus
1522 4972 1578 5021 et
1606 4962 1816 5036 pondus
1843 4960 1898 5016 in
1928 4960 2007 5015 la-

429 5050 642 5156 pidibus
663 5068 1031 5134 tantummodo
1059 5075 1113 5124 et
1140 5063 1296 5137 lignis
1325 5069 1488 5133 atque
1527 5053 1831 5128 huiusmodi
1856 5050 2013 5109 moli-

430 5144 530 5234 bus
549 5218 565 5244 ,
588 5181 645 5230 et
666 5168 1106 5243 quantiscumque
1145 5153 1511 5228 corporalibus
1550 5148 1636 5205 vel
1672 5144 2014 5205 terrestribus

432 5271 514 5327 vel
551 5237 871 5325 'cmlestibus
916 5250 1266 5315 animadverti
1312 5256 1367 5304 et
1408 5242 1628 5317 cogitari
1674 5248 1867 5312 potest.
1918 5237 2015 5294 Est

435 5356 593 5419 etiam
624 5369 872 5415 mensura
896 5346 1094 5421 aliquid
1129 5340 1354 5415 agendi,
1386 5352 1455 5394 ne
1480 5336 1549 5392 sit
1573 5329 1935 5390 irrevocabilis
1960 5336 2015 5385 et

436 5450 779 5508 immoderata
801 5439 1133 5516 progressio;
1154 5443 1209 5491 et
1226 5442 1310 5489 est
1328 5440 1579 5486 numerus
1601 5433 1657 5482 et
1678 5422 2016 5479 alfectionum

437 5548 601 5606 animi
624 5555 680 5603 et
701 5515 975 5603 virtutum,
999 5549 1108 5607 quo
1131 5532 1200 5588 ab
1218 5526 1452 5586 stultitiae
1469 5520 1823 5585 deformitate,
1844 5515 1912 5572 ad
1925 5530 2018 5607 sa-

440 5602 650 5715 pientiae
692 5636 916 5692 formam
964 5602 1233 5696 decusque
1273 5619 1566 5690 colligitur;
1594 5623 1649 5670 et
1689 5620 1770 5667 est
1811 5602 2020 5679 pondus

440 5700 728 5788 voluntatis
755 5732 809 5780 et
831 5719 1065 5784 amoris,
1094 5715 1187 5771 ubi
1224 5720 1442 5783 apparet
1470 5707 1651 5778 quanti
1689 5702 1918 5773 quidque
1965 5700 2021 5756 in

425 5817 760 5902 ‘appetendo,
802 5810 1072 5885 fugiendo,
1114 5801 1489 5879 pr.cponendo,
1551 5795 2022 5871 postponendoque
2082 5866 2093 5877 μ

1297 360 1383 415 DE
1421 354 1666 415 GENESI
1704 345 1795 410 AD
1828 341 2206 416 LITTERAM,
2246 348 2303 405 S.
2345 343 2711 403 AUGUSTINI

2002 452 2009 459 ’
2047 463 2308 536 pendetur
2332 479 2344 516 :
2368 454 2460 515 sed
2487 459 2598 513 haec
2624 458 2919 511 animorum
2948 460 3105 524 atque
3125 436 3386 511 mentium
3412 434 3636 512 et‘men-

3531 301 3659 401 si”.

2048 570 2171 610 sura
2198 553 2298 608 alia
2327 559 2574 606 mensura
2599 547 2896 612 cohibetur,
2919 551 2974 600 et
2999 547 3253 600 "numerus
3271 545 3382 600 alio
3412 561 3635 602 numero

2050 646 2327 709 formatur,
2376 642 2430 697 et
2466 639 2674 711 pondus
2710 638 2816 693 alio
2858 628 3095 709 pondere
3132 636 3358 707 rapitur.
3386 628 3638 691 Mensura

2050 745 2228 792 autem
2251 736 2367 791 sine
2391 746 2637 787 mensura
2659 736 2741 785 est
2758 772 2774 798 ,
2796 729 2880 783 cui
2906 735 3145 798 aequatur
3163 725 3307 798 quod
3328 726 3399 782 de
3426 724 3518 781 illa
3537 730 3634 790 est,

2052 840 2152 883 nec
2176 822 2389 880 aliunde
2414 824 2530 894 ipsa
2557 829 2670 876 est:
2690 833 2943 875 numerus
2971 818 3086 873 sine
3119 830 3344 873 numero
3387 818 3473 871 est
3496 858 3510 882 ,
3540 830 3642 886 quo

2054 917 2351 973 formantur
2391 912 2602 977 omnia,
2649 925 2748 967 nec
2790 908 3049 964 formatur
3088 908 3238 977 ipse:
3273 902 3488 976 pondus
3528 904 3642 959 sine

2054 1004 2289 1080 p‘ondcre
2331 1015 2440 1071 est,
2485 1019 2590 1076 quo
2631 1004 2937 1060 referuntur
2971 1010 3027 1056 ut
3058 1001 3374 1072 quiescant,
3420 1013 3642 1069 quorum

2054 1100 2208 1172 quies
2234 1114 2423 1170 purum
2444 1092 2694 1170 gaudium
2721 1104 2839 1161 est,
2869 1109 2968 1149 nec
2994 1091 3125 1148 illud
3145 1092 3257 1164 jam
3296 1088 3534 1147 refertur
3577 1087 3641 1144 ad

2057 1189 2219 1245 aliud.

2127 1279 2183 1339 9.
2223 1280 2329 1337 Sed
2375 1279 2590 1335 nomina
2617 1292 2880 1333 mensura:
2916 1285 2972 1333 et
3013 1275 3220 1332 numeri
3248 1282 3306 1331 et
3345 1272 3602 1346 ponderis
3625 1314 3639 1339 ,

2059 1373 2298 1445 quisquis
2347 1368 2558 1427 nonnisi
2603 1369 2882 1425 visibiliter
2935 1367 3100 1433 novit,
3153 1364 3426 1423 serviliter
3482 1363 3644 1417 novit.

2060 1462 2425 1522 Transcendat
2450 1460 2630 1531 itaque
2655 1464 2815 1514 'omne
2843 1456 2984 1528 quod
3023 1457 3097 1511 ita
3121 1454 3291 1520 novit,
3319 1462 3416 1508 aut
3442 1454 3488 1507 si
3514 1464 3648 1507 non-

2062 1556 2188 1613 dum
2230 1563 2423 1627 potest,
2464 1568 2568 1610 nec
2594 1552 2722 1623 ipsis
2764 1550 3066 1607 nominibus
3094 1549 3321 1615 haereat,
3369 1545 3440 1601 de
3466 1544 3649 1614 quibus

2063 1649 2297 1720 cogitare
2322 1648 2423 1701 nisi
2464 1644 2677 1700 sordide
2717 1659 2825 1699 non
2866 1650 3058 1714 potest.
3104 1639 3277 1696 Tanto
3316 1639 3464 1694 enim
3489 1638 3650 1707 magis

2064 1741 2255 1812 cuique
2282 1740 2381 1794 ista
2419 1738 2476 1794 in
2509 1737 2871 1809 superioribus
2912 1735 3072 1791 chara
3100 1742 3245 1802 sunt,
3297 1739 3498 1804 quanto
3544 1730 3651 1801 ipse

2066 1835 2244 1889 minus
2267 1840 2349 1888 est
2376 1833 2435 1887 in
2458 1830 2801 1886 inferioribus
2830 1844 2975 1884 caro.
3013 1826 3165 1897 Quod
3203 1827 3250 1882 si
3277 1840 3390 1881 non
3419 1822 3531 1877 vult
3556 1821 3651 1876 ali-

2067 1926 2187 1996 quis
2206 1936 2269 1980 ea
2295 1922 2570 1988 vocabula,
2597 1938 2713 1993 quae
2733 1914 2966 1975 in'rebus
2990 1918 3185 1974 inlimis
3210 1924 3269 1973 et
3282 1912 3652 1987 abjectissimis

2069 2015 2272 2082 didicit,
2299 2011 2589 2069 transferre
2617 2012 2683 2068 ad
2719 2011 2807 2067 illa
2852 2008 3116 2073 sublimia,
3156 2002 3352 2079 quibus
3390 2003 3653 2061 intuendis

2071 2117 2304 2162 mentem
2322 2116 2574 2161 screnare
2600 2113 2842 2168 conatur,
2865 2118 2970 2157 non
2994 2108 3077 2157 est
3103 2097 3372 2170 urgendus
3396 2107 3452 2152 ut
3476 2094 3648 2150 faciat.

2073 2199 2208 2255 Dum
2238 2198 2379 2254 enim
2419 2194 2524 2252 hoc
2565 2197 2887 2267 intelligatur
2925 2192 3064 2265 quod
3099 2188 3502 2263 intelligendum
3537 2197 3652 2255 est,

2074 2304 2180 2345 non
2219 2303 2540 2359 magnOpere
2582 2287 2870 2342 curandum
2924 2288 3006 2339 cst
3048 2282 3173 2354 quid
3221 2291 3465 2337 vocetur.
3512 2278 3655 2336 Scire

2076 2388 2289 2453 oportet
2313 2354 2493 2435 tam—en
2514 2372 2805 2450 cuiusmodi
2832 2372 3123 2431 similitudo
3142 2381 3229 2429 est
3255 2370 3568 2426 inferiorum
3592 2354 3654 2422 ad

2076 2472 2373 2539 superiora.
2414 2470 2535 2527 Non
2562 2469 2704 2527 enim
2731 2468 2884 2524 aliter
2906 2474 3051 2523 recte
3077 2463 3202 2520 hinc
3228 2463 3358 2519 illuc
3385 2459 3521 2518 ratio
3549 2467 3657 2513 ten-

2077 2561 2177 2630 dit,
2202 2570 2259 2620 et
2280 2562 2488 2617 nititur.

2151 2653 2240 2711 to.
2279 2651 2397 2708 Jam
2424 2660 2551 2706 vero
2577 2650 2623 2705 si
2649 2649 2925 2721 quisquam
2954 2646 3082 2701 dicit
3104 2652 3339 2699 creatam
3366 2654 3485 2698 esse
3510 2652 3654 2694 men-

2080 2758 2260 2801 suram
2279 2752 2329 2799 et
2356 2755 2637 2796 numerum
2663 2748 2718 2796 et
2742 2737 2964 2809 pondus,
2996 2736 3050 2789 in
3070 2733 3266 2805 quibus
3294 2728 3458 2788 Deum
3486 2727 3656 2784 omnia

2082 2837 2411 2909 disposuisse
2435 2832 2706 2904 Scriptura
2730 2839 2983 2896 testatur;
3013 2828 3059 2883 si
3084 2828 3137 2883 in
3162 2826 3269 2883 illis
3294 2824 3472 2882 omnia
3488 2818 3658 2890 dispo-

2083 2928 2211 2993 suit,
2241 2925 2427 2983 eadem
2466 2925 2580 2995 ipsa
2611 2924 2697 2979 ubi
2724 2918 3025 2992 disposuit?
3067 2920 3111 2973 si
3140 2918 3193 2973 in
3223 2918 3365 2983 aliis,
3400 2909 3660 2986 quomodo

2084 3032 2213 3090 ergo
2244 3018 2295 3072 in
2321 3017 2450 3088 ipsis
2470 3014 2673 3082 omnia,
2701 3013 2914 3085 quando
2938 3011 3052 3082 ipsa
3080 3010 3133 3064 in
3162 3009 3326 3063 aliis?
3350 3005 3467 3063 Non
3490 3006 3660 3073 itaque

2086 3107 2433 3166 dubitandum
2456 3114 2544 3163 ’est
2565 3104 2663 3161 illa
2687 3118 2806 3161 esse
2830 3111 2979 3158 extra
3003 3117 3064 3157 ea
3094 3112 3215 3171 qua:
3245 3098 3500 3170 disposita
3523 3099 3658 3157 sunt,

2088 3204 2142 3258 iit
2167 3201 2358 3272 quibus
2380 3199 2557 3255 omnia
2582 3192 2836 3268 disposita
2862 3203 3009 3252 sunt.

2089 3290 2314 3352 CAPUT
2352 3293 2417 3350 γ.
2445 3322 2515 3334 --
2537 3288 2606 3346 In
2647 3282 2757 3345 Deo
2782 3291 2891 3360 ipso
2919 3294 3078 3342 exstat
3116 3285 3248 3339 ratio
3293 3293 3661 3349 mensum,“—

2195 3387 2321 3441 meri
2340 3395 2385 3441 et
2413 3384 2670 3457 ponderis,
2698 3382 2766 3436 ad
2790 3396 2937 3451 quam
2966 3378 3211 3451 disposita
3235 3388 3355 3434 sunt
3376 3374 3560 3432 omnia.

2165 3476 2253 3534 ll.
2294 3479 2373 3532 An
2404 3474 2544 3532 forte
2571 3473 2873 3546 putabimus
2912 3472 2981 3526 ita
3009 3470 3206 3525 dictum
3230 3480 3376 3535 esse,
3410 3462 3589 3521 Omnia
3614 3462 3663 3515 in

2094 3585 2348 3636 mensura,
2378 3578 2425 3623 et
2462 3578 2690 3631 numero,
2717 3574 2763 3619 et
2791 3562 3009 3633 pondere
3032 3558 3349 3631 disposuisti,
3371 3571 3434 3613 ac
3462 3555 3506 3611 si
3530 3552 3663 3609 dice—

2095 3669 2263 3729 retur,
2290 3659 2477 3715 Omnia
2508 3659 2583 3713 sic
2610 3653 2936 3726 disposuisti,
2965 3661 3024 3708 u‘t
3050 3651 3316 3707 baberent
3351 3648 3661 3708 mensuram,

2096 3761 2152 3811 et
2189 3766 2493 3817 numerum,
2525 3757 2575 3804 et
2606 3746 2843 3819 pondus?
2868 3740 2998 3814 Quia
3026 3750 3081 3800 et
3106 3742 3151 3798 sl
3175 3741 3461 3806 diceretur,
3484 3732 3663 3792 Omnia

2099 3858 2321 3918 corpora
2349 3845 2401 3899 in
2428 3842 2696 3900 coloribus
2718 3836 3023 3910 disposuisu
3048 3854 3064 3905 ;
3090 3850 3197 3890 non
3222 3834 3350 3891 hinc
3379 3839 3519 3889 esset
3542 3829 3663 3883 cob-

2099 3950 2330 4011 sequens
2356 3945 2413 3992 ut
2456 3938 2568 4006 ipsa
2597 3934 2692 3990 Dei
2737 3931 3029 4003 Sapientia,
3058 3943 3155 4000 per
3181 3940 3342 3999 quam
3382 3922 3522 3980 facta
3549 3918 3663 3976 sunt

2100 4007 2298 4096 omnia,
2329 4029 2537 4085 colores
2561 4027 2615 4082 in
2641 4038 2700 4081 se
2728 4024 2876 4096 prius
2901 4020 3150 4076 habuisse
3186 4018 3584 4086 intelligeretur,
3611 4007 3662 4061 in

2101 4123 2295 4196 quibus
2321 4120 2522 4177 faceret
2548 4131 2772 4190 corpora
2806 4133 2818 4169 :
2850 4112 2943 4169 sed
2983 4113 3053 4168 ita
3095 4110 3448 4180 acciperetur,
3486 4097 3666 4159 Omnia

2103 4188 2325 4287 corpora
2350 4214 2407 4270 in
2431 4188 2699 4269 coloribus
2722 4205 3052 4278 disposuisti,
3081 4218 3146 4259 ac
3172 4202 3215 4259 si
3241 4202 3525 4262 diceretur,
3550 4188 3668 4249 0th”-

2106 4280 2441 4377 nia-corpora
2460 4303 2538 4360 sic
2552 4301 2878 4372 disposuisti,
2905 4304 2966 4353 ut
2990 4292 3249 4352 haberent
3266 4294 3488 4350 colores.
3514 4280 3665 4377 Quasi

2106 4418 2234 4462 vero
2252 4418 2285 4459 a
2310 4408 2551 4459 creatore
2575 4399 2686 4455 Deo
2709 4394 2963 4468 disposita
2989 4394 3044 4448 in
3068 4390 3337 4448 coloribus
3361 4394 3596 4456 corpora,
3614 4358 3667 4431 id

2107 4507 2192 4555 est
2236 4497 2310 4552 ita
2349 4494 2604 4566 disposita
2641 4499 2699 4546 ut
2734 4488 2969 4545 colorata
2997 4490 3207 4554 essent,
3238 4481 3408 4555 possit
3430 4477 3576 4533 aliter
3598 4472 3671 4529 in-

2109 4586 2297 4659 telligi,
2345 4585 2446 4641 nisi
2491 4583 2667 4654 aliqua
2708 4580 2845 4636 ratio
2872 4578 3111 4635 colorum
3157 4574 3377 4644 singulis
3403 4575 3666 4637 corporum

2109 4655 2392 4753 generibus
2415 4671 2900 4731 distribuendorum
2919 4670 2971 4724 in
2997 4668 3111 4738 ipsa
3137 4662 3463 4735 disponentis
3477 4655 3669 4753 sapieb-

2112 4738 2185 4827 tia
2212 4783 2316 4826 non
2344 4766 2578 4823 defuisse
2602 4763 2944 4833 intelligatur,
2972 4757 3075 4815 etsi
3103 4757 3248 4811 color
3276 4755 3349 4811 ibi
3375 4767 3475 4807 non
3500 4738 3667 4817 appel-

2113 4863 2271 4916 latur.
2304 4858 2413 4915 Hoc
2437 4866 2520 4913 est
2543 4857 2684 4911 enim
2713 4850 2855 4923 quod
2880 4849 2988 4905 dixi
3017 4866 3031 4903 :
3060 4847 3187 4903 dum
3212 4860 3302 4903 res
3319 4837 3639 4915 cognoscitur
3682 4866 3693 4891 ν

2115 4966 2224 5008 non
2251 4964 2370 5005 esse
2396 4946 2465 5003 de
2488 4943 2755 5002 vocabulis
2791 4938 3159 4997 laborandum.
3593 4998 3603 5009 θ

2189 5042 2275 5100 i2.
2316 5040 2597 5097 Faciamus
2635 5037 2653 5069 ³
2682 5049 2811 5107 ergo
2857 5033 2930 5088 ita
2982 5031 3181 5087 dictum
3224 5042 3364 5097 esse,
3414 5018 3588 5080 Omnia
3624 5013 3673 5066 in

2119 5148 2371 5199 mensura,
2401 5141 2446 5185 et
2489 5143 2717 5196 numero,
2756 5135 2804 5181 et
2831 5121 3052 5197 pondere
3093 5116 3399 5192 disposuisti,
3439 5115 3671 5180 tanquam

2120 5226 2316 5283 dictum
2342 5230 2505 5291 esset,
2534 5222 2605 5277 ita
2631 5217 2885 5289 disposita
2906 5224 2966 5273 ut
2983 5212 3244 5270 haberent
3269 5206 3505 5284 proprias
3530 5209 3670 5291 men-

2120 5334 2276 5375 suras
2297 5332 2440 5384 suas,
2456 5287 2518 5371 et
2535 5287 2776 5385 proprios
2796 5322 3067 5375 numeros,
3094 5314 3149 5363 et
3169 5292 3437 5378 proprium
3460 5287 3669 5366 pondus.

2123 5424 2243 5483 qua:
2270 5409 2322 5464 in
2348 5407 2426 5463 eis
2448 5405 2546 5478 pro
2574 5403 2657 5460 sui
2688 5402 2947 5473 cujusque
2969 5396 3182 5471 generis
3208 5390 3544 5452 mutabilitate
3570 5391 3675 5483 mu:

2127 5460 2384 5568 :arentur,
2408 5460 2708 5570 augmentis
2731 5460 2784 5552 et
2805 5460 3264 5556 diminutionibus,
3290 5460 3673 5570 multitudine-el

2128 5560 2408 5665 paucitate,
2430 5560 2650 5645 levitate
2675 5590 2732 5645 et
2760 5584 3040 5660 gravitate,
3076 5579 3365 5641 secundum
3391 5560 3673 5642 dispositio-

2128 5662 2250 5741 nem
2290 5678 2385 5737 Dei
2417 5678 2714 5754 :numquid
2755 5674 2897 5739 sicut
2939 5680 3043 5739 iSta
3085 5687 3371 5741 mutantur,
3409 5669 3479 5727 ita
3516 5662 3672 5732 ίρειιω

2193 5800 2211 5831 ί
2235 5795 2376 5859 ΕΔΜ.
2390 5795 2644 5860 fateanur.
2670 5804 2775 5849 las.
2794 5810 2935 5859 vero,
2959 5795 3210 5850 facimnus.
