3906 6400
337 442 431 497 5οι

333 561 426 617 Dei
449 558 756 621 consilium,
785 557 838 611 in
863 571 968 626 quo
991 570 1054 610 ea
1075 554 1353 625 disposuit,
1379 553 1632 609 mutabile
1651 554 1915 609 dicimus?

331 651 598 708 Averterit
628 649 741 718 ipse
771 657 970 702 tantam
1007 645 1350 702 dementiam.

329 741 557 800 CAPUT
598 740 686 795 Vl.
713 769 786 781 —
813 737 914 794 Ubi
940 738 1167 793 cernebat
1203 736 1344 792 Deus
1368 737 1505 793 unde
1546 736 1718 792 omnia
1737 736 1918 808 dispo-

1041 838 1200 885 iteret.

402 925 543 981 Cum
553 939 688 995 ergo
705 923 821 978 haec
849 921 919 978 ita
949 922 1378 992 disponerentur,
1395 929 1453 975 ut
1479 921 1735 976 haberent
1759 935 1912 976 meo.

329 1033 506 1082 suras,
549 1026 608 1072 et
635 1030 908 1080 numeros,
939 1023 994 1070 et
1021 1014 1256 1084 pondera
1286 1029 1401 1079 sua,
1438 1013 1526 1068 ubi
1570 1028 1633 1067 ea
1661 1012 1916 1070 cernebat

329 1111 445 1182 ipse
468 1106 804 1178 disponens?
829 1107 1010 1176 Neque
1025 1106 1168 1173 enim
1187 1113 1337 1160 extra
1358 1105 1616 1174 seipsum,
1640 1104 1776 1159 sicut
1799 1119 1916 1158 cer-

327 1203 507 1258 ninms
526 1200 698 1256 oculis
715 1213 971 1268 corpora;
997 1213 1118 1268 quae
1139 1197 1317 1267 utique
1338 1196 1571 1251 nondum
1589 1205 1770 1260 erant,
1793 1209 1916 1250 cum

329 1294 743 1362 disponerentur
764 1300 820 1344 ut
852 1290 1058 1344 ﬁerent.
1106 1288 1215 1343 Nec
1239 1290 1375 1343 intra
1406 1288 1640 1357 seipsum
1664 1287 1770 1342 ista
1794 1300 1916 1341 cer-

329 1383 509 1449 nebat,
556 1382 698 1438 sicut
723 1381 903 1435 animo
946 1379 1216 1436 cernimus
1246 1379 1550 1449 phantasias
1589 1391 1914 1446 corporum,

328 1491 444 1546 quae
472 1490 580 1529 non
613 1482 804 1544 praesto
828 1481 952 1527 sunt
980 1473 1165 1538 oculis,
1197 1472 1290 1527 sed
1313 1487 1374 1526 ea
1403 1487 1520 1542 quae
1547 1469 1802 1536 vidimus,
1830 1467 1918 1524 vol

328 1583 396 1623 ex
421 1565 503 1621 eis
521 1581 644 1637 quae
666 1565 894 1619 vidimus
915 1563 1252 1634 imaginando
1277 1563 1590 1634 cogitamus.
1617 1559 1917 1628 Quomodo

328 1676 456 1730 ergo
485 1659 592 1713 ista
628 1658 904 1725 cernebat,
945 1666 1004 1712 ut
1032 1658 1103 1712 ita
1147 1655 1496 1726 disponeret?
1523 1654 1662 1723 Quo,
1703 1652 1808 1708 nisi
1849 1664 1916 1708 eo

329 1769 434 1826 quo
459 1753 613 1808 solus
639 1749 854 1822 potest?

398 1848 488 1903 15.
533 1845 728 1900 Verum
743 1844 903 1898 etiam
927 1844 944 1874 ³
969 1857 1072 1896 nos
1092 1840 1343 1895 mortales
1363 1849 1418 1896 et
1439 1846 1764 1909 peccatores,
1781 1849 1916 1906 quo-

329 1956 446 1996 rum
474 1939 682 1994 animas
710 1944 996 2007 aggravant
1019 1949 1245 2003 corpora
1272 1932 1653 2001 corruptibilia,
1685 1937 1739 1984 et
1777 1943 1912 1998 quo-

327 2049 445 2090 rum
481 2045 707 2086 sensum
753 2031 918 2084 multa
944 2028 1265 2096 cogitantem
1296 2033 1507 2078 terrena
1538 2021 1786 2092 deprimit
1817 2018 1915 2073 ha-

325 2126 514 2182 bitatio
541 2124 791 2195 (δοράς,
817 2123 947 2191 45);
977 2133 1275 2190 quanquam
1297 2117 1398 2172 etsi
1437 2116 1596 2170 corda
1624 2112 1912 2168 mundiSsi-

327 2233 410 2273 ma
442 2227 496 2271 et
541 2224 749 2272 mentes
797 2212 1217 2282 simplicissimus
1243 2225 1575 2281 gereremus,
1605 2206 1912 2275 sanctisque

326 2308 543 2379 Angelis
561 2307 675 2377 ijam
714 2317 952 2360 essemus
981 2304 1233 2372 aequales,
1281 2316 1384 2354 non
1434 2299 1615 2368 utique
1639 2297 1795 2353 nobis
1839 2297 1913 2351 ita

325 2414 451 2458 nota
478 2409 621 2456 esset
645 2399 823 2453 divina
847 2395 1139 2451 substantia
1169 2395 1308 2449 sicut
1332 2393 1442 2461 ipsa
1469 2391 1589 2445 sibi.

325 2492 551 2550 CAPUT
591 2491 701 2546 γη.
723 2519 795 2531 -
821 2488 1026 2545 Senarii
1065 2486 1260 2540 numeri
1285 2484 1639 2556 perfectionem
1661 2480 1912 2551 quomodo

956 2596 1240 2634 cernamus.

398 2677 602 2732 Tamen
615 2674 768 2729 istam
785 2670 980 2727 senarii
1002 2668 1208 2725 numeri
1227 2665 1624 2738 perfectionem,
1641 2677 1738 2718 nec
1759 2671 1910 2718 extra

322 2784 425 2825 nos
473 2770 618 2838 ipsos
666 2765 955 2830 cernimus,
1003 2763 1140 2816 sicut
1187 2759 1354 2814 oculis
1399 2772 1661 2826 corpora;
1697 2770 1796 2811 nec
1837 2755 1910 2809 ita

325 2865 466 2917 intra
494 2858 867 2927 nosmetipsos,
896 2851 1341 2925 quemadmodum
1369 2864 1652 2917 corporum
1685 2846 1911 2915 phanta-

325 2957 455 3021 sias,
498 2962 553 3007 et
578 2951 865 3007 visibilium
899 2948 1153 3017 imagines
1179 2960 1379 3009 rerum,
1422 2941 1518 2997 sed
1546 2942 1651 2996 alio
1679 2939 1908 3010 quodam

325 3048 485 3116 longe
523 3042 792 3098 differenti
827 3038 1014 3095 modo.
1062 3037 1313 3105 Quamvis
1353 3035 1495 3090 enim
1543 3049 1603 3088 se
1639 3032 1912 3100 objeclent

323 3115 525 3187 mentis
550 3125 786 3195 aspectui
825 3123 973 3193 quasi
1009 3119 1448 3190 corpusculorum
1479 3115 1718 3188 quietiam
1746 3116 1912 3170 simu-

325 3222 491 3285 lacra,
539 3232 659 3273 cum
699 3214 896 3270 senarii
941 3211 1145 3268 numeri
1194 3208 1508 3278 compositio
1557 3205 1638 3260 vel
1664 3205 1794 3259 ordo
1827 3204 1912 3260 vel

325 3311 543 3384 partitio
593 3307 896 3378 cogitatur:
932 3315 1106 3359 tamen
1168 3301 1393 3357 validior
1442 3309 1491 3353 et
1534 3295 1914 3368 prtepntentior

324 3405 557 3472 desuper
579 3402 715 3456 ratio
744 3397 956 3453 non-eis
979 3395 1181 3462 annuit,
1216 3395 1542 3462 interiusque
1568 3390 1773 3445 numeri
1802 3390 1912 3444 vim

325 3501 652 3556 contuetur;
691 3505 788 3560 per
831 3502 993 3558 quem
1047 3487 1339 3542 contnitum
1391 3483 1615 3537 ﬁdenter
1656 3480 1803 3543 dicit,
1860 3480 1913 3536 id

325 3583 468 3655 quod
487 3583 684 3638 dicitur
707 3595 872 3637 unum
896 3579 949 3632 in
974 3578 1230 3641 numeris,
1265 3576 1318 3629 in
1343 3573 1518 3628 nullas
1551 3581 1725 3642 partes
1745 3571 1911 3626 dividi

326 3693 486 3750 posse
511 3693 526 3741 ;
558 3675 700 3730 nulla
725 3683 904 3728 autem
931 3685 1153 3740 corpora
1179 3668 1281 3722 nisi
1313 3668 1362 3720 in
1385 3676 1570 3735 partes
1600 3665 1912 3718 innumera-

327 3770 462 3825 biles
485 3765 684 3830 dividi;
711 3774 766 3822 et
788 3763 990 3818 facilius
1005 3760 1197 3816 caelum
1222 3766 1277 3812 et
1305 3767 1499 3811 terram
1525 3755 1772 3820 transire,
1793 3769 1912 3824 qua:

327 3858 622 3917 secundum
662 3855 926 3912 senarium
973 3865 1250 3907 numerum
1281 3847 1532 3902 fabricata
1577 3854 1720 3910 sunt,
1753 3860 1910 3914 quam

326 3953 466 4010 efﬁci
497 3964 654 4021 posse
687 3956 746 4002 ut
787 3946 1028 4000 senarius
1073 3957 1323 3996 numerus
1371 3954 1474 3993 non
1519 3938 1629 3992 suis
1675 3937 1914 4006 partibus

329 4043 679 4114 compleatur.
711 4038 920 4096 Gratias
949 4037 1123 4104 itaque
1153 4033 1392 4088 Creatori
1417 4045 1626 4100 semper
1652 4037 1772 4098 agat
1795 4028 1910 4081 ani-

328 4152 449 4192 mus
488 4133 774 4196 humanus,
805 4122 844 4183 a'
883 4142 986 4198 quo
1025 4125 1097 4179 ita
1133 4131 1341 4178 creatus
1365 4131 1464 4184 est,
1515 4131 1571 4175 ut
1606 4120 1707 4174 hoc
1749 4117 1915 4188 possit

329 4227 536 4290 videre,
575 4220 719 4294 quod
744 4221 919 4274 avium
957 4217 1120 4278 nulla,
1164 4215 1304 4269 nulla
1343 4212 1655 4278 bestiarum,
1685 4227 1801 4281 quae
1837 4219 1914 4264 ta-

331 4335 453 4375 men
481 4315 763 4372 nobiscuin
788 4311 968 4366 vident
995 4317 1050 4365 et
1075 4307 1291 4371 oculum,
1334 4315 1387 4359 et
1415 4315 1630 4368 terram,
1661 4311 1714 4359 et
1755 4302 1914 4356 lumi-

331 4413 503 4478 naria,
530 4417 585 4464 et
609 4421 777 4468 mare,
799 4413 855 4460 et
891 4402 1112 4468 aridam,
1137 4411 1190 4455 et
1214 4400 1388 4454 omnia
1414 4413 1530 4467 quin
1554 4397 1606 4450 in
1633 4397 1710 4452 eis
1738 4407 1881 4450 sunt.

404 4503 490 4556 M.
532 4494 888 4566 Quamobrem
933 4507 1036 4550 non
1082 4504 1358 4560 possumus
1394 4488 1592 4550 dicere,
1637 4495 1914 4556 propterea

330 4594 603 4652 senarium
634 4603 912 4645 numerum
952 4600 1071 4641 esse
1102 4581 1413 4654 perfectum,
1444 4580 1563 4650 quia
1593 4593 1684 4633 sex
1728 4579 1914 4632 diebus

333 4682 558 4756 perfecit
585 4682 724 4737 Deus
753 4678 930 4734 omnia
957 4691 1112 4746 opera
1145 4690 1238 4728 sua
1265 4692 1277 4735 ;
1307 4672 1397 4726 sed
1438 4681 1714 4740 propterea
1745 4671 1914 4723 Deum

332 4788 428 4834 sex
459 4774 649 4830 diebus
677 4769 960 4842 perfeciSse
985 4782 1143 4836 opera
1172 4781 1287 4830 sua,
1320 4765 1438 4832 quia
1461 4762 1697 4816 senarius
1723 4777 1912 4814 nume-

335 4884 433 4926 rus
461 4864 727 4936 perfectus
768 4872 866 4916 cst.
920 4859 1117 4928 Itaque,
1161 4856 1365 4911 etiamsi
1411 4854 1506 4906 ista
1548 4869 1653 4906 non
1695 4862 1914 4919 essent,

341 4959 606 5036 perfectus
635 4955 722 5009 illc
767 4964 944 5013 esset;
976 4952 1072 5004 nisi
1115 4957 1287 5002 autem
1320 4948 1405 5000 illc
1446 4944 1705 5016 perfectus
1747 4955 1913 5011 esset,

341 5055 440 5108 ista
465 5045 754 5103 secundum
781 5059 899 5098 eum
930 5039 1160 5112 perfecta
1191 5052 1293 5091 non
1323 5038 1526 5090 ﬁerent.

343 5137 566 5197 CAPUT
603 5135 738 5193 Vill.
765 5164 830 5176 -—
859 5133 1009 5200 Quies
1055 5130 1146 5185 Dei
1184 5129 1237 5183 in
1278 5129 1360 5182 die
1392 5129 1601 5196 septimo
1643 5137 1694 5181 ut
1733 5127 1924 5181 intelli-

1035 5223 1214 5294 gentia.

417 5325 506 5380 15.
545 5317 798 5377 Jamvero
824 5314 969 5387 quod
995 5316 1246 5383 scriptum
1273 5323 1374 5378 est,
1405 5311 1726 5382 requievisse
1755 5310 1922 5363 Deum

343 5419 402 5474 in
427 5415 514 5470 die
555 5411 787 5482 septimo
820 5408 889 5463 ab
917 5407 1161 5462 omnibus
1189 5403 1437 5475 operibus
1480 5402 1588 5455 suis
1613 5417 1730 5470 qua:
1758 5399 1922 5467 fecit;

344 5520 400 5564 et
426 5507 545 5562 ideo
586 5500 834 5560 eumdem
861 5499 1002 5555 diem
1047 5496 1400 5560 benedixisse,
1431 5503 1486 5548 et
1527 5492 1920 5556 sanctitieasse,

345 5604 467 5674 quia
490 5602 542 5656 in
556 5601 670 5672 ipso
691 5595 977 5667 requievit;
995 5600 1052 5647 ut
1071 5589 1336 5662 quomodo
1352 5602 1652 5658 possumus,
1668 5593 1923 5657 quantum

344 5696 416 5750 ab
441 5694 560 5765 ipso
582 5691 748 5762 adiuti
773 5687 1047 5751 fuerimus,
1069 5683 1336 5739 intellectu
1362 5696 1617 5736 conemur
1641 5679 1922 5747 attingere,

349 5788 498 5861 prius
523 5785 590 5840 de
622 5784 722 5838 hoc
751 5778 992 5836 carnales
1018 5776 1288 5830 hominum
1317 5771 1642 5841 suspiciones
1671 5786 1700 5824 a
1730 5771 1928 5824 nostris

405 5901 434 5933 ί
461 5905 589 5944 ω..
614 5900 948 5947 υενιιεηιαηιεη.

1676 436 1881 494 LIBER
1916 438 2261 507 QUARTUS.

2017 555 2290 611 mentibus
2324 555 2617 626 abigamus.
2649 555 2913 630 Numquid
2937 561 3079 616 enim
3101 563 3213 620 dici
3241 583 3320 622 vei
3346 571 3599 630 credidit:

2017 655 2107 700 est
2144 646 2309 701 Deum
2341 647 2609 702 laborasse
2635 648 2698 702 in
2721 652 3018 719 operando,
3049 670 3169 710 cum
3187 672 3259 712 ea
3286 674 3402 728 quae
3436 675 3598 730 supra
3675 630 3681 658 τ

2023 734 2220 804 scripta
2247 746 2373 791 sunt
2401 736 2662 803 condidit,
2689 740 2901 808 quando
2923 741 3154 811 dicebat,
3179 755 3236 802 et
3259 747 3497 805 ﬁebant?
3527 751 3600 808 lto

2024 827 2218 897 quippe
2235 843 2341 882 nec
2385 827 2546 884 homo
2572 829 2794 896 laborat,
2825 831 2868 885 si
2891 832 3094 902 aliquid
3133 836 3604 907 faciendumnmox

2025 925 2084 971 ut
2110 917 2321 984 dixerit,
2367 919 2480 972 ﬁat.
2533 921 2783 986 Quamvis
2810 922 2950 976 enim
2981 922 3210 980 humana
3253 932 3411 988 verba
3459 936 3607 989 sonis

2024 1007 2396 1064 adminiculata
2435 1011 2508 1067 ita
2562 1011 2937 1082 proferantur,
2993 1026 3049 1070 ut
3095 1031 3275 1076 sermo
3324 1022 3605 1085 diuturnus

2023 1102 2209 1172 fatiget
2239 1121 2253 1158 :
2285 1113 2457 1158 tamen
2486 1120 2606 1159 cum
2635 1114 2738 1160 tam
2766 1122 2932 1176 pauca
2964 1119 3110 1177 sunt,
3149 1128 3306 1181 quam
3332 1117 3604 1185 pauculo-

2021 1192 2196 1262 gimus
2225 1195 2277 1248 in
2301 1209 2368 1250 eo
2396 1196 2538 1266 quod
2562 1197 2817 1266 scriptum
2836 1206 2948 1263 est,
2979 1215 3101 1255 cum
3135 1202 3272 1257 Deus
3301 1203 3453 1273 dixit,
3477 1205 3606 1262 Fiat

2025 1281 2135 1348 tum,
2187 1284 2306 1340 Fiat
2359 1289 2746 1356 ﬁrmamentum,
2780 1300 2845 1345 iet
2891 1302 3080 1347 cietera
3139 1309 3306 1362 usque
3345 1297 3396 1351 in
3441 1299 3604 1355 ﬁnem

2023 1390 2264 1445 operum,
2295 1393 2415 1448 quia
2444 1388 2593 1434 sexto
2619 1381 2706 1436 die
2734 1384 3156 1451 consummavit;
3199 1386 3357 1440 nimis
3387 1389 3604 1446 absurdi

2023 1465 2353 1522 deliramemi
2383 1477 2484 1536 est,
2515 1470 2677 1524 istum
2707 1471 2789 1526 vel
2808 1472 3063 1540 hominis,
3087 1475 3279 1529 nedum
3313 1476 3424 1546 Dei,
3441 1478 3603 1534 labo-

2023 1571 2138 1612 rem
2169 1567 2373 1627 putare.

2095 1651 2184 1705 16.
2215 1652 2296 1704 An
2319 1649 2454 1706 forte
2468 1652 2588 1721 quis
2607 1652 2818 1717 dixerit,
2845 1654 3071 1710 dicendo
3087 1658 3299 1728 quidem
3320 1669 3375 1714 ut
3391 1661 3603 1730 ﬁerent,

2023 1755 2142 1811 quae
2183 1742 2436 1797 continuo
2473 1741 2608 1797 facta
2646 1754 2790 1812 sunt,
2829 1745 2998 1800 Deum
3030 1764 3136 1802 non
3174 1749 3468 1821 laborasse,
3503 1756 3605 1812 sed

2023 1830 2161 1886 forte
2202 1833 2480 1902 cogitando
2526 1834 2650 1904 quid
2683 1835 2797 1888 fieri
2840 1835 3152 1905 debuisset;
3183 1857 3284 1910 qua
3312 1857 3435 1896 cura
3465 1845 3610 1900 velut

2023 1921 2280 1978 liberatus
2305 1940 2481 1978 rerum
2519 1925 2841 1994 perfectione
2876 1928 3212 1997 requieverit,
3243 1941 3299 1986 et
3325 1949 3389 1987 eo
3417 1937 3608 1992 merito

2023 2013 2164 2067 diem
2209 2029 2314 2082 quo
2357 2014 2528 2084 primo
2569 2016 2734 2069 factus
2762 2025 2844 2071 est
2872 2017 2939 2070 ab
2986 2017 3084 2072 hac
3125 2020 3286 2073 animi
3315 2023 3608 2082 intentione

2023 2121 2266 2173 securus,
2299 2107 2634 2176 benedicere,
2661 2118 2715 2163 et
2738 2110 3071 2166 sanctiﬁcarc
3092 2113 3357 2168 voluerit?
3386 2105 3538 2184 Quod
3566 2122 3610 2175 si

2023 2196 2142 2252 hmc
2188 2214 2394 2268 sapere,
2440 2201 2663 2254 multum
2707 2202 2949 2274 desipere
2974 2215 3057 2257 est
3085 2205 3285 2277 (rerum
3315 2209 3456 2262 enim
3481 2224 3610 2264 con-

2023 2288 2315 2345 dendarum
2346 2302 2449 2347 tam
2477 2291 2720 2360 facultas,
2747 2311 2904 2364 quam
2934 2295 3156 2351 facilitas
3184 2299 3609 2370 incomparabilis

2023 2389 2180 2451 atque
2209 2383 2485 2438 ineffabilis
2513 2395 2597 2440 est
2636 2385 2773 2454 apud
2801 2386 3014 2454 Deum),

2059 2471 2285 2530 CAPUT
2323 2475 2413 2530 lx.
2437 2505 2510 2516 --
2541 2476 2651 2542 Quo
2685 2493 2834 2530 sensu
2864 2476 3001 2531 Deus
3030 2482 3334 2551 requiescere
3370 2485 3571 2543 dicitur.

2549 2567 2774 2622 Tristitia
2800 2569 3090 2626 laudabilia.

2095 2659 2232 2727 Quid
2259 2668 2426 2714 restat
2454 2668 2511 2715 ut
2537 2659 2913 2730 intelligamus,
2943 2662 3046 2716 nisi
3078 2664 3208 2718 forte
3234 2677 3493 2723 creatura:
3509 2687 3607 2725 .ra-

2026 2751 2229 2815 tiouali,
2265 2752 2316 2805 in
2346 2767 2447 2820 qua
2470 2761 2523 2806 et
2551 2751 2818 2807 hominem
2848 2754 3068 2821 creavit,
3097 2755 3149 2809 in
3175 2757 3349 2827 seipse
3375 2762 3608 2830 requiem

2024 2844 2335 2913 praebuisse,
2369 2853 2488 2912 post
2515 2844 2631 2912 ejus
2661 2845 3056 2913 perfectionem,
3091 2862 3184 2917 per
3211 2849 3407 2904 doni-in
3437 2851 3609 2922 Spiri-

2026 2941 2110 2987 tus
2125 2933 2314 2999 sancti,
2334 2948 2429 3002 per
2447 2949 2606 3004 quem
2621 2933 2928 2990 diffunditur
2941 2938 3175 2992 charitas
3188 2938 3239 2992 in
3255 2955 3345 2995 cor
3370 2942 3502 2996 tibus
3517 2960 3614 2998 no-

2025 3026 2151 3080 stris
2169 3025 2342 3095 (Rom.
2363 3041 2420 3092 v,
2436 3026 2489 3096 5)
2513 3026 2703 3081 utilluc
2719 3027 2952 3082 feramur
2965 3031 3199 3100 appetitu
3221 3030 3488 3098 desiderii,
3505 3049 3610 3103 quo

2025 3133 2146 3173 cum
2161 3120 2555 3188 pervenerimus
2570 3119 2982 3190 requiescamus,
2999 3122 3049 3176 id
3063 3131 3141 3177 est
3159 3123 3288 3177 nihil
3299 3126 3525 3194 amplius
3539 3142 3616 3182 re-

2025 3213 2334 3282 quiramus?
2360 3213 2505 3269 Sicut
2529 3215 2670 3270 enim
2698 3224 2841 3271 recte
2855 3215 3050 3270 dicitur
3075 3217 3215 3272 Deus
3230 3217 3356 3274 face.
3379 3237 3426 3286 ο,
3454 3221 3610 3290 quid-

2025 3304 2152 3374 quid
2170 3305 2285 3374 ipso
2307 3305 2358 3360 in
2388 3306 2543 3360 nobis
2564 3316 2818 3376 cperante
2840 3306 3150 3372 fecerimus;
3176 3310 3244 3363 ita
3261 3324 3406 3365 recte
3421 3310 3613 3367 dicitur

2027 3395 2169 3451 Deus
2201 3397 2556 3466 requiescere,
2593 3413 2712 3451 cum
2734 3398 2848 3466 ejus
2875 3414 3094 3453 munere
3123 3399 3525 3470 requiesemus.

2099 3488 2185 3541 17.
2230 3487 2340 3541 lloc
2370 3488 2581 3558 quidem
2626 3498 2767 3544 recte
2800 3490 3170 3560 intelligimus;
3205 3492 3324 3560 quia
3353 3517 3360 3541 ι
3387 3502 3400 3544 t
3428 3509 3611 3549 verum

2027 3589 2128 3643 est,
2157 3586 2341 3632 etnon
2391 3594 2593 3647 magna:
2637 3579 2944 3633 intentionis
2988 3580 3205 3650 indiget,
3240 3591 3295 3634 ut
3338 3583 3613 3640 \‘deamus

2026 3671 2098 3724 ita
2126 3670 2229 3724 dici
2252 3670 2583 3738 requiescere
2611 3671 2794 3736 Deum,
2829 3687 2948 3724 cum
2979 3673 3313 3740 requiescere
3343 3689 3442 3730 nos
3464 3675 3610 3744 facit,

2025 3760 2163 3814 sicut
2191 3760 2383 3813 dicitur
2411 3775 2750 3829 cognoscere,
2781 3776 2900 3814 cum
2927 3759 3094 3817 efﬁcit
3123 3772 3178 3816 ut
3207 3778 3609 3833 cognoscamus.

2026 3848 2209 3919 Neque
2247 3855 2386 3903 enim
2415 3850 2554 3904 Deus
2595 3852 2954 3921 temporaliter
2983 3853 3256 3922 cognoscit
3292 3855 3433 3924 quod
3457 3866 3614 3914 antea

2027 3957 2137 3996 non
2184 3950 2443 4006 noverat;
2477 3951 2532 3996 et
2561 3954 2734 3998 tamen
2767 3943 2895 3998 dicit
2930 3944 2996 3998 ad
3025 3945 3310 4010 Abraham,
3346 3947 3498 4002 Nunc
3521 3967 3610 4006 co-

2027 4033 2176 4103 gnovi
2212 4033 2448 4104 quoniam
2483 4035 2623 4087 times
2653 4033 2816 4088 Deum
2847 4033 2996 4106 (Gen.
3030 4051 3170 4101 ιλιι,
3203 4036 3291 4108 12)
3328 4056 3342 4092 :
3371 4040 3456 4094 ubi
3486 4041 3614 4108 quid

2025 4125 2170 4180 aliud
2192 4125 2498 4193 accipimus,
2530 4125 2653 4187 nisi,
2679 4124 2827 4179 Nunc
2849 4126 2949 4182 feci
2970 4131 3491 4197 utcognosceretur?
3522 4131 3616 4188 llis

2026 4213 2354 4270 locutionum
2383 4216 2574 4280 modis,
2602 4232 2724 4270 cum
2743 4233 2806 4272 ea
2833 4234 2950 4287 quin
2977 4235 3078 4272 non
3101 4220 3348 4275 accidunt
3367 4224 3477 4277 Deo
3497 4233 3612 4278 tan-

2025 4324 2188 4380 quam
2218 4309 2292 4363 illi
2324 4307 2562 4363 accidaut
2591 4307 2878 4377 loquimur,
2908 4323 3029 4362 eum
3059 4309 3234 4364 facere
3273 4313 3607 4380 agnoscimus

2027 4409 2090 4454 ut
2115 4400 2264 4454 nobis
2307 4398 2586 4463 accidant;
2628 4414 2691 4453 ea
2711 4399 2964 4452 duntaxat
2990 4415 3106 4468 qua:
3136 4399 3414 4456 laudabilia
3445 4411 3609 4460 sunt:

2028 4499 2085 4546 et
2112 4491 2226 4545 haec
2269 4498 2523 4558 quantum
2562 4488 2951 4558 Scripturarum
2983 4504 3108 4542 usus
3149 4489 3393 4546 admittit.
3429 4493 3612 4564 Neque

2029 4587 2173 4642 enini
2209 4599 2306 4639 nos
2331 4592 2531 4638 temere
2555 4582 2751 4653 aliquid
2777 4583 2880 4636 tale
2905 4583 2971 4638 de
2998 4583 3105 4638 Deo
3133 4584 3311 4641 dicere
3335 4587 3608 4655 debemus,

2030 4677 2171 4749 quod
2199 4678 2250 4730 in
2273 4676 2544 4745 Scriptura
2565 4675 2679 4744 ejus
2704 4690 2809 4729 non
2838 4675 3079 4745 legimus.

2107 4768 2193 4822 18.
2235 4766 2313 4821 Ex
2346 4766 2446 4832 hoc
2472 4764 2753 4820 locutionis
2781 4765 2938 4818 modo
2981 4765 3208 4820 arbitror
3244 4767 3440 4826 dictum
3483 4769 3612 4824 illud

2034 4861 2101 4914 ab
2124 4859 2378 4929 Apostolo
2407 4875 2418 4910 :
2450 4856 2621 4911 Nolite
2659 4859 2954 4912 contristare
2987 4858 3237 4929 Spiritum
3261 4873 3486 4914 sanctum
3519 4860 3616 4914 Dei

2033 4951 2088 5004 in
2114 4967 2212 5010 quo
2233 4949 2421 5020 signati
2445 4950 2560 5002 estis
2585 4949 2637 5002 in
2660 4950 2742 5002 die
2779 4949 3132 5020 redemptionis
3159 4948 3368 5020 (Ep/tes.
3400 4967 3471 5013 tv,
3500 4951 3612 5021 30).

2034 5040 2217 5112 Neque
2238 5044 2377 5094 enim
2397 5041 2508 5111 ipsa
2534 5038 2763 5110 Spiritus
2783 5043 2971 5107 sancti,
2995 5043 3096 5110 qua
3126 5051 3206 5094 est
3227 5041 3476 5108 quidquid
3502 5044 3614 5110 ipse

2036 5146 2140 5200 est,
2184 5135 2476 5189 substmtia
2505 5133 2807 5188 contristari
2839 5141 3042 5201 potest;
3074 5147 3193 5184 cum
3226 5131 3415 5185 habeat
3456 5144 3615 5187 aeter-

2037 5243 2162 5281 nam
2199 5235 2356 5295 atque
2399 5224 2882 5280 incommutabilem
2915 5223 3313 5287 beatitudinem,
3345 5225 3618 5294 magisque

2037 5319 2110 5375 sit
2138 5321 2247 5390 ipsa
2275 5329 2470 5374 interna
2498 5326 2553 5374 et
2577 5317 3017 5373 incommutabilis
3042 5315 3332 5369 beatitudo.
3362 5317 3465 5373 Sed
3493 5320 3616 5390 quia

2037 5410 2113 5467 ita
2140 5411 2193 5466 in
2222 5412 2418 5466 sanctis
2452 5409 2672 5476 habitat,
2719 5418 2775 5463 ut
2819 5421 2911 5462 eos
2940 5406 3150 5474 impleat
3197 5408 3472 5468 cbaritate.
3511 5425 3616 5480 qua

2039 5518 2263 5559 necesse
2290 5513 2372 5558 est
2400 5511 2456 5556 ut
2480 5502 2722 5556 homines
2745 5514 2810 5555 ex
2833 5508 3068 5566 tempore
3094 5497 3359 5567 gaudeant
3380 5502 3619 5570 profectu

2041 5599 2279 5656 fidelium
2308 5605 2360 5650 et
2394 5595 2546 5650 bouis
2583 5593 2865 5664 operibus;
2893 5603 2946 5645 et
2971 5590 3088 5644 ideo
3115 5607 3331 5647 necesse
3355 5603 3437 5649 est
3462 5597 3620 5649 etiam

2042 5690 2421 5746 contristentur
2458 5687 2608 5755 lapsu
2653 5685 2736 5740 vel
2766 5682 2996 5755 peccatis
3032 5697 3238 5751 eorum,
3285 5685 3352 5741 de
3395 5702 3619 5756 quorum

2045 5783 2151 5836 fide
2180 5797 2240 5833 ac
2268 5778 2462 5848 pietate
2486 5777 2814 5849 gaudebant;
2839 5791 2952 5847 qua:
2981 5775 3187 5829 tristitia
3220 5777 3493 5834 laudabilis
3515 5788 3617 5843 est,

1978 5875 1984 5892 θ
2045 5870 2171 5943 quia
2197 5869 2339 5926 venit
2364 5883 2431 5925 ex
2457 5868 2743 5927 dilectione
2770 5883 2926 5940 quam
2952 5863 3180 5935 Spiritus
3205 5877 3420 5924 sanctus
3447 5864 3625 5923 infun-
