3902 6296
321 360 428 421 303

318 479 435 535 dit:
461 476 743 544 propterea
783 462 896 531 ipse
923 450 1150 525 Spiritus
1176 442 1370 501 dicitur
1402 429 1707 493 contristari
1735 425 1802 479 ab
1827 422 1907 478 eis

320 568 410 643 qui
452 516 531 623 s'io
559 516 738 634 agunt,
768 562 825 610 ut
867 561 1051 607 eorum
1100 540 1253 597 factis
1280 532 1663 591 contristentur
1692 516 1859 576 sancti
1890 556 1906 582 ,

992 641 1011 643 "
1062 640 1073 643 ‘
1109 638 1121 643 ‘
1402 640 1411 643 -
1472 641 1501 643 η
1541 624 1553 643 I
1581 622 1732 643 -L-...
1757 631 1771 643 .
1803 627 1906 643 -..η

323 622 428 719 don
451 622 519 714 ob
542 622 682 712 aliud
710 649 810 707 nisi
838 646 959 717 quia
984 638 1239 711 Spiritum
1268 640 1509 687 sanetum
1541 622 1772 678 habent;
1801 627 1909 685 quo

322 755 464 809 tlono
489 760 593 807 tam
624 742 747 799 boni
773 708 917 801 sunt,
959 708 1138 787 ut—eos
1162 724 1286 781 mali
1326 715 1685 777 maestifican
1715 708 1768 764 hi
1794 720 1910 761 nta-

323 848 467 903 xime
502 853 636 912 quos
677 836 845 889 bonos
874 827 1037 884 fuisse
1073 823 1185 876 sive
1216 821 1478 872 noverunt
1514 808 1628 863 sive
1666 799 1912 859 credide-

1355 907 1366 912 -
1693 896 1707 912 ι
1825 890 1882 912 Δ-

323 946 464 995 runt.
496 890 624 1002 dum
655 924 892 1000 profecto
920 916 1130 973 tristitia
1159 927 1263 967 non
1292 907 1463 962 solum
1491 917 1595 955 non
1626 890 1911 965 culpanda,

324 1045 507 1087 verum
538 1025 695 1079 etiam
728 1017 992 1091 pra‘cipue
1034 1003 1295 1064 laudanda
1340 1015 1404 1055 ac
1434 989 1767 1068 praedicanda
1808 992 1911 1041 est.

395 1122 485 1178 19.
529 1118 643 1174 lloc
678 1125 873 1185 genere
917 1100 1197 1161 locutionis
1234 1108 1417 1151 rursus
1458 1089 1597 1145 idem
1643 1081 1917 1154 aposmlus

325 1211 639 1273 mirabiliter
666 1184 791 1261 usus
811 1210 914 1267 est,
946 1197 1030 1253 tibi
1053 1195 1126 1247 ait
1155 1210 1168 1245 :
1198 1189 1350 1244 Nunc
1370 1195 1537 1239 autem
1566 1184 1917 1250 cognoscentes

327 1306 514 1373 Deum,
557 1304 659 1358 imo
687 1295 872 1370 cogniti
904 1310 934 1345 a
972 1290 1077 1343 1)εο
1113 1283 1308 1359 (Colat.
1346 1295 1419 1344 tv,
1456 1262 1535 1345 9).
1565 1272 1745 1340 Neque
1774 1266 1916 1322 enim

327 1411 456 1459 tunc
480 1413 575 1455 eos
599 1396 920 1464 cognoverat
946 1386 1111 1448 Dens,
1150 1372 1501 1448 prati-03mins
1526 1365 1773 1420 videlicet
1797 1368 1919 1414 ante

328 1455 763 1550 cattStittttioncm
812 1476 995 1534 mundi
1016 1472 1058 1545 (ι
1108 1470 1303 1529 Petr.l,
1337 1462 1461 1532 10);
1500 1457 1593 1512 sed
1633 1455 1755 1525 quia
1795 1460 1921 1504 tunc

330 1578 429 1649 ipsi
458 1589 580 1629 cum
612 1570 753 1625 illius
780 1537 1034 1619 nnmere.‘
1064 1571 1169 1609 non
1214 1567 1311 1604 suo
1343 1544 1533 1601 merito
1562 1540 1641 1595 vel
1672 1537 1921 1591 facultate

1087 1647 1096 1649 _
1193 1644 1203 1649 _
1320 1640 1332 1649 _
1430 1644 1488 1649 η,
1629 1628 1893 1649 Am-“

332 1628 711 1737 crOgnoverant,
744 1653 929 1710 maluit
965 1647 1167 1715 tropice
1193 1640 1357 1709 loqui,
1390 1645 1447 1690 ut
1476 1644 1599 1688 tunc
1625 1628 1805 1684 abillo
1832 1640 1923 1679 co-

334 1759 511 1830 gnitos
539 1752 761 1814 diceret,
784 1760 905 1800 cum
934 1741 1012 1795 eis
1041 1730 1467 1806 cognoscendum
1496 1740 1553 1778 se
1582 1718 1841 1791 pra-stitit,
1870 1722 1924 1767 et

1243 1826 1252 1830 _
1477 1827 1486 1830 _
1562 1815 1594 1830 ,,
1787 1805 1921 1830 ΝΜ,

334 1805 462 1830 ον’-ν
486 1805 507 1808 -
547 1805 569 1808 —
607 1805 642 1807 π
748 1805 761 1814 ι
1121 1805 1127 1806 ,

333 1849 555 1905 verbum
579 1841 865 1910 corrigere,
889 1832 1038 1903 quasi
1063 1831 1163 1881 hoc
1186 1826 1360 1879 minus
1382 1827 1525 1874 recte
1545 1812 1754 1872 dixerit,
1781 1805 1923 1877 quod

336 1941 549 2014 proprie
586 1936 812 1993 dixerat,
857 1940 1013 1997 quam
1044 1925 1218 1976 sinere
1259 1925 1316 1970 ut
1360 1913 1460 1966 hoc
1489 1908 1587 1963 sibi
1617 1906 1927 1972 arrogarent

338 2050 398 2092 se
427 2030 677 2105 patuisse.
708 2022 847 2096 quod
876 2020 956 2074 cis
982 2031 1135 2086 posse
1168 2012 1255 2065 ille
1282 2009 1351 2061 do
1375 2010 1590 2058 taverat.

340 2086 564 2182 EAII’UT
602 2118 671 2175 Χ.
796 2111 1016 2178 Quwstio
1045 2123 1110 2158 an
1150 2104 1255 2171 ipse
1297 2098 1432 2151 Dens
1471 2090 1673 2164 proprie
1708 2086 1930 2159 requiee‘

942 2214 1051 2254 rere
1087 2194 1323 2266 potuerit.

411 2306 505 2363 20.
544 2304 642 2359 llic
662 2314 789 2370 ergo
809 2295 1128 2354 intellectus,
1157 2290 1207 2341 in
1229 2301 1293 2340 eo
1313 2281 1453 2353 quod
1478 2279 1702 2348 positum
1734 2282 1814 2329 est
1847 2286 1929 2325 rc-

340 2398 612 2473 qnievisse
654 2394 817 2448 Deum
852 2388 921 2441 ab
950 2383 1195 2438 omnibus
1220 2374 1472 2446 operibus
1499 2371 1630 2435 suis,
1662 2384 1779 2435 qua:
1810 2363 1932 2417 fecit

345 2495 482 2551 bona
506 2489 677 2551 valde,
701 2484 819 2554 quia
850 2482 964 2551 ipse
995 2492 1092 2531 nos
1116 2474 1236 2528 facit
1263 2470 1615 2539 requiescere,
1649 2478 1768 2517 cum
1795 2460 1932 2513 bona

352 2602 513 2657 opera
537 2578 840 2641 fecerimus,
870 2570 1181 2643 quibusdam
1213 2566 1346 2619 forte
1377 2557 1679 2613 suffecerit:
1712 2553 1805 2609 sed
1838 2565 1935 2605 nos

348 2678 507 2746 hujus
523 2668 800 2729 sententia:
817 2666 1206 2732 Scriptut-armn
1226 2651 1652 2711 consideratione
1665 2651 1929 2713 SttsCepL'i,

354 2781 604 2840 urgemur
648 2774 887 2833 qumrcre
916 2751 1309 2825 quonannnodo
1353 2757 1407 2803 et
1450 2747 1562 2814 ipse
1606 2741 1939 2809 requiescere

353 2859 617 2932 potuerit;
647 2852 888 2925 quamvis
916 2851 1095 2917 requie
1121 2861 1213 2899 soa
1238 2842 1388 2895 nobis
1416 2837 1698 2893 insinuata,
1722 2844 1939 2903 sperare

360 2948 695 3009 admonuerit
739 2946 792 3000 in
835 2960 891 2997 se
936 2941 1175 3008 requiem
1219 2945 1454 2987 nostram
1494 2930 1746 2983 futuram.
1791 2925 1942 2979 Sient

356 3043 497 3100 enim
544 3039 657 3110 ipse
698 3037 822 3090 fecit
858 3034 1050 3088 cmlnm
1092 3038 1144 3082 ct
1180 3042 1396 3089 terram,
1437 3031 1490 3075 et
1525 3037 1583 3073 ea
1619 3036 1736 3090 qua:
1772 3017 1823 3070 iii
1863 3015 1942 3069 eis

357 3143 502 3199 sunt,
547 3139 601 3187 et
640 3128 813 3183 omnia
860 3133 1011 3180 sexto
1040 3122 1125 3175 die
1165 3114 1583 3176 consummavit;
1627 3127 1723 3165 nec
1771 3109 1821 3163 iu
1866 3107 1945 3162 eis

358 3223 557 3296 aliquid
586 3221 687 3275 dici
716 3226 889 3290 potest
911 3230 1007 3269 nos
1029 3226 1262 3269 creasse,
1290 3208 1377 3261 illo
1404 3206 1632 3258 donante
1663 3210 1716 3254 tit
1737 3213 1948 3254 creare-

362 3332 501 3381 mtts,
537 3324 591 3370 et
630 3314 748 3367 ideo
777 3310 973 3364 dictum
1014 3320 1154 3368 essm
1195 3297 1569 3356 Consummavit
1608 3293 1740 3346 Deus
1780 3292 1829 3345 iu
1869 3291 1950 3344 die

363 3419 501 3464 sexto
538 3421 689 3476 opera
727 3419 819 3457 sua
844 3415 954 3470 qua:
979 3397 1115 3470 fecit,
1141 3393 1257 3462 quia
1291 3400 1346 3443 ιιι
1375 3406 1403 3441 a
1438 3387 1587 3439 nobis
1614 3396 1952 3438 Consumma-

365 3511 552 3557 reutnr
579 3500 692 3568 ipse
724 3493 967 3564 praestitit
990 3508 1003 3543 :
1029 3490 1100 3542 ita
1131 3498 1181 3541 et
1210 3481 1349 3555 quod
1380 3480 1575 3534 dictum
1605 3485 1706 3539 est,
1739 3473 1953 3544 Requie-

367 3594 433 3648 υἷι
473 3590 607 3644 Deus
636 3589 687 3641 it:
728 3586 809 3639 die
842 3582 1053 3650 septimo
1087 3577 1148 3631 ab
1185 3574 1414 3629 omnibus
1453 3570 1685 3640 operibus
1714 3566 1816 3621 suis
1842 3578 1954 3633 qua:

371 3685 506 3759 fecit,
538 3696 641 3735 non
672 3678 853 3747 utique
880 3683 1116 3728 nostram
1149 3668 1409 3739 requiem,
1440 3678 1596 3734 quam
1629 3658 1957 3715 eonccdente

374 3778 491 3846 ipso
528 3769 768 3841 adepturi
809 3780 1013 3830 sumus,
1060 3762 1152 3815 sed
1184 3760 1348 3829 ipsius
1385 3754 1627 3825 primitus
1662 3750 1959 3819 intelligere

372 3867 650 3926 debemus,
682 3875 784 3931 qua
811 3858 863 3911 in
898 3857 1123 3925 septimo
1158 3851 1243 3905 die
1275 3846 1551 3917 requievit,
1578 3839 1961 3897 consummatis

340 4018 343 4019 ν
376 3957 659 4029 Operibns;
688 3961 745 4006 ut
767 3949 909 4019 prius
936 3946 1114 4001 omnia
1140 3957 1257 4012 qua:
1277 3938 1472 4007 Scripta
1500 3943 1624 3989 sunt
1644 3932 1778 3987 facta
1810 3945 1960 3987 mon-

379 4056 637 4112 strentnr,
666 4053 716 4097 et
747 4040 935 4096 deinde
966 4039 1008 4091 si
1047 4050 1179 4105 opus
1208 4042 1309 4097 est,
1353 4030 1510 4084 etiam
1540 4025 1734 4096 aliquid
1765 4022 1965 4092 signiti-

382 4155 535 4198 casse
578 4137 891 4193 doceantur.
943 4131 1107 4183 Recte
1155 4126 1348 4196 quippe
1389 4122 1602 4186 dicitur,
1648 4122 1785 4173 sicut
1825 4115 1966 4170 Deus

382 4240 504 4306 post
538 4243 701 4301 opera
740 4240 833 4280 sua
863 4221 999 4277 bona
1030 4218 1309 4287 requievit,
1349 4214 1415 4269 ita
1443 4220 1497 4266 ct
1525 4227 1621 4265 nos
1650 4219 1767 4280 post
1804 4221 1966 4277 opera

383 4337 565 4384 nostra
594 4325 729 4378 bona
762 4317 1118 4387 requieturos.
1157 4308 1259 4365 Sed
1292 4308 1359 4363 ob
1392 4306 1491 4360 hoc
1518 4306 1676 4359 etiam
1705 4310 1850 4356 recte
1877 4298 1972 4353 lla-

384 4420 601 4491 gitatur,
641 4423 699 4469 ut
726 4404 1173 4482 quemadmodum
1214 4401 1540 4470 disputatum
1577 4401 1660 4449 est
1696 4393 1763 4448 de
1792 4389 1971 4461 operi-

389 4513 489 4567 bus
515 4509 632 4573 Dei,
664 4521 781 4577 qua:
807 4502 973 4572 ipsius
1000 4512 1119 4553 esse
1154 4495 1283 4550 satis
1312 4498 1560 4561 apparet;
1599 4487 1669 4540 ita
1694 4484 1760 4539 de
1788 4481 1973 4553 requie

391 4604 487 4661 Dei
529 4600 659 4656 satis
688 4576 1033 4657 disseratur,
1081 4603 1200 4659 quae
1247 4582 1489 4656 propt'ia‘
1534 4579 1699 4650 ipsius
1748 4576 1974 4631 demon-

388 4703 517 4753 Sil‘Ci
528 4710 607 4748 ιη’.

370 4772 615 4845 CAPUT
633 4781 799 4838 X|.-—
820 4777 1081 4847 Quomodo
1110 4784 1377 4840 utrumque
1397 4772 1610 4829 constat,
1634 4761 1799 4816 Deum
1819 4759 1874 4814 in
1899 4759 1981 4813 die

572 4879 783 4949 septimo
811 4870 1127 4942 requierisse,
1160 4875 1204 4918 et
1233 4879 1363 4917 nunc
1392 4875 1548 4929 usque
1576 4854 1795 4927 operari.

465 4978 558 5030 2|.
612 4946 946 5039 Quapropter
998 4959 1289 5031 justissima
1350 4952 1559 5009 ratione
1609 4946 1982 5018 compellimur

396 5066 669 5136 indagare,
692 5060 738 5114 si
766 5057 1057 5116 valeamus,
1085 5059 1243 5119 atque
1264 5045 1460 5114 eloqui,
1490 5040 1757 5113 quomodo
1779 5048 1985 5091 utrum-

399 5175 505 5233 que
537 5159 601 5213 sit
633 5169 842 5217 verum,
873 5158 927 5205 et
959 5144 1099 5217 quod
1128 5138 1213 5197 hic
1239 5138 1494 5208 scriptum
1535 5144 1636 5197 est,
1665 5133 1717 5186 in
1753 5129 1983 5199 septimo

400 5256 487 5311 die
519 5248 844 5322 requievisse
878 5244 1044 5298 Deum
1077 5238 1143 5292 ab
1169 5232 1418 5304 operibus
1445 5229 1575 5295 suis,
1603 5243 1719 5298 quae
1746 5225 1898 5285 fecit;
1931 5230 1988 5277 et

403 5345 545 5419 quod
591 5319 643 5398 in
674 5337 961 5409 Evangelio
1004 5332 1131 5388 dicit
1170 5330 1303 5399 ipse,
1350 5340 1445 5394 per
1482 5337 1637 5392 quem
1682 5319 1816 5373 facta
1862 5324 1985 5371 sunt

404 5437 606 5502 omnia,
639 5433 788 5488 Pater
817 5445 955 5484 mens
990 5440 1142 5493 usque
1165 5434 1296 5476 nunc
1328 5424 1584 5489 operatur,
1622 5422 1666 5466 et
1695 5427 1784 5481 ego
1809 5424 1989 5477 ορετον

413 5529 592 5602 (Joan.
623 5542 680 5594 v,
723 5524 837 5595 l7).
872 5522 959 5575 Eis
1002 5518 1141 5572 enim
1184 5513 1287 5568 hoc
1319 5506 1611 5580 respondit,
1645 5507 1731 5574 qui
1775 5510 1989 5571 propter

409 5622 654 5693 requiem
696 5594 1109 5680 DeiScripturte
1148 5605 1304 5674 hujus
1333 5600 1645 5656 auctoritate
1703 5594 1991 5665 antiquitus

411 5690 846 5774 comiiiendatnm
872 5701 1169 5765 sabbatum,
1196 5697 1262 5752 ab
1282 5710 1347 5752 eo
1375 5710 1481 5754 non
1502 5690 1773 5753 observari
1797 5701 1990 5745 onere-

478 5832 491 5863 ⁸
520 5832 625 5880 Mss.
651 5817 896 5893 plerique,
917 5809 1124 5880 propria.

1248 328 1337 385 DE
1375 314 1620 381 essem
1661 312 1750 366 ao
1789 284 2162 367 LITTERAM.
2204 304 2262 358 s.
2303 293 2671 361 incusum

3487 288 3600 352 θοι

2015 424 2225 477 bantur.
2260 417 2326 472 Et
2350 416 2453 471 dici
2478 413 2691 485 quidem
2716 408 3056 481 probabiliter
3079 412 3276 477 potest.
3303 404 3601 461 observan~

2014 515 2139 571 dum
2170 513 2444 568 sabbatum
2470 505 2670 563 Judteis
2699 503 2859 559 fuisse
2880 506 3201 572 prteceptum
3230 497 3282 551 in
3306 497 3492 552 umbra
3512 496 3600 551 fu-

2016 608 2144 674 turi,
2174 621 2292 677 qna:
2323 601 2650 673 spiritualem
2692 596 2926 667 requiem
2967 590 3237 662 tlguraret,
3268 602 3425 660 quam
3455 588 3599 643 Deus

2016 700 2259 770 exemplo
2283 696 2440 766 hujus
2455 692 2648 765 quietis
2667 704 2777 743 su:e
2801 685 3045 741 fidelibus
3064 684 3201 738 bona
3219 694 3381 751 opera
3400 678 3603 734 facien-

2019 793 2158 850 tibus
2181 805 2371 846 arcana
2398 782 2785 857 signiﬁcatione
2817 776 3183 852 pollicebatur.
3210 773 3376 843 Cujus
3407 773 3607 843 quietis

2019 894 2075 942 et
2111 885 2225 954 ipse
2253 879 2509 937 Dominus
2535 875 2797 937 Christus,
2831 870 2921 941 qui
2962 866 3170 922 nonnisi
3197 862 3410 935 quando
3437 861 3609 917 voluit.

2019 991 2208 1048 passus
2234 982 2337 1040 est,
2368 974 2525 1028 etiam
2548 967 2819 1038 sepultura
2848 977 2942 1017 sua
2979 958 3289 1031 mysterium
3314 953 3609 1010 confirma-

2023 1043 2119 1125 vit.
2151 1067 2306 1139 Ipso‘
2346 1063 2541 1135 quippe
2569 1060 2656 1115 die
2699 1054 2902 1112 sabbati
2932 1048 3189 1121 requievit
3235 1047 3287 1101 in
3331 1043 3605 1116 scpttlcro,

2020 1173 2251 1229 eumque
2272 1134 2439 1211 totum
2468 1152 2607 1207 diem
2637 1148 2817 1201 bahuit
2845 1152 3043 1198 sancta:
3068 1136 3342 1209 cujusdam
3370 1134 3612 1190 vacatio-

2022 1252 2128 1319 nis,
2159 1227 2499 1321 posteaquam
2526 1252 2679 1299 sexto
2700 1240 2807 1303 die,
2834 1238 2882 1293 id
2904 1245 2987 1291 est
3014 1245 3319 1305 parasceve,
3344 1244 3501 1302 quam
3529 1227 3617 1283 di-

2022 1352 2149 1400 cunt
2189 1352 2391 1397 sextam
2421 1336 2647 1398 sabbati,
2676 1325 3063 1387 consummavit
3089 1323 3264 1379 omnia
3294 1335 3456 1392 Opera
3484 1334 3608 1387 sua,

2024 1451 2143 1491 cum
2173 1432 2242 1488 de
2271 1431 2362 1486 illo
2388 1444 2505 1500 qua:
2540 1426 2735 1494 scripta
2770 1428 2913 1486 sunt,
2945 1419 2997 1472 in
3036 1416 3152 1485 ipso
3176 1411 3349 1469 crucis
3371 1409 3616 1483 patibulo

2025 1524 2439 1594 complerentur.
2470 1518 2600 1572 Nam
2621 1525 2674 1571 et
2706 1514 2806 1568 hoc
2829 1510 2992 1565 verbo
3019 1521 3144 1562 usus
3168 1512 3251 1560 est
3269 1500 3481 1573 quando
3500 1500 3575 1554 ait
3597 1516 3614 1555 :

2026 1615 2438 1673 Consummatum
2462 1620 2571 1673 est;
2598 1618 2642 1661 et
2676 1605 2916 1658 inclinato
2949 1600 3114 1671 capite
3143 1595 3353 1651 tradidit
3374 1592 3618 1663 spiritum

2030 1707 2206 1781 (Joan.
2238 1721 2349 1763 six.
2369 1699 2626 1772 30).Qnid
2658 1713 2784 1766 ergo
2813 1695 3001 1749 mirum
3033 1691 3077 1744 si
3111 1688 3419 1745 Deusistum
3447 1683 3619 1750 diem,

2030 1817 2135 1871 quo
2158 1807 2271 1853 erat
2292 1796 2535 1850 Christus
2562 1792 2612 1845 in
2640 1788 2909 1858 sepultura
2931 1783 3226 1853 quieturus,
3250 1778 3433 1834 volens
3453 1775 3623 1831 etiam

2033 1894 2133 1948 hoc
2178 1890 2335 1945 modo
2368 1883 2745 1957 praenuntiam,
2783 1879 2851 1932 ab
2879 1874 3130 1947 Operibus
3158 1873 3270 1927 suis
3308 1870 3361 1925 in
3393 1883 3501 1924 uno
3530 1866 3624 1924 die

2033 1984 2313 2055 requievit,
2344 1980 2595 2045 deinceps
2638 1979 2951 2042 operaturus
2993 1965 3233 2019 ordinem
3274 1960 3620 2026 smculorum,

2032 2094 2092 2132 ut
2140 2084 2194 2129 et
2234 2072 2359 2129 illud
2415 2085 2540 2125 vere
2575 2067 2863 2128 diceretur,
2910 2057 3068 2114 Pater
3107 2070 3243 2110 meus
3284 2067 3439 2124 usque
3485 2064 3625 2104 nunc

2033 2176 2271 2235 operatur
2287 2166 2312 2218 ξ)

2034 2232 2261 2318 CAPUT
2300 2254 2414 2312 ΧΠ.
2452 2282 2522 2293 -—
2549 2250 2665 2304 Alia
2703 2246 2831 2300 ratio
2865 2238 3169 2298 conciliandi
3204 2236 3526 2305 Scripturam
3555 2232 3621 2287 de

2303 2348 2474 2417 requie
2500 2354 2545 2398 et
2572 2344 2635 2396 de
2653 2339 2890 2394 continua
2917 2331 3206 2404 operatione
3231 2327 3345 2381 Dei.

2108 2445 2197 2501 29..
2240 2444 2425 2497 Potest
2456 2437 2615 2493 etiam
2652 2429 2867 2499 intelligi
2893 2428 3055 2481 Deum
3083 2417 3406 2492 requievisse
3428 2431 3459 2471 a
3491 2430 3629 2471 con-

2040 2538 2229 2594 dendis
2250 2531 2534 2606 generibus
2553 2536 2831 2584 ereatnne,
2859 2519 2981 2589 quia
3009 2516 3145 2569 ultra
3166 2514 3275 2583 jant
3308 2526 3412 2565 non
3441 2507 3633 2564 condi-

2041 2631 2119 2686 dit
2144 2630 2315 2697 aliqna
2338 2636 2532 2694 genera
2555 2632 2688 2672 nova
2713 2633 2726 2668 :
2752 2613 3004 2678 deinceps
3029 2616 3204 2660 antem
3227 2618 3394 2673 usque
3411 2614 3557 2655 nunc
3576 2606 3634 2655 et

2044 2723 2180 2776 ultra
2210 2714 2421 2786 operari
2462 2708 2773 2765 eorumdem
2799 2716 3050 2775 generum
3089 2692 3631 2759 administrationem,

2044 2831 2163 2887 qua:
2192 2822 2316 2866 tunc
2354 2807 2590 2862 instituti
2623 2808 2780 2861 sunt;
2822 2812 2926 2849 tum
2970 2802 3026 2846 ut
3064 2792 3179 2860 ipso
3211 2787 3400 2842 saltem
3429 2782 3521 2838 die
3550 2796 3637 2837 se-

2048 2908 2214 2979 ptimo
2242 2899 2474 2972 potentia
2502 2896 2617 2965 ejus
2655 2909 2684 2946 a
2715 2889 2835 2946 ρωιὶ
2862 2896 2917 2941 et
2943 2895 3119 2945 terrae,
3157 2879 3503 2947 omniumque
3543 2889 3634 2930 re-

2049 3015 2165 3056 rum
2192 3009 2324 3067 quas
2352 2988 2679 3048 Cnllilidt‘l'ill,
2705 2975 3089 3050 gubernatione
3116 2976 3369 3032 cessaret,
3398 2962 3640 3037 alioquin

2050 3056 2300 3145 continuo
2330 3082 2708 3137 dilaberentur.
2733 3068 3004 3127 Creatoris
3044 3075 3270 3131 namque
3298 3056 3555 3129 potentia,
3586 3062 3646 3112 et

2052 3174 2430 3248 omnipotentis
2454 3180 2611 3241 atque
2638 3159 3015 3219 omnitenentis
3048 3156 3237 3220 virtus,
3267 3165 3423 3207 causa
3459 3147 3640 3203 subsi-

2054 3273 2226 3332 stentli
2265 3279 2347 3324 est
2392 3264 2535 3319 otnni
2580 3267 3029 3321 Cl’callll':l‘.:q1ltl‘
3068 3249 3236 3302 virtus
3281 3243 3350 3300 ab
3395 3241 3474 3298 eis
3525 3255 3646 3311 quae

2056 3376 2231 3423 creata
2258 3368 2382 3417 sunt
2421 3354 2688 3427 regendis,
2717 3350 2762 3404 si
2792 3342 3075 3417 aliquando
3104 3343 3359 3400 cessaret,
3397 3332 3564 3390 simul
3590 3340 3647 3390 et

2060 3460 2271 3514 illorutn
2297 3458 2533 3508 cessaret
2554 3443 2782 3515 species,
2804 3437 3082 3505 onmisque
3109 3440 3295 3485 natura
3317 3424 3647 3482 concideret.

2060 3550 2243 3620 Neque
2281 3546 2445 3608 enim,
2483 3540 2617 3593 sicut
2654 3542 2886 3590 structor
2913 3526 3105 3582 mdium
3136 3536 3256 3577 eum
3284 3515 3647 3582 fabricaverit,

2062 3608 2318 3702 abscedit,
2366 3645 2524 3700 atque
2568 3628 2656 3683 illo
2698 3629 2943 3678 cessante
2984 3627 3142 3685 atque
3180 3608 3503 3668 abscedente
3550 3612 3657 3661 stat

2065 3748 2203 3804 opus
2230 3729 2375 3799 ejus;
2410 3726 2478 3778 ita
2510 3717 2741 3774 mundus
2770 3714 2848 3768 vel
2888 3712 2992 3765 ictu
3019 3702 3158 3762 oculi
3197 3714 3339 3759 stare
3364 3698 3586 3772 poterit,
3611 3695 3657 3752 si

2065 3800 2118 3884 ei
2143 3826 2281 3880 Deus
2310 3816 2543 3888 regimen
2567 3810 2647 3866 sui
2676 3800 3016 3861 subtraxerit.

2138 3917 2230 3972 23.
2271 3886 2500 3968 Proinde
2523 3899 2738 3974 etquod
2769 3896 3020 3952 Dominus
3040 3890 3134 3957 ait,
3161 3886 3315 3943 Pater
3338 3900 3479 3940 mens
3502 3896 3661 3954 usque

2069 4024 2205 4065 nunc
2234 4011 2491 4077 operatur,
2523 3990 2971 4052 continuationem
2999 3980 3281 4055 qnamdant
3311 3976 3489 4047 operis
3519 3974 3656 4045 ejus.

2072 4120 2173 4175 qua
2207 4099 2505 4155 universam
2532 4099 2828 4145 creaturam
2858 4078 3093 4135 continet
3115 4084 3277 4145 atque
3301 4068 3658 4134 adttiinisttat,

2075 4157 2328 4252 dstendit.
2375 4188 2543 4243 Aliter
2589 4181 2731 4235 enim
2765 4182 2944 4247 posset
2990 4166 3208 4236 intelligi
3247 4164 3293 4219 si
3334 4162 3559 4226 diceret,
3599 4157 3663 4213 Et

2078 4303 2219 4345 nunc
2243 4291 2512 4355 operatur,
2543 4275 2630 4330 ubi
2663 4287 2766 4327 non
2792 4276 2935 4323 esset
2964 4275 3180 4318 necesse
3207 4268 3262 4311 ttt
3291 4252 3467 4326 operis
3489 4249 3663 4307 comi-

2080 4381 2381 4439 nnationem
2411 4373 2811 4439 acciperemus:
2841 4359 2995 4414 aliter
3040 4361 3216 4407 autem
3260 4347 3400 4417 cogit
3437 4339 3663 4411 intelligi

2082 4487 2202 4529 cum
2228 4470 2320 4532 ait,
2357 4463 2527 4535 Usque
2553 4470 2707 4521 nunc,
2739 4468 2802 4506 ex
2835 4449 2925 4504 illo
2962 4445 3165 4500 scilicet
3192 4456 3298 4510 quo
3322 4444 3512 4492 cuncta
3544 4445 3663 4489 cum

2083 4564 2339 4624 conderet
2376 4526 2625 4627 operatus
2660 4558 2760 4605 est.
2792 4544 2861 4599 Et
2884 4539 3024 4613 quod
3065 4535 3322 4605 scriptum
3360 4526 3535 4586 estde
3576 4538 3663 4581 sa-

2084 4660 2280 4736 pientia
2306 4625 2444 4726 ejus,
2474 4646 2717 4717 Pet-tingit
2741 4660 2771 4695 a
2799 4642 2899 4711 [ine
2925 4651 3079 4708 usque
3104 4631 3173 4685 ad
3192 4631 3343 4700 finem
3372 4625 3590 4699 fortiter,
3622 4628 3666 4680 et

2088 4715 2307 4825 disponit
2337 4715 2518 4801 'omnia
2564 4715 2779 4793 suaviter
2817 4730 2973 4801 (Sap.
2999 4740 3111 4787 vm,
3147 4722 3236 4791 i);
3286 4718 3353 4774 de
3392 4730 3495 4787 qua
3542 4715 3664 4769 item

2089 4804 2347 4913 scriptum
2372 4847 2472 4898 est,
2500 4833 2639 4903 quod
2682 4835 2854 4882 motus
2893 4821 3010 4890 ejus
3033 4816 3223 4887 agilior
3246 4808 3577 4877 celeriorque
3601 4804 3666 4860 sit

2088 4898 2333 4996 omnibus
2350 4898 2579 4987 motibus
2602 4920 2760 4996 (Ibid.
2780 4933 2872 4981 vn,
2887 4913 2982 4983 24)
3001 4930 3014 4967 :
3036 4909 3165 4965 satis
3185 4913 3403 4977 apparet
3420 4909 3565 4957 recte
3593 4898 3668 4953 in-

2090 5028 2377 5087 tuentibus,
2405 5021 2542 5075 lntne
2562 4990 2732 5085 ipsum
2760 5001 3223 5075 incttmparabilem
3247 5005 3302 5052 et
3326 4990 3663 5053 ineﬂ'abilem,

2091 5135 2145 5180 et
2173 5123 2214 5177 si
2243 5117 2409 5190 possit
2429 5108 2668 5179 intelligi,
2692 5103 2933 5160 stabilem
2956 5105 3155 5152 motum
3177 5106 3354 5155 suum,
3374 5086 3536 5142 rebus
3554 5093 3667 5140 eam

2094 5217 2331 5289 pra'bere
2369 5209 2601 5264 suaviter
2628 5193 3009 5267 disponendis;
3039 5203 3146 5260 quo
3178 5186 3357 5255 utique
3382 5180 3665 5237 subtracto,

2096 5266 2143 5289 l"
2160 5266 2188 5269 “
2209 5266 2236 5270 “”
2720 5266 2727 5267 ,

2096 5311 2141 5364 si
2171 5308 2237 5362 ah
2268 5305 2367 5360 hac
2390 5294 2699 5369 operatione
2735 5282 3047 5346 cessaverit,
3073 5292 3166 5333 eas
3189 5273 3443 5331 continuo
3474 5266 3666 5339 peritu-

2097 5415 2205 5455 ras.
2241 5399 2302 5451 lit
2325 5356 2447 5446 illud
2473 5385 2613 5458 quod
2642 5383 2716 5436 ait
2741 5373 3029 5449 Apostolus
3047 5386 3166 5425 eum
3191 5367 3353 5420 Deum
3386 5356 3668 5416 Athenien‘

2100 5492 2249 5569 silius
2290 5486 2618 5557 pra-dicaret,
2655 5475 2717 5532 In
2757 5474 2843 5527 illo
2870 5469 3099 5527 vivimus,
3143 5471 3189 5515 ct
3228 5471 3477 5515 moremur
3511 5461 3555 5507 et
3586 5462 3671 5503 su-

2843 5567 2850 5569 “
2878 5565 2889 5569 ’
3061 5561 3072 5569 “
3141 5568 3145 5569 ν
3432 5561 3443 5569 -
3494 5564 3536 5569 π-
3582 5542 3671 5569 Lm;

2103 5542 2217 5640 inus
2246 5542 2378 5654 (.ict.
2416 5593 2544 5639 xvu,
2572 5575 2688 5642 ‘28),
2731 5565 2927 5639 liquide
2960 5561 3247 5631 cogitatum
3288 5561 3541 5625 quantum
3582 5542 3674 5597 hu-

2101 5647 2265 5735 mana
2306 5686 2457 5728 mens
2503 5668 2667 5729 valet,
2713 5662 2926 5730 adjuvat
2984 5656 3121 5709 hanc
3175 5658 3523 5711 sententiam,
3577 5647 3673 5711 qua

2209 5800 2339 5853 Lam,
2356 5787 2465 5841 ideo
2480 5783 2670 5853 quippe.
2702 5784 2751 5830 Αι
2765 5775 2872 5828 aliae
2896 5771 3138 5824 editiones
3153 5774 3206 5820 et
3225 5772 3353 5825 tm,
3371 5760 3489 5827 ipa.
