3902 6314
302 371 582 432 credimus
604 378 659 426 et
683 367 912 426 dicimus
937 365 1105 422 Deum
1132 362 1186 419 in
1212 362 1276 419 iis
1299 375 1420 433 qua:
1440 359 1663 427 creavit,
1698 357 1900 414 indesi-

306 474 505 523 ncntcr
535 461 769 533 operari.
798 458 980 530 Neque
1001 457 1142 513 enim
1182 466 1429 526 tauquam
1454 450 1747 508 substantia
1783 448 1902 520 ejus

304 557 392 613 sic
431 556 482 610 in
529 554 623 610 Illo
665 566 872 617 sumus,
903 547 1352 621 quemadmodum
1376 546 1576 600 dictum
1623 550 1726 607 est,
1757 539 1900 611 quod

308 649 503 702 habent
532 646 693 698 vitam
726 645 777 697 iu
818 644 1107 712 semetipso
1134 638 1310 707 (Joan.
1341 653 1393 703 v,
1419 636 1551 707 26):
1585 634 1682 690 sed
1720 634 1900 703 utique

302 756 428 794 cum
461 738 605 792 aliud
637 738 804 790 sitnus
831 749 988 804 quam
1030 734 1163 801 ipse,
1193 745 1296 785 non
1322 729 1393 784 ob
1420 727 1561 782 aliud
1604 728 1654 781 iu
1687 726 1779 781 illo
1805 740 1898 780 su-

305 846 447 891 mus.
484 831 586 885 nisi
618 830 738 898 quia
771 827 821 881 id
854 836 1129 895 operatur,
1160 832 1215 877 ct
1245 822 1345 876 hoc
1365 830 1445 877 est
1467 833 1602 889 opus
1629 819 1763 884 ejus,
1791 831 1899 886 quo

304 924 546 979 coiitinet
572 920 770 983 otuuia,
811 927 865 973 et
894 932 999 986 quo
1026 915 1141 981 ejus
1178 913 1427 983 sapientia
1466 910 1710 981 pertendit
1744 924 1775 959 a
1798 908 1901 975 [ine

303 1012 550 1085 usquead
572 1012 725 1082 ﬁnem
751 1009 969 1080 fortiter,
996 1018 1042 1062 et
1066 1005 1287 1075 disponit
1322 1003 1492 1058 omnia
1528 1001 1778 1065 suaviter;
1807 1014 1900 1067 per

304 1118 466 1176 quam
487 1101 892 1172 dispesitiouem
922 1100 973 1151 in
1000 1097 1091 1152 illo
1117 1096 1345 1157 vivimus,
1373 1103 1419 1147 ct
1446 1108 1716 1157 moremur,
1741 1100 1785 1144 et
1809 1106 1898 1143 sn-

302 1212 439 1251 mus.
472 1193 627 1249 Unde
665 1192 932 1261 colligitur
962 1188 1103 1260 quod
1144 1188 1187 1241 si
1235 1187 1334 1241 hoc
1362 1200 1497 1254 opus
1534 1200 1686 1238 suum
1735 1184 1898 1238 rebus

305 1288 661 1351 subtraxerit,
699 1300 797 1340 uec
826 1284 1087 1347 vivemus,
1130 1296 1229 1335 nec
1259 1279 1611 1339 movebimur,
1654 1292 1752 1331 nec
1795 1276 1901 1329 eri-

300 1394 446 1435 mus.
474 1376 655 1433 Claret
685 1376 843 1446 igitur
870 1389 937 1429 ne
973 1388 1080 1427 uno
1105 1370 1319 1441 quidem
1355 1369 1445 1424 die
1468 1383 1708 1422 cessasse
1733 1368 1896 1421 Deum

300 1471 373 1526 ab
395 1484 560 1541 Opere
587 1466 803 1538 regendi
828 1482 946 1535 qum
974 1464 1195 1527 creavit,
1230 1478 1295 1514 ne
1322 1470 1497 1514 motm
1523 1475 1650 1513 suos
1682 1470 1896 1510 natura-

300 1562 382 1616 les
410 1560 605 1632 quibus
630 1565 858 1629 aguntur
880 1566 1038 1626 alque
1064 1563 1395 1624 vegetamur,
1419 1560 1477 1605 ut
1498 1549 1716 1604 omnino
1746 1559 1899 1602 uatu-

300 1672 378 1711 ηιξ
407 1655 536 1717 sint,
567 1662 623 1708 et
665 1654 715 1705 in
745 1667 811 1707 eo
849 1649 989 1721 quod
1020 1658 1141 1702 sunt
1176 1663 1270 1715 pro
1310 1660 1408 1699 suo
1445 1659 1667 1714 qua-que
1704 1656 1897 1711 genere

298 1755 576 1811 maneant,
607 1745 748 1799 illico
769 1743 1092 1805 amitterent,
1122 1749 1175 1794 et
1203 1754 1323 1794 esse
1346 1738 1539 1804 aliquid
1571 1736 1787 1789 omnino
1808 1736 1900 1789 de-

299 1842 563 1905 sinerent,
607 1838 651 1891 si
699 1838 778 1892 eis
826 1835 1229 1890 subtraheretur
1270 1845 1445 1887 motus
1488 1832 1574 1886 ille
1612 1830 1898 1899 Sapientia:

298 1932 421 1999 Dei,
444 1946 553 2001 quo
579 1929 813 1999 disponit
841 1928 1018 1980 omnia
1048 1927 1301 1980 suaviter.
1332 1924 1664 1991 Quapropter
1692 1923 1769 1978 sic
1803 1938 1895 1977 ac—

296 2023 531 2092 cipimus
569 2021 734 2075 Deum
772 2018 1097 2089 requievisSe
1126 2016 1193 2069 ab
1229 2016 1480 2069 omnibus
1506 2015 1755 2083 operibus
1784 2016 1898 2069 suis

297 2131 423 2186 qua:
460 2112 604 2177 fecit,
654 2122 711 2165 ut
747 2110 857 2179 jam
904 2125 1095 2164 nexam
1150 2115 1388 2161 naturam
1434 2106 1655 2160 ulterius
1701 2107 1899 2161 nullam

297 2204 589 2267 conderet;
615 2216 718 2255 non
750 2212 805 2254 ut
827 2216 889 2256 ea
913 2217 1030 2270 qua:
1056 2200 1384 2262 condiderat,
1415 2199 1691 2253 eontincre
1720 2208 1774 2251 et
1801 2214 1899 2268 gu-

299 2300 533 2354 bernare
548 2302 805 2350 cessaret.
839 2291 989 2349 Unde
1018 2303 1070 2347 et
1098 2293 1225 2346 illud
1250 2306 1433 2347 verum
1463 2301 1563 2355 est,
1585 2290 1725 2359 quod
1748 2291 1797 2343 in
1820 2307 1902 2346 se-

297 2393 463 2463 ptimo
490 2390 576 2444 die
612 2388 851 2459 requievit
880 2384 1063 2452 Deus;
1108 2396 1164 2441 et
1203 2385 1351 2449 illud,
1385 2383 1525 2453 quod
1570 2400 1729 2453 usque
1768 2400 1903 2438 nunc

299 2494 565 2556 operatur.

348 2574 581 2633 CAPUT
620 2571 756 2629 Xlll.
780 2602 850 2613 —
867 2571 944 2626 De
965 2572 1175 2627 Subbati
1194 2570 1551 2625 observatione.
1576 2568 1853 2625 Sabbatum

928 2665 1279 2719 christianum.

372 2760 468 2815 24.
511 2758 582 2814 Et
607 2773 767 2830 opera
800 2757 1013 2829 quidem
1050 2756 1166 2824 ejus
1194 2755 1433 2809 videmus
1458 2754 1635 2819 bona;
1668 2753 1901 2823 quietem

300 2868 436 2909 vero
456 2852 574 2922 ejus
597 2861 718 2922 post
746 2852 881 2905 bona
899 2864 1062 2918 Opera
1094 2858 1274 2903 uOstra
1295 2847 1611 2901 videbimus.
1643 2846 1724 2899 0b
1744 2860 1903 2916 quam

301 2944 714 3017 significandam
755 2942 1027 2997 mandavit
1068 2939 1292 2995 llebneo
1331 2938 1530 3009 popqu
1570 2953 1731 2993 unum
1761 2938 1903 2992 diem

301 3036 702 3095 observandum
745 3033 940 3106 (Exod.
984 3049 1098 3097 xx,
1148 3031 1415 3103 8):quod
1467 3040 1573 3085 tam
1620 3031 1908 3085 carnaliter

301 3132 555 3204 agebant,
584 3142 641 3185 ut
660 3146 724 3183 eo
745 3128 829 3182 die
856 3127 1079 3181 Salutem
1105 3136 1340 3180 nostram
1366 3124 1645 3178 Dominum
1670 3122 1907 3177 videntes

304 3223 521 3295 operari
543 3221 977 3285 criminarentur,
1001 3233 1064 3271 ac
1084 3218 1126 3271 si
1153 3217 1232 3271 eis
1258 3216 1324 3271 de
1343 3232 1507 3287 opere
1536 3215 1704 3270 Patris
1721 3214 1908 3269 rectis-

305 3318 446 3372 sime
472 3313 847 3385 reSponderct,
875 3327 994 3366 cum
1018 3326 1126 3380 quo
1161 3317 1216 3364 ct
1241 3310 1353 3377 ipse
1378 3310 1701 3376 onerabatur
1731 3323 1906 3377 atqua-

305 3410 453 3472 liter,
478 3422 586 3461 nou
608 3406 777 3459 solum
800 3412 1057 3458 creatura:
1080 3400 1341 3455 universa:
1363 3399 1903 3462 administrationem,

306 3500 406 3557 sed
435 3500 597 3555 etiam
628 3499 793 3566 ipsam
825 3506 1059 3550 nostram
1090 3493 1338 3549 salutem.
1360 3492 1476 3547 Jam
1507 3508 1634 3547 vero
1668 3502 1908 3560 tempore

306 3593 495 3664 gratia:
537 3589 808 3653 revelatm,
852 3586 1156 3643 observatio
1196 3584 1280 3638 illa
1324 3584 1552 3647 sabbati,
1595 3598 1714 3653 qua:
1753 3583 1908 3637 unius

307 3686 417 3743 diei
440 3684 723 3742 vacatione
752 3681 1097 3753 figurabatur,
1136 3678 1309 3732 ablata
1337 3687 1420 3732 est
1438 3677 1506 3731 ab
1536 3675 1908 3731 observatione

312 3777 574 3833 fidelium.
603 3774 658 3828 In
677 3790 737 3828 ea
765 3774 957 3842 quippe
974 3770 1139 3841 gratia
1171 3779 1479 3838 perpetuum
1508 3766 1782 3821 sabbatum
1798 3765 1907 3834 jam

310 3870 587 3932 observat,
628 3866 720 3936 qui
756 3879 851 3935 spe
894 3864 1082 3918 futura:
1127 3862 1320 3931 quietis
1360 3868 1612 3929 operatur
1653 3858 1909 3929 quidquid

311 3963 439 4018 boni
471 3968 743 4031 operatur,
772 3973 872 4012 nec
902 3957 953 4010 iu
986 3956 1114 4025 ipsis
1142 3955 1293 4009 bonis
1320 3954 1572 4023 operibus
1602 3953 1732 4018 suis,
1756 3953 1910 4022 quasi

313 4058 522 4112 habens
571 4055 769 4109 bonum
817 4051 958 4123 quod
1017 4065 1121 4104 non
1170 4048 1457 4119 acceperit,
1511 4046 1805 4117 gloriatur:
1838 4045 1907 4099 ita

313 4148 459 4203 enim
492 4154 744 4215 tanquam
786 4143 927 4197 diem
964 4140 1192 4202 sabbati,
1221 4139 1323 4195 hoc
1352 4148 1431 4195 est
1466 4138 1754 4193 Dominicie
1794 4152 1912 4193 ces-

315 4236 543 4294 sationis
572 4236 625 4290 in
651 4235 938 4305 sepultura,
967 4233 1265 4302 suscipiens
1293 4241 1452 4301 atque
1483 4231 1783 4301 iutell'geus
1806 4230 1910 4285 Ba-

316 4329 499 4403 ptismi
549 4336 973 4392 sacramentum,
1029 4325 1253 4397 quiescit
1299 4340 1329 4378 a
1381 4324 1619 4393 pristinis
1658 4323 1911 4394 operibus

319 4424 469 4488 suis;
495 4432 553 4477 ut
577 4422 686 4491 jam
714 4421 765 4474 in
793 4421 1029 4475 novitate
1054 4420 1175 4472 vita:
1207 4417 1486 4472 ambulans
1527 4417 1700 4488 (Rom.
1726 4432 1801 4480 γι,
1830 4416 1909 4488 4).

320 4517 491 4571 Deum
528 4515 580 4567 iu
612 4528 672 4568 se
694 4511 902 4582 operari
929 4518 1237 4580 cognoscat,
1266 4509 1352 4578 qui
1379 4507 1533 4563 simul
1555 4516 1609 4561 et
1635 4515 1907 4577 operatur,

322 4588 646 4680 et.quiescit,
674 4612 729 4659 et
761 4612 1021 4659 creaturas
1058 4601 1300 4672 pra-heus
1328 4615 1614 4669 congruam
1644 4600 1912 4669 guberna-

324 4703 548 4767 tionem,
581 4709 637 4755 et
664 4700 804 4770 apud
845 4714 904 4753 se
931 4698 1133 4752 habens
1171 4705 1422 4751 aeternam
1451 4697 1911 4766 tranquillitatem.

325 4792 553 4850 CAPUT
568 4789 883 4848 XlV.-—Cnr
898 4788 1033 4843 Deus
1047 4788 1432 4857 sanctiﬁcaverit
1446 4788 1577 4841 diem
1588 4788 1765 4855 quietis
1782 4801 1910 4842 suta.

397 4887 488 4943 25.
532 4883 770 4955 Denique
804 4884 917 4954 ipse
960 4896 1058 4936 nec
1095 4895 1215 4934 cum
1261 4877 1462 4934 creavit
1502 4877 1765 4942 defes<us,
1814 4892 1915 4933 nec

330 4994 449 5035 cum
475 4977 705 5033 cessavit
726 4974 954 5031 refectus
979 4981 1089 5037 est;
1117 4962 1218 5027 sed.
1237 4986 1334 5026 nos
1365 4971 1531 5025 voluit
1558 4986 1651 5040 per
1674 4968 1918 5039 Scriptu-

331 5086 442 5126 ram
464 5085 618 5124 suam
644 5067 708 5122 ad
740 5066 936 5138 quietis
956 5064 1223 5121 exhortari
1249 5063 1592 5126 desiderium,
1623 5060 1917 5116 intimando

334 5164 485 5217 nobis
523 5177 642 5216 eum
687 5159 829 5215 diem
868 5173 925 5212 se
963 5156 1343 5220 sanctificasse,
1387 5155 1437 5209 in
1472 5158 1578 5225 quo
1616 5153 1817 5223 quievit
1849 5152 1918 5207 ab

334 5254 584 5310 omnibus
614 5251 865 5321 operibus
902 5250 1033 5305 suis.
1078 5248 1208 5304 Nam
1253 5261 1511 5317 nusquam
1550 5246 1787 5299 omnium
1823 5258 1916 5298 sex

336 5350 540 5404 dierum
562 5346 755 5418 quibus
772 5352 954 5401 creata
976 5351 1100 5397 sunt
1124 5341 1323 5406 omnia,
1356 5339 1544 5409 legitur
1566 5336 1766 5407 aliquid
1790 5350 1916 5391 san-

337 5443 622 5507 ctillcasse,
652 5454 751 5495 nec
768 5446 893 5493 ante
921 5437 1065 5506 ipsos
1087 5448 1178 5488 sex
1200 5434 1315 5488 dies
1338 5432 1426 5487 ubi
1450 5432 1702 5500 scriptum
1726 5436 1828 5491 est,
1852 5427 1921 5483 In

341 5533 588 5603 principio
612 5530 727 5602 fecit
764 5529 902 5585 Deus
927 5529 1106 5582 caztnm
1130 5537 1175 5580 et
1204 5535 1387 5579 terram
1409 5523 1557 5594 (Gen.
1588 5538 1626 5588 ι,
1658 5524 1737 5590 l),
1765 5520 1919 5575 addi—

344 5633 451 5678 tum
477 5637 582 5679 est.
614 5623 678 5679 Et
702 5619 1052 5681 sanetilieavit
1082 5635 1096 5671 :
1125 5617 1218 5673 sed
1244 5615 1385 5671 diem
1418 5615 1594 5677 istum,
1628 5613 1679 5667 in
1701 5626 1806 5681 quo
1830 5626 1919 5667 re-

342 5715 541 5803 quievit
573 5724 640 5777 ab
680 5713 926 5775 omnibus
961 5710 1215 5793 operibus
1257 5708 1368 5767 suis
1406 5723 1524 5785 quae
1562 5706 1702 5777 fecit,
1753 5703 1922 5765 voluit

1656 244 1862 304 LIBER
1897 242 2244 315 QUARTUS.

3482 245 3589 305 506

2009 354 2365 418 sanetilicare.
2417 362 2663 426 tanquam
2710 363 2765 410 et
2801 356 2938 425 apud
2982 356 3175 425 ipsum,
3224 357 3313 426 qui
3351 358 3482 415 nihil
3532 361 3583 415 in

2006 463 2168 519 opere
2196 461 2294 502 suo
2335 445 2560 507 laborat.
2600 447 2715 514 plus
2752 447 2901 514 quies
2931 461 3086 516 quam
3124 446 3362 516 operatio
3392 448 3583 505 valeat.

2006 539 2119 596 lloc
2146 538 2362 609 quidem
2392 539 2443 592 in
2474 537 2776 592 hominibus
2803 536 3145 607 Evangelium
3176 538 3326 592 nobis
3356 540 3584 607 intimat,

2008 632 2095 687 ubi
2144 632 2388 687 Salvator
2426 639 2608 686 noster
2650 631 2922 685 meliorem
2973 642 3174 700 partem
3218 631 3345 687 dicit
3388 632 3585 699 blztrim,

2005 724 2146 795 quod
2174 724 2367 779 sedens
2396 723 2460 777 ad
2485 722 2646 792 pedes
2667 723 2781 790 ejus
2802 722 3163 790 requiescebat
3186 723 3237 777 in
3260 722 3423 778 verbo
3449 723 3586 793 ejus,

2005 830 2162 887 quam
2184 816 2419 879 Martha},
2442 814 2684 885 quamvis
2713 822 2929 883 propter
2954 812 3261 883 obsequium
3292 830 3396 883 quo
3413 816 3461 871 ei
3491 817 3590 871 mi-

2006 909 2264 964 nistrabat
2291 909 2430 963 circa
2473 908 2632 960 multa
2661 915 2950 975 occupata),
2994 914 3048 960 et
3082 906 3204 961 licet
3231 906 3426 961 bonum
3454 924 3590 978 opus

2005 1001 2275 1070 operanlis
2313 1000 2461 1064 (an.
2500 1014 2557 1064 κ,
2585 998 2800 1069 39-42).
2838 996 3033 1054 Vermn
3079 998 3179 1053 hoc
3221 998 3272 1052 in
3312 999 3420 1054 Deo
3457 1015 3591 1069 quo-

2005 1095 2164 1147 modo
2191 1095 2258 1148 sit
2292 1094 2366 1148 vel
2400 1093 2741 1162 inteliigatur,
2774 1090 2989 1146 difficile
3018 1090 3213 1145 dictum
3244 1100 3347 1156 est,
3373 1094 3588 1149 etiamsi

2003 1190 2235 1258 cogitatu
2262 1190 2644 1257 aliquantulum
2667 1187 2849 1251 attingi
2885 1195 3076 1255 potest,
3110 1202 3207 1240 cur
3234 1186 3370 1240 Deus
3396 1187 3595 1241 sancti-

2007 1284 2241 1337 licaverit
2273 1283 2410 1337 diem
2439 1282 2632 1351 quietis
2662 1297 2792 1338 sum.
2821 1280 2907 1349 qui
2938 1280 3139 1334 nullum
3183 1279 3593 1335 sanetillcaverit

2004 1376 2180 1444 operis
2210 1375 2311 1439 sui,
2340 1390 2437 1428 nec
2468 1380 2637 1442 ipsum
2677 1382 2885 1426 sextum
2920 1388 3026 1440 quo
3055 1379 3108 1425 et
3138 1371 3407 1425 hominem
3444 1373 3584 1436 fecit,

2003 1478 2260 1522 ctcuncta
2293 1468 2532 1535 perfecit.
2572 1469 2645 1519 Ac
2673 1469 2898 1535 priuutvn
2937 1466 3106 1534 ipSum
3138 1464 3467 1534 requiescere
3495 1464 3587 1521 Dei

2003 1561 2157 1626 quale
2184 1559 2272 1618 sit.
2313 1558 2463 1625 cujus
2492 1557 2690 1609 linioan
2710 1576 2738 1606 l'
2766 1556 2956 1608 Incolis
2984 1555 3124 1608 acies
3152 1555 3360 1623 assequi
3386 1554 3592 1622 potest?

2004 1648 2153 1716 Quod
2175 1660 2347 1702 tamen
2376 1648 2473 1702 nisi
2500 1657 2661 1711 essel,
2697 1649 2795 1700 hoc
2823 1646 3041 1698 omnino
3068 1645 3163 1698 ista
3184 1643 3453 1713 Scriptura
3486 1660 3591 1699 non

2006 1751 2248 1810 poneret.
2280 1741 2457 1795 Dicam
2489 1755 2615 1793 sane
2642 1740 2776 1807 quod
2814 1738 3002 1798 sentio,
3032 1736 3144 1789 Inrc
3170 1735 3272 1789 duo
3300 1735 3591 1789 indubitata

2007 1832 2362 1900 pra-loquens,
2392 1846 2490 1884 nec
2530 1830 2712 1889 Deum,
2748 1828 2891 1880 velut
2919 1837 3032 1895 μηδι
3058 1825 3287 1879 laborem
3319 1825 3593 1880 desidera—

2008 1932 2188 1978 ttuuve
2212 1923 2405 1992 negotii
2433 1921 2511 1973 sui
2543 1920 2721 1984 tinent,
2748 1918 3021 1987 temporali
3048 1916 3275 1985 quadam
3299 1917 3480 1986 requie
3500 1916 3594 1971 de-

2009 2015 2295 2077 lectatum;
2329 2028 2425 2067 nec
2469 2012 2565 2065 has
2608 2011 2834 2065 Litteras
2872 2010 3185 2063 auctoritate
3222 2017 3364 2062 tanta
3404 2009 3594 2064 uierito

2007 2106 2406 2177 pra-tui.:eutes,
2438 2103 2628 2157 frustra
2664 2103 2897 2171 falsoque
2926 2100 3130 2154 dixisse
3174 2098 3313 2169 quod
3359 2099 3496 2153 Deus
3525 2099 3593 2153 ab

2007 2199 2255 2252 omnibus
2295 2197 2545 2266 operibus
2576 2196 2686 2249 suis
2720 2212 2837 2263 qua:
2869 2192 3012 2256 fecit,
3056 2193 3109 2245 in
3139 2192 3369 2261 septimo
3393 2190 3482 2244 die
3509 2206 3596 2246 re-

2007 2289 2291 2358 quieverit,
2319 2303 2487 2357 eaque
2523 2302 2682 2339 causa
2719 2284 2963 2338 eutndem
2993 2283 3131 2336 diem
3170 2281 3594 2335 sanctiliraverit.

2043 2380 2270 2435 CAPUT
2298 2378 2409 2433 XV.
2439 2409 2510 2418 —
2533 2379 2759 2433 Solvitur
2799 2376 3003 2446 qittcstio
3024 2374 3255 2444 superius
3281 2373 3559 2444 proposita.

2080 2475 2170 2529 26.
2211 2474 2475 2528 Nimirum
2515 2489 2643 2542 ergo
2695 2474 2814 2541 quia
2870 2473 3052 2525 vitium
3092 2479 3174 2526 est
3214 2478 3270 2525 et
3314 2471 3596 2525 infirmitas

2009 2566 2223 2631 animm,
2255 2566 2323 2619 ita
2357 2567 2466 2620 suis
2490 2566 2741 2633 operibus
2781 2564 3065 2629 delectari,
3098 2572 3154 2616 ut
3204 2561 3380 2633 potius
3409 2563 3458 2614 iu
3489 2563 3601 2631 eis,

2010 2674 2168 2728 quam
2199 2658 2248 2711 in
2277 2673 2335 2711 se
2366 2654 2667 2725 requieScat
2694 2656 2759 2707 ab
2798 2654 2904 2715 eis;
2935 2670 3053 2706 cum
3087 2654 3269 2723 procul
3296 2652 3458 2706 dubio
3488 2669 3601 2709 me-

2010 2754 2114 2807 lius
2143 2751 2341 2822 aliquid
2387 2752 2436 2804 in
2475 2750 2559 2803 illa
2601 2750 2671 2802 sit
2698 2762 2801 2816 quo
2830 2763 2890 2801 ea
2920 2746 3054 2800 facta
3099 2754 3243 2811 sunt,
3285 2761 3442 2815 quam
3482 2746 3595 2815 ipsa

2011 2860 2131 2913 qua:
2181 2842 2318 2897 facta
2365 2851 2489 2896 sunt
2532 2859 2544 2893 :
2581 2839 2878 2893 insinuatur
2931 2836 3083 2891 nobis
3136 2836 3275 2891 Deus
3322 2852 3419 2907 per
3466 2836 3602 2890 hanc

2014 2938 2362 3007 Scriptorum,
2395 2951 2495 3004 qua
2528 2934 2719 2989 dicitur
2750 2932 3072 3002 requievisse
3109 2930 3176 2984 ab
3209 2930 3455 2984 oumibus
3476 2944 3605 3000 ope~

2010 3032 2160 3085 ribus
2204 3030 2316 3083 suis
2341 3045 2459 3098 qua:
2491 3025 2635 3089 fecit,
2678 3026 2822 3078 nullo
2870 3039 3029 3091 apere
3057 3036 3155 3076 suo
3183 3023 3261 3077 sic
3285 3020 3597 3088 delectatus,

2011 3121 2163 3192 quasi
2195 3119 2420 3174 faciendi
2452 3118 2569 3185 ejus
2622 3116 2858 3187 eguerit,
2907 3114 2991 3168 vel
3039 3113 3211 3167 minor
3242 3112 3448 3167 futurus
3502 3112 3605 3169 nisi

2012 3212 2251 3272 fecisset,
2311 3211 2392 3265 vel
2442 3210 2647 3265 beatior
2688 3223 2807 3263 cum
2842 3206 3069 3260 fecisset.
3098 3204 3228 3271 Quia
3259 3204 3399 3259 enim
3426 3220 3491 3260 ex
3517 3204 3606 3258 illo

2015 3306 2083 3358 ita
2116 3312 2198 3357 est
2232 3302 2487 3372 quidquid
2540 3317 2604 3355 ex
2655 3300 2744 3353 illo
2786 3310 2884 3359 ρει,
2918 3296 3049 3367 ιιι,ρί
3100 3294 3290 3350 debeat
3331 3294 3471 3365 quod
3499 3302 3603 3356 est,

2015 3397 2127 3466 ipse
2155 3406 2332 3450 autem
2362 3394 2490 3447 nulli
2519 3389 2658 3460 quod
2689 3406 2755 3443 ex
2784 3389 2898 3457 ipso
2913 3397 3013 3451 est,
3033 3384 3229 3440 debeat
3255 3384 3395 3454 quod
3420 3383 3606 3438 beatus

2017 3500 2129 3553 est;
2185 3504 2244 3543 se
2277 3486 2433 3542 rebus
2462 3500 2596 3555 quas
2640 3482 2703 3536 fet
2724 3482 2763 3535 it
2820 3479 3086 3549 diligendo
3133 3477 3419 3547 pravposuit
3451 3494 3463 3529 :
3498 3492 3602 3530 non

2014 3580 2353 3637 sanetificans
2374 3577 2514 3631 diem
2546 3590 2650 3643 quo
2674 3589 2735 3626 ea
2761 3570 2996 3625 facii-uda
3022 3567 3304 3631 inchoavit,
3332 3583 3429 3621 nec
3459 3567 3602 3621 illum

2015 3688 2121 3743 quo
2147 3687 2210 3726 ea
2244 3668 2485 3740 perfecit,
2516 3681 2582 3719 ne
2608 3665 2709 3718 illis
2724 3662 2807 3716 vel
2830 3659 3085 3715 faciendis
3110 3658 3195 3712 vel
3222 3657 3372 3711 factis
3392 3668 3605 3712 auctum

2015 3763 2131 3832 cjus
2162 3759 2411 3831 gaudium
2458 3756 2759 3818 videretur;
2812 3752 2907 3806 sed
2958 3766 3080 3804 eum
3120 3764 3225 3818 quo
3270 3748 3339 3801 ab
3386 3747 3514 3817 ipsis
3551 3748 3601 3803 in

2015 3854 2194 3922 seipso
2224 3849 2505 3921 requievit.
2539 3847 2606 3901 Et
2629 3845 2743 3916 ipse
2768 3844 2978 3913 quidem
3003 3855 3270 3911 nunquam
3302 3841 3399 3893 ista
3425 3841 3608 3909 requie

2015 3945 2217 4010 caruit,
2254 3942 2350 3997 sed
2378 3940 2532 3996 nobis
2560 3954 2676 3994 eam
2710 3952 2803 4007 per
2849 3936 2989 3990 diem
3028 3934 3311 4003 septimum
3335 3931 3602 3986 ostendit:

2018 4035 2141 4089 hinc
2169 4036 2328 4088 etiam
2347 4032 2652 4101 signifiesins
2682 4045 2786 4082 non
2816 4026 3015 4098 percipi
3047 4024 3283 4093 requiem
3324 4038 3471 4076 suam
3506 4024 3607 4077 nisi

2017 4145 2048 4183 a
2072 4127 2337 4197 perfectis,
2378 4140 2497 4180 eum
2537 4122 2603 4177 ad
2650 4136 2767 4177 eam
2813 4116 3157 4173 intimandum
3194 4122 3297 4171 non
3335 4116 3609 4185 deputavit

2019 4222 2183 4280 diem.
2214 4218 2312 4273 nisi
2339 4217 2425 4287 qui
2460 4214 2835 4284 perfectionem
2878 4224 3052 4265 rerum
3080 4208 3317 4262 omnium
3346 4208 3607 4277 sequeba-

2018 4322 2125 4367 tur.
2144 4311 2274 4366 Nam
2299 4309 2385 4379 qui
2401 4322 2615 4376 semper
2637 4316 2721 4360 est
2738 4304 2970 4373 quietus,
2996 4311 3120 4356 tunc
3144 4300 3297 4355 nobis
3323 4299 3602 4368 requievit,

2018 4418 2138 4457 cum
2169 4417 2227 4457 se
2257 4398 2583 4468 requievisse
2607 4395 2940 4450 monstravit.

2089 4489 2316 4547 CAPUT
2350 4487 2564 4542 XVl.—-
2590 4487 2685 4540 Dei
2709 4485 2899 4555 requies
2921 4484 2982 4537 ab
3004 4484 3234 4554 operibus
3255 4483 3356 4536 suis
3379 4483 3433 4536 in
3459 4500 3537 4538 se-

2662 4568 2817 4647 ptimo
2847 4576 2948 4629 die.

2088 4677 2179 4732 27.
2238 4673 2371 4730 lllud
2429 4687 2640 4744 quoque
2694 4667 3073 4724 attendendum
3125 4675 3250 4729 est,
3312 4666 3452 4735 quod
3513 4665 3607 4722 Dei

2020 4769 2279 4841 requiem,
2310 4780 2413 4837 qua
2456 4763 2523 4818 de
2570 4763 2746 4832 seipse
2792 4761 2978 4815 beatus
3015 4768 3116 4822 est,
3153 4758 3306 4812 nobis
3349 4757 3606 4811 insinuari

2021 4863 2338 4936 oportebat,
2386 4867 2442 4913 ut
2494 4856 2849 4925 intelligamus
2894 4851 3162 4923 quomodo
3198 4852 3402 4904 dicatur
3445 4849 3604 4902 etiam

2022 4958 2356 5029 requiescere
2392 4953 2445 5007 in
2494 4948 2687 5014 nobis;
2742 4946 2882 5018 quod
2928 4962 3032 5001 nou
3089 4946 3316 5010 dicitur,
3350 4941 3449 4995 nisi
3485 4955 3605 4995 cum

2024 5055 2077 5109 in
2123 5067 2182 5108 se
2221 5052 2457 5120 requiem
2505 5053 2719 5115 ιιτίηςιίιι
2759 5053 2813 5097 et
2854 5041 3026 5095 nobis.
3060 5037 3289 5106 Requies
3330 5034 3491 5104 igitur
3519 5034 3609 5088 Dci

2022 5156 2167 5203 recte
2196 5140 2607 5212 intelligenlibus
2632 5152 2693 5191 ea
2719 5143 2832 5197 est,
2865 5147 2966 5202 qua
2989 5128 3183 5184 nullius
3204 5127 3397 5195 indiget
3430 5125 3570 5177 bono
3597 5141 3609 5175 :

2025 5248 2077 5294 et
2104 5238 2222 5291 ideo
2247 5244 2391 5289 certa
2420 5240 2475 5286 et
2504 5229 2657 5284 nobis
2690 5227 2741 5280 in
2788 5224 2879 5278 illo
2905 5232 3007 5286 est,
3038 5220 3157 5289 quia
3202 5231 3256 5272 ct
3303 5232 3401 5270 nos
3441 5216 3610 5271 beati-

2026 5330 2247 5385 ﬂcamur
2292 5325 2431 5379 bono
2471 5320 2612 5394 quod
2658 5319 2772 5388 ipse
2824 5324 2924 5375 est,
2958 5327 3061 5366 nou
3118 5312 3231 5379 ipse
3284 5310 3425 5363 bono
3471 5307 3611 5377 quod

2027 5438 2126 5479 nos
2170 5435 2375 5476 sumus.
2414 5417 2547 5472 Nam
2591 5422 2645 5469 et
2672 5426 2769 5466 nos
2809 5406 3018 5477 aliquod
3053 5405 3248 5459 bonum
3277 5404 3346 5456 ab
3384 5402 3473 5456 illo
3521 5416 3611 5454 su-

2026 5531 2175 5581 mus,
2208 5514 2297 5584 qui
2331 5510 2456 5565 fecit
2483 5506 2657 5560 omnia
2700 5504 2836 5557 bona
2864 5497 3046 5560 valde,
3085 5497 3138 5551 in
3180 5496 3370 5566 quibus
3409 5495 3532 5547 fecit
3558 5502 3613 5547 et

2028 5624 2146 5664 nos.
2186 5607 2355 5661 Porro
2385 5601 2485 5656 alia
2530 5612 2619 5653 res
2654 5596 2791 5650 bona
2839 5600 3032 5664 praeter
3082 5590 3253 5660 ipsum
3303 5587 3445 5641 nulla
3502 5593 3606 5651 est,

2029 5713 2189 5777 quam
2218 5698 2328 5772 ipse
2354 5709 2457 5750 non
2489 5690 2645 5759 fecit;
2673 5704 2735 5746 ac
2765 5703 2857 5761 per
2902 5686 3000 5741 hoc
3026 5685 3171 5755 nullo
3200 5692 3389 5755 praeter
3417 5695 3476 5735 se
3505 5677 3613 5736 alio
