3902 6298
341 178 448 237 507

336 480 436 546 bus
463 485 642 550 autem
670 475 828 536 bonis
855 473 1191 529 laudabiliter
1217 486 1324 526 non
1347 480 1549 575 egeret,
1594 471 1636 542 si
1665 472 1810 575 nulla
1837 470 1918 575 1:0-

334 545 533 630 cisset?
569 568 703 642 Nam
729 567 889 626 etiam
916 565 996 622 sic
1021 563 1127 620 dici
1147 570 1328 632 posset
1354 562 1516 627 nullis
1543 579 1706 634 egens
1740 563 1915 669 bonis,

336 678 442 726 non
466 677 508 722 a.
531 661 684 733 factis
707 661 764 718 in
806 658 986 730 seipse
1024 654 1444 728 requiescendo,
1490 671 1673 712 verum
1700 658 1919 714 omnino

333 735 478 830 uplla
508 751 773 825 faciendo.
931 749 1074 806 bona
1095 746 1276 808 facere
1301 747 1347 808 si
1377 762 1484 806 non
1512 757 1715 830 posset,
1765 749 1914 816 nulla

819 841 872 914 si
921 850 1107 902 autem.
1132 847 1311 912 posset
1339 854 1439 900 nec
1473 823 1693 910 faceret,
1723 855 1914 912 magna

495 911 804 1008 Dividenda.
993 948 1124 1004 ergo
1141 911 1226 989 est
1255 931 1596 1002 omnipotens
1637 939 1694 989 et
1718 911 1911 999 bonus,

327 1034 513 1100 omnia
538 1031 692 1102 valde
712 1030 852 1103 bona
879 1026 1046 1092 fecit:
1077 1026 1206 1098 quia,
1228 1041 1372 1132 "vero
1395 1027 1571 1132 seipse
1605 1026 1747 1082 bono
1786 1042 1913 1132 per-

327 1128 462 1184 fecte
487 1125 678 1181 1).th
705 1131 809 1190 est,
838 1138 872 1178 a
897 1121 1051 1176 bouis
1079 1135 1199 1200 quas
1225 1118 1369 1188 fecit,
1406 1119 1460 1174 in
1487 1118 1663 1226 seipse
1693 1121 1910 1226 requie:

324 1203 420 1284 vit,
447 1232 511 1278 ea
536 1217 736 1286 scilicet
763 1215 946 1286 requie
974 1228 1005 1269 a
1038 1229 1142 1284 qua
1170 1228 1437 1283 nunquam
1467 1213 1707 1268 recessit.
1731 1213 1835 1269 Sed
1863 1213 1911 1270 si

324 1310 592 1368 diceretur
607 1305 932 1376 nequiuisse
955 1319 985 1358 a
1008 1303 1283 1374 faciendis,
1299 1304 1428 1359 nihil
1455 1303 1600 1358 aliud
1615 1319 1773 1376 quam
1802 1320 1908 1359 non

320 1401 508 1474 fecisse
557 1399 955 1473 intelligeretur.
998 1395 1113 1454 Nisi
1149 1406 1330 1456 autem
1373 1396 1640 1453 diceretur
1691 1397 1906 1468 requie-

319 1496 459 1560 visse
482 1509 514 1551 α
545 1493 721 1559 factis,
765 1505 872 1560 non
906 1491 990 1546 eis
1011 1503 1168 1564 egere
1211 1504 1332 1560 quas
1379 1487 1507 1544 fecit
1552 1487 1730 1546 minus
1756 1504 1907 1545 com-

318 1587 684 1652 mendantur.
887 1671 924 1684 ..
1001 1670 1016 1684 .
1408 1669 1425 1684 ι
1492 1671 1506 1684 .
1672 1678 1684 1684 -
1730 1671 1742 1684 ο

384 1678 476 1734 9.8.
517 1680 637 1744 Quo
666 1675 848 1745 itaque
871 1671 957 1728 die
1001 1670 1106 1729 hoc
1142 1669 1508 1773 commendari
1535 1671 1901 1777 Oportuisset,’

315 1770 418 1828 nisi
463 1765 733 1838 septimo?
759 1764 912 1834 Quod
954 1777 1085 1820 sane
1132 1762 1378 1834 intelligit
1420 1763 1658 1834 quisquis
1705 1764 1904 1819 senarii

315 1863 524 1924 numeri
548 1859 948 1930 perfectionem,
970 1856 1037 1912 de
1061 1871 1163 1927 qua
1190 1871 1345 1960 supra
1365 1855 1531 1960 locuti
1552 1872 1904 1960 sumus-pett:

313 1954 530 2018 factioni
577 1959 836 2014 creatura:
863 1955 1217 2018 congruenter
1253 1945 1544 2001 adhibitam
1593 1945 1902 2050 recolit..Si

312 2047 461 2112 enim
483 2041 694 2108 senario
721 2053 942 2097 numero
962 2037 1277 2109 perﬁcienda
1297 2037 1470 2096 fuerat
1497 2046 1763 2106 creatura,
1791 2039 1899 2094 sic-

310 2138 384 2198 uti
417 2137 645 2206 perlecta
671 2142 778 2199 est,
810 2147 978 2203 eaque
1025 2130 1236 2199 requies
1278 2130 1372 2186 Dei
1410 2140 1526 2188 erat
1551 2132 1702 2187 nobis
1745 2146 1896 2187 com-

311 2225 630 2291 mendanda,
653 2241 757 2297 qua
784 2225 1240 2280 demonstraretur
1284 2238 1383 2279 nec
1411 2223 1662 2294 perfectis
1684 2225 1896 2296 beatifi-

308 2323 418 2387 cari
446 2319 746 2384 creaturis;
781 2317 964 2386 procul
1008 2316 1170 2398 dubio
1199 2315 1316 2371 dies
1361 2322 1480 2371 erat
1519 2316 1573 2374 iu
1613 2316 1714 2372 hac
1739 2333 1894 2376 com-

305 2415 649 2476 mendatione
677 2410 1089 2468 sauetiticandus
1117 2410 1206 2481 qui
1235 2410 1474 2479 sequitur
1503 2418 1708 2465 sextum
1737 2451 1754 2476 ,
1785 2425 1893 2481 quo

306 2511 635 2578 erigerentur
649 2505 716 2566 ad
733 2507 866 2566 hanc
877 2504 1115 2575 requiem
1129 2501 1628 2572 concupiscendam,
1644 2514 1701 2558 ut
1717 2513 1770 2562 et
1793 2521 1893 2564 nos

305 2602 366 2664 in.
395 2602 488 2656 illo
517 2599 939 2670 requiescamus.

512 2710 740 2770 CAPUT
769 2710 931 2767 XVII.
959 2740 1030 2753 —
1059 2711 1213 2778 Quies
1238 2718 1413 2766 nostra
1435 2711 1490 2766 in
1515 2709 1646 2770 Deo.

371 2825 462 2881 29.
503 2823 684 2896 Neque
729 2823 872 2879 enim
900 2823 1189 2878 similitudo
1216 2822 1300 2893 pia
1326 2833 1442 2888 est,
1470 2823 1516 2878 si
1546 2822 1772 2880 velimus
1814 2827 1890 2882 ita

302 2920 505 2976 similes
543 2933 662 2972 esse
702 2917 828 2979 Deo,
861 2925 998 2972 utet
1027 2931 1124 2970 nos
1159 2917 1227 2971 ab
1274 2917 1527 2986 operibus
1558 2919 1754 2976 nostris
1795 2936 1886 2975 re-

301 3011 639 3083 quiescamus
678 3008 730 3062 in
761 3005 935 3073 nobis,
975 3007 1114 3061 sicut
1161 3007 1274 3074 ipse
1325 3006 1583 3076 requievit
1613 3010 1666 3064 in
1707 3025 1768 3065 se
1814 3013 1886 3067 ab

299 3099 548 3172 operibus
569 3100 700 3153 suis.
734 3098 788 3152 ln
813 3097 1040 3167 quodam
1064 3095 1258 3166 quippe
1289 3096 1703 3186 incommutabili
1743 3100 1887 3156 bono

301 3191 640 3262 requiescere
664 3187 944 3256 debemus,
975 3189 1114 3259 quod
1142 3188 1228 3242 ille
1249 3187 1403 3245 nobis
1423 3198 1505 3244 est
1520 3192 1606 3261 qui
1621 3207 1718 3246 nos
1736 3192 1881 3249 fecit.

299 3283 426 3339 Haec
449 3281 550 3336 erit
581 3281 738 3351 igitur
777 3294 1006 3346 summa,
1037 3279 1362 3350 minimeque
1389 3281 1640 3351 superba,
1671 3291 1724 3338 et
1754 3299 1884 3340 vere

297 3372 381 3444 pia
406 3373 616 3442 requies
641 3380 844 3435 nostra,
869 3378 927 3426 ut
949 3371 1085 3426 sicut
1115 3372 1228 3440 ipse
1259 3371 1518 3443 requievit
1535 3373 1603 3428 ab
1629 3376 1880 3432 omnibus

294 3463 546 3535 cperibus
575 3463 704 3527 suis,
733 3463 855 3534 quia
905 3478 1009 3516 non
1054 3463 1104 3518 ei
1151 3478 1311 3533 opera
1357 3480 1482 3531 sua,
1516 3466 1610 3521 sed
1642 3466 1755 3537 ipse
1779 3468 1879 3523 sibi

293 3555 490 3612 bouum
531 3562 632 3621 est,
666 3570 771 3626 quo
800 3554 985 3610 beatus
1026 3561 1110 3610 est
1141 3573 1156 3608 :
1184 3555 1254 3609 ita
1302 3563 1358 3610 et
1393 3570 1490 3612 nos
1518 3557 1586 3612 ab
1631 3559 1880 3614 omnibus

293 3649 562 3719 operibus,
615 3662 721 3702 non
764 3656 968 3702 tantum
1013 3648 1229 3713 nostris,
1259 3662 1442 3703 verum
1486 3651 1645 3705 etiam
1692 3651 1877 3720 ipsius,

293 3741 504 3797 nonnisi
534 3742 586 3795 in
618 3741 709 3795 illo
738 3742 1071 3811 requieturos
1099 3757 1197 3796 nos
1223 3757 1343 3797 esse
1367 3757 1640 3811 speremus
1664 3760 1679 3808 ;
1718 3745 1879 3815 idque

291 3832 660 3888 desideremus
709 3841 826 3902 post
855 3833 991 3886 bona
1035 3847 1193 3901 cpera
1224 3841 1426 3899 nostra,
1468 3850 1586 3902 qua:
1625 3835 1677 3890 in
1723 3837 1876 3891 nobis

304 3924 639 3993 agno~zcimus
667 3922 805 3977 illius
836 3925 1009 3992 potius
1050 3939 1168 3978 esse
1194 3939 1350 3993 quam
1379 3935 1560 3981 nostra
1585 3945 1599 3980 :
1633 3937 1688 3982 ut
1714 3931 1873 3985 etiam

292 4011 370 4067 sic
405 4028 448 4082 pi
472 4024 522 4068 st
552 4014 683 4066 bona
714 4027 874 4082 opera
925 4030 1019 4067 sua
1051 4016 1165 4082 ipse
1213 4016 1507 4084 requiescat
1533 4019 1572 4084 ⁸,
1604 4035 1724 4073 cum
1753 4031 1875 4090 post

291 4105 426 4159 bona
448 4118 609 4173 opera
627 4119 744 4174 quae
756 4103 823 4158 ab
849 4103 939 4158 illo
959 4104 1230 4174 justificati
1247 4105 1548 4174 fecerimus,
1575 4110 1626 4164 in
1643 4126 1702 4167 se
1723 4113 1876 4168 nobis

290 4201 525 4270 requiem
583 4206 817 4268 prmstat.
867 4199 1109 4268 Magnum
1164 4208 1248 4254 est
1284 4200 1425 4254 enim
1468 4203 1621 4257 nobis
1668 4205 1736 4261 ab
1783 4206 1877 4262 illo

290 4295 578 4358 exstitisse,
593 4291 686 4349 sed
710 4291 881 4362 majus
899 4291 1002 4346 erit
1028 4291 1078 4345 in
1111 4292 1201 4346 illo
1218 4292 1560 4361 requievisse.
1584 4295 1731 4351 Sicut
1761 4299 1876 4368 ipse

293 4402 399 4442 non
428 4386 549 4442 ideo
577 4385 764 4441 beatus
792 4395 893 4449 est,
925 4385 1045 4456 quia
1096 4384 1209 4440 haec
1236 4385 1390 4449 fecit;
1422 4388 1516 4442 sed
1561 4390 1680 4460 quia
1711 4390 1872 4448 etiam

288 4479 442 4534 factis
469 4494 573 4533 non
603 4493 785 4550 egens,
806 4478 859 4533 in
889 4492 948 4533 se
966 4477 1139 4550 potius
1169 4494 1325 4550 quam
1355 4481 1407 4535 in
1437 4480 1565 4551 ipsis
1591 4486 1868 4555 requievit.

293 4571 443 4630 Unde
472 4589 575 4628 non
605 4573 803 4642 operis,
833 4572 925 4627 sed
954 4573 1147 4642 quietis
1167 4572 1306 4628 diem
1336 4575 1718 4642 sanctilicavit;
1747 4579 1871 4648 quia

289 4681 396 4720 non
434 4665 547 4718 hare
574 4662 837 4730 faciendo,
875 4663 966 4718 sed
991 4663 1070 4719 eis
1092 4679 1210 4733 qua:
1254 4663 1380 4720 fecit
1417 4681 1522 4720 non
1560 4669 1783 4739 egendo,
1811 4685 1871 4727 se

285 4758 498 4814 beatum
530 4756 806 4810 intimavit.

354 4849 444 4907 50.
485 4848 621 4918 Quid
649 4863 775 4919 ergo
804 4855 912 4903 tam
955 4847 1156 4904 humile
1184 4864 1247 4904 ac
1276 4849 1429 4906 facile
1451 4849 1633 4921 effatu,
1663 4863 1719 4910 et
1741 4856 1867 4928 quid

281 4950 390 4997 tam
419 4941 648 4996 sublime
676 4949 833 5011 atque
861 4940 1083 4994 arduum
1113 4942 1367 5011 cogitatu,
1395 4959 1553 5014 quam
1599 4945 1738 5003 Deus
1775 4964 1868 5005 re-

281 5034 562 5107 quiescens
583 5031 650 5086 ab
669 5031 915 5086 omnibus
935 5032 1184 5101 operibus
1211 5032 1322 5088 suis
1345 5048 1465 5103 quae
1494 5034 1654 5092 fecit?
1683 5039 1751 5094 Et
1777 5039 1865 5096 ubi

281 5125 619 5192 requiescens
649 5124 746 5177 nisi
773 5124 822 5177 in
847 5123 1043 5193 seipse,
1064 5123 1185 5194 quia
1207 5123 1392 5179 beatus
1413 5129 1619 5184 nonnisi
1648 5132 1863 5200 seipse?

279 5216 525 5286 Quando,
561 5215 659 5269 nisi
680 5214 927 5284 semper?
957 5211 1012 5268 In
1041 5213 1229 5268 diebus
1257 5226 1431 5270 autem
1457 5221 1651 5288 quibus
1678 5237 1858 5278 rerum

280 5325 408 5380 quas
430 5307 664 5364 condidit
682 5307 1072 5363 censummatio
1100 5315 1363 5372 narratur,
1387 5317 1442 5363 et
1466 5311 1534 5364 ab
1561 5313 1640 5367 eis
1667 5315 1861 5384 quietis

279 5400 372 5459 Dei
399 5402 533 5456 ordo
558 5399 919 5471 distinguitur,
960 5398 1196 5470 quando,
1231 5400 1330 5456 nisi
1376 5403 1426 5456 in
1460 5407 1698 5474 septimo
1743 5408 1860 5477 die,

279 5495 371 5566 qui
397 5508 580 5551 earum
633 5493 874 5566 sequitur
919 5493 1338 5565 perfectionem?
1367 5497 1411 5551 A
1440 5499 1688 5568 perfectis
1715 5503 1858 5559 enim

341 5625 1476 5698 ίωωᾰικκιδφοαώεηεηβ.

1268 170 1357 226 DE
1392 168 1633 227 GENESI
1678 170 1767 226 AD
1804 171 2174 242 LITTERAM,
2214 177 2270 234 S.
2313 179 2679 242 AUGUSTINI

339 297 482 360 bono
513 297 652 364 eget,
681 288 772 360 qui
803 287 948 346 bono
989 282 1134 356 quod
1184 281 1310 390 fecit
1348 298 1454 390 non
1493 291 1646 390 eget;
1668 283 1927 390 ilcz‘ecnest

335 387 453 459 eius
472 359 686 456 requiras
795 379 1043 440 omnibus
1067 377 1319 449 operibus
1344 376 1455 432 suis
1477 393 1595 448 quae
1622 377 1762 434 fecit.
1791 376 1925 454 Qui-

3097 119 3100 122 .
3224 112 3276 129 nu
3323 118 3358 127 υ.

2958 116 3187 173 {sitias
3233 141 3247 165 ν
3275 135 3318 169 r5:
3347 139 3359 157 ξ
3431 135 3438 141 ·

3515 209 3618 265 503

2036 288 2321 360 requiescit
2343 330 2371 368 ,
2401 294 2496 376 qui,
2526 311 2626 366 nec
2651 298 2898 380 perfectis
2922 313 3081 376 eget,
3128 324 3234 382 quo
3258 311 3466 391 beatior;
3495 337 3614 396 esse

2067 393 2217 434 OSSII.

2132 388 2172 432 δ’
2203 420 2217 434 .

2031 388 2258 546 ἓῗῗΡῖΤ
2287 473 2807 552 XVlll.-—Septimus
2831 487 2937 554 dies
2960 505 3213 554 curan
3230 499 3478 574 habuerit,
3506 523 3610 570 non

2686 590 2960 647 uesperam.

2023 931 2182 989 habet
2205 945 2259 991 et
2282 952 2558 1008 veSperam
2587 959 2693 1008 non
2717 945 2908 1013 habet;
2957 952 3193 1027 perfecta
3219 931 3414 1042 quippe
3451 984 3608 1030 area-

2022 1033 2137 1090 tura
2194 1027 2350 1084 habet
2397 1032 2664 1101 quoddam
2716 1035 2923 1096 initium
2971 1057 3084 1101 sua:
3121 1027 3486 1122 conversionis
3525 1027 3609 1120 ad

2018 1119 2246 1188 quietem
2268 1119 2540 1180 Creatoris
2559 1127 2660 1196 sui,
2691 1129 2793 1190 sed,
2817 1131 2905 1188 illa
2931 1150 3037 1190 non
3065 1137 3223 1198 habet
3253 1119 3410 1216 finem
3452 1156 3611 1222 quasi

2019 1213 2302 1268 terminum
2336 1216 2674 1285 perfectionis
2711 1238 2843 1290 suae,
2868 1225 3004 1282 sicut
3029 1244 3092 1290 ea
3130 1248 3249 1303 qure
3294 1213 3606 1306 factasunt.

2015 1303 2092 1358 Ac
2139 1319 2236 1374 per
2281 1305 2382 1362 hoc
2407 1313 2619 1379 requies
2659 1313 2750 1380 Dei
2786 1329 2890 1370 non
2922 1318 3021 1388 ipsi
3056 1322 3182 1388 Deo,
3207 1326 3307 1382 sed,
3335 1303 3510 1388 perum
3533 1335 3608 1390 ab

2014 1408 2080 1450 eo
2101 1395 2434 1464 conditarum
2461 1401 2774 1470 perfectioni
2800 1406 3097 1478 inchoatur,
3115 1423 3175 1470 ut
3203 1417 3254 1472 in
3277 1418 3367 1482 illo
3384 1422 3607 1493 incipiat

2012 1491 2348 1557 requiescere
2391 1495 2535 1564 quod
2564 1496 2632 1552 ab
2657 1498 2750 1556 illo
2797 1502 3089 1573 perficitur,
3131 1520 3187 1566 et
3228 1512 3280 1568 in
3310 1491 3603 1576 eohabere

2012 1595 2204 1659 mane;
2235 1582 2291 1639 in
2319 1599 2415 1640 suo
2441 1587 2583 1642 enim
2614 1605 2807 1658 genere
2833 1602 3078 1666 tanquam
3102 1616 3319 1673 vespera
3349 1611 3604 1668 termina-

2013 1678 2120 1723 tum
2151 1681 2268 1727 est:
2291 1675 2386 1730 sed
2411 1676 2463 1730 in
2496 1677 2606 1733 Deo
2631 1696 2904 1752 vesperam
2925 1687 3118 1748 habere
3137 1692 3370 1762 jamnon
3398 1711 3597 1771 potest,

2007 1761 2128 1829 quia
2156 1778 2260 1818 non
2283 1766 2386 1820 erit
2411 1768 2606 1853 aliquid
2628 1772 2714 1828 illa
2739 1776 3065 1846 perfectione
3093 1761 3418 1852 perfectius:
3614 1850 3616 1853 .

2077 1851 2167 1907 52.
2211 1853 2268 1909 In
2322 1857 2424 1912 illis
2450 1846 2593 1916 enim
2619 1862 2807 1923 diebus
2831 1871 3022 1939 quibus
3049 1846 3231 1932 omnia
3253 1867 3597 1954 creabantur,

2005 1958 2284 2013 vesperam
2318 1952 2604 2008 terminum
2635 1958 2864 2014 conditae
2901 1973 3196 2034 creatura;
3239 1986 3396 2038 mane
3413 1986 3598 2035 autem

2007 2034 2212 2092 initium
2237 2040 2530 2099 condendae
2557 2045 2774 2104 alterius
2800 2053 3209 2122 accipiebamus.
3262 2062 3340 2120 Ac
3365 2080 3460 2135 per
3488 2066 3598 2126 hoc

2004 2126 2171 2195 quinti
2210 2127 2318 2185 diei
2359 2147 2584 2204 vespera
2614 2138 2874 2196 terminus
2925 2155 3006 2198 est
3030 2148 3256 2208 condita:
3285 2126 3468 2221 quinto
3503 2157 3598 2216 die

2001 2228 2302 2277 creaturae:
2335 2239 2493 2284 mane
2531 2236 2708 2284 autem
2754 2233 2894 2301 quod
2935 2245 3056 2304 post
3100 2239 3266 2310 ipsam
3310 2259 3594 2315 vesperam

2001 2305 2197 2366 factum
2225 2321 2326 2380 est,
2355 2315 2562 2372 initium
2593 2329 2675 2374 est
2698 2322 2989 2382 condenda:
3017 2305 3170 2385 sexto
3197 2333 3285 2390 die
3298 2346 3590 2408 creaturae;

2000 2414 2102 2468 qua
2132 2403 2346 2458 condita
2376 2414 2625 2477 tauquam
2652 2411 2769 2479 ejus
2787 2417 3046 2471 terminus
3074 2418 3210 2476 facta
3226 2434 3306 2479 est
3340 2403 3587 2500 veSpera;

2001 2488 2066 2543 Et
2093 2492 2215 2562 quia
2263 2494 2392 2549 nihil
2427 2498 2573 2553 aliud
2623 2503 2958 2561 coudendum
2990 2512 3300 2584 restiterat,
3352 2488 3592 2592 ita'post

1999 2579 2144 2634 illam
2166 2597 2442 2653 vesperam
2465 2604 2622 2645 mane
2641 2591 2838 2649 factum
2864 2606 2963 2664 est,
2990 2609 3046 2654 ut
3070 2617 3175 2658 non
3202 2617 3345 2663 esset
3368 2610 3580 2668 initium

1997 2671 2289 2727 condendae
2313 2676 2536 2734 alterius
2563 2693 2840 2752 creatum,
2874 2690 2970 2744 sed
3006 2691 3214 2750 initium
3241 2701 3433 2770 quietis
3457 2705 3584 2759 uni-

1997 2776 2165 2817 versa:
2195 2777 2451 2824 creatura:
2478 2771 2529 2825 in
2554 2775 2736 2846 requie
2761 2775 3049 2836 Creatoris.
3077 2783 3261 2857 Neque
3297 2791 3436 2845 enim
3471 2809 3583 2854 cce-

1995 2851 2106 2908 lum
2135 2864 2190 2910 et
2217 2865 2354 2912 terra
2376 2869 2432 2915 et
2459 2867 2632 2919 omnia
2660 2882 2779 2939 quae
2810 2870 2860 2922 in
2895 2872 2973 2926 eis
3011 2885 3156 2942 sunt,
3195 2879 3440 2938 universa
3471 2888 3583 2942 sci-

1994 2942 2119 3000 licet
2180 2949 2470 3017 spiritualis
2538 2959 2937 3032 corporalisque
2996 2976 3242 3023 creatura
3294 2972 3347 3027 in
3406 2977 3586 3048 seipsa

1995 3053 2204 3104 manet;
2235 3041 2328 3096 sed
2360 3045 2539 3115 utique
2567 3047 2618 3102 in
2655 3050 2746 3115 illo
2772 3051 2840 3108 de
2879 3071 2986 3126 quo
3012 3057 3210 3117 dictum
3232 3073 3335 3132 est,
3376 3065 3443 3121 In
3485 3041 3584 3126 illo

1993 3132 2124 3186 enim
2153 3133 2384 3203 vivimus,
2431 3133 2477 3192 ἐι
2521 3158 2792 3211 movemur,
2837 3155 2886 3202 et
2909 3166 3084 3205 sumus
3109 3154 3246 3224 (Act.
3297 3175 3433 3230 xvu,
3460 3163 3578 3236 28).

1991 3219 2124 3291 Quia
2180 3225 2279 3280 etsi
2311 3244 2640 3302 nnaquchue
2679 3249 2801 3304 pars
2830 3248 3008 3307 potest
3034 3219 3154 3300 esse
3184 3245 3236 3302 iu
3283 3257 3396 3306 toto
3428 3219 3582 3324 cujus

1992 3330 2114 3383 pars
2151 3325 2262 3382 est;
2311 3318 2483 3390 ipsum
2526 3331 2702 3380 tamen
2735 3336 2901 3384 totum
2934 3349 3041 3389 non
3091 3345 3175 3392 est
3200 3340 3300 3396 nisi
3336 3344 3388 3398 in
3421 3346 3510 3403 illo
3549 3365 3581 3405 a

1989 3507 2140 3552 sexto
2163 3498 2252 3555 die
2284 3505 2551 3572 completo
2578 3519 2697 3576 post
2723 3512 2839 3580 ejus
2870 3531 3149 3586 vesperam
3175 3523 3366 3580 factum
3396 3545 3576 3601 mane,

1996 3603 2100 3642 non
2123 3606 2228 3660 quo
2253 3592 2641 3662 significaretur
2655 3600 2860 3657 initium
2879 3609 3405 3674 condendaealterius
3424 3637 3579 3680 crea-

1993 3687 2124 3734 tur:e
2144 3723 2159 3749 ,
2197 3683 2332 3738 sicut
2361 3686 2411 3739 in
2443 3691 2685 3757 czeteris;
2713 3694 2805 3748 sed
2832 3713 2939 3767 quo
2958 3701 3348 3772 significaretur
3369 3712 3574 3772 initium

1986 3772 2236 3828 manendi
2265 3784 2318 3828 et
2344 3778 2653 3845 quiescendi
2685 3784 2846 3841 totius
2882 3792 3023 3858 quod
3064 3796 3332 3854 conditum
3362 3813 3475 3871 cst,
3518 3808 3574 3863 in

1992 3866 2131 3920 illius
2148 3868 2325 3938 quiete
2341 3871 2427 3940 qui
2448 3873 2705 3930 condidit.
2747 3879 2874 3948 Qua:
2902 3885 3054 3954 quies
3072 3887 3180 3944 Deo
3198 3891 3214 3921 ¹
3237 3909 3336 3949 nec
3367 3866 3572 3955 initium

1986 3955 2146 4012 habet
2173 3974 2270 4014 nec
2296 3963 2576 4018 terminum
2603 3982 2617 4019 :
2649 3980 2906 4027 creatura:
2925 3984 3102 4032 autem
3144 3981 3301 4042 habet
3339 3987 3568 4057 initium,

1983 4049 2080 4102 sed
2137 4065 2242 4103 nou
2295 4050 2454 4109 habet
2498 4058 2815 4130 terminum;
2871 4073 2925 4118 et
2973 4065 3094 4123 ideo
3153 4075 3410 4144 septimus
3454 4078 3570 4136 dies

1983 4137 2156 4193 eidem
2182 4153 2441 4198 creaturae
2479 4147 2642 4218 etrapit
2666 4164 2694 4202 a
2726 4166 2905 4223 mane,
2928 4156 3020 4212 sed
3046 4161 3192 4216 nullo
3216 4137 3440 4235 ἤθρει-ε
3462 4178 3570 4224 ter-

1983 4229 2234 4286 minatur.

2052 4324 2142 4379 55.
2181 4324 2313 4380 Nam
2344 4326 2389 4382 si
2420 4327 2472 4384 iu
2497 4331 2706 4390 cmteris
2745 4332 2934 4393 diebus
2961 4356 3182 4412 veSpera
3210 4357 3264 4402 et
3293 4365 3448 4409 mane
3475 4364 3558 4411 ta-

1979 4413 2108 4470 lium
2143 4425 2438 4487 temporum
2462 4421 2605 4478 viees
2629 4424 2949 4498 signiﬁcant,
2971 4437 3143 4504 qualia
3170 4455 3311 4495 nunc
3333 4459 3427 4514 per
3448 4445 3564 4505 bzcc

1978 4507 2284 4576 quotidiana
2314 4513 2484 4581 spatia
2531 4529 2881 4589 peraguntur;
2906 4540 3011 4580 nou
3041 4528 3194 4586 video
3222 4507 3348 4606 quid
3377 4541 3562 4609 prohi-

1977 4598 2153 4655 buerit
2175 4610 2229 4658 et
2248 4605 2530 4674 septimum
2552 4607 2692 4665 diem
2716 4628 2956 4684 vespera,
2980 4598 3299 4695 noctemque
3323 4598 3561 4700 ejusdem

1978 4704 2136 4747 mane
2163 4694 2502 4765 concludere,
2533 4707 2594 4754 ut
2620 4702 2865 4760 similiter
2884 4707 3171 4780 diceretur,
3217 4694 3284 4774 Et
3316 4694 3447 4778 facta
3479 4736 3563 4782 est

1975 4796 2218 4855 veSpera,
2247 4794 2304 4842 et
2335 4787 2529 4845 factum
2553 4801 2638 4847 est
2665 4809 2819 4852 mane
2846 4797 2962 4856 dies
2995 4805 3291 4874 septimus:
3320 4817 3560 4883 quando

1976 4876 2194 4947 quidem
2238 4887 2294 4936 et
2327 4879 2441 4952 ipse
2476 4899 2614 4939 unus
2649 4896 2730 4942 est
2758 4888 2982 4960 dierum,
3014 4899 3102 4969 qui
3133 4915 3323 4960 omnes
3337 4876 3560 4983 septem

1974 4969 2120 5042 sunt,
2150 4987 2377 5041 quorum
2420 4977 2736 5047 repetitione
2782 4999 2995 5043 menses
3030 4998 3086 5050 et
3110 4995 3236 5050 anni
3264 5004 3318 5053 et
3359 4969 3560 5060 saecula

1973 5073 2323 5135 peraguntur;
2363 5073 2421 5122 ut
2447 5083 2606 5125 mane
2631 5072 2774 5142 quod
2817 5089 3106 5146 poneretur
3133 5097 3253 5154 post
3277 5104 3553 5161 vesperam

1972 5155 2218 5226 septimi,
2267 5157 2370 5214 hoc
2396 5169 2541 5217 esset
2584 5162 2788 5222 initium
2819 5172 2990 5226 octavi
3035 5173 3172 5241 diei,
3214 5178 3281 5235 de
3307 5155 3412 5252 quo
3440 5183 3554 5255 jam

1970 5245 2222 5318 deinceps
2250 5249 2514 5306 silendum
2544 5251 2660 5322 fuit,
2682 5258 2805 5328 quia
2835 5259 2972 5317 idem
3000 5265 3200 5334 primus
3220 5245 3376 5327 estad
3394 5245 3554 5346 quem

1970 5337 2194 5415 reditur,
2221 5355 2253 5395 a
2277 5357 2386 5414 quo
2415 5360 2600 5404 rursus
2650 5347 3000 5412 hebdomadis
3041 5362 3210 5419 series
3236 5364 3474 5422 ordiatur
3501 5370 3549 5426 ³.

2034 5518 2344 5616 ﬁnite?
2377 5528 2606 5616 ἓξὲξ
2638 5536 2992 5616 ἒέέέἑέἐφὲ
3022 5543 3131 5616 ἓρῖτ
3155 5553 3280 5616 μου
3297 5552 3554 5616 θηϐαίων-ω

2184 5585 2351 5660 habet,
2374 5585 2616 5660 creatura,
2638 5585 2997 5658 refragantibus

2033 5645 2053 5676 '
2076 5651 2182 5695 Mss-
2205 5645 2624 5709 octo,'ordinatur'.
