3902 6308
284 288 404 346 309

289 403 453 463 Unde
486 393 814 471 probabilius
846 400 928 449 est
960 390 1095 444 istos
1131 384 1346 458 quidem
1375 386 1577 451 septem
1607 375 1742 441 dies,
1767 373 1889 427 illo—

287 515 419 556 rum
447 467 751 550 nominibus
780 494 835 544 et
862 498 1117 545 numero,
1148 478 1283 533 alios
1317 485 1475 555 atque
1517 471 1649 526 alios
1678 467 1893 524 sibimet

287 587 651 648 succedentes
692 576 961 637 currendo
1000 569 1315 642 temporalia
1366 578 1620 637 peragere
1673 559 1841 630 spatia
1876 576 1890 613 :

288 684 423 739 illos
473 686 648 733 autem
704 674 907 744 primos
945 684 1036 723 sex
1079 665 1195 720 dies
1234 662 1517 731 inexperta
1544 654 1700 711 nobis
1733 659 1893 722 atque

290 774 556 832 inusitata
588 767 767 839 specie
796 763 851 819 in
878 761 1007 832 ipsis
1036 772 1215 815 rerum
1241 751 1635 812 conditionibus
1658 746 1896 821 explica-

294 880 427 931 tos;
469 866 521 919 in
552 860 749 933 quibus
774 864 829 914 et
861 867 1083 926 vespera
1109 859 1165 906 et
1189 861 1345 903 mane
1376 847 1511 900 sicut
1558 843 1672 913 ipsa
1706 839 1795 894 lux
1844 845 1898 892 et

290 932 645 1021 tenebrte,id
667 958 750 1008 est
768 949 889 1006 dies
918 955 974 1003 et
1014 960 1138 1011 nox,
1186 958 1292 997 non
1335 954 1455 1005 eam
1479 932 1897 992 vicissitudinem

294 1052 671 1127 praebuerunt,
714 1056 873 1115 quam
906 1038 1146 1112 pricbeut
1193 1033 1278 1089 isti
1308 1047 1402 1104 per
1435 1029 1563 1085 solis
1593 1024 1848 1083 circuitus
1882 1040 1893 1075 :

298 1121 449 1220 quod
470 1149 617 1197 certe
636 1138 704 1193 de
727 1136 831 1190 illis
860 1133 1026 1187 tribus
1052 1127 1204 1183 fateri
1233 1126 1497 1196 cogimur,
1515 1121 1745 1193 quiante
1771 1131 1900 1171 cou-

299 1216 414 1298 dita
442 1234 725 1293 luminaria
756 1222 1159 1287 commemorati
1184 1232 1341 1292 atque
1372 1216 1634 1277 numerati
1654 1220 1798 1269 sunt.

379 1337 469 1393 34.
513 1336 591 1388 Ac
636 1345 730 1399 per
770 1327 873 1380 hoc
914 1321 1317 1393 qualiscumque
1366 1314 1419 1369 in
1456 1311 1537 1369 eis
1584 1322 1807 1379 vespera
1848 1313 1903 1361 et

301 1443 471 1486 mane
522 1422 716 1485 fuerit,
746 1418 892 1477 nullo
920 1414 1078 1470 modo
1121 1420 1301 1466 tamen
1331 1403 1654 1477 opinandum
1705 1409 1809 1467 est,
1837 1413 1902 1455 eo

303 1537 471 1587 mane
489 1517 631 1590 quod
660 1520 781 1586 post
805 1510 939 1567 sexti
965 1507 1070 1563 diei
1098 1517 1377 1575 vesperam
1430 1500 1625 1554 factum
1664 1500 1764 1573 est,
1797 1492 1900 1547 ini-

308 1617 445 1672 tium
496 1608 767 1680 accepisse
809 1602 1047 1673 requiem
1076 1598 1203 1663 Dei;
1238 1610 1307 1649 ne
1347 1589 1640 1661 temporale
1688 1583 1903 1655 aliquod

306 1710 512 1765 bonum
558 1678 943 1758 illiccternitati
992 1701 1047 1748 et
1077 1682 1598 1747 iucommutabilitati
1644 1678 1903 1735 accidisse

311 1800 551 1856 vanitate
584 1791 862 1848 temeraria
893 1786 1261 1858 suspicemur:
1293 1778 1388 1834 sed
1412 1777 1557 1833 illam
1581 1773 1797 1846 quidem
1827 1788 1905 1825 re-

308 1892 493 1962 quiem
525 1887 640 1949 Dei,
672 1898 774 1956 qua
794 1882 848 1937 in
873 1879 1050 1949 seipso
1077 1871 1379 1944 requiescit,
1407 1882 1579 1938 eoque
1606 1864 1749 1919 bono
1778 1864 1905 1919 bea-

308 1955 404 2053 t-us
432 1990 513 2038 est
543 1977 685 2049 quod
709 1977 822 2045 ipse
846 1972 948 2028 sibi
972 1978 1073 2036 est,
1104 1981 1205 2023 nec
1234 1964 1443 2019 initium
1470 1960 1644 2017 eidem
1674 1958 1775 2028 ipsi
1814 1955 1907 2009 lia-

308 2079 445 2145 bere
498 2087 598 2129 nec
651 2068 973 2128 terminum;
1013 2068 1395 2117 consummata:
1436 2063 1614 2109 autem
1648 2058 1907 2106 creaturm

316 2171 525 2235 habere
572 2164 802 2228 initium,
826 2155 1069 2215 eamdem
1098 2154 1339 2224 requiem
1371 2148 1486 2204 Dei.
1525 2144 1789 2215 Quoniam
1830 2142 1905 2196 rei

310 2264 578 2333 cujusque
607 2254 882 2327 perfectio,
914 2266 1020 2307 non
1055 2259 1162 2303 tam
1190 2246 1243 2301 in
1296 2244 1544 2301 universo
1590 2239 1742 2310 cujus
1787 2251 1908 2307 pars

314 2332 426 2423 est,
457 2369 616 2425 quam
643 2352 699 2409 in
724 2364 790 2405 eo
816 2362 847 2402 a
869 2361 977 2415 quo
1001 2349 1105 2410 est,
1137 2341 1188 2396 in
1232 2354 1340 2410 quo
1381 2344 1437 2393 et
1477 2336 1649 2406 ipsum
1689 2332 1908 2385 univer-

317 2466 442 2509 sum
468 2424 686 2516 est,pro.
709 2442 793 2501 sui
810 2438 1023 2512 generis
1039 2433 1251 2491 modulo
1272 2430 1537 2488 stabilitur
1566 2437 1620 2483 ut
1650 2424 1906 2495 quiescat,

316 2543 379 2601 id
400 2549 501 2605 est,
557 2547 613 2594 ut
646 2536 729 2593 sui
765 2532 1019 2588 momenti
1059 2528 1299 2584 ordinem
1332 2530 1530 2580 teneat.
1562 2521 1643 2576 Ac
1691 2534 1786 2588 per
1811 2516 1915 2570 hoe

316 2641 437 2709 ipsa
471 2632 784 2690 universitas
822 2636 1105 2691 creaturae,
1159 2638 1275 2693 qua:
1315 2636 1408 2675 sex
1439 2618 1625 2673 diebus
1662 2627 1913 2669 consum-

318 2705 467 2788 mata
492 2736 594 2793 est,
625 2723 771 2782 aliud
787 2723 948 2778 habet
969 2721 1018 2775 in
1046 2734 1139 2773 sua
1166 2724 1354 2771 natura
1379 2715 1419 2781 ¹,
1451 2710 1593 2766 aliud
1630 2709 1682 2763 in
1726 2705 1914 2761 ordine

320 2838 433 2893 quo
465 2822 517 2876 in
545 2821 649 2873 lico
677 2826 780 2881 est,
808 2829 915 2868 non
959 2812 1094 2865 sicut
1122 2810 1294 2875 Deus,
1329 2805 1426 2861 sed
1453 2814 1628 2858 tamen
1677 2801 1743 2854 ita
1779 2808 1834 2851 ut
1864 2796 1913 2852 ei

319 2889 479 2984 quies
508 2907 735 2980 propria:
758 2902 1061 2962 stabilitatis
1088 2915 1193 2956 non
1220 2898 1311 2965 sit,
1341 2896 1441 2951 nisi
1468 2895 1524 2948 in
1550 2894 1691 2948 illius
1734 2889 1916 2960 quiete

319 2982 415 3077 qui
445 3002 573 3057 nihil
604 3006 799 3071 praeter
824 3012 884 3053 se
906 2995 1130 3065 appetit,
1146 3007 1250 3062 quo
1275 2990 1469 3058 adepto
1491 2986 1810 3055 requiescat.
1851 2982 1918 3036 Et

321 3100 452 3155 ideo
476 3097 603 3153 dum
635 3095 749 3164 ipse
766 3099 944 3147 manet
970 3090 1021 3143 in
1039 3104 1118 3152 se,
1142 3083 1394 3158 quidquid
1425 3098 1491 3137 ex
1520 3082 1611 3137 illo
1640 3087 1723 3134 est
1745 3085 1917 3134 retor-

324 3200 458 3263 quet
480 3190 547 3243 ad
569 3202 661 3253 se;
716 3194 775 3241 ut
812 3183 988 3241 omnis
1013 3190 1260 3236 creatura
1288 3180 1341 3232 in
1382 3192 1441 3233 se
1476 3176 1669 3230 habeat
1713 3183 1917 3226 naturae

322 3300 440 3341 sum
471 3280 777 3345 terminum,
799 3292 904 3348 quo
928 3291 1035 3330 non
1058 3274 1129 3329 sit
1161 3271 1302 3343 quod
1334 3271 1446 3339 ipse
1471 3275 1587 3333 est;
1616 3268 1668 3321 in
1700 3265 1790 3319 illo
1818 3279 1915 3317 au-

322 3386 434 3434 tem
457 3374 653 3446 quietis
681 3372 877 3436 locum,
896 3384 1000 3439 quo
1019 3372 1198 3423 servet
1226 3360 1369 3433 quod
1389 3362 1501 3430 ipsa
1513 3366 1614 3413 est.
1634 3357 1756 3413 Scio
1776 3354 1919 3427 quod

326 3485 433 3525 non
467 3466 681 3537 proprie
719 3462 947 3518 dixerim
977 3460 1182 3523 locum;
1230 3468 1357 3509 nam
1388 3451 1602 3521 proprie
1643 3446 1835 3502 dicitur
1863 3444 1916 3500 in

325 3561 513 3632 spatiis
540 3574 659 3630 quae
689 3553 1004 3627 corporibus
1033 3558 1360 3619 occupantur
1388 3562 1401 3597 :
1435 3544 1530 3598 sed
1573 3542 1692 3611 quia
1720 3548 1775 3595 et
1803 3540 1918 3609 ipsa

326 3667 556 3723 corpora
584 3644 1007 3705 nonimanentin
1054 3642 1207 3707 loco,
1255 3638 1354 3693 nisi
1385 3651 1490 3707 quo
1537 3635 1619 3691 sui
1668 3630 1920 3703 ponderis

331 3756 583 3817 tanquam
611 3741 847 3812 appetitu
872 3737 1211 3808 perveniunt,
1230 3742 1287 3787 ut
1310 3746 1376 3787 eo
1404 3740 1681 3799 comperto
1702 3727 1918 3797 requie-

329 3856 454 3901 scan
462 3850 481 3892 t
500 3856 515 3903 ;
541 3836 659 3891 ideo
677 3850 783 3888 non
810 3834 1225 3900 incongruenter
1245 3840 1275 3879 a
1292 3822 1657 3893 corporalibus
1674 3819 1745 3874 ad
1763 3817 1923 3889 spiri-

328 3933 489 3986 tualia
526 3929 748 3984 verbum
792 3923 1129 3987 transfertur,
1159 3928 1215 3973 ut
1242 3916 1635 3977 dieaturlocus,
1667 3928 1791 3967 cum
1831 3922 1922 3965 res

330 4026 443 4095 ipsa
472 4023 757 4093 plurimum
785 4019 962 4073 distet.

402 4115 491 4171 35.
523 4114 735 4168 Initium
758 4123 888 4181 ergo
931 4114 1187 4163 creaturae
1218 4103 1271 4158 in
1313 4101 1495 4172 quiete
1529 4096 1800 4154 Creatoris
1830 4094 1922 4150 illo

332 4224 487 4263 mane
514 4204 864 4275 significatum
914 4200 1164 4263 arbitror,
1193 4194 1335 4266 quod
1358 4192 1551 4248 factum
1573 4198 1656 4246 est
1680 4196 1801 4258 post
1828 4202 1923 4243 ve-

333 4313 541 4373 speram
572 4300 707 4357 sexti
743 4298 848 4353 diei
880 4312 893 4361 ;
924 4310 1028 4349 non
1055 4293 1194 4347 enim
1219 4298 1399 4361 posset
1422 4290 1474 4341 in
1498 4287 1590 4341 illo
1619 4285 1720 4341 nisi
1743 4282 1920 4355 perfe-

335 4404 415 4450 cta
437 4392 771 4463 requiescere
800 4408 813 4444 :
842 4380 1065 4458 proinde
1082 4393 1233 4438 sexto
1251 4382 1337 4436 die
1351 4378 1735 4436 consummatis
1752 4376 1927 4431 omni-

337 4485 453 4551 bus,
484 4484 724 4552 factaque
743 4493 991 4548 veSpera,
1020 4476 1214 4530 factum
1246 4482 1328 4527 est
1352 4479 1408 4527 et
1434 4486 1609 4536 mane,
1642 4484 1751 4539 quo
1790 4465 1923 4521 inci-

338 4584 490 4649 peret
509 4584 877 4632 consummata.
906 4576 1149 4623 creatura
1177 4569 1231 4621 in
1254 4564 1351 4619 illo
1379 4580 1409 4617 a
1430 4577 1535 4633 quo
1564 4561 1699 4615 facta
1731 4568 1813 4613 est
1837 4573 1925 4615 rc-

341 4672 633 4742 quiescere.
656 4667 775 4735 Quo
796 4665 948 4718 initio
979 4662 1143 4716 Deum
1174 4659 1225 4713 in
1256 4658 1433 4727 seipso
1476 4655 1924 4725 requiescentem,

342 4763 429 4817 ubi
452 4768 509 4817 et
530 4761 641 4830 ipsa
684 4756 1023 4826 requiescere
1050 4760 1231 4823 posset
1260 4747 1481 4813 invenit,
1512 4752 1660 4800 tanto
1688 4744 1927 4800 stabilius

343 4864 499 4924 atque
520 4850 744 4913 lirtnius,
778 4855 978 4918 quanto
1005 4847 1116 4915 ipsa
1142 4843 1305 4909 illius,
1323 4855 1429 4895 non
1462 4839 1554 4894 ille
1597 4837 1753 4907 hujus
1783 4836 1929 4907 eguit

344 4945 407 5001 ad
428 4945 661 5015 quietem
692 4956 865 4997 suam.
896 4938 1003 4994 Sed
1036 4938 1285 5007 quoniam
1315 4931 1569 5004 quidquid
1592 4932 1695 4987 erit
1714 4931 1931 4985 univer-

341 5053 398 5091 sa
424 5044 665 5091 creatura
696 5030 1020 5103 quibuslibet
1058 5025 1437 5082 mutationibus
1461 5023 1593 5089 suis,
1622 5039 1727 5078 non
1750 5022 1932 5093 utique

345 5130 473 5185 nihil
500 5130 622 5188 erit.
639 5126 759 5181 ideo
778 5131 1022 5179 creatura
1045 5119 1291 5175 universa
1319 5119 1369 5172 in
1387 5117 1642 5173 Creatore
1666 5130 1765 5170 suo
1786 5129 1931 5170 sem-

347 5237 441 5291 per
468 5218 707 5275 manebit
728 5233 744 5281 ;
776 5229 840 5270 ac
860 5227 954 5284 per
974 5214 1077 5267 hoc
1097 5219 1217 5280 post
1238 5208 1365 5265 illud
1394 5223 1551 5264 mane
1570 5207 1717 5263 nulla
1738 5205 1936 5262 deinde

345 5327 564 5382 veSpera
589 5309 703 5364 fuit.

417 5404 503 5460 56.
535 5403 647 5458 Hoc
661 5400 895 5456 diximus
909 5398 951 5465 ³,
967 5412 1063 5453 cur
1083 5395 1343 5467 septimus
1362 5394 1497 5461 dies,
1522 5394 1581 5449 in
1600 5407 1708 5465 quo
1726 5392 1936 5465 requie.

343 5626 398 5679 in
411 5566 807 5679 mﬁqulpatum‘,
829 5559 1155 5612 constmunata
1166 5559 1236 5608 est
1251 5553 1303 5607 in
1324 5559 1498 5608 natum
1514 5567 1621 5617 sua,
1644 5554 1782 5610 aliud
1802 5556 1942 5610 me:

410 5689 635 5764 inquit,
648 5694 745 5764 est,
769 5687 1004 5764 th,
1025 5682 1226 5744 addunt,
1244 5679 1606 5745 utitueuigatur
1625 5694 1642 5743 ,'
1660 5695 1770 5746 quae
1791 5685 1939 5734 verba

345 5758 577 5804 (multum
595 5758 704 5801 MSS.
727 5760 914 5800 omnes.

1640 254 1837 312 LIBER
1878 252 2219 322 QUARTUS.

3489 259 3595 317 510

1996 370 2071 424 vit
2098 371 2235 425 Deus
2256 371 2322 431 ab
2337 371 2584 426 omnibus
2604 373 2854 443 operibus
2872 374 3007 443 suis.
3028 390 3182 437 mane
3200 376 3440 437 habuerit
3469 388 3592 448 post

1998 478 2272 541 vesperam
2301 466 2463 531 sexti,
2486 479 2762 536 veSperam
2793 481 2923 527 verQ
2960 481 3069 529 non
3096 466 3361 531 habuerit.

1998 556 2227 615 CAPUT
2262 556 2407 615 XIX.
2433 558 2648 619 -Αιὶα
2688 560 2819 643 ratio
2862 578 2963 632 qua
3008 561 3306 634 intelligitur
3350 563 3596 636 septimus

2358 652 2466 708 dies
2489 651 2726 708 habuisse
2743 668 2891 711 mane
2913 653 3021 715 sine
3043 670 3275 726 uespera.

2073 743 2171 801 Est
2194 744 2336 801 aliud
2362 745 2504 823 quod
2530 746 2600 807 de
2627 747 2729 811 hac
2754 763 2815 809 re
2846 749 3023 823 magis
3039 751 3255 825 proprie
3285 758 3451 821 atque
3471 766 3590 813 me-

2002 838 2105 895 lius
2132 841 2321 910 possit,
2345 848 2600 912 quantum
2631 841 2903 907 exiSIimo.
2926 841 3169 917 intelligi,
3191 842 3287 900 sed
3324 843 3598 915 aliquanto

2003 932 2271 991 difﬁcilius
2301 934 2593 1007 explicari;
2623 944 2683 995 ut
2720 951 2832 999 non
2868 936 3271 1005 οτωωηιξιεθά
3306 936 3466 999 etiam
3497 937 3601 1003 sibi

2005 1028 2216 1098 requies
2244 1028 2335 1083 Dei
2367 1029 2595 1105 septimo
2626 1028 2747 1085 die‘
2779 1042 2939 1087 mane
2957 1028 3331 1091 liabueritsine
3351 1044 3601 1099 vespera,

2007 1117 2059 1172 id
2079 1127 2160 1177 est
2181 1119 2387 1180 initium
2415 1120 2535 1179 sine
2560 1118 2807 1183 termino.
2830 1119 2886 1176 Si
2902 1119 3048 1179 enim
3070 1120 3151 1183 ita.
3164 1121 3451 1188 diceretur,
3491 1121 3598 1181 Re-
3629 1142 3634 1148 ·

2007 1211 2206 1291 quievit
2234 1210 2372 1267 Deus
2394 1211 2445 1269 in
2468 1211 2555 1277 die
2582 1212 2835 1282 septimo,
2860 1226 2959 1273 nec
2991 1212 3299 1280 adderetur,
3332 1214 3411 1269 Ab
3427 1214 3604 1273 omni-

2009 1300 2109 1355 bus
2140 1302 2389 1371 operibus
2406 1301 2517 1361 suis
2542 1318 2660 1373 quae
2690 1302 2836 1370 fecit,
2864 1302 3060 1361 frustra
3078 1301 3239 1371 hujus
3262 1303 3455 1373 quietis
3486 1304 3591 1359 ini-

2008 1393 2140 1497 tium
2170 1409 2554 1464 quaereremus.
2571 1394 2689 1457 Non
2710 1395 2851 1451 enim
2877 1395 3063 1466 incipit
3080 1397 3225 1455 Deus
3238 1397 3597 1467 requiescere,

2008 1487 2161 1556 cujus
2188 1488 2402 1558 requies
2425 1488 2542 1544 sine
2563 1487 2742 1556 initio,
2764 1490 2880 1547 sine
2898 1488 3123 1549 termino
3148 1491 3472 1559 sempiterna
3496 1502 3602 1548 est.

2010 1576 2117 1633 Sed
2147 1579 2395 1649 quoniam
2416 1581 2484 1634 ab
2511 1581 2757 1635 omnibus
2783 1580 3038 1649 operibus
3064 1580 3175 1637 suis
3199 1598 3315 1651 qua:
3344 1582 3486 1647 fecit,
3514 1585 3594 1641 eis

2010 1686 2117 1726 non
2138 1671 2364 1742 egendo,
2383 1671 2665 1741 requievit,
2695 1671 3005 1742 intelligitur
3032 1672 3244 1742 requies
3263 1673 3476 1741 quidem
3507 1675 3605 1733 Dei

2011 1777 2112 1819 nec
2130 1772 2304 1832 coepta
2322 1776 2425 1817 nec
2445 1762 2724 1817 terminata
2745 1780 2758 1827 ;
2778 1762 2991 1833 requies
3010 1771 3187 1817 autem
3212 1764 3327 1830 ejus
3348 1764 3413 1818 ab
3432 1764 3607 1820 omni-

2010 1854 2111 1911 bus
2137 1854 2389 1924 operibus
2417 1853 2532 1911 suis
2575 1870 2695 1925 quae
2724 1853 2873 1920 fecit,
2902 1870 2967 1908 ex
3008 1870 3074 1909 eo
3098 1863 3274 1924 coepta
3303 1864 3387 1911 est
3407 1872 3472 1911 ex
3498 1872 3605 1927 quo

2012 1946 2099 2001 illa
2129 1946 2368 2016 perfecit.
2401 1946 2586 2019 Neque
2622 1947 2763 2003 enim
2812 1946 3064 2017 Oper-ibus
3090 1948 3201 2003 suis
3241 1963 3346 2003 non
3401 1950 3608 2020 egendo

2013 2039 2382 2108 requievisset,
2412 2040 2558 2110 prius
2581 2055 2740 2110 quam
2766 2048 2968 2105 essent,
2998 2040 3191 2109 quibus
3222 2055 3320 2097 nec
3348 2044 3598 2111 perfectis

2014 2131 2276 2200 eguisset;
2308 2140 2361 2187 et
2387 2133 2510 2202 quia
2530 2133 2609 2189 eis
2632 2134 2850 2187 omnino
2878 2149 3149 2203 nunquam
3170 2134 3333 2203 eguit,
3363 2151 3462 2192 nec
3490 2138 3592 2191 ista

2014 2221 2286 2278 beatitudo
2312 2240 2414 2294 qua
2441 2240 2546 2279 non
2574 2225 2654 2282 eis
2680 2232 2820 2295 eget,
2855 2235 3101 2295 tanquam
3131 2227 3459 2295 proﬁciendo
3482 2244 3610 2299 per-

2017 2316 2246 2384 ficietur,
2275 2318 2394 2373 ideo
2422 2318 2651 2385 septimo
2676 2318 2779 2374 diei
2812 2318 2958 2373 nulla
2993 2334 3216 2388 vespera
3246 2322 3494 2378 accessit.

2194 2408 2422 2465 CAPUT
2461 2408 2579 2464 XX.
2608 2438 2679 2450 --
2700 2408 2821 2463 Dies
2844 2410 3090 2479 septimus
3118 2428 3183 2464 an
3211 2424 3429 2468 creatus.

2088 2499 2178 2555 57.
2212 2499 2318 2555 Sed
2350 2499 2506 2568 plane
2530 2500 2692 2569 quaeri
2727 2508 2919 2568 potest,
2939 2500 3204 2570 dignaque
3224 2503 3611 2561 consideratio—

2019 2609 2088 2650 ne
2106 2603 2305 2659 movet,
2336 2592 2603 2661 quomodo
2624 2592 2952 2661 intelligatur
2978 2594 3028 2646 in
3055 2595 3232 2663 seipso
3250 2596 3388 2651 Deus
3406 2599 3610 2668 requie—

2020 2686 2160 2742 visse
2185 2686 2253 2743 ab
2282 2685 2528 2739 omnibus
2558 2684 2806 2753 Operibus
2831 2685 2943 2738 suis
2986 2701 3105 2754 qua:
3143 2685 3295 2750 fecit;
3324 2703 3443 2741 cum
3475 2690 3613 2745 scri-

2021 2786 2169 2847 ptum
2201 2777 2288 2841 sit,
2320 2775 2385 2829 Et
2421 2775 2655 2846 requievit
2698 2773 2841 2830 Deus
2866 2774 2920 2828 in
2946 2775 3027 2829 die
3070 2779 3300 2845 septimo.
3327 2777 3441 2833 Non
3468 2780 3612 2835 enim

2021 2870 2219 2925 dictum
2268 2879 2369 2933 est,
2403 2869 2455 2921 lu
2484 2869 2695 2937 seipso;
2725 2866 2843 2934 sed,
2897 2867 2949 2921 in
2978 2868 3061 2921 die
3091 2869 3322 2937 septimo.
3361 2871 3507 2939 Quid
3531 2881 3615 2927 est

1944 2959 1959 2981 ‘
2022 2978 2151 3032 ergo
2181 2962 2297 3017 dies
2339 2960 2640 3030 septimus?
2672 2968 2851 3015 utrum
2894 2968 3141 3015 creatura
3184 2970 3269 3016 est
3320 2962 3515 3031 aliqua,
3547 2979 3615 3018 an

2023 3055 2281 3123 temporis
2332 3050 2699 3108 tantummodo
2726 3050 3003 3120 Spatium?
3032 3052 3138 3107 Sed
3168 3051 3330 3107 etiam
3359 3053 3617 3125 temporis

2023 3145 2250 3216 spatium
2280 3154 2539 3200 creatura:
2573 3144 2851 3213 temporali
2892 3155 3237 3199 concreatum
3276 3155 3389 3209 est;
3418 3160 3481 3200 ac
3524 3161 3618 3216 per

2023 3237 2126 3293 hoc
2151 3246 2205 3292 et
2234 3238 2405 3309 ipsum
2432 3237 2547 3291 sine
2596 3235 2761 3291 dubio
2800 3242 3049 3290 creatura
3096 3245 3197 3290 est.
3249 3234 3434 3307 Neque
3474 3238 3618 3291 enim

2026 3329 2130 3385 ulla
2159 3336 2401 3397 tempora
2426 3328 2506 3383 vel
2545 3335 2688 3393 sunt,
2720 3326 2804 3381 vel
2854 3342 2974 3383 esse
3005 3336 3312 3396 potuerunt,
3354 3330 3435 3383 vel
3466 3338 3619 3399 pote-

2025 3430 2169 3486 runt,
2218 3435 2444 3491 quorum
2486 3420 2628 3474 Deus
2677 3435 2784 3473 non
2829 3419 2898 3472 sit
2941 3429 3192 3474 creator:
3221 3436 3284 3475 ac
3314 3436 3409 3490 per
3436 3420 3537 3476 hoc
3565 3430 3623 3478 et

2027 3513 2187 3569 istum
2215 3514 2500 3583 septimum
2524 3512 2686 3579 diem,
2714 3512 2758 3567 si
2783 3519 2990 3579 tempus
3008 3520 3111 3575 est,
3136 3512 3255 3580 quis
3280 3513 3502 3579 creavit,
3532 3513 3615 3567 ni-

2024 3607 2071 3661 si
2097 3606 2336 3661 omnium
2365 3613 2663 3673 temporum
2701 3602 2954 3657 creator?
2980 3602 3086 3658 Sed
3126 3603 3201 3656 illi
3234 3619 3327 3657 sex
3356 3604 3471 3659 dies
3495 3620 3618 3660 cum

2024 3698 2219 3767 quibus
2245 3695 2331 3751 vel
2364 3696 2416 3749 in
2466 3694 2659 3764 quibus
2698 3696 2964 3748 creaturis
3006 3694 3173 3749 creati
3218 3696 3343 3759 sint,
3375 3697 3623 3766 superior

2026 3788 2317 3857 Scriptura:
2341 3795 2542 3842 sancta:
2565 3801 2745 3841 sermo
2778 3785 2996 3840 indicat.
3025 3787 3288 3854 Quocirca
3322 3789 3375 3843 in
3398 3789 3481 3845 bis
3500 3790 3620 3848 die-

2028 3881 2130 3937 bus
2152 3888 2380 3959 septem,
2409 3894 2635 3948 quorum
2687 3878 2897 3948 species
2937 3887 3064 3931 nota
3112 3879 3269 3933 nobis
3312 3888 3412 3946 est,
3446 3880 3625 3952 quire

2028 3974 2244 4044 quidem
2276 3974 2388 4042 ipsa
2419 3980 2763 4042 praetereunt,
2792 3970 2889 4026 sed
2916 3972 3036 4027 aliis
3064 3973 3479 4030 succedentibus
3508 3991 3613 4032 no-

2030 4069 2172 4122 mina
2202 4082 2295 4121 sua
2325 4064 2721 4136 quodammodo
2764 4064 2998 4131 tradunt,
3028 4074 3090 4119 ut
3137 4066 3217 4121 illi
3256 4081 3351 4121 sex
3378 4066 3495 4122 dies
3524 4082 3622 4124 no-

2029 4162 2332 4226 minentur;
2364 4163 2608 4213 uovlmus
2632 4173 2818 4213 eorum
2849 4158 3003 4227 primi
3034 4160 3246 4228 quando
3266 4160 3432 4214 creati
3459 4168 3622 4216 sunt:

2029 4256 2313 4325 septimum
2342 4263 2516 4308 autem
2544 4252 2706 4319 diem,
2736 4253 2824 4321 qui
2854 4251 3070 4305 nomine
3104 4252 3308 4306 sabbati
3338 4262 3619 4324 nuncupa-

2031 4356 2138 4413 tur,
2163 4346 2375 4417 quando
2426 4346 2565 4398 Deus
2593 4342 2875 4408 creaverit,
2928 4356 3037 4395 non
3088 4341 3349 4397 videmus.
3401 4344 3457 4398 In
3503 4345 3621 4415 ipso

2030 4442 2226 4509 quippe
2248 4438 2335 4492 die
2362 4452 2465 4490 non
2494 4435 2615 4489 fecit
2639 4433 2858 4503 aliquid,
2885 4435 2994 4487 imo
3034 4433 3103 4488 ab
3123 4434 3201 4489 eis
3232 4451 3350 4505 qua:
3380 4452 3475 4492 sex
3499 4436 3617 4493 die.

2034 4536 2136 4591 bus
2166 4532 2388 4594 fecerat,
2418 4530 2469 4583 in
2512 4528 2702 4583 eodem
2752 4528 2991 4596 septimo
3033 4528 3311 4596 requievit.
3346 4529 3627 4596 Quomodo

2033 4643 2161 4699 ergo
2188 4622 2451 4696 requievit
2476 4622 2529 4677 in
2559 4623 2643 4677 die
2668 4637 2827 4693 quem
2869 4636 2974 4676 non
3006 4621 3251 4676 creavit?
3279 4624 3627 4695 Autqucmo-

2034 4721 2104 4776 do
2127 4736 2249 4777 eum
2279 4726 2399 4790 post
2428 4732 2521 4771 sex
2550 4715 2663 4770 dies
2682 4716 2937 4770 continuo
2962 4716 3185 4781 creavit,
3206 4730 3328 4770 cum
3354 4726 3505 4771 sexto
3535 4718 3624 4774 die

2034 4810 2485 4871 consummaverit
2515 4809 2692 4864 omnia
2719 4825 2837 4879 quin
2889 4810 3112 4877 creavit,
3171 4826 3268 4865 nec
3312 4810 3509 4880 aliquid
3542 4825 3631 4866 se-

2036 4908 2202 4979 ptimo
2247 4905 2334 4961 die
2380 4904 2661 4970 creaverit,
2692 4901 2787 4958 sed
2840 4901 2897 4957 in
2925 4917 2992 4958 eo
3040 4904 3215 4972 potius
3266 4902 3335 4957 ab
3382 4903 3629 4959 omnibus

2036 5018 2155 5073 quae
2187 5007 2478 5064 creaverat,
2536 4995 3005 5068 requieveritiAn
3057 5012 3219 5051 unum
3259 4996 3627 5051 tantummodo

2038 5096 2178 5151 diem
2240 5092 2441 5147 creavit
2494 5090 2667 5155 Deus,
2697 5098 2755 5144 ut
2796 5089 2914 5158 ejus
2968 5088 3286 5158 repetitione
3326 5086 3499 5152 multi,
3531 5088 3627 5160 qui

2039 5186 2289 5242 dicuntur
2348 5183 2497 5248 dies,
2550 5182 2887 5251 prieterirent
2936 5188 3096 5250 atque
3151 5188 3615 5248 transcurrerent;

2041 5293 2141 5334 nec
2166 5292 2301 5347 opus
2341 5286 2456 5331 erat
2489 5282 2547 5328 ut
2575 5274 2863 5345 septimum
2907 5271 3050 5326 diem
3076 5281 3303 5337 crearet,
3338 5272 3459 5339 quia
3483 5272 3628 5329 illius

2040 5384 2199 5442 quem
2223 5375 2517 5431 creaverat,
2549 5367 2774 5436 septima
2802 5363 3049 5433 repetitio
3081 5362 3221 5417 hunc
3251 5362 3431 5434 utique
3462 5364 3627 5420 facie—

2040 5462 2178 5519 bat?
2206 5462 2404 5518 Lucem
2454 5458 2647 5531 quippe
2692 5458 2761 5515 de
2787 5472 2891 5528 qua
2946 5455 3206 5527 scriptum
3232 5465 3337 5524 est,
3390 5456 3461 5513 Et
3505 5459 3637 5516 dixit

3664 5568 3682 5605 Ξ

2110 5686 2125 5715 ι
2139 5684 2346 5753 sicitas,
2366 5688 2422 5733 Αι
2438 5680 2627 5743 ὸιωει,
2645 5675 3105 5744 praemissam
3120 5677 3232 5741 Dei,
3249 5677 3432 5740 ferunt,
3454 5675 3643 5741 aqua

3725 5736 3745 5771 Ι
