3902 6372
338 266 442 327 8H
1260 258 1354 319 DE
1387 257 1633 319 GENESI
1670 258 1766 317 AD
1799 257 2172 331 LITTERAM,
2208 257 2268 316 8.
2308 256 2681 318 AUGUSTINI
3499 264 3647 322 313

336 379 502 446 Deus,
529 378 652 435 Fiat
669 378 802 445 tua;
822 383 873 433 et
893 375 1031 448 [arto
1063 380 1139 430 est
1163 373 1256 430 ius
1272 372 1293 446 (
1310 370 1440 430 Cen.
1468 388 1509 442 ι,
1534 373 1572 431 3
1597 373 1639 443 ),
1667 372 1923 431 discrevit
2023 389 2118 431 sua
2146 373 2372 445 quadam
2402 372 2728 429 informitate
2747 370 2814 429 ad
2837 370 3148 430 Creatorem
3166 389 3423 433 conversa
3439 388 3648 450 atque

338 488 374 528 a
405 469 660 535 tenebris,
711 482 938 539 nmque
973 464 1183 525 *θαι-ιι
1206 463 1371 530 diem,
1401 474 1459 521 et
1486 464 1734 521 tenebras
1760 480 1922 523 voca-
2026 463 2290 532 formata;
2320 464 2389 521 ita
2414 475 2471 522 et
2520 474 2640 536 post
2664 480 2940 536 vesperam
2978 466 3071 521 llat
3114 482 3294 535 mane,
3318 484 3438 525 eum
3472 480 3628 541 post
3701 507 3713 513 ο

338 562 416 618 vit
446 573 679 619 noctem.
700 558 852 616 Tune
875 558 1055 630 itaque
1083 555 1224 613 Deus
1244 554 1386 612 diem
1412 554 1561 622 fecit,
1582 555 1737 626 cujus
1760 571 1921 625 repe-
2024 556 2379 627 cognitionem
2423 570 2535 612 sum
2560 556 2787 626 propria:
2814 565 3037 621 naturae,
3076 571 3180 629 qua
3211 573 3316 614 non
3353 569 3435 617 est
3460 559 3643 630 quod

339 654 579 713 titionem
598 652 866 722 Scriptura
882 648 1113 720 appellat
1126 645 1416 706 secundum
1437 645 1601 714 diem,
1615 647 1809 704 deinde
1824 657 1924 705 ter-
2027 645 2189 709 Deus.
2221 647 2381 702 refert
2406 660 2467 703 se
2487 648 2553 702 ad
2586 646 2899 702 laudandam
2941 647 3135 717 lucem,
3156 649 3298 721 quod
3326 651 3437 722 ipse
3462 653 3645 710 De“;

340 748 494 809 tium,
515 754 571 801 et
583 759 749 815 usque
775 743 1202 812 adscstum,qno
1219 739 1605 797 consummavit
1628 740 1768 796 Deus
1792 754 1923 809 ope-
2025 744 2127 803 est,
2158 735 2309 807 cujus
2334 737 2780 806 contemplatione
2808 737 3084 793 formatur.
3117 738 3185 796 Et
3221 741 3344 812 quia
3391 752 3642 809 ea:th

341 856 403 898 ra
430 853 523 896 sua
559 854 575 892 :
613 847 775 909 alqttc
800 835 922 892 inde
938 835 1076 889 illius
1100 833 1207 890 diei
1232 832 1476 908 primitus
1499 832 1661 889 creati
1691 832 1919 903 septima
2024 836 2305 895 creatum,
2334 829 2604 898 quminfra
2626 829 2793 901 ipsam
2823 831 2975 896 limu,
3004 830 3123 886 sine
3159 832 3461 903 cognitione
3490 835 3644 905 eius

341 928 589 999 repetitio
613 927 822 997 septimi
850 926 953 980 diei
996 940 1186 979 nomen
1207 925 1434 994 accepit,
1459 923 1513 978 in
1538 939 1644 992 quo
1662 923 1923 993 requievit

341 1022 504 1078 Deus.
529 1023 603 1073 Ae
621 1034 714 1089 per
739 1017 839 1072 bne
865 1016 1007 1073 nulla
1035 1024 1279 1070 creatura
1304 1014 1658 1084 estseptimns
1675 1014 1812 1080 dies,
1833 1013 1918 1068 ni-

338 1113 383 1170 si
405 1110 589 1167 eadem
611 1109 724 1180 ipsa
744 1109 942 1177 septies
963 1107 1196 1170 rediens,
1222 1122 1340 1176 qua:
1360 1104 1571 1161 condita
1589 1103 1914 1175 est.qnaudo

278 1192 287 1199 ’
337 1201 543 1259 vocavit
578 1201 714 1255 Deus
734 1200 903 1254 lucem
931 1198 1095 1263 diem,
1118 1206 1173 1252 et
1195 1196 1439 1252 tenebras
1459 1196 1665 1250 vocavit
1687 1204 1919 1251 noctem.

338 1294 564 1352 CAPUT
605 1290 744 1348 XXI.
771 1318 844 1332 -—
871 1288 948 1344 De
984 1288 1095 1343 iure
1117 1304 1230 1358 qua
1260 1299 1376 1343 ante
1425 1287 1695 1342 luminaria
1720 1286 1815 1359 fuit
1854 1284 1925 1340 ad

720 1380 1110 1436 vicissitudinem
1133 1380 1236 1434 diei
1260 1388 1307 1433 ct
1354 1379 1535 1433 noctis.

410 1475 500 1533 38.
523 1474 727 1529 Rursus
751 1488 878 1543 ergo
904 1472 969 1527 ad
991 1488 1107 1528 eam
1129 1470 1474 1542 quaestionem
1520 1469 1826 1536 relabimnr,
1855 1468 1926 1527 de

340 1583 444 1640 qua
474 1566 527 1620 in
558 1567 729 1636 primo
752 1565 886 1619 libro
930 1564 1124 1618 exiisse
1167 1562 1516 1626 videbamur;
1545 1570 1602 1615 ut
1622 1562 1745 1615 item
1773 1576 1923 1631 qua:-

340 1673 523 1715 ramus
552 1655 819 1727 quonde
856 1654 1083 1709 circuire
1108 1652 1439 1722 potueritqu
1469 1652 1534 1704 ad
1570 1650 1921 1705 exhibendam

341 1750 587 1807 diurnam
611 1759 1025 1814 nocturnamque
1045 1744 1480 1807 vicissitmlincm,
1510 1757 1615 1796 non
1638 1742 1809 1795 solum
1836 1756 1926 1795 an-

354 1850 566 1912 tequam
599 1839 720 1892 C(l'll
753 1836 1051 1901 luminaria,
1097 1835 1190 1889 sed
1216 1843 1499 1903 antequam
1528 1832 1701 1901 ipsum
1729 1832 1922 1886 caelum

343 1930 486 2004 quod
512 1931 901 1985 lirmamentum
927 1925 1249 1996 appellatum
1274 1932 1377 1989 est,
1414 1923 1614 1977 factum
1635 1931 1798 1987 esset,
1825 1936 1923 1977 an-

343 2035 559 2098 tequam
591 2022 819 2093 denique
865 2020 969 2073 ulla
1008 2018 1220 2087 Species
1260 2026 1415 2070 terra:
1460 2014 1541 2071 vel
1588 2015 1772 2077 maris,
1805 2029 1925 2082 qua:

345 2120 624 2175 circuitum
653 2117 787 2171 lucis
833 2114 1156 2178 admitteret,
1185 2120 1439 2180 sequente
1482 2118 1637 2164 nocte
1664 2108 1804 2163 unde
1835 2108 1925 2164 illa

345 2210 643 2267 transisset.
666 2208 830 2273 Cujus
856 2204 1160 2274 quaestionis
1181 2203 1492 2258 dillienltate
1516 2202 1800 2271 compulsi,
1823 2216 1921 2254 an-

346 2304 392 2359 si
423 2316 607 2356 smnus
643 2298 1087 2369 disceptationem
1122 2304 1355 2348 uostrant
1381 2293 1530 2364 quasi
1558 2292 1623 2346 ad
1654 2291 1788 2346 banc
1822 2300 1928 2345 ter-

344 2393 550 2449 minare
573 2388 910 2450 sententiam,
958 2395 1013 2439 ut
1047 2383 1351 2438 diceremus
1396 2383 1539 2436 illam
1582 2381 1754 2435 lucem
1803 2395 1926 2449 qua:

345 2483 592 2556 primitus
619 2481 750 2537 facta
777 2488 881 2545 est,
901 2476 1376 2532 conformazionem
1400 2488 1519 2529 esse
1538 2482 1798 2529 creatura:
1819 2471 1929 2541 spi-

346 2574 586 2637 ritual's;
614 2582 822 2626 noctem
854 2583 1001 2629 vero,
1033 2565 1207 2621 adhuc
1250 2565 1576 2619 formandam
1609 2563 1660 2617 in
1707 2563 1929 2632 reliquis

347 2664 599 2737 Operibus
621 2678 794 2717 rerum
828 2659 1119 2721 materiem,
1153 2674 1271 2727 qua:
1300 2657 1467 2711 fuerat
1501 2656 1553 2709 in
1574 2656 1763 2721 titnta,
1802 2670 1926 2709 cum

349 2756 403 2813 in
433 2755 689 2827 principio
717 2752 833 2807 fecit
877 2750 1017 2805 Deus
1062 2748 1257 2804 cmlum
1305 2756 1361 2802 et
1393 2759 1606 2803 teriam.
1643 2755 1929 2813 antequam

348 2851 512 2905 verbo
534 2848 727 2903 faceret
749 2847 888 2898 diem
905 2846 943 2896 '.
974 2840 1078 2897 Sed
1098 2856 1235 2895 nunc
1260 2838 1363 2894 diei
1385 2839 1595 2909 septimi
1622 2838 1931 2893 considera-

351 2941 495 2996 tione
513 2935 843 3002 eonnnonili,
864 2934 1065 2988 facilius
1085 2942 1164 2986 est
1193 2940 1249 2985 ιιι
1268 2945 1367 2985 nas
1382 2930 1626 2999 ignnmre
1643 2929 1924 2993 fateamur,

350 3026 491 3103 quod
520 3038 779 3085 remotum
811 3035 941 3081 esta
968 3024 1215 3079 sensibus
1258 3022 1473 3085 nostris,
1499 3035 1728 3090 quonam
1773 3018 1931 3074 modo

356 3122 448 3177 lux
471 3119 559 3175 illa
586 3133 705 3189 qua:
749 3116 865 3169 dies
914 3114 1177 3183 appellata
1203 3124 1308 3179 est,
1352 3115 1431 3167 vel
1458 3112 1676 3166 circuitu
1704 3128 1821 3174 suo,
1845 3111 1929 3166 vel

353 3211 716 3267 contractione
731 3220 777 3263 et
798 3206 1103 3267 cllll~SIOIIm
1126 3204 1168 3258 si
1186 3203 1475 3273 corporalis
1490 3212 1591 3268 est,
1616 3202 1757 3258 vices
1785 3202 1933 3258 diur-

355 3316 455 3358 nas
486 3311 873 3368 nocturnasque
895 3297 1175 3368 peregerit,
1195 3295 1274 3351 vel
1301 3296 1345 3350 si
1368 3294 1657 3364 spiritualis
1677 3304 1778 3360 est,
1804 3311 1935 3349 con-

354 3390 544 3448 dendis
576 3390 833 3445 creaturis
863 3389 1110 3442 onmilms
1137 3394 1451 3456 pnesentata
1480 3387 1569 3450 sit,
1599 3400 1798 3456 suaque
1819 3386 1932 3455 ipsa

355 3481 636 3555 pmsentia
661 3479 821 3543 tliem,
852 3490 1059 3533 noctem
1090 3492 1216 3532 vero
1243 3476 1509 3541 absentia,
1538 3491 1815 3543 vesperam
1837 3476 1936 3532 ini-

359 3576 436 3631 tio
455 3573 731 3638 absentiae,
757 3587 911 3625 mane
939 3569 1087 3624 initio
1118 3569 1411 3638 prmsentia:
1439 3566 1659 3632 fecerit;
1689 3584 1845 3636 quam
1876 3578 1935 3624 ut

359 3666 412 3722 in
452 3682 511 3721 re
533 3674 712 3735 aperta
735 3672 920 3717 contra
951 3662 1143 3715 divina:
1163 3659 1452 3730 Scriptura:
1469 3659 1627 3714 verba
1652 3674 1931 3720 conemur.

358 3756 587 3814 dicendo
611 3752 751 3811 aliud
781 3768 900 3808 esse
926 3751 1066 3806 diem
1109 3750 1412 3822 septimum,
1445 3765 1602 3820 quam
1651 3749 1790 3803 illius
1827 3747 1935 3805 diei

358 3865 519 3921 quem
551 3846 676 3902 fecit
698 3846 837 3899 Dens
863 3841 1139 3912 septimam
1165 3840 1823 3912 repetitionem.Alioquin
1845 3847 1937 3895 aut

362 3957 469 4002 non
492 3938 692 3995 creavit
722 3938 860 3992 Deus
885 3935 1167 4004 septimum
1203 3933 1368 3996 diem,
1395 3945 1487 3987 aut
1513 3932 1710 4006 aliquid
1737 3930 1940 3987 creavit

361 4039 487 4104 post
515 4031 632 4085 illos
659 4042 749 4083 sex
778 4028 914 4092 dies,
948 4026 998 4079 id
1024 4034 1107 4081 est
1133 4025 1304 4094 ipsum
1324 4023 1464 4078 diem
1487 4024 1804 4102 Septimum;
1833 4022 1933 4077 lal-

362 4115 587 4190 Sntnquc
615 4118 719 4174 erit
755 4117 894 4187 quod
914 4117 1169 4185 scriptum
1196 4124 1297 4179 est,
1329 4113 1381 4167 in
1408 4123 1559 4167 sexto
1577 4113 1662 4167 die
1684 4128 1939 4168 consum-

364 4227 541 4284 masse
567 4209 742 4264 omnia
760 4223 920 4278 opera
960 4221 1077 4272 sua,
1105 4214 1160 4260 et
1188 4204 1240 4258 in
1267 4204 1494 4272 septimo
1523 4203 1845 4271 requievisse
1869 4204 1939 4259 ab

366 4305 616 4363 omnibus
641 4301 892 4372 operibus
927 4298 1058 4354 suis.
1085 4296 1234 4366 Quod
1264 4295 1443 4366 utique
1467 4295 1714 4366 quoniam
1746 4293 1937 4349 falsum

364 4414 487 4457 esse
516 4414 619 4453 non
646 4402 841 4468 potest,
862 4401 1027 4449 restat
1052 4400 1109 4445 ut
1137 4387 1411 4460 pnesentia
1435 4386 1568 4443 lucis
1599 4387 1758 4448 illius.
1777 4400 1937 4458 quem

366 4490 512 4546 diem
539 4489 676 4545 Deus
703 4486 844 4551 fecit,
890 4499 983 4554 per
1030 4480 1209 4537 omnia
1255 4493 1416 4550 opem
1445 4478 1562 4548 ejus
1591 4478 1812 4548 repetita
1847 4476 1936 4541 sit,

367 4579 578 4652 quoties
592 4578 708 4633 dies
729 4575 1028 4631 nominatus
1042 4581 1144 4636 est,
1186 4578 1242 4626 et
1265 4569 1318 4624 in
1348 4568 1465 4639 ipso
1495 4567 1724 4638 septimo
1752 4566 1805 4622 in
1832 4578 1939 4638 quo

365 4667 628 4740 requievit
654 4665 721 4721 ab
746 4664 992 4733 operibus
1017 4660 1147 4717 suis.

367 4755 592 4817 CAPUT
633 4753 794 4811 XXII.
818 4782 891 4794 —
909 4750 1022 4806 Lua:
1048 4748 1326 4822 spiritualis
1351 4746 1602 4819 quomodo
1639 4744 1739 4799 diei
1760 4753 1808 4801 et
1846 4758 1942 4801 no-

587 4849 681 4905 ctis
709 4845 1096 4902 vicissitudinem
1120 4840 1405 4897 exhibuisse
1427 4838 1744 4910 intelligitur.

440 4943 531 5002 39.
558 4941 665 5001 Sed
689 4938 936 5011 quoniam
988 4936 1075 4991 lux
1123 4932 1437 5004 corporalis,
1476 4939 1758 5003 antequam
1791 4928 1943 4986 lieret

365 5038 585 5101 malum,
609 5033 748 5104 quod
777 5032 1163 5086 firmamentum
1200 5032 1438 5090 vocatur,
1456 5024 1508 5080 in
1536 5038 1643 5097 quo
1668 5024 1829 5078 etiam
1858 5022 1941 5078 lu-

300 5168 311 5177 -
365 5130 591 5188 minaria
616 5126 750 5181 facta
766 5131 909 5188 sunt,
922 5136 1028 5193 quo
1049 5119 1270 5176 circuitu
1287 5117 1369 5173 vel
1384 5132 1491 5188 quo
1511 5131 1764 5188 processu
1780 5126 1835 5174 et
1853 5131 1942 5174 re-

368 5234 528 5277 cessu
556 5217 697 5273 vices
724 5213 828 5270 diei
859 5221 914 5267 et
960 5210 1132 5266 noctis
1173 5208 1427 5264 exhibere
1450 5208 1698 5279 potuerit,
1724 5221 1831 5263 non
1862 5206 1945 5263 in-

371 5312 612 5369 venimus
634 5325 652 5376 ;
684 5308 840 5364 istam
866 5302 1211 5376 qumstionem
1228 5300 1528 5371 relinquere
1545 5315 1653 5356 non
1680 5299 1940 5356 debemus

369 5403 489 5464 sine
512 5401 683 5470 aliqua
701 5408 896 5453 nostne
920 5393 1218 5466 prolatione
1241 5390 1553 5447 sententiae:
1583 5399 1641 5446 ut
1662 5390 1707 5446 si
1735 5389 1823 5445 lux
1853 5389 1943 5446 illa

371 5507 492 5563 quae
517 5489 763 5564 primitus
790 5496 965 5543 creata
985 5492 1088 5550 est,
1120 5499 1225 5540 non
1258 5481 1551 5556 corporalis
1566 5481 1658 5538 sed
1687 5480 1937 5552 spiritua.

369 5583 441 5651 lis
457 5570 562 5647 est,
589 5596 616 5637 s
636 5590 723 5636 cut
747 5589 867 5652 post
895 5578 1141 5633 tenebras
1185 5573 1319 5633 facta
1348 5584 1432 5631 est
1457 5575 1545 5631 ubi
1574 5573 1883 5646 intelligitur
1908 5588 1942 5629 a

433 5687 1381 5770 ιιιιωᾳιιιυιιιιιίαιῡιφιοτιιιωουίις
1412 5687 1880 5754 autth

352 5762 381 5789 γ

2026 936 2133 976 non
2161 924 2309 987 fiunt,
2340 934 2612 992 propterea
2645 922 2898 977 nimirum
2923 923 3063 979 idem
3085 924 3202 981 dies
3227 925 3422 997 ubique
3445 943 3640 997 repo-

2027 1015 2174 1076 titur,
2207 1024 2261 1069 ιιι
2287 1015 2401 1084 ejus
2418 1015 2728 1084 repetitione
2757 1015 2881 1071 llant
2912 1023 2990 1070 tot
3012 1015 3148 1082 dies,
3177 1018 3388 1088 quoties
3410 1018 3641 1077 distin-

2025 1113 2258 1172 guuntnr
2282 1121 2456 1158 rerum
2482 1120 2674 1176 genera
2701 1114 3022 1173 crcatarum,
3056 1107 3381 1175 perfectione
3400 1111 3633 1170 senarii

2027 1194 2231 1248 muneri
2263 1194 2591 1250 terminanda
2626 1212 2640 1248 :
2674 1205 2731 1249 ut
2772 1211 2991 1265 vespera
3020 1198 3175 1270 primi
3212 1198 3318 1255 diei
3348 1202 3417 1256 sit
3442 1204 3637 1260 etiam

2025 1284 2107 1337 sui
2134 1284 2364 1352 cognitio
2386 1286 2426 1352 ',
2449 1300 2555 1340 non
2571 1302 2764 1341 scesse
2779 1288 2919 1356 quod
2945 1288 3080 1343 Deus
3096 1298 3217 1353 est;
3248 1307 3404 1349 mane
3427 1304 3636 1353 autent

2026 1385 2145 1443 post
2168 1374 2303 1430 banc
2328 1391 2627 1445 vesperam,
2650 1393 2757 1447 quo
2783 1377 3120 1435 concluditur
3140 1378 3257 1437 dies
3277 1398 3433 1445 unus.
3449 1397 3509 1439 et
3545 1387 3638 1441 in-

2025 1465 2250 1548 choatur
2296 1466 2582 1532 secundus,
2623 1468 2902 1523 conversio
2951 1469 3021 1524 sit
3058 1470 3195 1540 ejus.
3236 1488 3338 1543 qua
3384 1473 3435 1529 id
3462 1475 3635 1548 quod

2030 1564 2208 1609 creata
2238 1565 2339 1621 est,
2369 1556 2435 1612 ad
2466 1556 2674 1613 laudem
2716 1558 2912 1615 referat
2938 1560 3229 1629 Creatoris,
3272 1572 3328 1619 et
3353 1568 3637 1637 [arripiat

2025 1644 2094 1700 de
2120 1644 2289 1701 Verbo
2321 1648 2411 1704 Dei
2451 1649 2804 1719 cognitionem
2833 1661 3096 1707 creaturm
3113 1669 3234 1725 quae
3273 1667 3389 1727 post
3435 1658 3631 1731 ipsam

2028 1737 2107 1802 lit,
2139 1737 2241 1794 ltoc
2263 1748 2347 1795 est
2385 1742 2706 1797 firmamenti
2736 1760 2750 1797 :
2781 1743 2923 1813 quod
2955 1744 3006 1798 in
3044 1744 3162 1813 ejus
3197 1748 3509 1816 cognitione
3562 1750 3634 1808 ﬁt

2027 1830 2174 1898 prius
2197 1845 2320 1887 eum
2355 1832 2569 1897 dicitur,
2598 1832 2666 1888 Et
2684 1835 2756 1889 sic
2773 1846 2847 1890 est
2869 1840 3060 1908 factum
3082 1853 3102 1902 ;
3125 1837 3315 1895 deinde
3340 1840 3392 1894 in
3417 1852 3631 1899 natura

2026 1920 2191 1988 ipsius
2215 1922 2556 1988 lirmatncnti,
2583 1924 2722 1994 quod
2758 1926 3025 1994 conditur,
3056 1942 3178 1983 eum
3198 1928 3410 1985 additur
3438 1931 3622 1990 etiam

2028 2023 2231 2083 postea.
2251 2014 2361 2083 jam
2390 2014 2550 2075 dicto.
2577 2014 2641 2070 Et
2659 2016 2732 2071 sic
2757 2027 2829 2070 est
2852 2017 3068 2086 factum,
3105 2016 3171 2072 Et
3192 2017 3311 2089 [erit
3354 2019 3493 2077 Deus
3517 2022 3631 2091 ﬁr-

2028 2117 2354 2161 mamentum.
2378 2108 2575 2163 Deinde
2593 2108 2649 2163 lit
2674 2123 2890 2177 veSpera
2922 2109 3062 2164 ilfios
3096 2111 3252 2176 lucis,
3276 2126 3398 2167 cum
3428 2114 3624 2185 ipsum

2032 2202 2446 2265 firmamentum,
2472 2217 2578 2257 non
2629 2201 2681 2255 in
2716 2200 2888 2257 Verbo
2934 2201 3029 2258 Dei
3055 2202 3193 2259 sicut
3229 2214 3374 2271 ante,
3421 2206 3527 2261 sed
3562 2206 3627 2265 in

2031 2290 2141 2360 ipsa
2189 2290 2307 2361 ejus
2350 2300 2535 2345 natura
2578 2293 2884 2361 cognoscit:
2911 2307 3032 2361 qua:
3082 2293 3315 2365 cognitio
3354 2298 3623 2365 quoniam

2029 2381 2204 2436 minor
2232 2391 2335 2447 est,
2366 2391 2511 2437 recte
2548 2396 2782 2452 vespera:
2819 2382 3035 2438 nomine
3080 2384 3428 2455 signiﬁcatur.
3480 2387 3625 2445 Post

2024 2459 2187 2540 quam
2215 2470 2271 2526 lit
2298 2488 2473 2538 mane,
2502 2487 2608 2543 quo
2632 2472 2963 2528 concluditur
2981 2475 3246 2530 secundus
3270 2475 3410 2544 dies,
3441 2488 3502 2534 et
3518 2479 3615 2535 in-

2030 2562 2159 2631 cipit
2189 2563 2375 2617 tertins
2403 2579 2417 2616 :
2450 2563 2500 2616 in
2523 2580 2629 2633 quo
2652 2562 2831 2618 itidem
2869 2579 3025 2620 mane
3052 2567 3332 2621 conversio
3364 2577 3450 2624 est
3475 2570 3623 2628 lucis

2034 2652 2213 2721 ltujus,
2245 2653 2295 2707 id
2323 2662 2407 2707 est
2432 2653 2536 2709 diei
2581 2654 2736 2721 bujus
2774 2655 2841 2710 ad
2895 2655 3212 2712 laudandum
3248 2659 3434 2722 Deum,
3466 2662 3623 2732 quod

2031 2756 2282 2817 cperatus
2306 2746 2376 2799 sit
2402 2746 2814 2813 (irritamentum,
2841 2755 2895 2803 ct
2918 2748 3311 2820 percipiendam
3331 2751 3401 2809 de
3432 2752 3624 2811 Verbo

2033 2838 2150 2908 ejus
2199 2839 2551 2909 cognitionem
2589 2849 2871 2908 creatum,
2913 2858 3033 2912 qua:
3079 2844 3353 2900 condenda
3379 2855 3466 2902 est
3494 2856 3626 2917 post

2037 2930 2446 2985 ﬁrmamentum.
2472 2931 2548 2985 Ac
2578 2947 2670 3000 per
2695 2932 2796 2987 boc
2822 2946 2942 2987 cum
2970 2932 3099 2988 dicit
3125 2934 3296 3001 Deus,
3320 2933 3623 3010 ϐοηθητι-

2037 3031 2119 3076 tur
2140 3037 2272 3093 aqua
2297 3038 2412 3092 qme
2432 3032 2503 3077 est
2525 3022 2617 3077 sub
2642 3024 2788 3087 mlo,
2817 3024 2869 3077 in
2890 3025 3233 3080 collectionem
3274 3042 3426 3081 unum
3448 3040 3498 3082 et
3520 3045 3597 3101 ap

2038 3123 2211 3183 pareat
2236 3114 2402 3178 arido,
2443 3116 2711 3184 Cognoscit
2744 3115 2845 3171 hoc
2890 3115 2972 3170 illa
2996 3114 3083 3171 lux
3107 3118 3161 3172 in
3184 3116 3360 3174 Verbo
3388 3119 3482 3176 Dei
3509 3134 3626 3191 quo

2037 3204 2086 3259 id
2106 3204 2296 3260 dicitur
2322 3221 2336 3267 ;
2369 3215 2423 3261 et
2452 3205 2570 3261 ideo
2592 3209 2847 3275 sequitur,
2878 3203 2945 3260 Et
2966 3206 3128 3261 sicest
3145 3211 3357 3278 factum,
3383 3208 3495 3266 ltec
3538 3219 3626 3267 est

2040 3299 2091 3352 in
2113 3298 2231 3368 ejus
2257 3299 2555 3369 cognitione
2575 3316 2637 3354 ex
2664 3297 2837 3354 Verbo
2868 3298 2992 3354 Dei:
3023 3299 3217 3355 deinde
3241 3301 3621 3367 cumadditur,

2039 3388 2107 3444 Et
2131 3400 2428 3461 congregata
2448 3398 2520 3444 est
2540 3405 2690 3459 aqua,
2713 3400 2821 3444 etc.
2857 3391 2875 3459 (
2901 3387 3051 3453 ϐεη..
3074 3405 3113 3455 t,
3137 3390 3193 3457 9,
3221 3392 3330 3462 Ill).
3356 3406 3484 3447 cunt
3505 3393 3528 3463 j
3548 3407 3621 3448 un

2036 3482 2237 3536 dictum
2265 3491 2425 3545 esset,
2454 3479 2518 3535 Et
2540 3480 2611 3534 sic
2658 3484 2847 3552 factum
2891 3491 2984 3548 est,
3034 3481 3086 3535 in
3128 3497 3229 3537 suo
3276 3499 3474 3553 genere
3506 3486 3623 3555 ipsa

2039 3584 2278 3629 creatura
2297 3574 2391 3638 lit;
2417 3589 2534 3642 qua:
2557 3573 2680 3628 item
2700 3587 2819 3626 cuin
2845 3573 2896 3626 in
2923 3586 3020 3625 suo
3039 3587 3236 3641 genere
3262 3570 3401 3628 facta
3416 3589 3522 3646 cog
3546 3590 3625 3629 ao-

2040 3666 2210 3721 scitur
2241 3665 2308 3718 ab
2332 3679 2392 3718 ea
2420 3663 2556 3727 luce,
2586 3678 2704 3732 qua:
2742 3662 2851 3732 jam
2883 3661 2935 3716 in
2968 3661 3139 3717 Verbo
3169 3662 3260 3718 Dei
3314 3662 3622 3720 faciendam

2040 3764 2382 3825 cognoverat,
2416 3753 2474 3808 fit
2497 3753 2654 3809 tertio
2674 3767 2894 3825 vespera
2925 3761 3016 3807 :et
3035 3752 3159 3809 inde
3188 3752 3291 3809 boc
3319 3753 3481 3808 modo
3506 3768 3621 3810 cae-

2018 3857 2154 3905 .ter.n
2184 3844 2442 3917 usquead
2465 3859 2619 3899 mane
2641 3854 2761 3913 post
2790 3857 3062 3915 vesperam
3091 3842 3229 3899 sein
3254 3842 3383 3899 diei.

2039 3934 2266 3994 CAPUT
2294 3931 2479 3989 XXlIl.
2507 3962 2579 3974 —
2600 3932 2832 4005 Cognitio
2861 3948 3029 3987 rerum
3073 3933 3127 3987 in
3165 3931 3310 3989 verbo
3337 3932 3437 3988 Dei
3490 3944 3543 3991 et
3568 3933 3626 3989 in

2737 4024 2934 4096 seipsis.

2113 4121 2203 4179 40.
2258 4119 2477 4176 tlnltum
2530 4117 2726 4190 quippe
2780 4119 2999 4174 interest
3064 4117 3204 4174 inter
3255 4118 3621 4189 cognitionem

2042 4214 2120 4273 rei
2147 4214 2400 4284 cujusque
2429 4212 2481 4268 in
2517 4210 2690 4265 Verbo
2713 4208 2826 4275 Dei,
2848 4218 2903 4264 et
2918 4209 3270 4279 cognitionem
3295 4209 3412 4280 ejus
3435 4210 3490 4266 in
3522 4225 3621 4268 na-

2045 4319 2160 4365 tura
2187 4309 2330 4378 ejns:
2358 4317 2417 4363 ut
2454 4304 2579 4361 illttd
2612 4304 2801 4360 merito
2818 4302 2885 4358 ad
2924 4304 3065 4359 diem
3096 4305 3375 4374 pertineat,
3422 4303 3531 4362 hoc
3551 4303 3621 4361 ad

2044 4416 2343 4472 vesperam.
2377 4399 2433 4453 ln
2461 4397 2859 4467 comparatione
2885 4398 3027 4452 enim
3054 4396 3191 4452 lucis
3216 4396 3361 4453 illius
3403 4414 3528 4470 qua:
3564 4397 3618 4454 in

2048 4494 2221 4550 Verbo
2243 4492 2333 4547 Dei
2356 4490 2706 4560 con5picitur,
2734 4489 2908 4544 omnis
2932 4488 3165 4560 cognitio
3190 4503 3294 4560 qua
3321 4500 3619 4546 creaturam

2046 4583 2338 4658 quamlibet
2361 4582 2413 4636 in
2442 4579 2616 4651 seipsa
2647 4578 2910 4644 novimus,
2938 4595 3043 4633 non
3084 4579 3352 4635 immerito
3380 4595 3487 4637 uox
3512 4578 3619 4637 dici

2045 4686 2220 4749 potest
2248 4692 2264 4730 :
2289 4688 2408 4746 quze
2423 4685 2608 4727 rursus
2632 4679 2833 4726 tantum
2856 4667 3034 4725 dill‘ert
3050 4670 3119 4725 ab
3144 4685 3328 4726 errore
3357 4670 3441 4749 vel
3469 4671 3620 4742 ignee

2045 4742 2214 4825 rentia
2231 4742 2416 4823 eorum
2430 4763 2521 4834 qui
2533 4777 2632 4818 nec
2655 4762 2819 4832 ipsam
2837 4771 3134 4817 creaturam
3144 4762 3341 4829 sciunt,
3368 4742 3488 4817 utin
3501 4762 3615 4833 ejus

2003 4845 2014 4855 ’
2046 4855 2442 4927 comparatione
2469 4868 2577 4910 non
2608 4855 2897 4923 incongrue
2919 4851 3125 4907 dicatur
3150 4850 3289 4908 dies.
3331 4852 3481 4910 Sicut
3505 4854 3616 4925 ipsa

2047 4954 2153 5009 vita
2180 4949 2411 5007 ﬁdelium
2440 4962 2559 5017 quae
2588 4947 2643 5000 in
2685 4944 2805 5003 bac
2827 4957 2989 4999 (ιλιι-ηε
3006 4952 3166 5015 atque
3211 4943 3267 4999 in
3295 4943 3398 5000 boc
3421 4942 3616 5000 smculo

2048 5044 2278 5109 ducitur,
2317 5039 2372 5095 in
2389 5035 2785 5110 comparatione
2811 5034 2935 5090 vita:
2967 5033 3194 5090 inlidelis
3234 5043 3396 5105 atque
3440 5034 3614 5105 impia

2049 5157 2157 5199 non
2205 5134 2636 5196 irrationabiliter
2662 5132 2752 5187 lus
2803 5138 2861 5188 et
2905 5128 3024 5187 dies
3064 5129 3382 5202 appellatur,
3409 5128 3616 5185 dicente

2048 5231 2323 5307 Apostolo,
2348 5227 2545 5286 Fuistis
2591 5222 2863 5295 aliquando
2903 5219 3136 5286 tenebris,
3166 5235 3300 5276 nunc
3323 5230 3492 5276 autent
3527 5219 3617 5275 ιιι-τ

2048 5325 2103 5380 in
2134 5321 2354 5379 Domino
2398 5317 2615 5389 (Ephes.
2640 5316 2696 5383 5,
2722 5314 2816 5379 8);
2861 5321 2918 5368 et
2941 5310 3105 5379 illud,
3134 5311 3442 5379 Abiiciontus
3466 5323 3619 5383 opera

2051 5415 2389 5479 tenebrarum,
2416 5418 2464 5467 et
2491 5408 2762 5464 inlinamus
2804 5421 2896 5461 nos
2921 5419 3065 5458 anno
3082 5402 3242 5468 lueis;
3290 5402 3420 5458 sicut
3451 5404 3505 5458 in
3537 5398 3616 5456 die

2052 5510 2256 5566 honeste
2298 5502 2607 5559 ambulemus
2659 5498 2835 5572 (Rom.
2862 5512 2986 5563 xui,
3019 5495 3107 5561 ιε,
3134 5496 3224 5566 13)
3256 5512 3271 5552 :
3301 5496 3391 5567 qui
3442 5504 3613 5550 nmen

2112 5623 2131 5657 ι
2154 5625 2301 5670 meus
2318 5616 2377 5667 ad
2399 5621 2506 5665 Mss.
2531 5609 2840 5668 emendatus;
2861 5608 2910 5659 in
2930 5618 3028 5671 quo
3045 5603 3230 5671 scilicet
3250 5604 3416 5671 excusi
3437 5604 3614 5663 habito?

2050 5665 2475 5763 ινιιηιξὶῦᾦέὶίωιε,
2496 5676 2736 5756 pauloque
2903 5665 3210 5737 οᾱηυενείορϐ
3228 5667 3349 5730 dtu.
