3902 6310
133 281 225 339 διδ
1443 256 1649 312 LIBER
1687 236 2031 323 quantus.

135 391 357 454 dies~nisi
385 402 564 446 rursus
587 386 640 441 in
665 379 1059 451 eninparatione
1085 375 1226 429 illius
1241 372 1343 427 dici
1370 387 1474 442 quo
1501 385 1682 429 :ouiia-

136 493 203 547 les
223 484 431 557 Angelis
459 480 574 536 facti
592 476 885 532 videbimus
910 471 1074 525 Deum
1107 465 1259 520 sicuti
1284 472 1385 521 est.
1416 463 1527 529 ipSe
1547 476 1684 530 quu-

136 594 222 650 qoe
247 550 344 630 no'x
369 580 536 632 esset;
585 583 692 622 non
721 564 804 618 bic
848 557 1372 632 pmpbetimloeerna
1425 550 1690 619 indigere-

138 642 238 724 nios
266 684 278 720 :
308 664 450 719 unde.
492 657 762 731 apostolus
803 654 992 708 Petrus
1040 649 1187 710 dicit,
1225 644 1479 699 ﬂabeonns
1503 642 1682 695 certio-

139 776 225 814 rem
252 753 585 825 propheticum
602 760 900 802 sermonem,
946 742 1025 795 cui
1055 739 1176 794 bene
1194 738 1358 809 facitis
1379 734 1688 789 intendente:

140 850 245 903 sicut
270 848 484 900 lacernae
506 839 693 895 (oceani
717 839 730 869 ¹
757 837 808 890 in
835 834 1043 889 obscuro
1062 832 1191 893 loco,
1219 827 1377 882 donec
1413 825 1517 878 dies
1547 825 1686 878 ince-

141 949 247 998 scut.
292 946 336 991 et
381 932 562 1004 lucifer
613 929 808 982 oriatur
860 920 1162 980 inmrdibus
1199 918 1370 974 vestris
1419 913 1500 987 (ll
1545 913 1684 969 Patr.

143 1047 172 1096 t,
203 1029 296 1097 t9).

325 1109 548 1170 CAPUT
571 1107 761 1165 XXIV.
786 1134 858 1148 —
884 1103 1106 1160 Scientia
1151 1099 1475 1172 Angelornm.

200 1210 276 1265 41.
312 1206 644 1274 Quaprm'uter
666 1215 785 1254 cum
803 1197 970 1250 sancti
996 1192 1201 1262 Augeli,
1232 1190 1424 1260 quibus
1454 1195 1572 1256 post
1597 1200 1686 1242 re-

146 1301 492 1357 surrectionem
514 1291 908 1363 qunahinmr
925 1286 1134 1358 (Matth.
1165 1300 1297 1347 χχιι,
1318 1283 1427 1350 50).
1458 1281 1501 1335 si
1551 1279 1686 1334 viam

147 1391 282 1464 (quod
309 1388 455 1442 nobis
474 1385 722 1439 Christus
738 1383 904 1433 tactus
931 1378 1032 1448 est)
1055 1391 1220 1444 usque
1245 1375 1294 1426 in
1325 1372 1480 1426 [ineat
1505 1378 1689 1424 tenue-

147 1462 304 1546 rinms,
352 1494 566 1545 semper
595 1475 809 1529 videant
839 1472 1024 1526 faciem
1076 1468 1187 1530 llei,
1245 1465 1521 1532 Verbaque
1573 1462 1689 1529 ejus

147 1574 382 1644 noigenito
407 1571 543 1626 Filio
571 1570 706 1622 sicut
735 1563 874 1620 Patri
895 1561 1111 1633 :rqualis
1141 1568 1219 1613 est
1251 1574 1282 1626 p
1301 1556 1606 1613 :rl‘ru'antur.
1636 1553 1687 1606 iu

147 1669 310 1737 quibus
349 1665 518 1734 prima
569 1660 1001 1715 omuiumereata
1045 1661 1127 1708 est
1175 1649 1463 1720 sapientia;
1507 1645 1688 1715 procul

146 1761 280 1814 dubio
300 1757 596 1812 universam
618 1759 937 1812 creaturam,
962 1749 1138 1814 inqua
1169 1742 1264 1812 ipsi
1288 1750 1410 1794 sunt
1429 1737 1692 1808 principa-

147 1851 245 1906 liter
263 1847 470 1909 roudili,
507 1847 558 1898 in
585 1845 700 1911 ipso
730 1841 900 1894 Verbo
918 1838 1007 1892 Dei
1032 1836 1175 1906 prius
1203 1841 1481 1890 noverunt.
1507 1829 1560 1882 in
1579 1842 1685 1898 quo

151 1951 250 1995 sunt
291 1939 550 1998 omnium.
602 1935 762 1991 etiam
805 1948 921 2002 qua:
969 1926 1326 1996 temporalitcr
1363 1923 1496 1977 facta
1541 1927 1686 1984 sunt,

147 2041 327 2087 eterna:
376 2031 637 2089 rationes,
672 2035 917 2094 tauquam
949 2021 999 2074 in
1029 2035 1094 2075 eo
1123 2034 1214 2087 per
1239 2015 1378 2086 quod
1405 2015 1538 2067 facta
1566 2020 1692 2066 sunt

148 2123 294 2178 omnia
319 2138 332 2176 :
354 2136 416 2174 ac
430 2118 628 2173 deinde
657 2117 706 2170 in
727 2115 836 2181 ipsa
860 2121 1120 2171 creatura,
1151 2122 1307 2177 quam
1323 2106 1398 2159 sic
1427 2110 1690 2158 noverunt

149 2224 360 2283 tuiquim
387 2210 526 2265 infra
568 2206 940 2276 despiciuintes.
961 2215 1185 2269 eamque
1216 2195 1505 2251 referentes
1531 2194 1596 2248 ad
1624 2193 1691 2246 il-

149 2306 230 2359 lius
255 2304 471 2363 laudem,
500 2301 551 2353 iu
581 2299 729 2366 cujus
750 2291 1167 2351 incommutabili
1196 2289 1415 2343 veritate
1460 2287 1694 2340 rationes

149 2395 400 2452 secundum
423 2409 564 2464 quas
584 2391 716 2445 laeta
745 2398 847 2452 est,
876 2384 1235 2455 principaliter
1265 2379 1462 2433 γίιιιιηι.
1500 2377 1572 2432 lbi
1603 2392 1691 2431 cr-

149 2505 201 2557 go
224 2500 451 2558 tauquam
493 2501 587 2554 per
623 2484 787 2542 diem,
826 2479 965 2533 unde
994 2486 1046 2531 et
1074 2473 1486 2530 concordissima
1517 2471 1693 2524 unitas

149 2596 300 2635 eorum
311 2578 550 2648 ejusdem
563 2575 798 2629 veritatis
811 2570 1206 2642 participatione
1225 2566 1340 2621 dies
1354 2575 1432 2620 est
1456 2563 1694 2632 primitus

151 2679 351 2734 creatus;
373 2669 456 2723 bie
476 2679 655 2722 autem
679 2675 924 2732 tauquam
955 2676 1048 2731 per
1067 2673 1338 2725 vesperam
1375 2673 1389 2711 :
1418 2655 1510 2710 sed
1564 2669 1695 2708 eou-

151 2761 270 2814 tinuo
297 2760 347 2814 tit
382 2774 542 2814 triaue
569 2755 732 2825 (quod
765 2755 816 2808 in
843 2753 1089 2807 omnibus
1109 2766 1200 2804 sex
1229 2748 1418 2802 dielms
1450 2745 1693 2800 animad-

149 2851 258 2905 verti
303 2850 522 2920 potest).
566 2846 688 2918 quia
736 2859 840 2900 non
866 2849 1103 2898 remanet
1138 2838 1372 2906 angelica
1398 2837 1613 2892 scientia
1641 2835 1693 2890 in

150 2957 202 2997 eo
232 2942 358 3013 quod
378 2950 621 2997 creatum
657 2948 758 2995 est.
786 2937 910 3006 quin
959 2934 1060 2987 hoc
1110 2932 1363 2986 continuo
1407 2929 1600 2982 referat
1626 2926 1693 2981 ad

149 3035 242 3101 ejus
265 3033 465 3090 laudem
493 3041 652 3100 atque
676 3030 989 3084 cliaritatcm
1005 3026 1050 3091 ’,
1081 3025 1131 3078 in
1158 3040 1264 3093 quo
1291 3021 1342 3077 id
1366 3037 1468 3076 non
1499 3019 1694 3076 factum

147 3139 262 3190 esse,
290 3124 377 3181 sed
403 3122 705 3178 faciendum
736 3120 898 3175 fuisse
923 3116 1297 3187 cognoscitur;
1346 3115 1397 3168 in
1424 3129 1526 3184 qua
1558 3112 1696 3167 veri-

151 3224 237 3271 tate
257 3216 434 3271 staudo
450 3215 570 3270 dies
595 3222 698 3269 est.
730 3211 860 3267 Nam
879 3211 922 3265 si
946 3210 1025 3263 vel
1046 3209 1110 3262 ad
1135 3209 1364 3274 seipsam
1392 3217 1573 3260 natura
1596 3220 1693 3259 au-

150 3307 286 3375 gelica
299 3315 724 3375 converteretur.
732 3319 893 3372 seque
905 3300 1130 3370 amplius
1145 3298 1516 3357 deYectaretur.
1536 3312 1693 3363 quam

151 3397 223 3450 illo
243 3374 794 3468 eujusparticimtione
818 3394 968 3448 beata
987 3400 1103 3448 est:
1129 3390 1485 3444 intumescens
1511 3402 1695 3455 super-

152 3490 218 3545 bia
244 3491 468 3550 caderet.
503 3490 640 3544 sicut
663 3486 942 3541 diabolus:
973 3483 1041 3538 de
1071 3499 1176 3551 quo
1205 3495 1302 3534 suo
1331 3481 1446 3533 loco
1472 3479 1694 3546 loquen-

151 3583 253 3636 dum
278 3593 372 3646 est.
399 3597 528 3638 eum
571 3581 637 3633 de
663 3587 914 3648 serpente
941 3572 1168 3630 hominis
1196 3570 1476 3627 seductore
1519 3581 1696 3622 sermo

151 3672 328 3728 debitus
355 3670 701 3743 ﬂagitabitur.

179 3761 376 3818 CAPUT
412 3760 587 3819 XXV.
608 3760 793 3812 —-(.'ur
818 3771 906 3812 sea:
929 3754 1100 3810 diebus
1128 3767 1226 3807 non
1264 3750 1482 3804 addatur
1527 3763 1652 3803 uox.

207 3853 282 3908 4‘2.
317 3854 443 3922 Quia
481 3865 610 3921 ergo
626 3848 809 3919 Angeli
833 3855 1126 3901 creaturam
1153 3845 1204 3897 in
1226 3859 1286 3896 ea
1318 3843 1427 3910 ipsa
1455 3848 1694 3894 creatura

152 3944 215 3998 sic
234 3946 412 4012 sciunt,
438 3952 506 3999 ut
530 3943 578 3998 ei
608 3941 840 3996 scientia:
869 3938 1127 3993 electione
1152 3949 1214 3989 ac
1237 3934 1520 3988 dilectione
1556 3947 1695 3997 pra:-

152 4048 322 4104 ponant
344 4038 485 4107 quod
513 4050 628 4090 eam
667 4034 843 4090 sciunt
891 4031 942 4085 in
965 4029 1220 4093 Yeritate,
1251 4042 1344 4094 prr
1375 4040 1532 4095 quam
1562 4022 1696 4077 facta

153 4137 252 4182 sunt
267 4129 460 4193 omnia,
514 4124 795 4196 participes
831 4121 944 4189 ejus
987 4119 1194 4178 effecti;
1230 4117 1348 4171 ideo
1388 4131 1484 4185 per
1511 4128 1697 4169 omnes

152 4234 228 4273 sex
261 4219 370 4274 dies
405 4233 516 4274 non
563 4217 863 4271 nominatur
905 4227 1030 4275 nox.
1056 4209 1152 4266 sed
1184 4217 1298 4277 post
1337 4219 1614 4277 vesperam
1642 4211 1699 4259 et

153 4321 283 4364 nunc
304 4309 417 4365 dies
440 4323 622 4363 uitus:
654 4306 778 4361 item
807 4313 927 4374 post
972 4314 1246 4370 vesperam
1291 4306 1345 4352 et
1386 4311 1541 4351 mane
1583 4294 1697 4350 dies

153 4397 422 4463 secundus;
447 4396 643 4453 deinde
661 4403 777 4466 post
797 4407 1071 4462 vesperam
1091 4399 1148 4446 et
1171 4404 1325 4444 mane
1339 4387 1455 4442 dies
1480 4385 1692 4440 tertius:

156 4500 206 4541 ac
226 4489 295 4542 sic
317 4503 486 4558 usque
508 4487 561 4542 in
587 4501 743 4541 mane
766 4483 901 4538 sein
921 4481 1046 4546 diei,
1066 4479 1204 4535 unde
1229 4478 1415 4548 incipit
1438 4477 1698 4547 septimus

155 4577 446 4646 quietisDei.
476 4577 718 4650 quamvis
758 4589 881 4631 cum
910 4572 1020 4628 suis
1069 4569 1332 4635 noctibus,
1361 4569 1477 4624 dies
1519 4577 1698 4623 tamen

157 4681 243 4722 non
265 4681 442 4726 noctes
467 4676 766 4724 narrantur.
793 4664 944 4720 Tunc
958 4662 1100 4719 enim
1128 4676 1228 4715 uox
1255 4658 1324 4714 ad
1361 4659 1502 4713 diem
1531 4656 1697 4727 perti-

157 4768 248 4824 net,
273 4774 370 4815 non
397 4759 514 4815 dies
534 4757 600 4813 ad
623 4765 856 4822 noctem,
875 4769 998 4811 cum
1036 4751 1292 4808 sublimes
1314 4757 1372 4805 et
1391 4748 1561 4804 sancti
1588 4747 1700 4802 An-

155 4849 240 4916 grli
264 4850 311 4906 id
329 4850 466 4923 quod
485 4859 782 4907 creaturam
803 4846 855 4901 iu
883 4846 994 4916 ipsa
1019 4853 1262 4900 creatura
1291 4847 1575 4905 noverunt,
1607 4854 1699 4894 re-

159 4938 305 4996 ferunt
319 4942 383 4997 ad
411 4943 547 4998 illius
578 4942 836 4998 honorem
857 4947 912 4994 et
953 4951 1212 5000 amorem,
1249 4935 1300 4989 in
1343 4947 1450 5004 quo
1475 4940 1703 4987 :cternas

161 5031 365 5088 rationes
385 5034 574 5105 quibus
595 5041 774 5089 creata
791 5039 877 5087 est
897 5027 1351 5098 contemplantur;
1379 5039 1546 5096 eaque
1569 5039 1701 5080 eon-

161 5121 440 5179 cordissima
459 5121 909 5193 contemplatione
935 5129 1060 5174 sunt
1074 5133 1210 5174 unus
1232 5117 1367 5180 dies,
1387 5131 1548 5187 quem
1577 5114 1700 5171 fecit

165 5209 412 5281 Dominus,
431 5215 515 5270 cui
534 5213 882 5284 conjungetur
908 5208 1140 5266 Ecclesia
1175 5207 1245 5264 de
1271 5206 1374 5263 hac
1401 5206 1705 5277 peregrina-

165 5298 292 5358 tione
310 5304 546 5370 li-berata,
571 5312 633 5360 ut
679 5311 736 5358 et
777 5316 877 5358 nos
903 5299 1229 5356 exsultemus
1265 5305 1321 5353 et
1352 5295 1705 5367 jucundemur

167 5389 213 5444 in
228 5407 288 5447 eo
312 5393 476 5465 (Psat.
500 5409 665 5460 cxvn,
682 5391 798 5463 24).

221 5503 350 5553 'llss.
371 5504 607 5563 miluum,
630 5500 822 5554 lucenti.

218 5565 244 5635 ξ
252 5569 302 5635 ιιι
323 5553 482 5624 eitttls,
495 5553 772 5635 etariwem.
795 5570 847 5635 tn
862 5561 1077 5629 quinque
1095 5553 1708 5635 ιεῇρζξαςιιαρςιη-ξξιξξιε

166 5614 404 5694 igetioaem
423 5614 806 5690 minutatum
829 5614 1034 5694 nam,
1053 5637 1102 5676 ιι.
1126 5621 1189 5673 42
1202 5614 1395 5685 dicitur,
1417 5619 1626 5684 refutati
1639 5614 1704 5673 ad

163 5680 277 5742 illius
294 5688 510 5746 latorem
527 5699 572 5742 et
593 5680 820 5743 inimicm.

3265 257 3373 320 δη

1903 366 2126 422 C'J‘L‘T
2156 364 2321 420 XXVI
2389 397 2458 408 —
2491 366 2743 424 Numerus
2773 367 2966 423 dictum
3013 368 3262 440 quomodo

2400 462 2738 529 accipiendas.

1864 555 1951 609 ιδ.
1987 553 2149 621 Hujus
2175 571 2302 624 ergo
2327 555 2452 618 «ιίιιί,
2483 556 2634 624 cujus
2662 565 2712 609 cl
2739 570 2957 623 vespera
2994 563 3052 609 et
3095 569 3249 611 mane
3275 570 3364 612 se-

1794 643 2024 700 cundum
2052 662 2211 714 supta
2260 647 2453 700 dictum
2493 648 2747 701 rationem
2774 646 2939 715 accipi
2969 662 3004 717 p
3031 656 3165 712 test,
3218 658 3366 703 sexta

1802 737 2114 806 repetitione
2142 748 2501 792 consummata
2549 747 2630 791 est
2683 739 2922 793 universa
2969 751 3245 802 creatura;
3286 739 3368 795 fa-

1793 839 2040 898 etumque
2065 838 2147 883 est
2175 844 2345 894 mane,
2372 844 2478 899 quo
2510 830 2748 885 [iniretur
2766 840 2946 884 sextus
2975 831 3124 894 dies;
3153 842 3206 886 et
3228 831 3367 888 unde

1797 918 2050 983 inciperet
2068 919 2324 988 septimus
2353 935 2626 989 vesperam
2661 935 2764 974 non
2791 919 3084 981 habiturus,
3126 922 3244 990 quia
3276 923 3367 978 [lci

1795 1011 2006 1079 requies
2034 1027 2134 1063 non
2160 1021 2238 1063 est
2262 1003 2547 1065 creatura:
2576 1026 2695 1079 qua:
2736 1025 2858 1065 cum
2897 1026 2990 1080 per
3013 1010 3128 1064 dies
3145 1026 3370 1068 ean-eros

1794 1101 2130 1167 conderetur,
2155 1101 2306 1156 aliter
2333 1102 2382 1155 in
2399 1103 2572 1170 seipsa
2593 1100 2725 1157 facta
2747 1103 3181 1172 mgnuscebatur,
3204 1119 3363 1172 quam

1796 1190 1848 1244 iu
1867 1191 1954 1244 illo
1972 1192 2022 1244 in
2041 1191 2190 1261 cujus
2210 1193 2426 1246 veritate
2453 1192 2687 1246 facienda
2711 1191 3003 1255 videbatur.
3017 1195 3166 1259 cujus
3181 1194 3365 1262 cogni-

1797 1282 1954 1336 tionis
1993 1284 2142 1351 quasi
2172 1283 2389 1336 decolor
2419 1284 2621 1348 Sllt'Cit's
2669 1298 2944 1352 veSpet-am
2977 1284 3218 1337 heiebat.
3250 1284 3365 1339 Non

1798 1372 1973 1441 itaque
1996 1374 2102 1440 jam
2136 1373 2299 1426 forma
2329 1374 2493 1442 ipsius
2519 1375 2697 1443 aperis
2722 1376 2857 1439 dies,
2904 1387 2952 1430 et
2994 1377 3250 1429 terminus
3275 1391 3365 1428 ve-

1795 1479 1971 1533 spera,
1991 1471 2046 1518 et
2081 1464 2298 1518 alterius
2325 1465 2499 1532 «ψει-ἧς
2530 1465 2734 1519 initium
2769 1482 2942 1524 mane.
2979 1465 3030 1518 in
3064 1467 3159 1518 liae
3191 1482 3366 1521 rerum

1795 1555 2124 1610 Conditarum
2169 1555 2469 1610 narratioie
2512 1556 2669 1610 debet
2711 1556 2963 1626 intelligi;
3015 1573 3080 1609 ne
3115 1573 3369 1626 engaiuur

1795 1655 1979 1700 contra
2012 1645 2337 1714 Scriptorum
2367 1647 2561 1710 dcere,
2606 1657 2796 1715 pra~ter
2819 1663 2913 1702 sex
2960 1647 3075 1703 dies
3102 1649 3366 1703 conditam

1795 1738 1899 1792 diei
1952 1740 2158 1809 septimi
2185 1747 2503 1801 creaturam,
2550 1749 2638 1792 :mt
2681 1739 2849 1805 ipsmn
2890 1738 3031 1792 diem
3085 1741 3366 1808 septimmu

1797 1831 1992 1885 nullam
2019 1847 2137 1886 esse
2161 1841 2456 1885 creaturam
2488 1850 2500 1883 :
2533 1831 2626 1884 sed
2650 1830 2762 1884 dies
2788 1830 3181 1900 illequcmt‘rcit
3207 1832 3248 1884 ll
3283 1847 3367 1897 us,

1798 1938 1892 1992 per
1919 1938 2078 1991 opera
2109 1922 2224 1992 ejus
2257 1923 2368 1994 ipee
2399 1923 2672 1990 repentur,
2702 1938 2803 1973 non
2834 1921 3056 1974 circuitu
3084 1922 3366 1989 eorporali,

1795 2015 1888 2070 sed
1918 2013 2219 2084 cognitione
2241 2013 2520 2081 spirituali,
2552 2029 2671 2065 cum
2697 2013 2846 2065 bruta
2875 2011 2960 2064 illa
2993 2011 3220 2066 sovietas
3263 2014 3372 2066 An-

1798 2107 2031 2176 gelorum
2063 2113 2118 2160 et
2147 2104 2393 2174 primitus
2421 2102 2808 2169 contemplatur
2841 2103 2892 2156 in
2923 2102 3094 2156 Verbo
3124 2103 3237 2166 Dei,
3263 2118 3372 2174 quo

1797 2197 1920 2252 dicit
1952 2198 2106 2259 Doris,
2136 2195 2283 2258 Fiat;
2307 2205 2463 2265 at-pio
2508 2195 2626 2250 ideo
2662 2196 2807 2266 prius
2833 2195 2883 2249 in
2923 2201 3039 2263 ejus
3071 2197 3373 2267 cognitione

1801 2291 1878 2353 lit,
1899 2304 2017 2343 cum
2045 2289 2256 2353 dicitur,
2281 2288 2340 2342 Et
2357 2289 2426 2342 sic
2440 2298 2511 2343 est
2527 2293 2714 2359 factum
2738 2296 2827 2347 :et
2856 2300 3034 2357 postea
3064 2304 3173 2342 rem
3205 2289 3371 2358 ipsam

1800 2380 2012 2442 faenum.
2043 2380 2094 2433 in
2123 2396 2184 2434 ea
2228 2371 2338 2448 ipsa
2363 2381 2653 2448 cognoscit,
2697 2379 2838 2450 quod
2881 2379 3205 2450 significatur
3236 2379 3371 2436 facta

1798 2488 2054 2541 vespera;
2086 2481 2139 2526 et
2166 2488 2282 2526 eam
2313 2471 2503 2526 deinde
2531 2473 2884 2542 cognitionem
2918 2472 2990 2527 rei
3023 2471 3175 2527 facta:
3199 2472 3264 2526 ad
3304 2472 3372 2527 il-

1806 2563 1906 2617 lius
1934 2561 2173 2617 veritatis
2213 2562 2420 2617 lamlem
2450 2561 2632 2627 refert,
2663 2562 2748 2616 ubi
2775 2563 3032 2616 rationem
3062 2563 3264 2616 viderat
3293 2561 3374 2619 fa-

1797 2653 2172 2724 ('icntizl‘,qllt|tl
2192 2652 2557 2721 signiticaturl'
2584 2662 2670 2706 cto
2693 2668 2866 2706 mane.
2889 2654 2963 2707 Ac
2975 2653 3053 2706 sic
3076 2668 3170 2720 per
3187 2669 3374 2709 outnes

1800 2747 1919 2802 illos
1939 2747 2052 2801 des
2083 2761 2218 2800 nitus
2241 2756 2319 2799 est
2347 2745 2479 2809 dies,
2504 2761 2605 2801 non
2623 2746 2842 2800 istorum
2859 2744 3064 2800 dierum
3082 2753 3372 2800 censuetu-

1799 2839 1921 2895 diue
1948 2837 2338 2910 intelligendus,
2367 2853 2498 2908 quos
2514 2837 2751 2892 videmus
2771 2837 2901 2892 solis
2927 2837 3148 2890 circuitu
3193 2836 3370 2890 deter-

1800 2931 1987 2986 minari
2033 2941 2190 3000 atque
2235 2929 2534 2992 numerari;
2584 2927 2677 2982 ενι]
2706 2927 2808 2981 alio
2859 2925 3085 2997 quodam
3117 2927 3302 2990 modo,
3342 2942 3374 2982 a

1799 3036 1904 3092 quo
1923 3032 1976 3076 et
2002 3021 2072 3076 illi
2101 3031 2208 3075 tres
2235 3021 2370 3085 dies,
2398 3019 2484 3092 qui
2511 3027 2634 3074 ante
2661 3017 3018 3073 conditionem
3042 3018 3260 3072 istorum
3292 3016 3378 3072 lu-

1801 3114 2080 3168 minarimn
2103 3111 2495 3167 Commemorati
2520 3119 2663 3173 sunt,
2679 3109 2834 3163 alieni
2851 3123 2970 3163 esse
2999 3123 3104 3163 non
3131 3116 3375 3178 possunt.

1802 3202 1850 3258 Is
1876 3202 1962 3256 cui
1987 3222 2014 3254 ιι
2049 3203 2235 3256 modus
2266 3217 2369 3256 non
2394 3215 2558 3270 usque
2601 3199 2667 3253 ad
2707 3198 2846 3252 diem
2875 3207 3143 3268 quartum,
3171 3207 3224 3252 ιιι
3255 3196 3378 3253 inde

1795 3295 1904 3365 jam
1934 3295 2062 3348 istos
2083 3297 2303 3349 usitatos
2326 3293 2698 3364 mgitaremus,
2730 3289 2823 3346 sed
2864 3305 3030 3361 usque
3057 3288 3122 3342 ad
3167 3271 3398 3344 sextum.

1801 3388 2189 3456 sl'ptimumque
2217 3385 2498 3455 perdurtus
2517 3391 2627 3446 est;
2656 3390 2715 3435 ut
2761 3381 2914 3450 longe
2939 3380 3094 3434 aliter
3112 3379 3378 3450 accipien-

1799 3477 1898 3532 dos
1926 3477 1994 3530 sit
2020 3477 2135 3531 dies
2162 3485 2213 3531 ct
2243 3491 2366 3541 nov,
2392 3475 2525 3528 inter
2547 3489 2664 3542 qua:
2692 3471 2798 3526 duo
2826 3471 3003 3524 divisit
3027 3471 3182 3534 Deus,
3206 3479 3258 3523 et
3277 3469 3377 3525 ali-

1803 3578 1880 3622 ter
1911 3568 2010 3622 iste
2032 3567 2145 3622 dies
2169 3575 2223 3620 et
2253 3582 2374 3629 uox,
2409 3565 2546 3618 inter
2575 3578 2692 3633 qua:
2716 3562 2844 3615 dixit
2875 3570 2931 3614 ut
2959 3559 3190 3612 dividant
3217 3558 3374 3612 lumi—

1802 3660 1946 3713 naria
1976 3676 2093 3729 qua:
2123 3657 2344 3720 creavit,
2369 3671 2487 3709 cum
2516 3654 2606 3712 ait.
2655 3652 2718 3705 Et
2765 3651 2988 3704 dividunt
3014 3651 3142 3703 inter
3172 3648 3303 3702 diem
3328 3657 3378 3703 et

1799 3760 1994 3804 noctem
2028 3749 2176 3821 (Gen.
2224 3765 2259 3810 I.
2291 3745 2397 3821 Η).
2438 3745 2587 3802 Tunc
2613 3743 2751 3797 enim
2780 3743 2922 3797 hunc
2944 3743 3083 3796 diem
3115 3739 3373 3808 Condidit,

1798 3859 1919 3900 eum
1941 3843 2176 3898 condidit
2203 3843 2389 3902 solem.
2418 3840 2568 3909 cujus
2585 3836 2862 3910 pra-sentin
2889 3833 3134 3890 eunnlem
3160 3833 3377 3889 exhibet

1800 3936 1940 3990 diem
1968 3953 1979 3988 :
2011 3935 2098 3989 ille
2127 3944 2303 3987 autem
2331 3932 2445 3986 dies
2473 3932 2714 4000 primitus
2739 3925 2982 3982 conditus
3005 3925 3114 3994 jam
3143 3923 3374 3980 triduum

1802 4033 2093 4096 peregerat.
2121 4039 2240 4078 eum
2272 4022 2384 4076 lure
2405 4021 2680 4075 luminaria
2710 4019 2848 4073 illius
2874 4016 2978 4072 diei
3003 4027 3187 4087 quarta
3216 4029 3375 4085 repe-

1803 4117 1985 4172 titione
2009 4124 2182 4171 creata
2202 4122 2344 4168 sunt.

1798 4205 2022 4262 CAPUT
2064 4204 2272 4260 XXVII.
2306 4233 2380 4244 —
2406 4202 2589 4259 Usilati
2625 4200 2732 4256 dies
2757 4198 3080 4255 hebdomade:
3113 4199 3261 4269 longe
3296 4197 3378 4251 di-

2143 4315 2317 4367 spares
2345 4307 2531 4364 septem
2565 4293 2737 4348 ditbns
2775 4292 3039 4348 (leaenas.

1872 4392 1961 4447 ιι.
2001 4391 2333 4459 Quapropter
2359 4387 2498 4458 quod
2531 4387 2676 4441 illum
2693 4386 2832 4440 diem
2861 4385 2939 4438 vel
2972 4384 3090 4438 illos
3117 4381 3250 4446 dies,
3279 4383 3373 4452 qui

1804 4483 1920 4553 ejus
1939 4481 2253 4551 repetitione
2275 4477 2530 4532 innuerati
2559 4484 2701 4538 sunt,
2726 4475 2777 4529 in
2799 4474 2895 4529 bac
2925 4483 3101 4528 nostra
3129 4473 3370 4528 mortali.
3469 4521 3476 4526 .

1805 4583 1911 4630 tate
1937 4583 2145 4629 terrena
2173 4571 2400 4640 experiri
2431 4584 2492 4623 ac
2516 4569 2717 4624 sentire
2746 4571 2873 4620 non
2907 4580 3205 4636 possumus,
3233 4573 3289 4621 et
3329 4565 3376 4621 si

1803 4665 1928 4736 quid
1951 4663 2017 4718 ad
2033 4678 2126 4718 eos
2155 4659 2523 4733 intelligendos
2541 4658 2722 4714 conari
2754 4672 3055 4729 possumus,
3085 4675 3187 4712 non
3217 4657 3378 4715 debe-

1806 4772 1925 4824 mus
1956 4755 2290 4810 temerariam
2319 4753 2647 4823 praecipitare
2674 4752 3011 4814 sententiam.
3041 4759 3288 4821 tanquam
3312 4749 3380 4806 de

1806 4847 1890 4902 bis
1935 4845 2077 4902 aliud
2129 4844 2312 4899 sentiri
2365 4842 2741 4913 congruentius
2794 4842 3217 4912 probabiliusque
3272 4855 3380 4896 nou

1808 4939 2005 5009 possit;
2033 4937 2160 4993 istos
2208 4945 2411 5005 septem
2436 4935 2574 5000 dies,
2621 4934 2710 5006 qui
2737 4949 2835 5004 pro
2863 4933 2964 4988 illis
2997 4943 3155 5004 agunt
3177 4929 3382 4986 hebdo-

1806 5029 2038 5090 madam,
2060 5025 2215 5096 cujus
2233 5040 2391 5080 cursu
2410 5033 2465 5079 et
2489 5038 2706 5080 recursu
2739 5033 2970 5092 tempora
3003 5022 3297 5092 rapiuntur,
3326 5019 3381 5074 in

1806 5135 1907 5191 qua
1937 5118 2054 5174 dies
2070 5132 2208 5171 unus
2235 5123 2316 5170 est
2337 5130 2365 5167 a
2392 5113 2520 5169 solis
2549 5122 2668 5168 ortu
2697 5127 2864 5183 usque
2888 5111 2944 5166 iu
2980 5119 3152 5164 ortum
3182 5107 3380 5163 circui-

1809 5219 1911 5274 tus,
1931 5211 2009 5266 sic
2037 5209 2250 5264 illorum
2277 5207 2446 5261 vicem
2475 5202 2758 5275 quamdam
2799 5201 3050 5257 exhibere
3077 5198 3379 5264 credamus,

1807 5311 1868 5357 ut
1895 5315 2000 5357 non
2032 5313 2127 5355 eos
2157 5298 2259 5353 illis
2287 5295 2509 5359 similes,
2533 5293 2626 5349 sed
2659 5294 2878 5348 multum
2909 5291 3140 5360 impares
3160 5288 3380 5346 minimo

1809 5392 2125 5447 dubitemus.

1811 5479 2037 5538 CAPUT
2076 5475 2311 5534 XXVIII.
2343 5471 2786 5542 —Interprctatio
2826 5469 2946 5524 data
2994 5468 3058 5525 de
3084 5470 3194 5526 luce
3216 5477 3265 5526 et
3299 5472 3383 5528 die

1917 5569 2170 5642 spirituali
2189 5585 2289 5624 non
2332 5563 2640 5623 existimetur
2665 5560 2941 5631 impropria
2968 5570 3013 5616 et
3037 5561 3273 5632 figurata.

1885 5660 2414 5740 65.1‘iecqnisquam
2461 5652 2761 5724 arbitretur,
2817 5652 2943 5744 illud
2969 5654 3107 5740 quod
3163 5653 3268 5726 dixi
3314 5651 3384 5724 de
