3902 6296
518 231 630 307 διδ

529 349 648 404 luce
673 343 952 415 spirituali,
970 349 1025 396 et
1051 340 1117 396 de
1143 336 1356 395 condito
1382 335 1467 390 die
1488 332 1744 402 spirituali
1788 339 1842 384 et
1865 329 2100 394 angelica

535 447 794 503 creatura,
826 443 875 490 et
898 434 966 488 de
995 429 1439 499 contemplatione
1477 440 1630 495 quam
1665 423 1822 476 habet
1851 422 1902 474 in
1931 418 2106 474 Verbo

533 531 646 596 Dei,
688 539 743 586 et
784 528 852 588 de
883 524 1189 596 cognitione
1210 537 1311 591 qua
1352 520 1401 573 in
1447 518 1620 586 seipsa
1646 522 1886 568 creatura
1915 527 2107 580 cogno-

485 601 714 685 ljo'ttur,
759 618 981 688 ejusque
1029 613 1285 670 relatione
1313 609 1378 664 ad
1411 607 1618 662 laudem
1666 600 2109 660 incommutabilis

532 711 790 774 veritatis,
820 708 910 762 ubi
933 706 1083 778 prius
1110 705 1244 758 ratio
1265 701 1537 755 videbatur
1563 696 1642 753 rei
1670 693 1946 757 faciendm,
1992 706 2110 762 quae

533 803 736 873 cognita
765 808 850 854 est
877 799 1043 861 facta;
1067 795 1297 865 nonjam
1327 792 1557 863 proprie,
1578 788 1669 844 sed
1712 787 1861 858 quasi
1890 786 2108 856 ﬁgurate

533 904 692 961 atque
714 889 998 962 allegorice
1021 885 1309 943 convenire
1338 884 1403 938 ad
1454 879 1848 950 intelligendum
1891 877 2028 932 diem
2057 884 2111 930 et

520 999 811 1052 vesperam
861 989 916 1036 et
948 994 1142 1036 mane:
1177 976 1270 1030 sed
1313 975 1466 1028 aliter
1512 973 1724 1043 quidem
1756 986 1916 1039 quam
1938 971 1986 1022 in
2015 968 2112 1021 hac

535 1072 918 1136 consuetudine
965 1069 1285 1141 quotidianae
1333 1067 1466 1120 lucis
1498 1065 1653 1133 hujus
1682 1072 1733 1117 et
1782 1060 2109 1129 corporalis;

539 1184 644 1226 non
672 1176 847 1221 tamen
877 1161 1227 1232 tanquambic
1246 1160 1476 1229 proprie,
1505 1158 1574 1210 ibi
1599 1158 1834 1225 figurate.
1856 1155 1952 1210 Ubi
1971 1154 2110 1206 enim

525 1259 728 1314 .tnelior
746 1255 1010 1314 etcertior
1034 1254 1121 1308 lux
1141 1293 1157 1318 ,
1190 1251 1260 1305 ibi
1285 1250 1460 1305 verior
1486 1248 1644 1302 etiam
1679 1247 1790 1301 dies
1825 1264 1838 1300 :
1871 1261 1964 1298 cur
1990 1259 2114 1313 ergo

538 1370 642 1410 non
664 1360 720 1407 et
743 1350 923 1408 verior
943 1360 1164 1415 vespera
1183 1353 1236 1400 et
1264 1343 1439 1397 verius
1473 1340 1667 1395 mane?
1698 1338 1827 1392 Nam
1855 1337 1898 1391 si
1925 1336 1974 1390 in
2003 1336 2115 1389 istis

538 1443 724 1500 diebus
747 1441 905 1494 habet
921 1437 1202 1508 quamdam
1227 1434 1630 1489 declinationem
1662 1446 1809 1484 suam
1827 1429 1919 1482 lux
1949 1427 2003 1482 in
2024 1442 2116 1482 oc-

520 1549 742 1593 casum.
772 1545 930 1600 quam
957 1543 1177 1596 vespere
1206 1526 1422 1580 nomine
1445 1536 1829 1591 nuncnpamus,
1862 1529 1914 1574 et
1940 1519 2004 1573 ad
2033 1534 2121 1573 or-

542 1633 654 1682 tum
676 1623 867 1678 iterum
891 1619 1141 1682 reditum,
1176 1615 1314 1688 quod
1354 1631 1510 1670 mane
1547 1615 1803 1677 dicimus;
1851 1626 1946 1665 cur
1972 1621 2024 1665 et
2053 1610 2118 1665 il-

547 1717 614 1774 lic
665 1727 940 1781 veSperam
972 1727 1075 1764 non
1132 1709 1408 1772 dicamus,
1450 1722 1570 1762 cum
1614 1721 1645 1760 a
1682 1702 2123 1771 contemplatione

543 1803 808 1862 Creatoris
837 1811 1083 1857 creatura
1101 1798 1392 1868 deSpicitur
1418 1798 1458 1863 ¹,
1481 1805 1535 1852 et
1556 1810 1708 1849 mane
1729 1809 1848 1848 cum
1879 1809 1908 1846 a
1938 1794 2120 1862 cogni-

545 1893 688 1948 tione
711 1900 968 1948 creaturae
998 1890 1048 1943 in
1077 1887 1283 1944 laudem
1309 1885 1577 1942 Creatoris
1595 1883 1923 1953 assurgitut'?
1943 1881 2124 1952 Neque

547 1983 688 2040 enim
718 1988 774 2036 et
796 1979 1038 2035 Christus
1052 1979 1128 2032 sic
1154 1978 1345 2031 dicitur
1371 1977 1458 2030 lux
1501 1974 1679 2045 (Joan.
1707 1989 1819 2037 vni,
1851 1973 1956 2041 12),
1989 1987 2124 2043 quo-

548 2073 706 2132 modo
724 2072 914 2128 dicitur
934 2069 1069 2140 lapis
1091 2070 1226 2139 (Act.
1257 2085 1325 2133 tv,
1353 2068 1472 2139 ll);
1493 2067 1586 2120 sed
1609 2065 1734 2120 illud
1759 2063 1989 2136 proprie,
2028 2064 2128 2120 hoc

557 2164 739 2232 utique
761 2163 1000 2231 figurate.
1027 2159 1277 2229 Quisquis
1297 2173 1421 2229 ergo
1443 2173 1548 2210 non
1579 2171 1695 2208 eam
1720 2170 1877 2226 quam
1910 2169 2005 2224 pro
2034 2169 2129 2208 no-

551 2265 663 2312 stro
704 2253 917 2308 modulo
955 2253 1037 2306 vel
1090 2250 1340 2322 indagare
1381 2248 1466 2303 vel
1495 2256 1678 2317 putare
1704 2246 1992 2316 potuimus,
2035 2245 2127 2304 sed

548 2347 704 2404 aliam
727 2345 946 2414 requirit
963 2343 1014 2397 in
1037 2343 1242 2396 illorum
1261 2341 1467 2395 dierum
1495 2337 1889 2414 enumeratione
1911 2346 2128 2392 senten-

555 2440 703 2505 tiam,
724 2453 842 2508 qure
866 2451 975 2492 non
1001 2435 1052 2489 in
1075 2434 1351 2504 prophetia
1382 2433 1618 2504 ﬁgurate,
1645 2431 1738 2486 sed
1767 2432 1816 2484 in
1848 2431 1945 2486 hac
1976 2446 2128 2486 crea-

551 2541 788 2592 turarum
813 2528 1118 2584 conditione
1142 2526 1356 2596 projirie
1379 2525 1673 2594 meliusque
1701 2521 2126 2592 possitintelligi;

549 2628 768 2689 quaarat,
800 2628 856 2675 et
899 2617 1150 2674 divinitus
1173 2616 1383 2686 adjutus
1417 2616 1668 2670 inveniat.
1688 2613 1828 2669 Fieri
1860 2615 2001 2668 enim
2027 2628 2129 2686 po-

551 2719 654 2768 test
673 2711 905 2767 utetiam
931 2725 1029 2780 ego
1055 2710 1214 2766 aliam
1260 2708 1344 2764 his
1391 2707 1583 2762 divin:e
1636 2707 1924 2776 Scripturae
1951 2707 2132 2761 verbis

552 2804 1016 2874 Congruentiorem
1049 2801 1287 2865 fortassis
1328 2799 1612 2855 inveniam.
1642 2798 1826 2868 Neque
1872 2797 2014 2854 enim
2059 2798 2126 2852 ita

555 2897 693 2952 hanc
713 2895 993 2960 conﬁrmo,
1022 2903 1078 2948 ut
1095 2894 1250 2946 aliam
1275 2907 1395 2962 qua:
1413 2890 1777 2961 praeponenda
1804 2891 1892 2955 sit,
1910 2889 2134 2945 inveniri

554 3001 658 3041 non
689 3000 844 3055 posse
889 2983 1226 3048 contendam,
1273 2982 1410 3036 sicut
1452 2980 1710 3035 confirmo
1760 2980 1997 3048 requiem
2043 2980 2135 3034 Dei

554 3078 884 3148 scripturam
913 3070 1173 3142 sanctam,
1202 3090 1304 3130 non
1327 3073 1477 3144 quasi
1506 3082 1622 3143 post
1649 3073 2011 3128 lassitudinem
2053 3075 2133 3128 vel

555 3185 697 3228 cura:
719 3170 1036 3233 moleStiam,
1069 3166 1222 3224 nobis
1253 3167 1524 3222 insinuare
1550 3167 1801 3221 voluisse.

489 3259 502 3274 ’
557 3262 780 3322 CAPUT
805 3260 1001 3318 XXIX.
1028 3289 1101 3302 —-
1124 3258 1190 3316 1n
1216 3257 1442 3330 angelica
1469 3259 1751 3329 cognitione
1777 3257 1902 3323 dies,
1933 3273 2137 3328 vespera

1226 3359 1274 3405 et
1299 3366 1464 3404 mane.

632 3447 719 3504 46.
760 3443 1117 3514 Quamobrem
1145 3449 1323 3512 potest
1344 3440 1531 3511 aliquis
1569 3439 1792 3496 fortasse
1817 3454 2027 3496 mecum
2055 3440 2136 3496 di-

558 3535 818 3607 sputando
844 3543 1071 3601 certare,
1098 3541 1156 3587 ut
1173 3532 1312 3588 dicat
1335 3531 1642 3586 sublimium
1668 3531 1929 3587 caelorum
1957 3533 2136 3602 Auge-

560 3629 640 3684 los
666 3643 770 3684 non
788 3625 1088 3681 alternatim
1111 3624 1372 3690 contueri,
1404 3622 1576 3692 primo
1595 3623 1830 3676 rationes
1868 3634 2141 3678 creatura-

527 3787 529 3790 ,
561 3737 676 3777 rum
701 3717 1204 3775 incommutabiliter
1222 3716 1276 3770 in
1300 3714 1456 3772 Verbi
1487 3716 1579 3771 Dei
1602 3715 2017 3770 incommutabili
2049 3729 2139 3770 ve-

563 3815 741 3876 ritate,
769 3827 830 3866 ac
856 3811 1050 3868 deinde
1078 3811 1220 3879 ipsas
1238 3816 1528 3874 creaturas,
1546 3817 1598 3862 et
1614 3807 1771 3862 tertio
1788 3821 1970 3861 earum
1982 3807 2141 3862 etiam

563 3905 614 3959 in
633 3902 822 3972 seipsis
840 3902 1192 3971 cognitionem
1203 3900 1268 3952 ad
1281 3899 1494 3954 laudem
1515 3899 1713 3954 referre
1733 3897 2031 3962 Creatoris;
2049 3898 2141 3954 sed

565 4009 748 4050 eorum
798 4001 1028 4048 mentem
1061 3991 1290 4046 mirabili
1321 3989 1574 4046 facilitate
1615 3990 1729 4046 lucc
1769 3990 1946 4044 omnia
1987 3990 2143 4046 simul

569 4100 745 4158 posse.
775 4084 1039 4154 Numquid
1071 4092 1249 4137 tamen
1273 4081 1432 4147 dicet,
1465 4089 1556 4136 aut
1585 4082 1628 4136 si
1654 4081 1932 4151 quisquam
1951 4081 2145 4139 dixerit

527 4221 530 4224 .
565 4176 858 4234 audiendus
879 4183 982 4241 est,
1009 4174 1150 4228 illam
1176 4172 1449 4230 cmlestem
1493 4172 1548 4226 in
1575 4171 1893 4242 Angelorum
1915 4174 2144 4230 millibus

565 4268 851 4329 civitatem,
878 4273 969 4320 aut
992 4280 1097 4320 non
1123 4263 1468 4333 contemplari
1489 4261 1754 4319 Creatoris
1769 4264 2140 4332 azternitatem,

571 4370 664 4414 aut
690 4358 1096 4416 mutabilitatem
1127 4355 1370 4426 ignorare
1390 4363 1666 4423 creaturae,
1689 4363 1781 4410 aut
1799 4371 1864 4411 ex
1889 4355 2004 4426 ejus
2015 4372 2146 4427 quo-

570 4466 674 4522 que
702 4450 950 4506 inferiore
981 4447 1207 4519 quadam
1229 4447 1528 4518 cognitione
1553 4463 1656 4501 non
1683 4446 1900 4502 laudare
1925 4445 2144 4503 Creato-

569 4545 724 4602 rem?
756 4543 921 4602 Simul
952 4543 1054 4598 hoc
1085 4550 1252 4599 totum
1292 4542 1516 4611 possint,
1558 4541 1718 4597 simul
1749 4540 1849 4596 hoc
1889 4551 2054 4618 totum
2069 4540 2146 4597 fa-

569 4637 740 4700 ciant;
772 4643 996 4705 possunt
1011 4644 1188 4690 tamen
1207 4642 1262 4690 et
1288 4633 1504 4692 faciunt.
1537 4633 1701 4688 Simul
1728 4649 1855 4704 ergo
1880 4633 2077 4690 habent
2091 4642 2148 4690 et

573 4729 735 4794 diem,
767 4737 820 4784 et
842 4742 1137 4795 vesperam,
1151 4735 1208 4783 ct
1233 4741 1406 4783 mane.

570 4819 796 4878 CAPUT
832 4817 1003 4876 XXX.
1032 4847 1105 4860 —
1132 4817 1312 4880 Nihilo
1344 4817 1614 4886 ignobilior
1641 4818 1869 4888 angelica
1898 4819 2138 4886 scientia,

917 4911 1032 4968 licet
1055 4909 1109 4964 in
1130 4909 1227 4964 hac
1251 4910 1314 4964 sit
1338 4925 1540 4980 impera
1565 4918 1612 4963 et
1641 4926 1803 4965 mane.

643 5006 731 5064 67.
759 5003 945 5074 Neque
970 5003 1111 5059 enim
1139 5000 1428 5058 verendum
1455 5009 1626 5059 estne
1652 5002 1785 5058 forte
1809 5003 2000 5072 quiest
2031 5001 2146 5066 ido-

572 5117 709 5158 nens.
723 5098 832 5170 jam
875 5099 963 5152 illa
992 5096 1221 5160 sentire,
1267 5094 1387 5150 ideo
1425 5112 1527 5151 non
1571 5105 1716 5165 putet
1759 5097 1861 5154 hoc
1894 5097 1962 5155 ibi
1991 5113 2148 5169 posse

545 5231 552 5236 -
576 5192 711 5257 ﬁeri,
741 5191 861 5261 quia
892 5190 944 5243 in
973 5187 1058 5243 his
1080 5187 1288 5250 diebus,
1311 5187 1401 5257 qui
1426 5188 1554 5242 solis
1582 5187 1737 5257 hujus
1765 5190 1986 5246 circuitu
2023 5205 2146 5260 per-

525 5301 537 5310 ο
576 5291 820 5352 aguntur,
851 5280 963 5352 ﬁeri
1005 5294 1111 5334 non
1153 5287 1346 5348 potest.
1380 5277 1447 5331 Et
1472 5276 1573 5332 hoc
1599 5279 1810 5347 quidem
1850 5295 1952 5335 non
1979 5288 2149 5351 potest

573 5373 773 5427 eisdem
824 5351 1060 5440 partibus
1103 5378 1302 5424 terrm:
1335 5369 1635 5422 universum
1679 5379 1854 5425 autem
1897 5373 2146 5428 mundum

636 5485 652 5516 ί
694 5483 968 5548 Bigotianus
997 5482 1181 5548 codex,
1215 5478 1484 5545 dispicitur.
1528 5480 1630 5548 Alii,
1678 5479 1975 5545 despicitur;
2011 5487 2150 5548 quasi

572 5544 800 5608 deorsum
819 5544 1876 5608 rigidumrutiusurpataugustinusjutra,
1912 5559 1962 5596 n.
1995 5544 2074 5608 41,
2099 5555 2152 5599 et

573 5605 655 5655 lib.
682 5605 730 5666 2,
755 5619 803 5653 n.
828 5604 921 5668 ης
962 5612 1013 5656 et
1034 5604 1390 5668 \‘irgilagiz‘neid
1428 5604 1512 5655 lib.
1542 5606 1586 5666 1,
1606 5620 1652 5655 v.
1682 5604 1807 5655 228':

698 5664 976 5727 Despiciens
991 5664 1418 5729 marc'velivolum,
1443 5664 1698 5733 terrasque
1715 5669 1946 5730 jacentes.

1448 219 1534 275 ne
1573 215 1815 274 cenesr
1860 214 1951 270 AD
1985 179 2359 273 Lirreaau,
2399 211 2456 266 s.
2497 210 2860 270 AUGUSTlNl

3684 215 3789 272 316

2213 327 2331 396 quis
2352 340 2458 380 non
2488 326 2684 392 videat,
2714 327 2756 381 si
2778 324 3050 388 attendere
3068 324 3216 392 velit,
3243 332 3298 384 et
3315 325 3560 393 diemubi
3581 330 3669 408 sol
3691 342 3788 396 est,

2213 428 2266 478 et
2296 429 2503 476 noctem
2527 418 2615 474 ubi
2637 436 2739 474 non
2769 428 2872 486 est,
2899 427 2951 474 et
2977 435 3252 488 vesperam
3279 419 3420 478 unde
3444 420 3671 482 discedit
3691 466 3706 490 ,
3739 435 3792 480 et

2215 524 2372 565 mane
2399 525 2504 580 quo
2542 510 2776 574 accedit,
2824 509 3244 570 simulbabere?
3270 509 3373 574 Sed
3417 526 3511 569 nos
3537 514 3696 586 plane
3741 515 3791 570 in

2217 601 2372 666 terris
2410 601 2523 666 haec
2563 603 2741 666 omnia
2778 603 2935 657 simul
2981 602 3174 662 habere
3217 619 3320 666 non
3352 587 3668 678 possumus:
3700 625 3796 664 nec

2217 692 2338 752 ideo
2365 705 2542 750 tamen
2563 696 2715 750 istam
2737 704 3001 756 terrenam
3032 696 3390 762 conditionem
3412 699 3650 772 lucisque
3677 718 3796 759 eor-

2219 801 2392 855 porea:
2423 787 2768 856 temporalem
2816 788 3141 858 localemque
3191 790 3465 848 circuitum
3493 792 3571 852 illi,
3613 795 3794 863 patriae

2219 880 2474 949 spirituali
2505 897 2779 951 comquare
2820 881 3076 948 debemus
3095 925 3117 952 ,v
3140 885 3230 942 ubi
3257 900 3465 958 semper
3489 896 3574 946 est
3597 887 3716 946 dies
3747 889 3791 943 in

2218 972 2661 1040 contemplatione
2703 973 3147 1028 incommutabilis
3172 977 3432 1041 veritatis,
3465 993 3680 1048 semper
3705 997 3794 1037 ve-

2221 1076 2371 1129 spera
2404 1062 2454 1114 in
2480 1062 2778 1133 cognitione
2803 1064 2859 1126 in
2886 1063 3064 1134 seipse
3088 1074 3346 1136 creature
3362 1107 3377 1134 ,
3403 1084 3614 1140 semper
3644 1087 3796 1128 mane

2221 1152 2378 1209 etiam
2410 1168 2479 1212 ex
2509 1153 2606 1209 hac
2635 1157 2934 1225 cognitione
2960 1156 3016 1222 in
3037 1157 3190 1218 laude
3218 1158 3505 1224 Creatoris.
3533 1143 3668 1232 Quia
3697 1183 3794 1220 non

2223 1244 2295 1300 ibi
2314 1245 2563 1302 abscessu
2585 1247 2716 1308 lucis
2742 1249 3052 1318 superioris,
3079 1249 3174 1310 sed
3194 1250 3459 1308 inferioris
3481 1255 3794 1324 cognitionis

2221 1334 2560 1392 distinctione
2611 1339 2666 1391 fit
2707 1354 2962 1408 vespera;
3013 1355 3111 1396 nec
3161 1357 3318 1398 mane
3362 1351 3616 1417 tanquam
3660 1351 3794 1402 nocti

2224 1424 2533 1497 ignorantia:
2563 1429 2781 1483 scientia
2826 1430 3079 1486 matutina
3109 1433 3390 1499 succedat,
3417 1435 3510 1492 sed
3535 1436 3680 1506 quod
3708 1454 3794 1493 ve-

2225 1518 2514 1585 spertinam
2558 1519 2718 1574 etiam
2762 1521 3120 1590 cognitionem
3149 1523 3202 1578 in
3243 1524 3472 1594 gloriam
3509 1527 3795 1584 conditoris

2225 1609 2446 1664 attollat.
2475 1609 2708 1682 Denique
2730 1620 2785 1666 et
2805 1613 2915 1678 ille,
2939 1623 3093 1670 nocte
3119 1631 3225 1670 non
3246 1618 3532 1685 nominata,
3567 1617 3793 1690 Vespere,

2227 1701 2430 1771 inquit,
2460 1710 2507 1755 et
2536 1719 2698 1768 mane,
2732 1713 2780 1756 et
2805 1705 3012 1760 meridie
3037 1706 3278 1762 enarrabo
3305 1718 3354 1762 et
3379 1710 3727 1774 annuntiabo;
3755 1724 3794 1766 et

2228 1792 2463 1848 mudiea
2487 1809 2653 1848 uocem
2675 1811 2835 1850 meam
2866 1795 3034 1868 (Paul.
3060 1813 3165 1866 Ltv,
3191 1797 3278 1872 18)
3304 1801 3440 1856 :~hic
3458 1801 3690 1866 fortasse
3715 1820 3797 1874 per

2231 1894 2524 1952 temporum
2555 1887 2714 1950 vices,
2753 1887 2845 1942 sed
2875 1898 3080 1955 tamen,
3111 1898 3370 1959 quantum
3408 1901 3572 1961 puto,
3605 1895 3794 1967 signifi-

2230 1988 2358 2030 cans
2381 1975 2504 2037 quid
2533 1976 2650 2033 sine
2680 1985 2978 2047 temporum
3001 1980 3206 2036 vicibus
3241 1992 3484 2054 agerettu'
3509 1984 3566 2038 in
3601 1986 3792 2056 patria,

2231 2066 2314 2122 cui
2346 2066 2460 2134 ejus
2488 2069 2836 2136 peregrinatio
2863 2071 3180 2139 suspirabat.
3289 2077 3294 2084 ’

2199 2153 2458 2214 CAPUT
2501 2156 2689 2214 XXXI.
2726 2188 2797 2199 —
2839 2157 2994 2214 Initio
3038 2162 3302 2220 creationis
3343 2179 3510 2222 rerum
3562 2169 3798 2236 quomodo

2304 2264 2403 2302 non
2442 2251 2594 2304 simul
2636 2251 2762 2319 dies,
2793 2268 2998 2320 vespera
3021 2263 3065 2307 et
3108 2271 3256 2310 mane
3292 2257 3346 2312 in
3379 2259 3610 2330 angelica
3636 2263 3797 2333 cogni-

2305 2341 2456 2396 tione.

2305 2433 2394 2490 48.
2435 2434 2539 2491 Sed
2582 2437 2832 2506 numquid
2879 2438 2923 2493 si
2963 2439 3071 2508 jam
3115 2455 3254 2498 nunc
3291 2442 3452 2498 simul
3487 2443 3594 2510 ism
3637 2447 3797 2503 omnia

2235 2528 2373 2598 gerit
2399 2537 2557 2598 atque
2586 2527 2744 2583 habet
2780 2529 3013 2601 angelica
3047 2532 3132 2586 illa
3157 2532 3384 2592 societas
3408 2544 3463 2594 et
3483 2537 3662 2596 unitas
3686 2538 3797 2602 diei,

2237 2634 2394 2688 quem
2427 2619 2672 2688 primitus
2703 2621 2939 2676 condidit
2976 2623 3146 2689 Dens,
3177 2632 3303 2680 tunc
3344 2629 3504 2688 etiam
3542 2642 3663 2684 cum
3701 2628 3802 2684 inec

2237 2711 2593 2768 conderentur
2649 2713 2806 2777 simul
2854 2715 2968 2770 haec
3022 2715 3236 2771 habuit?
3275 2716 3459 2774 Nonne
3497 2736 3596 2789 per
3633 2736 3803 2777 omnes

2237 2817 2329 2858 sex
2358 2802 2492 2868 dies,
2533 2818 2654 2859 cum
2682 2819 2744 2858 ea
2773 2821 2890 2875 quae
2921 2821 3016 2874 per
3044 2807 3284 2876 singulos
3313 2808 3420 2863 Deo
3443 2812 3677 2868 condere
3698 2813 3800 2884 pla-

2239 2896 2387 2961 cuit,
2429 2894 2806 2960 conderentur,
2856 2897 3024 2965 primo
3053 2896 3169 2952 ba'c
3209 2899 3499 2969 accipiebat
3549 2902 3604 2962 in
3645 2901 3802 2958 Verbo

2240 2987 2356 3054 Dei,
2381 2995 2438 3043 ut
2463 2987 2515 3041 in
2536 2988 2652 3056 ejus
2674 2988 2856 3042 notitia
2881 2988 3122 3057 primitus
3144 2989 3348 3056 fierent,
3377 3007 3500 3048 cum
3523 2993 3798 3058 dicebatur,

2239 3079 2309 3138 Et
2333 3083 2406 3136 sic
2431 3089 2503 3136 est
2531 3083 2751 3152 factum;
2778 3080 2970 3136 deinde
2988 3096 3113 3136 cum
3135 3080 3268 3136 facta
3289 3092 3488 3149 essent,
3511 3083 3570 3146 in
3592 3099 3683 3139 sua
3705 3099 3803 3153 pro-

2240 3172 2354 3242 pria
2395 3180 2582 3226 natura
2625 3187 2726 3242 qua
2755 3181 2899 3240 sunt,
2931 3171 3145 3243 Deoque
3173 3174 3497 3242 placuissent
3533 3176 3657 3246 quia
3683 3175 3802 3230 bona

2241 3271 2396 3329 sunt,
2444 3271 2572 3319 tunc
2611 3262 2794 3320 itidem
2822 3278 2886 3319 ea
2913 3263 3267 3334 cognoscebat
3301 3264 3402 3320 alia
3428 3266 3662 3336 quadam.
3685 3265 3801 3322 infe-

2241 3358 2383 3416 riore
2406 3358 2726 3428 cognitione,
2757 3372 2876 3428 quin
2894 3357 3110 3414 nomine
3130 3373 3366 3427 vesperae
3391 3357 3686 3428 significata
3705 3366 3799 3423 est;

2243 3465 2307 3504 ac
2328 3449 2521 3505 deinde
2546 3448 2684 3505 facta
2715 3464 2934 3519 vespera
2959 3449 3117 3506 fiebat
3133 3464 3310 3514 mane,
3338 3463 3458 3506 cum
3477 3449 3548 3512 de
3569 3465 3664 3506 suo
3683 3450 3803 3504 Deus

2243 3555 2403 3610 opere
2431 3540 2750 3606 laudaretur,
2791 3549 2844 3596 et
2869 3541 3086 3596 alterius
3110 3550 3365 3598 creatura:
3404 3557 3522 3612 quae
3571 3541 3802 3610 deinceps

2245 3633 2480 3689 facienda
2506 3642 2639 3700 erat,
2672 3649 2736 3688 ex
2764 3633 2858 3688 Dei
2881 3633 3055 3689 Verbo
3082 3633 3287 3700 notitia,
3319 3634 3626 3704 priusquam
3647 3633 3799 3697 ﬁeret,

2245 3725 2604 3794 acciperetur?
2652 3723 2768 3780 Non
2811 3739 2940 3794 ergo
2969 3733 3094 3780 tunc
3122 3725 3278 3780 simul
3303 3724 3480 3786 omnia
3502 3767 3518 3790 ,
3550 3735 3606 3782 et
3632 3724 3738 3781 dies
3757 3731 3803 3779 et

2246 3811 2466 3886 vespera
2495 3825 2549 3871 et
2573 3831 2757 3878 mane;
2803 3816 2896 3872 sed
2921 3815 3247 3887 singillatim,
3277 3832 3370 3886 per
3393 3815 3636 3874 ordinem
3661 3829 3800 3887 quem

2245 3907 2515 3977 Scriptura
2543 3916 2942 3962 commemorat.

2245 3997 2468 4058 CAPUT
2506 3999 2720 4055 XXXII.
2745 4029 2816 4042 -—
2843 3998 2910 4056 Si.
2931 4010 3046 4059 tunc
3073 3998 3174 4055 ista
3197 3999 3365 4054 omnia
3389 4000 3541 4054 simul
3573 4001 3625 4053 in
3650 3998 3800 4070 Ange-

2317 4094 2482 4148 lorum
2509 4094 2734 4160 scientia,
2763 4093 2940 4148 saltem
2970 4109 3071 4146 non
3094 4092 3202 4147 sine
3225 4092 3444 4164 quodam
3486 4093 3664 4148 ordine
3702 4094 3801 4161 fue-

2316 4195 2456 4240 runt.

2319 4278 2409 4334 49.
2437 4279 2518 4333 An
2550 4277 2713 4332 etiam
2735 4284 2860 4332 tunc
2886 4275 3048 4332 simul
3093 4276 3269 4332 omnia
3290 4318 3304 4341 ,
3347 4276 3469 4348 quia
3495 4291 3602 4332 non
3630 4289 3800 4333 secun-

2250 4371 2378 4425 dum
2407 4379 2706 4440 temporum
2732 4384 2938 4435 moras,
2970 4369 3105 4424 sicut
3134 4369 3267 4424 fiunt
3299 4367 3417 4425 dies
3437 4368 3544 4431 isti.
3559 4383 3687 4424 eum
3705 4365 3800 4421 ori-

2251 4470 2336 4517 tur
2353 4470 2410 4517 et
2432 4461 2625 4516 occidit
2649 4460 2765 4527 sol,
2793 4469 2847 4516 et
2872 4461 2924 4515 in
2951 4461 3125 4517 locum
3154 4476 3305 4516 suum
3333 4459 3472 4518 redit
3489 4501 3504 4527 ,
3551 4470 3609 4516 ut
3637 4471 3800 4514 rursus

2251 4553 2484 4615 oriatur;
2517 4552 2613 4606 sed
2641 4552 2936 4608 secundum
2961 4552 3246 4621 potentiam
3275 4551 3600 4621 spiritualem
3629 4545 3800 4605 mentis

2250 4646 2526 4717 angelica,
2557 4653 2748 4701 cuncta
2776 4661 2896 4716 quae
2927 4644 3153 4700 voluerit
3173 4643 3328 4699 simul
3363 4646 3548 4701 notitia
3577 4643 3800 4700 facillima

2252 4739 2828 4809 oomprehendentem?
2853 4737 2965 4793 Nec
2989 4737 3110 4794 ideo
3140 4738 3456 4793 tamensine
3476 4738 3686 4800 ordine,
3710 4745 3800 4804 quo

2251 4840 2475 4902 apparet
2513 4831 2777 4888 connexio
2801 4829 3210 4902 praecedentium
3238 4831 3670 4900 sequentiumque
3692 4840 3802 4883 cau-

2252 4939 2453 4980 sarum.
2481 4923 2664 4994 Neque
2691 4924 2835 4980 enim
2860 4923 3092 4994 cognitio
3111 4922 3223 4993 fieri
3259 4930 3462 4993 potest,
3490 4922 3592 4978 nisi
3620 4934 3800 4989 cogno-

2252 5016 2449 5073 scenda
2477 5016 2802 5086 praecedant;
2843 5024 2967 5086 qua
3005 5016 3134 5070 item
3169 5014 3348 5084 priora
3375 5024 3498 5072 sunt
3526 5015 3576 5068 in
3609 5011 3799 5074 Verbo,

2253 5124 2348 5180 per
2372 5107 2512 5178 quod
2539 5107 2674 5164 facta
2701 5116 2826 5164 sunt
2867 5107 3078 5175 omnia,
3121 5122 3292 5178 quam
3320 5106 3375 5162 in
3423 5107 3489 5162 iis
3527 5120 3643 5176 quae
3680 5102 3799 5158 facta

2254 5211 2378 5258 sunt
2400 5203 2667 5257 omnibus.
2715 5201 2866 5256 Mens
2899 5202 3078 5271 itaque
3118 5197 3345 5255 humana
3372 5199 3519 5269 prius
3554 5197 3666 5251 haec
3697 5207 3801 5262 quin

2253 5293 2389 5348 facta
2419 5301 2572 5361 sunt,
2607 5307 2700 5363 per
2739 5305 2927 5347 sensus
2953 5290 3192 5361 corporis
3219 5289 3508 5360 experitur,
3535 5293 3800 5351 eorumque

2256 5385 2498 5442 notitiam
2542 5399 2640 5455 pro
2682 5383 3000 5438 infirmitatis
3042 5381 3288 5437 humanae
3313 5381 3526 5436 modulo
3563 5376 3800 5446 ωρὶιεει

2256 5477 2451 5533 deinde
2479 5477 2666 5548 qumrit
2691 5491 2874 5532 eorum
2896 5490 3114 5539 causas,
3148 5475 3190 5528 si
3223 5489 3329 5544 quo
3354 5475 3514 5531 ode
3554 5467 3707 5541 possit
3735 5457 3791 5512 ad

2257 5587 2348 5626 eas
2390 5572 2666 5640 pervenire
2725 5561 3085 5638 principaliter
3125 5578 3282 5637 atque
3326 5557 3795 5624 incommutabiliter

2259 5670 2531 5716 manentes
2563 5661 2613 5714 in
2640 5658 2814 5714 Verbo
2839 5643 2955 5726 Dei,
2987 5673 3050 5714 ac
3071 5658 3149 5714 sic
3175 5657 3454 5715 invisibilia
3477 5657 3607 5727 ejus.
3631 5663 3720 5722 per
3738 5657 3792 5700 ⁸³
