3902 6330
83 279 167 336 su
1409 271 1614 329 LIBER
1648 271 1994 361 QDARTUS.

79 407 182 464 qua:
216 387 347 444 facta
388 395 546 454 sunt,
577 385 848 443 intellecta
874 385 1186 456 conspicere
1226 385 1404 458 (Rom.
1444 400 1484 450 ι,
1522 384 1640 456 20).

79 482 218 550 Quod
240 489 442 552 (manta.
464 478 718 534 tarditate
741 493 804 532 ac
828 476 1142 534 difﬁcultate
1171 487 1326 549 agat,
1357 487 1418 532 et-
1450 487 1646 549 quanta

79 573 316 644 temporis
341 585 491 626 mora
535 577 755 640 propter
777 583 973 640 corpus
996 571 1341 639 eorruptibile
1369 570 1509 640 quod
1549 585 1646 639 ag-

14 707 16 728 ,
75 673 243 740 gravat
264 664 495 718 animam
543 661 697 734 (Sep.
726 661 957 731 3,15),
1004 660 1166 716 etiam
1207 676 1325 732 quae
1362 660 1643 717 ferventis-

76 763 200 815 simo
219 757 394 814 studio
419 756 625 826 rapitur
652 763 710 811 ut
746 755 1007 811 instanter
1030 769 1095 811 ac
1117 765 1526 827 perseveranter
1545 757 1647 812 hoc

75 861 214 923 agat,
256 851 376 921 quis
421 847 670 920 ignorat?
695 848 848 904 Mens
871 863 1001 903 vero
1047 849 1283 918 angelica
1311 863 1444 921 pura
1470 849 1646 904 chari-

74 957 170 1002 tate
187 947 450 1000 inhaerens
466 942 644 998 Verbo
660 943 772 1005 Dei,
791 951 1139 1013 posteaquam
1157 943 1247 998 illo
1262 942 1448 998 ordine
1467 953 1646 998 creata

75 1051 163 1104 est,
188 1048 246 1094 ut
270 1037 596 1107 praecederet
620 1043 836 1102 cmtera,
867 1036 1015 1107 prius
1035 1051 1096 1092 ea
1117 1037 1248 1092 vidit
1274 1037 1327 1092 in
1354 1037 1528 1093 Verbo
1549 1037 1643 1093 Dei

79 1130 318 1194 iacienda,
349 1145 508 1200 quam
531 1127 669 1184 facta
694 1137 850 1195 sunt;
882 1144 946 1184 ac
971 1130 1050 1184 sic
1069 1129 1216 1199 prius
1236 1131 1287 1184 in
1310 1131 1425 1199 ejus
1447 1131 1646 1185 flebant

75 1222 375 1288 cognitione,
409 1235 527 1274 cum
559 1221 700 1275 Deus
724 1219 935 1277 dicebat
959 1229 1016 1274 ut
1043 1222 1249 1284 ﬁerent,
1283 1237 1440 1291 quam
1471 1222 1519 1275 in
1547 1238 1644 1278 sua

78 1315 264 1383 propria
297 1322 528 1368 natura:
559 1329 676 1383 qua:
720 1313 902 1368 itidem
946 1314 1078 1367 facta
1112 1314 1162 1367 iu
1209 1313 1287 1368 eis
1317 1313 1444 1382 ipsis
1483 1314 1642 1368 etiam

76 1407 335 1475 cognovit,
367 1405 578 1459 minore
609 1405 786 1475 utique
829 1405 1012 1458 notitia
1032 1445 1045 1469 ,
1094 1421 1213 1475 quae
1254 1419 1470 1476 vespera
1501 1406 1643 1461 dicta

75 1510 158 1553 est.
196 1499 363 1565 Quam
392 1497 632 1551 notitiam
675 1511 805 1552 sane
844 1495 1212 1567 prtecedebant
1250 1512 1368 1566 qua:
1412 1495 1640 1560 ﬁebant;

75 1591 178 1657 quia
202 1587 462 1659 pra-cedit
501 1586 857 1656 cognitionem
886 1585 1139 1658 quidquid
1169 1588 1416 1658 cognosci
1449 1597 1639 1658 potest.

75 1680 168 1734 Nisi
195 1680 337 1734 enim
387 1680 531 1748 prius
563 1678 631 1732 sit
673 1677 820 1748 quod
843 1688 1214 1748 cognoscatur,
1256 1679 1505 1749 cognosci
1537 1695 1642 1734 non

74 1781 248 1840 potest.
283 1771 412 1826 Post
438 1770 541 1825 hoc
565 1770 610 1824 si
635 1786 700 1827 eo
727 1770 888 1825 modo
911 1771 1009 1824 sibi
1034 1771 1300 1842 placeret,
1334 1782 1390 1826 ut
1412 1773 1644 1844 amplius

74 1863 226 1932 seipsa
267 1877 427 1933 quam
466 1862 722 1917 Creatore
764 1875 864 1916 suo
906 1861 1292 1928 delectaretur,
1339 1879 1445 1918 non
1491 1863 1642 1919 ﬁeret

76 1972 230 2020 uane,
260 1955 311 2010 id
332 1964 417 2011 est
441 1970 548 2010 non
574 1955 640 2009 de
667 1969 759 2009 sua
785 1953 1087 2024 cognitione
1111 1955 1163 2009 in
1187 1954 1394 2010 laudem
1426 1956 1642 2012 Creato-

75 2049 138 2103 ris
166 2058 494 2120 assurgeret.
533 2049 668 2104 Cum
699 2063 826 2104 vero
855 2047 1046 2103 factum
1075 2056 1158 2104 est
1193 2064 1349 2105 mane
1372 2051 1412 2118 ί,
1446 2050 1644 2107 facien-

79 2141 184 2195 dum
208 2151 324 2196 erat
347 2140 494 2195 aliud
520 2149 576 2196 et
610 2141 1038 2212 cognoscendum
1066 2141 1178 2196 Deo
1197 2141 1408 2198 dicente
1426 2183 1441 2208 ,
1495 2142 1643 2208 Fiat;

77 2242 126 2288 ut
152 2234 295 2304 prius
320 2234 504 2290 itidem
533 2233 684 2290 fleret
720 2235 770 2289 in
797 2235 1097 2305 cognitione
1141 2236 1334 2291 mentis
1356 2238 1605 2307 angelicir
1623 2281 1639 2305 ,

74 2336 117 2380 et
147 2335 324 2398 posset
363 2342 552 2382 rursus
595 2326 733 2394 dici,
768 2325 833 2381 Et
873 2327 945 2381 sic
970 2335 1042 2381 est
1085 2331 1309 2399 factum;
1347 2344 1410 2383 ac
1453 2329 1644 2385 deinde

76 2418 117 2472 in
148 2429 330 2473 natura
379 2419 623 2489 propria,
671 2419 758 2473 ubi
802 2419 1159 2490 subsequente
1187 2435 1409 2490 vespera
1453 2437 1644 2477 nosce-

74 2521 216 2567 retur.

134 2605 210 2660 50.
241 2604 323 2659 Ac
346 2617 445 2674 per
471 2601 576 2658 hoc
597 2601 806 2658 etiamsi
846 2602 987 2657 nulla
1033 2602 1119 2658 hic
1145 2619 1412 2659 morarum
1442 2615 1646 2675 tempe-

73 2698 237 2752 ralium
268 2697 378 2752 sint
399 2697 696 2762 intervalla,
716 2698 983 2766 prmcessit
1006 2706 1180 2754 tamen
1204 2700 1338 2753 ratio
1354 2698 1644 2754 condenda)

73 2799 317 2845 creatum
345 2790 399 2843 in
433 2789 607 2844 Verbo
631 2790 747 2854 Dei,
769 2804 888 2845 cum
914 2788 1067 2855 dixit,
1097 2787 1218 2843 Fiat
1247 2789 1366 2852 lux;
1391 2799 1445 2845 et
1465 2801 1644 2846 secula

73 2891 138 2935 est
164 2882 277 2952 ipsa
306 2883 393 2935 lux
425 2897 526 2952 qua
551 2882 787 2952 angelica
825 2897 976 2937 mens
1007 2880 1230 2938 formata
1267 2891 1379 2945 est,
1406 2893 1563 2954 atque
1593 2886 1647 2940 in

73 2986 150 3025 sua
177 2983 373 3028 natura
417 2971 552 3028 facta
585 2981 693 3039 est,
740 2990 842 3029 non
871 2982 1046 3028 autem
1090 2974 1212 3028 alibi
1243 2976 1563 3044 sequebatur
1591 2985 1645 3031 ut

75 3064 210 3119 fieret
233 3081 246 3116 :
285 3072 340 3118 et
361 3064 484 3118 ideo
511 3079 614 3117 non
639 3063 785 3134 prius
809 3064 1006 3118 dictum
1034 3074 1133 3131 est,
1157 3064 1225 3118 Et
1248 3067 1321 3120 sic
1340 3077 1411 3120 est
1434 3073 1641 3140 factum,

71 3161 116 3207 et
137 3163 320 3225 postea
358 3155 580 3219 dictum,
611 3155 678 3208 Et
718 3154 840 3210 fecit
871 3156 1008 3210 Deus
1035 3156 1239 3221 lucem;
1275 3158 1367 3213 sed
1395 3163 1646 3217 continuo

71 3257 177 3313 post
196 3247 437 3302 Verbum
476 3247 569 3302 Dei
603 3246 739 3303 facta
785 3255 867 3303 est
907 3248 1032 3314 lux,
1079 3248 1409 3321 adhtesitque
1447 3255 1646 3308 creanti

74 3338 160 3391 luci
181 3339 278 3393 lux
306 3347 509 3403 oreata,
544 3338 732 3393 videns
753 3339 892 3393 illam
919 3349 973 3394 et
997 3355 1055 3393 se
1082 3339 1133 3394 in
1161 3340 1269 3407 illa,
1305 3342 1355 3396 id
1381 3352 1463 3397 est
1490 3345 1648 3399 ratio-

74 3445 174 3483 nem
211 3446 320 3500 qua
351 3429 484 3484 facta
526 3439 628 3486 est.
667 3430 806 3485 Vidit
833 3431 990 3485 etiam
1022 3446 1081 3487 se
1118 3432 1169 3486 in
1195 3449 1284 3500 se,
1318 3433 1368 3488 id
1406 3444 1520 3500 est,
1562 3437 1646 3491 di-

73 3529 225 3576 stante
258 3523 286 3554 ²
311 3521 450 3592 quod
480 3521 674 3576 factum
701 3531 783 3576 est
810 3522 876 3576 ab
904 3540 968 3577 eo
995 3523 1085 3594 qui
1117 3522 1258 3578 fecit.
1292 3525 1355 3579 Et
1379 3526 1497 3581 ideo
1525 3542 1647 3582 cum

73 3612 349 3678 placuisset
394 3612 506 3667 Deo
537 3611 764 3679 factum,
799 3613 998 3668 videnti
1040 3615 1160 3685 quia
1193 3616 1387 3670 bonum
1438 3628 1548 3685 est,
1596 3628 1651 3675 ct

71 3704 218 3759 divisa
250 3716 398 3760 esset
426 3707 517 3761 lux
543 3721 570 3758 a
605 3706 836 3760 tenebris
857 3749 870 3772 ,
902 3717 956 3762 et
981 3718 1161 3762 vocata
1190 3709 1276 3763 lux
1317 3711 1460 3774 dies,
1490 3723 1542 3767 et
1574 3723 1649 3769 te-

71 3795 232 3851 nebrte
267 3810 404 3859 nox;
432 3793 570 3851 facta
599 3805 682 3851 est
702 3806 755 3850 ct
775 3813 994 3866 vespera
1018 3815 1032 3853 :
1064 3800 1184 3869 quia
1215 3805 1512 3858 necessaria
1536 3815 1650 3861 erat

70 3897 114 3940 et
137 3889 227 3942 ista
282 3889 548 3959 cognitio,
580 3905 679 3959 qua
710 3889 1126 3960 distingueretur
1161 3907 1189 3945 a
1227 3895 1476 3950 Creatore
1501 3911 1650 3952 crea-

70 3989 168 4034 tura
189 4023 203 4046 ,
235 3981 404 4035 aliter
430 3980 484 4034 in
508 3981 677 4050 seipsa
699 3983 907 4051 cognita
934 3998 1091 4052 quam
1115 3985 1165 4037 in
1195 3984 1311 4051 illo;
1342 3997 1501 4057 atque
1527 3989 1649 4045 inde

69 4088 205 4129 mane
223 4072 302 4128 ad
330 4071 474 4126 aliud
503 4074 1043 4142 prmcognoscendum
1063 4117 1076 4139 ,
1111 4077 1248 4145 quod
1279 4078 1448 4133 fuerat
1476 4081 1648 4138 Verbo

70 4164 148 4220 Dei
179 4165 488 4220 faciendum
507 4207 521 4231 ,
551 4166 698 4236 prius
725 4166 775 4220 in
816 4167 1119 4239 cognitione
1151 4171 1343 4225 mentis
1369 4175 1645 4244 angelicze,

68 4255 246 4314 deinde
296 4256 348 4311 in
403 4265 589 4311 natura
638 4257 802 4328 ipsius
849 4258 1189 4315 ﬁrmamenti.
1241 4263 1308 4316 Et
1354 4264 1475 4320 ideo
1518 4267 1651 4324 dixit

68 4347 224 4418 Deus,
261 4347 385 4402 Fiat
413 4349 822 4418 ﬁrmamentum;
851 4360 897 4406 et
922 4352 995 4405 sic
1020 4361 1092 4407 est
1121 4357 1308 4424 factum
1329 4398 1342 4421 ,
1379 4357 1431 4410 in
1461 4361 1648 4429 cogni-

70 4443 198 4499 tione
223 4450 491 4498 creaturae
518 4441 826 4514 spiritualis,
857 4443 956 4500 hoc
985 4447 1289 4516 priusquam
1325 4451 1473 4506 fieret
1503 4453 1552 4507 in
1584 4469 1649 4508 eo

69 4532 172 4603 ipso
208 4535 623 4606 pramoscentis.
653 4535 871 4590 ’Deinde
901 4538 1018 4608 fecit
1055 4537 1196 4592 Deus
1238 4540 1647 4609 ﬁrmamentum;

70 4623 162 4679 iam
202 4624 395 4697 utique
433 4625 602 4697 ipsam
635 4627 949 4682 ﬁrmamenti
984 4638 1257 4698 naturam,
1298 4635 1447 4702 cujus
1476 4637 1650 4690 minor

72 4723 202 4772 esset
245 4724 503 4786 tanquam
541 4719 843 4786 vespertina
875 4719 1144 4790 cognitio:
1174 4736 1237 4777 ac
1275 4722 1355 4779 sic
1381 4739 1548 4795 usque
1582 4727 1646 4782 ad

71 4807 297 4861 omnium
320 4821 543 4876 operum
572 4806 756 4876 linem,
779 4818 832 4864 et
851 4825 1020 4882 usque
1039 4811 1106 4867 ad
1131 4813 1366 4885 requiem
1392 4816 1504 4884 Dei,
1529 4834 1648 4888 qua:

73 4911 164 4951 non
190 4897 359 4953 habet
380 4913 656 4968 vesperam
678 4941 692 4964 ,
729 4901 852 4971 quia
892 4917 998 4957 non
1039 4914 1122 4959 est
1149 4903 1285 4960 facta
1329 4905 1466 4962 sicut
1493 4924 1647 4964 crea-

74 4997 203 5058 tura,
246 5001 306 5046 ut
337 5000 518 5062 posset
549 4993 707 5048 etiam
747 4993 913 5063 ipsius
949 4998 1207 5067 geminari
1233 5002 1498 5072 cognitio,
1527 5011 1646 5059 tan-

74 5097 218 5154 quam
244 5084 394 5154 prior
420 5093 473 5139 et
498 5085 668 5156 major
695 5085 747 5140 in
772 5085 950 5154 Verbo
971 5088 1062 5144 Dei
1083 5091 1222 5147 sicut
1245 5091 1304 5148 in
1327 5092 1432 5159 die,
1464 5103 1520 5152 et
1547 5111 1645 5166 po-

72 5175 254 5232 sterior
273 5191 342 5231 ac
366 5177 539 5232 minor
564 5177 618 5232 in
644 5180 818 5248 seipse
847 5179 985 5234 sicut
1007 5180 1058 5235 in
1083 5196 1324 5254 vespera.

71 5263 146 5320 CA
157 5267 288 5325 PU'I‘
326 5268 564 5325 XXXIII.
593 5301 664 5312 —
689 5270 769 5326 An
796 5274 949 5328 simul
968 5276 1157 5343 omnia,
1184 5294 1252 5333 an
1278 5295 1369 5350 per
1385 5279 1649 5338 intervalla

524 5364 722 5420 dierum
747 5367 951 5422 condita
979 5369 1186 5438 fuerim.

134 5451 220 5507 51.
251 5451 358 5510 Sed
384 5456 428 5510 si
455 5458 632 5512 omnia
663 5473 816 5515 mens
842 5460 998 5515 simul
1024 5463 1260 5534 angelica
1291 5472 1498 5535 potest,
1526 5483 1646 5540 quae

74 5541 368 5616 singillatim
396 5562 491 5620 per
510 5548 752 5604 ordinem
777 5565 1138 5609 connexarum
1159 5571 1436 5614 causarum
1466 5574 1645 5617 sermo

128 5678 330 5773 ζώω,
351 5695 512 5746 mw,
535 5695 566 5734 a
584 5683 838 5750 plerisque
861 5692 913 5738 et
931 5687 1146 5740 melioris
1165 5696 1293 5742 noue
1308 5698 1415 5743 uss.

167 5743 446 5798 sorbentur
463 5753 575 5799 Β..
594 5745 797 5799 distare.

167 5743 446 5798 sorbentem
463 5743 797 5810 lim—distare.

2320 224 2394 240 Α.

3234 287 3336 344 518

1755 385 2062 457 distinguit;
2094 386 2348 458 numquid
2377 389 2534 444 etiam
2573 405 2692 461 quae
2723 391 2950 459 ﬂebant,
2988 395 3133 450 velut
3157 397 3330 467 ipsum

1756 476 2170 545 ﬁrmamentum,
2193 479 2338 534 velut
2362 495 2624 549 aquarum
2635 484 2997 554 congregatio,
3021 488 3342 557 speciesque

1755 578 2014 625 terrarum
2051 572 2275 638 nudata,
2315 573 2462 628 velut
2498 572 2745 629 frutieum
2784 587 2838 630 et
2865 577 3112 633 arborum
3143 582 3336 651 germi-

1754 662 1920 729 natio,
1961 662 2302 719 Iuminarium
2328 671 2385 720 et
2411 664 2644 721 siderum
2672 666 3048 735 conformatio,
3078 671 3326 741 aquatilia

1754 757 2132 828 turestriaque
2169 758 2456 813 animantia
2486 760 2643 814 simul
2672 762 2848 816 omnia
2878 761 3012 818 facta
3044 764 3206 819 sum?
3231 780 3332 820 an-

1753 863 1860 904 non
1892 850 2068 919 potius
2091 866 2185 920 per
2212 852 2485 906 intervalla
2515 864 2814 922 temporum
2833 853 3126 909 secundum
3151 856 3332 926 praeli-

1752 943 1904 998 nitos-
1939 941 2096 997 dies?
2120 943 2200 997 An
2246 943 2383 999 forte
2421 960 2526 1000 non
2550 945 2703 1000 sicut
2729 960 2792 1001 ea
2821 946 3120 1002 sectandum-
3156 956 3331 1003 motus

1751 1049 1935 1089 eorum
1963 1034 2232 1091 naturales
2258 1050 2400 1091 nunc
2423 1039 2744 1106 experimur,
2777 1039 2853 1093 ita
2884 1039 3044 1094 etiam
3073 1055 3194 1094 eum
3227 1041 3306 1111 pri

1752 1128 1913 1183 tuitus
1940 1128 2174 1182 instituta
2201 1137 2328 1183 sunt
2346 1128 2584 1197 cogitare
2599 1130 2885 1197 debemus;
2913 1132 3007 1187 sed
3036 1134 3328 1190 secundum

1754 1219 2050 1274 mirabilem
2079 1228 2238 1290 atque
2267 1219 2586 1276 ineffabilem
2624 1222 2870 1278 virtutem
2898 1223 3181 1293 Sapientia:
3208 1226 3330 1284 Dei.

1751 1327 1868 1382 quae
1888 1311 2096 1382 attingit
2121 1326 2150 1364 a
2183 1312 2286 1369 fine
2311 1327 2479 1382 usque
2501 1314 2568 1368 ad
2591 1316 2748 1370 finem
2772 1314 2998 1383 fortiter,
3021 1327 3074 1371 et
3101 1316 3332 1386 disponit

1751 1404 1928 1458 omnia
1950 1405 2183 1458 suaviter
2201 1405 2349 1475 (Sep.
2377 1419 2490 1470 vm,
2525 1406 2616 1474 l)?
2638 1405 2820 1476 Neque
2837 1408 2978 1462 enim
3005 1416 3062 1463 et
3083 1410 3193 1478 ipsa
3215 1425 3332 1479 gra-

1751 1494 1909 1549 dibus
1935 1496 2164 1566 attingit,
2197 1506 2283 1550 aut
2314 1507 2565 1567 tanquam
2586 1499 2858 1568 gressibus
2895 1502 3152 1569 pervenit.
3186 1501 3329 1569 Qua-

1750 1599 1969 1658 propter
1992 1603 2150 1658 quam
2179 1588 2342 1643 facilis
2367 1590 2416 1645 ei
2442 1589 2842 1645 efﬁcacissimus
2865 1601 3040 1646 motus
3059 1602 3174 1659 est,
3224 1584 3328 1646 tam

1751 1679 1905 1736 facile
1933 1681 2074 1736 Deus
2098 1681 2334 1736 condidit
2372 1683 2582 1747 omnia;
2627 1685 2873 1753 quoniam
2906 1699 3002 1753 per
3033 1685 3174 1739 illam
3208 1695 3333 1740 sunt

1749 1771 1994 1828 candita:
2025 1782 2081 1826 ut
2111 1772 2216 1829 hoc
2239 1774 2378 1844 quod
2406 1789 2546 1828 nunc
2571 1774 2812 1829 videmus
2838 1776 3216 1845 temporalibus
3247 1777 3334 1831 in-

1751 1862 1985 1916 tervallis
2008 1877 2070 1918 ea
2106 1864 2306 1918 moveri
2337 1863 2402 1918 ad
2433 1865 2724 1935 peragenda
2757 1881 2876 1935 quae
2901 1882 2996 1919 suo
3023 1867 3214 1938 cuique
3235 1884 3330 1937 ge-

1750 1956 1866 2010 neri
1889 1965 2218 2025 competunt,
2247 1972 2312 2012 ex
2338 1956 2439 2012 illis
2463 1959 2631 2012 insitis
2653 1959 2945 2014 rationibus
2969 1961 3165 2027 veniat,
3198 1977 3327 2031 quas

1752 2058 1998 2120 tanquam
2033 2050 2363 2106 seminaliter
2403 2050 2596 2121 sparsit
2637 2051 2779 2106 Deus
2824 2052 2874 2105 in
2903 2053 3007 2106 ictu
3035 2053 3328 2116 condendi,

1749 2156 1870 2196 cum
1914 2142 2072 2206 dixit,
2116 2151 2162 2196 et
2209 2144 2346 2212 facta
2388 2151 2542 2207 sunt;
2589 2143 2874 2211 mandavit,
2922 2151 2969 2198 et
3008 2155 3174 2200 creata
3219 2155 3332 2199 sunt

1750 2231 1918 2306 (Ῥεαι.
1945 2249 2115 2298 xxxu,
2147 2233 2226 2305 9).

1820 2326 1910 2382 52.
1939 2326 2054 2381 Non
2087 2328 2263 2399 itaque
2283 2327 2432 2383 tarde
2460 2328 2754 2382 institutum
2777 2336 2878 2394 est,
2906 2337 2964 2383 ut
2983 2338 3164 2386 essent
3186 2331 3331 2386 tarda

1749 2433 1869 2488 quae
1909 2418 2054 2472 tarda
2084 2429 2238 2484 sunt;
2284 2435 2381 2474 nec
2409 2435 2472 2475 ea
2511 2435 2657 2474 mora
2687 2421 2898 2475 condita
2939 2431 3063 2476 sunt
3102 2423 3330 2490 szecnla,

1750 2527 1851 2582 qua
1887 2521 2276 2568 transcurrunt.
2308 2513 2414 2568 llos
2439 2514 2580 2568 enim
2627 2529 2876 2568 numeros
2913 2524 3149 2584 tempora
3179 2531 3336 2586 pera-

1749 2614 1899 2674 gunt,
1930 2619 2064 2674 quos
2091 2620 2213 2659 cum
2245 2616 2571 2666 crearentur,
2605 2620 2707 2659 non
2731 2607 3094 2673 temporalitcr
3111 2621 3333 2675 accepe-

1751 2701 1898 2750 runt.
1927 2696 2175 2765 Alioquin
2207 2696 2250 2749 si
2279 2712 2454 2749 rerum
2486 2695 2753 2749 naturales
2780 2696 3062 2763 motiunes,
3091 2695 3334 2752 dierum-

1751 2803 1853 2858 que
1882 2787 2125 2852 istornm,
2160 2778 2293 2858 quos
2317 2787 2580 2852 novimus,
2613 2787 2800 2840 usitata
2828 2787 3026 2856 spatia,
3055 2801 3176 2840 cum
3219 2787 3333 2842 haec

1755 2879 1998 2948 primitus
2030 2877 2207 2932 Verbo
2251 2877 2342 2932 Dei
2385 2875 2520 2932 facta
2545 2887 2668 2931 sunt
2688 2920 2702 2943 ,
2747 2877 3070 2953 cogitemus;
3100 2891 3202 2933 non
3231 2892 3335 2931 uno

1751 2968 1838 3023 die
1873 2984 2005 3038 opus
2033 2979 2166 3036 erat,
2195 2969 2288 3024 sed
2319 2969 2576 3038 pluribus,
2606 2976 2743 3022 utea
2775 2984 2890 3036 qum
2918 2968 3184 3023 radicibus
3215 2971 3334 3039 pul-

1753 3063 2272 3134 iulanl,‘lcrramque
2299 3062 2560 3129 veSIiunt,
2594 3062 2778 3116 subter
2802 3063 3040 3132 primitus
3067 3063 3337 3130 germina-

1753 3164 1906 3219 rent;
1939 3154 2129 3208 deinde
2156 3164 2304 3210 certo
2333 3169 2556 3208 numero
2593 3153 2798 3208 dierum
2842 3169 2950 3222 pro‘
2974 3166 3072 3207 suo
3111 3157 3335 3224 qumque

1752 3262 1947 3317 genere
1973 3247 2023 3300 in
2060 3261 2218 3300 auras
2242 3253 2614 3315 erumperent,
2650 3246 2807 3300 etiam
2842 3245 2888 3300 si
2923 3244 3216 3316 hocusque
3246 3246 3340 3302 fle-

1753 3347 1865 3404 ret,
1897 3337 2038 3408 quod
2080 3338 2148 3393 de
2185 3348 2358 3393 creata
2397 3347 2582 3392 natura
2630 3353 2813 3392 eorum
2844 3337 2932 3393 die
2977 3352 3112 3404 uno,
3159 3337 3210 3391 id
3256 3347 3340 3393 est

1755 3433 1931 3497 tertio,
1960 3429 2155 3485 factum
2180 3430 2452 3500 Scriptura
2488 3431 2737 3484 narravit.
2769 3429 2968 3484 Deinde
2995 3439 3124 3500 quot
3152 3431 3337 3485 diebus

1754 3537 1886 3593 opus
1909 3531 2058 3586 erat,
2092 3531 2148 3576 ut
2169 3537 2295 3576 aves
2326 3521 2594 3586 volarent,
2626 3521 2670 3575 si
2706 3536 2735 3574 a
2763 3521 2872 3575 suis
2897 3521 3200 3590 primordiis
3224 3525 3340 3578 exi-

1754 3623 1974 3676 stentes,
2004 3612 2068 3667 ad
2093 3614 2296 3683 plumas
2319 3619 2372 3664 et
2395 3627 2596 3683 pennas
2617 3627 2712 3682 per
2731 3623 2932 3666 natum
2952 3627 3061 3666 sure
3085 3628 3336 3668 numeros

1755 3705 2148 3776 pervenerunt?
2179 3706 2258 3758 An
2281 3702 2416 3758 forte
2442 3718 2540 3758 ova
2571 3713 2770 3758 tantum
2799 3713 2975 3760 creata
3006 3713 3176 3771 erant,
3208 3721 3330 3760 cum

1753 3798 1938 3868 quinto
1962 3797 2050 3852 die
2076 3796 2274 3852 dictum
2310 3804 2392 3850 est
2415 3797 2555 3866 quod
2582 3795 2836 3866 eiecerint
2869 3813 3019 3867 aqua:
3045 3812 3206 3853 omne
3236 3813 3331 3852 vo-

1755 3889 1901 3946 latile
1925 3897 2211 3958 peunatum
2248 3888 2536 3944 secundum
2566 3904 2718 3944 suum
2757 3891 2958 3959 genus?
2988 3891 3090 3946 Aut
3123 3891 3168 3944 si
3210 3907 3335 3961 pro-

1755 3990 1936 4051 pterea
1961 3988 2104 4036 recte
2129 3979 2231 4035 hoc
2257 3979 2360 4036 dici
2393 3979 2580 4050 potuit,
2612 3981 2732 4051 quia
2759 3980 2811 4035 in
2839 3979 2930 4035 illo
2958 3981 3183 4038 humore
3206 3998 3336 4038 ovo-

1755 4087 1874 4128 rum
1891 4072 2000 4142 jam
2022 4084 2176 4127 erant
2199 4071 2398 4139 omnia,
2416 4087 2534 4142 qua:
2558 4087 2651 4141 per
2672 4086 2919 4126 numeros
2935 4083 3110 4127 certos
3128 4073 3331 4129 dierum

1754 4165 2080 4229 coalescunt,
2109 4171 2164 4219 et
2183 4164 2513 4234 explicantur
2536 4162 2945 4234 quodammodo,
2978 4163 3097 4233 quia
3127 4163 3339 4219 inerant

1750 4257 1860 4328 jam
1906 4258 2033 4329 ipsae
2059 4272 2358 4313 numerosa:
2385 4258 2617 4312 rationes
2643 4256 3043 4326 incorporaliter
3066 4259 3336 4326 corporeis

1755 4350 1914 4406 rebus
1941 4351 2185 4418 intextae;
2217 4366 2314 4405 cur
2336 4367 2439 4405 non
2468 4359 2525 4404 et
2547 4359 2666 4404 ante
2687 4365 2784 4403 ova
2809 4349 3036 4418 idipsum
3062 4360 3204 4404 recte
3230 4350 3334 4406 dici

1756 4442 2017 4513 potuerit,
2059 4457 2178 4497 cum
2206 4442 2315 4512 jam
2346 4442 2548 4497 emdem
2578 4442 2808 4498 rationes
2841 4441 2891 4494 in
2933 4441 3200 4498 elemento
3231 4443 3332 4498 hu-

1754 4534 1898 4590 mido
1926 4534 2116 4590 ﬁerent
2134 4575 2149 4600 ,
2178 4533 2369 4604 quibus
2392 4533 2546 4588 alites
2574 4547 2668 4603 per
2698 4533 3018 4604 temporales
3043 4534 3122 4588 sui
3153 4535 3335 4605 cujus-

1754 4641 1859 4696 que
1900 4625 2112 4697 generis
2146 4639 2326 4680 moras
2364 4625 2490 4680 oriri
2530 4635 2583 4678 et
2613 4625 2791 4695 perfici
2833 4626 3085 4706 possent?
3131 4627 3205 4682 De
3231 4646 3336 4700 quo

1754 4721 1898 4775 enim
1928 4719 2180 4774 Creatore
2205 4718 2475 4788 Scriptura
2515 4703 2623 4772 ista
2644 4703 2903 4783 narravit,
2933 4719 3072 4790 quod
3099 4735 3193 4775 sex
3219 4721 3336 4775 die-

1755 4813 1853 4867 bus
1877 4811 2324 4867 consummaverit
2345 4810 2520 4865 omnia
2547 4825 2712 4880 opera
2729 4826 2846 4878 sua,
2869 4809 2936 4866 de
2961 4810 3053 4866 illo
3077 4811 3203 4867 alibi
3227 4829 3330 4869 non

1755 4905 1934 4975 utique
1951 4904 2290 4961 dissonanter
2306 4907 2557 4978 scriptum
2579 4914 2679 4967 est,
2707 4905 2849 4977 quod
2875 4906 3137 4963 creaverit
3155 4908 3334 4961 omnia

1754 4997 1908 5052 simul
1951 4997 2133 5072 (Eccli.
2167 5014 2325 5064 xvtn,
2361 4996 2437 5070 l).
2481 4997 2556 5054 Ac
2584 5013 2678 5068 per
2708 4997 2808 5054 hoc
2844 5008 2898 5054 et
2922 4998 3052 5054 istos
3089 4997 3202 5053 dies
3244 5013 3335 5054 sex

1753 5087 1839 5144 vel
1877 5098 2078 5158 septem
2097 5131 2114 5156 ,
2147 5090 2229 5145 vel
2259 5091 2432 5161 potius
2458 5106 2621 5146 unum
2650 5091 2826 5146 sexies
2849 5091 3109 5160 septiesve
3133 5090 3334 5161 repeti-

1754 5189 1865 5236 tum
1886 5182 2040 5238 simul
2063 5181 2209 5250 fecit,
2233 5183 2319 5254 qui
2348 5182 2472 5238 fecit
2489 5184 2665 5238 omnia
2693 5182 2867 5237 simul.
2897 5181 3033 5250 Quid
3054 5195 3182 5252 ergo
3203 5197 3339 5250 opus

1753 5283 1868 5329 erat
1889 5289 1983 5330 sex
2012 5275 2125 5329 dies
2149 5287 2254 5328 tam
2275 5274 2523 5332 distincte
2550 5274 2909 5344 dispositeque
2932 5273 3177 5336 narrari?
3204 5273 3336 5346 Quia

1755 5370 1960 5426 scilicet
1988 5370 2019 5423 ii
2049 5369 2136 5442 qui
2180 5385 2284 5424 non
2328 5379 2546 5440 possunt
2575 5368 2752 5422 videre
2789 5366 2928 5437 quod
2973 5366 3169 5420 dictum
3218 5376 3334 5434 est,

1751 5460 1949 5518 Creavit
1977 5462 2147 5516 omnia
2174 5461 2345 5529 simul,
2375 5461 2477 5516 nisi
2503 5476 2623 5515 cum
2648 5460 2727 5514 eis
2754 5473 2933 5516 sermo
2958 5459 3159 5514 tardius
3187 5461 3333 5516 ince-

1751 5554 1874 5620 dat;
1902 5554 1968 5610 ad
1999 5553 2050 5608 id
2076 5570 2181 5624 quo
2208 5567 2305 5610 eos
2331 5552 2497 5619 ducit,
2528 5551 2805 5621 pervenire
2832 5565 2938 5606 non
2966 5560 3205 5623 possunt.
