3902 6302
603 460 833 520 CAPUT
870 461 1109 520 XXXIV.
1140 492 1210 504 —
1241 462 1425 517 Omnia
1462 469 1507 514 et
1536 458 1691 514 simul
1719 465 1889 532 facta,
1922 470 1971 514 et
1999 458 2187 513 nihilo-

1051 554 1218 607 minus
1242 570 1330 623 per
1352 568 1441 607 se:
1469 551 1576 605 dies
1596 555 1753 622 facta.

677 644 765 700 55.
798 642 1077 712 Quomodo
1118 658 1245 714 ergo
1273 643 1498 698 dicinus
1529 641 1704 697 sexies
1743 641 2021 711 repetitam
2056 640 2189 695 lucis

605 734 748 790 illius
788 734 1123 805 prmseutiam
1162 750 1257 805 per
1298 734 1589 804 angelicam
1633 733 1988 803 cognitionem
2022 747 2052 785 a
2094 746 2191 788 ve.

602 843 757 895 spera
786 826 853 882 ad
881 843 1063 891 mane;
1094 843 1214 881 cum
1261 827 1372 897 ipsa
1414 827 1511 880 tria
1541 825 1728 890 simul,
1761 824 1810 878 id
1839 834 1921 878 est
1958 834 2015 878 et
2045 823 2186 878 diem

602 931 656 974 et
674 936 951 994 vesperam
978 930 1030 977 et
1052 936 1227 985 mane,
1256 919 1421 975 semel
1442 919 1490 972 ei
1515 918 1710 973 habere
1734 917 2002 973 suffecerit
2024 934 2039 971 :
2064 932 2186 971 cum

603 1013 762 1066 simul
794 1014 1096 1069 universam
1122 1022 1445 1075 creaturam,
1477 1011 1613 1065 sicut
1642 1010 1795 1064 simul
1830 1012 1963 1063 facta
1991 1018 2103 1066 est.
2133 1017 2188 1064 et

604 1105 654 1159 in
703 1105 885 1174 primis
937 1117 1095 1174 atque
1148 1103 1665 1159 incommutabilibus
1713 1102 2041 1165 rationibus,
2091 1116 2188 1170 per

603 1212 737 1266 quas
766 1196 973 1252 condita
1003 1205 1107 1261 est,
1135 1196 1593 1263 contemplaretur
1621 1204 1837 1263 propter
1863 1193 2025 1257 diem,
2052 1202 2107 1248 et
2134 1193 2185 1248 in

604 1289 722 1355 ejus
749 1288 913 1359 ipsius
947 1297 1131 1343 natura
1164 1297 1511 1359 Cognosceret
1553 1298 1767 1356 propter
1793 1301 2101 1355 vesperam,
2132 1295 2188 1341 et

604 1382 911 1436 Creatorem
937 1397 1002 1435 ex
1031 1381 1143 1450 ipsa
1169 1381 1327 1433 etiam
1368 1378 1615 1433 inferiore
1643 1378 1944 1448 cognitione
1970 1386 2187 1448 propter

605 1487 761 1525 mane
802 1471 1075 1526 laudaret?
1106 1472 1210 1525 Aut
1252 1471 1521 1541 quomodo
1553 1468 1889 1541 praecedebat
1912 1483 2097 1531 mane,
2131 1477 2187 1522 ut

604 1562 657 1617 in
687 1561 861 1617 Verbo
889 1572 1234 1633 cognosceret
1267 1562 1393 1633 quid
1435 1570 1578 1616 esset
1624 1560 1730 1615 Deo
1761 1570 1937 1629 postea
1983 1559 2183 1613 facien-

602 1653 751 1716 dum,
786 1653 1009 1721 idipsmu
1038 1654 1194 1707 etiam
1220 1663 1607 1722 consequenter
1633 1666 1853 1719 vespere
1878 1666 1921 1704 ea
1942 1650 2182 1720 gnitura,

602 1744 649 1799 si
672 1743 815 1814 prius
836 1751 890 1799 et
915 1742 1178 1812 posterius
1199 1743 1327 1797 nihil
1352 1745 1542 1796 factum
1566 1753 1668 1808 est,
1688 1742 1807 1811 quia
1829 1742 1984 1794 simul
2007 1740 2183 1794 otnnia

600 1831 735 1889 facta
761 1835 916 1888 sunt?
941 1832 963 1888 ι
984 1850 1052 1887 no
1079 1848 1205 1888 vero
1232 1843 1285 1887 et
1318 1835 1463 1904 prius
1488 1843 1648 1903 atque
1676 1832 1936 1901 posterius
1969 1847 2063 1901 per
2088 1846 2182 1887 sex

603 1922 721 1980 dies
760 1940 879 1995 quze
916 1936 1329 1979 commemorata
1374 1933 1497 1977 sunt
1541 1924 1673 1976 l'aeta
1723 1931 1875 1986 sunt,
1921 1930 1976 1976 ct
2026 1921 2182 1977 simul

602 2017 783 2073 omnia
818 2019 950 2073 facta
981 2026 1143 2072 sunt:
1186 2018 1305 2087 quia
1335 2025 1389 2070 et
1428 2019 1539 2070 ha-c
1579 2015 1882 2084 Scriptura,
1923 2030 2041 2084 que
2090 2029 2185 2083 per

601 2119 924 2167 memoratus
962 2109 1079 2163 dies
1109 2119 1288 2163 narrat
1320 2125 1477 2178 opera
1511 2109 1636 2172 Dei,
1684 2092 1735 2162 ei
1768 2108 1849 2160 illa
1881 2124 1998 2177 qu:e
2026 2107 2182 2161 simul

601 2214 722 2256 cum
775 2202 903 2254 dicit
954 2199 1147 2256 fecisse
1194 2205 1410 2263 omnia,
1459 2214 1615 2254 verax
1666 2207 1779 2261 est;
1844 2207 1897 2253 et
1960 2206 2182 2267 utraque

600 2307 704 2346 una
732 2300 835 2356 est,
864 2294 986 2361 quia
1014 2308 1118 2346 uno
1142 2290 1343 2361 Spiritu
1370 2293 1604 2347 veritatis
1630 2292 1917 2361 inspirante
1942 2291 2180 2346 conscri-

598 2394 684 2455 pta
713 2395 814 2440 est.

667 2477 755 2531 54.
784 2475 890 2531 Sed
926 2476 977 2530 in
1010 2474 1091 2530 bis
1126 2476 1315 2538 rebus,
1362 2476 1412 2530 in
1444 2475 1635 2545 quibus
1663 2474 1788 2543 quid
1828 2474 1973 2542 prius
1999 2474 2068 2527 sit
2098 2475 2180 2530 vel

599 2569 895 2640 posterius,
948 2567 1221 2623 intcrvala
1277 2578 1573 2637 temporum
1628 2583 1731 2619 non
1775 2565 2178 2633 demonstrant,

595 2662 840 2734 quamvis
870 2671 1152 2731 utrumque
1177 2661 1277 2714 dici
1310 2660 1473 2729 possit
1494 2700 1508 2722 ,
1552 2659 1599 2712 id
1630 2666 1713 2713 est
1737 2660 1922 2723 sinud,
1949 2668 2003 2713 et
2035 2660 2182 2730 prius

596 2762 653 2807 et
678 2752 974 2822 pastorius,
1021 2750 1229 2806 facilius
1261 2764 1433 2804 tamen
1480 2750 1786 2819 intelligitur
1819 2751 1958 2820 quod
1990 2752 2183 2805 dicitur

598 2844 789 2909 simul,
830 2858 989 2912 quam
1020 2843 1158 2913 quod
1189 2843 1333 2912 prius
1376 2852 1532 2912 atque
1559 2844 1859 2911 posterius:
1890 2843 2034 2904 velut
2059 2860 2179 2898 eum

596 2936 765 2990 solent
798 2936 1065 2991 intuemur
1092 2936 1372 2997 orientem,
1403 2944 1548 2989 certe
1575 2936 1907 2990 manifestum
1938 2946 2020 2990 est
2040 2936 2179 3005 quod

597 3026 667 3079 ad
690 3042 809 3081 eum
831 3028 972 3081 acies
999 3037 1177 3081 nostra
1206 3026 1481 3097 pervenire
1511 3042 1616 3080 non
1649 3038 1843 3096 posset,
1881 3026 1979 3081 nisi
2006 3040 2179 3083 trans-

508 3107 517 3115 ’
599 3117 700 3173 iret
753 3126 919 3172 totum
950 3119 1089 3174 aeris
1117 3118 1344 3188 ctPliqttc
1368 3120 1627 3189 Spatium,
1655 3120 1793 3188 quod
1833 3121 1967 3175 inter
2006 3136 2103 3175 nos
2128 3130 2183 3178 et

598 3212 770 3281 ipsum
804 3221 918 3273 est;
952 3210 1052 3265 hoc
1076 3221 1252 3265 autem
1280 3212 1433 3279 cujus
1479 3212 1874 3281 longinquitatis
1916 3213 2015 3279 sit,
2063 3216 2182 3285 quis

597 3305 865 3359 a-stimare
886 3303 1144 3360 suﬂiciat?
1168 3304 1278 3359 Nec
1306 3305 1486 3375 utique
1512 3305 1811 3373 perveniret
1832 3305 2016 3360 eadem
2040 3308 2182 3362 acies

598 3394 682 3450 vel
713 3395 889 3449 radius
918 3396 1191 3449 oculorqu
1235 3406 1536 3449 nostrorum
1580 3395 1645 3448 ad
1684 3396 2060 3451 transeundum
2087 3412 2180 3451 ae-

600 3500 712 3541 rem
743 3486 831 3556 qtti
862 3494 944 3539 est
972 3501 1134 3552 super
1157 3501 1324 3544 mare.
1356 3485 1454 3538 nisi
1479 3487 1623 3552 prius
1650 3487 1924 3541 transisset
1948 3489 2180 3558 eumqui

600 3586 684 3630 est
719 3592 879 3647 super
909 3586 1138 3641 terram,
1186 3576 1235 3629 in
1265 3576 1494 3645 qualibet
1541 3576 1923 3632 mediterranea
1964 3566 2181 3649 regione

600 3665 801 3727 sitnus,
828 3666 897 3720 ab
934 3682 998 3719 eo
1026 3666 1143 3720 loco
1172 3666 1260 3719 ubi
1299 3680 1481 3720 suums
1508 3681 1674 3732 usque
1711 3668 1775 3721 ad
1809 3668 1956 3723 littus
1997 3671 2176 3725 maris.

606 3758 806 3813 Deinde
833 3758 876 3811 si
906 3758 973 3812 ad
1004 3758 1244 3812 eamdem
1282 3760 1472 3813 lineam
1505 3762 1771 3814 contuitus
1806 3763 1969 3816 nostri
2008 3762 2183 3820 adhuc

601 3856 720 3917 post
764 3863 911 3901 mare
951 3858 1106 3903 terra:
1146 3848 1418 3916 adjacent,
1466 3866 1588 3904 eum
1624 3866 1833 3922 quoque
1870 3868 2047 3907 aerem
2092 3855 2179 3923 qni

602 3952 763 4006 super
806 3939 923 3995 illas
972 3942 1352 3994 transmarinas
1398 3950 1567 3995 terras
1608 3952 1719 4007 est,
1771 3947 1997 4001 transire
2038 3948 2183 4002 acies

603 4040 783 4086 nostra
814 4048 917 4085 non
953 4042 1157 4099 potest,
1206 4034 1306 4088 nisi
1337 4035 1482 4103 prius
1516 4046 1729 4105 peracto
1753 4039 1922 4105 spatio
1951 4040 2091 4094 aeris
2117 4040 2181 4095 il—

602 4120 712 4176 lius
737 4122 823 4190 qui
855 4137 1015 4191 super
1048 4138 1193 4177 mare
1228 4125 1365 4192 iptod
1407 4126 1551 4193 prius
1575 4126 1825 4193 occurrit,
1855 4131 2178 4186 extenditur.

607 4209 887 4265 Faciamus
909 4211 1019 4279 jant
1058 4223 1172 4281 post
1213 4214 1328 4270 illas
1372 4217 1750 4272 transmarinas
1781 4228 1948 4273 terras
1972 4222 2179 4276 nonnisi

603 4302 873 4358 Oceanum
926 4318 1228 4368 remanere;
1278 4308 1527 4377 tnunquid
1572 4318 1626 4362 et
1669 4325 1845 4364 acrem
1891 4313 1978 4382 qui
2024 4330 2183 4382 super

603 4391 875 4447 Oreannm
925 4393 1257 4462 dilTumlilur,
1306 4408 1478 4466 potest
1518 4401 1745 4455 transire
1784 4400 1927 4456 acies
1972 4413 2180 4473 uestra,

607 4484 707 4536 risi
740 4484 884 4552 prius
915 4486 1179 4538 transierit
1203 4487 1455 4557 quidquid
1482 4490 1621 4544 aeris
1643 4492 1771 4544 citra
1798 4492 2064 4548 Oceanum
2087 4510 2182 4550 su-

607 4588 699 4640 pra
728 4585 920 4627 terram
944 4576 1058 4628 est?
1086 4574 1281 4631 Oceani
1320 4589 1491 4630 autem
1524 4582 1827 4650 magnitudo
1853 4582 2183 4653 incompara-

610 4661 730 4716 bilis
757 4664 1092 4732 perhibetur;
1124 4668 1217 4720 sed
1247 4680 1666 4739 quantacumque
1692 4673 1779 4739 sit,
1814 4676 1955 4743 prius
1975 4686 2186 4745 oportet

607 4768 786 4807 aerem
816 4755 903 4824 qui
944 4770 1101 4825 Supra
1130 4767 1239 4818 est.
1270 4768 1533 4814 ll'Jttlscalll
1567 4762 1695 4817 radii
1727 4776 2025 4820 nostrorum
2056 4782 2184 4824 ocu-

608 4846 815 4910 lorum;
842 4854 897 4901 et
932 4858 1111 4917 postea
1139 4850 1390 4921 quidquid
1428 4853 1561 4908 ultra
1589 4865 1699 4918 est;
1731 4866 1839 4911 tttm
1876 4858 2089 4916 demum
2115 4862 2181 4916 ad

607 4938 773 4992 solem
805 4939 1131 5007 perveniant,
1155 4957 1311 5011 quem
1341 4942 1596 5000 videmus.
1621 4946 1754 5002 Nunt
1783 4950 1939 5019 igitur
1960 4951 2081 5021 quia
2110 4963 2184 5007 to-

610 5029 709 5083 ties
748 5028 831 5083 hic
856 5029 1119 5098 diximus,
1149 5032 1329 5099 Prius,
1358 5044 1411 5089 ct
1454 5046 1667 5105 postea,
1716 5039 1833 5094 ideo
1878 5060 1980 5096 non
2024 5045 2183 5099 simul

608 5121 786 5175 omnia
809 5137 915 5176 uno
938 5123 1042 5175 ictu
1066 5124 1253 5178 transit
1273 5136 1453 5180 noster
1473 5128 1725 5183 obtutus?
1750 5130 1802 5185 Si
1829 5133 1969 5186 enim
1992 5133 2184 5189 clausis

607 5211 776 5266 oculis
820 5211 1005 5267 faciem
1044 5223 1224 5268 contra
1258 5215 1419 5270 visuri
1462 5220 1627 5273 solem
1671 5235 1964 5291 ponamus,
2011 5240 2185 5281 nonne

610 5316 733 5356 mox
772 5310 827 5355 ut
856 5318 949 5357 eos
977 5306 1376 5387 aperuerimus,
1417 5307 1485 5362 ibi
1533 5310 1706 5378 potius
1735 5312 1901 5367 aciem
1948 5324 2183 5372 nostram

608 5403 709 5453 nos
732 5390 1022 5463 invenisse,
1050 5408 1206 5469 quam
1232 5397 1354 5453 illuc
1373 5412 1489 5454 eam
1515 5400 1821 5475 perduxisse
1846 5406 2181 5482 putabimus;

1516 344 1607 401 DE
1644 344 1892 402 GENESI
1930 343 2023 400 AD
2060 298 2434 405 LITTERAM,
2473 338 2532 395 s.
2574 337 2943 397 AUGUSTINI
3424 317 3431 323 ’
3750 346 3836 406 δα)

2300 454 2369 509 ita
2410 462 2467 509 ut
2510 470 2608 509 nec
2646 455 2745 524 ipsi
2788 454 2927 511 oculi
2971 456 3115 525 prius
3157 458 3330 528 aperti
3375 458 3547 517 fuisse
3582 461 3848 535 videantur,

2296 561 2455 617 quam
2501 546 2586 600 illa
2611 561 2718 617 quo
2757 546 3052 601 intenderat
3086 550 3397 616 pervenisse
3424 550 3483 605 ⁸2
3514 551 3577 606 Et
3600 564 3735 610 certe
3768 560 3847 613 iste

2296 654 2569 709 corporea:
2594 639 2725 693 lucis
2751 651 2832 695 est
2860 640 3067 708 radius,
3095 642 3332 697 etnieaus
3352 658 3418 697 ex
3449 645 3615 699 oculis
3642 650 3840 713 nostris,

2295 739 2354 785 et
2400 738 2506 785 tam
2546 731 2700 801 longe
2731 731 2899 801 posita
2942 741 3085 785 tanta
3123 732 3402 788 celeritate
3446 736 3772 807 contingens,
3803 751 3847 794 ut

2296 825 2545 878 mstiiuari
2576 824 2980 892 compararique
3010 840 3112 877 non
3141 824 3326 893 ιιοςιδίι.
3359 825 3563 895 Nempe
3599 828 3679 883 hic
3710 841 3752 883 ct
3775 832 3845 887 illa

2296 916 2473 969 omnia
2502 925 2607 969 tam
2647 915 2822 984 ampla
2843 914 3208 986 immensaque
3236 919 3408 986 spatia
3434 920 3587 973 simul
3631 937 3727 975 uno
3760 924 3843 979 ictu

2296 1006 2507 1061 transiri
2539 1005 2874 1061 manifestum
2907 1016 3022 1072 est,
3066 1016 3121 1062 et
3145 1009 3283 1078 quod
3329 1010 3475 1078 prius
3514 1013 3840 1085 posteriusquc

2296 1106 2613 1162 transeatur,
2643 1097 2809 1152 nihilo
2835 1100 3009 1153 minus
3032 1109 3233 1155 certum
3259 1108 3367 1156 est.

2364 1190 2453 1245 55.
2487 1188 2671 1244 Merito
2698 1191 3099 1244 resurrectionis
3147 1202 3345 1246 nostr-.e
3391 1194 3707 1251 celeritatem
3738 1213 3837 1254 cum

2293 1284 2596 1353 exprimere
2627 1283 2783 1337 vellet
2827 1284 3147 1352 Apostolus,
3190 1284 3242 1337 in
3287 1285 3390 1339 ictu
3434 1288 3565 1340 oeuli
3600 1288 3722 1343 dixit
3749 1292 3837 1345 lit-ri

2292 1373 2334 1447 (I
2355 1373 2473 1428 Cur.
2503 1390 2594 1433 xv,
2617 1373 2731 1445 52).
2755 1372 2937 1443 Neque
2953 1374 3093 1428 enim
3111 1376 3309 1444 aliquid
3328 1376 3379 1429 iu
3402 1393 3576 1431 rerum
3598 1394 3836 1447 corporea-

2292 1480 2408 1519 rum
2441 1465 2668 1520 motibus
2694 1468 2772 1519 vel
2801 1466 2988 1520 ictibus
3011 1475 3183 1534 potest
3202 1467 3436 1523 celerius
3458 1468 3689 1524 inveniri.
3714 1472 3778 1538 Qa
3800 1469 3834 1524 .d

2290 1558 2335 1609 si
2364 1556 2633 1609 oculorum
2655 1558 2943 1610 carnalium
2970 1558 3113 1611 aries
3137 1558 3414 1613 celeritate
3445 1570 3639 1613 tantum
3661 1572 3831 1630 potest.

2290 1648 2416 1719 quid
2444 1650 2636 1704 mentis
2673 1652 2814 1705 acies
2841 1650 2922 1704 vel
2964 1650 3242 1705 humauze?
3281 1662 3484 1722 quanto
3519 1655 3675 1724 magis
3699 1671 3830 1724 auge-

2292 1740 2439 1795 lic:e?
2464 1741 2596 1807 Quid
2624 1742 2731 1808 jam
2754 1741 2820 1796 de
2850 1741 3011 1811 ipsius
3036 1758 3260 1796 summa:
3305 1744 3396 1797 Dei
3427 1745 3696 1814 Sapientiae
3720 1748 3834 1801 cele-

2291 1832 2446 1887 ritate
2472 1832 2696 1893 dicatur,
2723 1850 2841 1903 quin
2865 1834 3074 1905 attingit
3094 1835 3289 1905 ubique
3318 1847 3534 1905 propter
3552 1853 3690 1891 suam
3712 1855 3831 1893 mun-

2289 1923 2502 1985 ditiem,
2544 1935 2599 1980 et
2641 1924 2765 1978 nihil
2822 1926 3149 1995 Inquinatum
3180 1927 3237 1981 in
3279 1943 3399 1982 eam
3441 1928 3652 1983 incurrit
3692 1929 3827 1999 (Sap.

2290 2034 2382 2083 vn,
2411 2018 2538 2087 24)?
2571 2018 2623 2071 in
2648 2017 2729 2071 Itis
2750 2036 2875 2089 ergo
2894 2036 3013 2089 qum
3034 2021 3192 2075 simul
3217 2020 3354 2075 facta
3376 2032 3517 2084 Sunt,
3550 2038 3694 2077 nemo
3715 2022 3826 2076 videt

2288 2111 2413 2180 quid
2444 2111 2587 2179 prius
2615 2112 2942 2181 posteriusve
2970 2112 3081 2167 fieri
3123 2114 3406 2179 debuerit,
3438 2116 3536 2171 nisi
3572 2115 3620 2170 in
3648 2116 3722 2171 illi
3754 2115 3829 2169 Sa-

2290 2202 2519 2271 pientia,
2562 2218 2654 2272 per
2697 2220 2853 2272 quant
2908 2201 3040 2257 facta
3089 2212 3214 2258 sunt
3258 2204 3438 2258 omnia
3489 2221 3581 2275 per
3627 2204 3825 2259 ordinem

2287 2293 2463 2347 simul.

2357 2382 2584 2437 CAPUT
2618 2382 2831 2437 XXXV.
2860 2382 3211 2438 —Conrlusio
3239 2384 3304 2439 de
3328 2386 3503 2439 diibus
3536 2383 3768 2440 Cenares.

2358 2475 2446 2528 56.
2482 2474 2601 2528 Dies
2628 2490 2754 2543 ergo
2784 2475 2871 2529 ille
2900 2491 3056 2545 quem
3083 2477 3219 2530 Deus
3246 2478 3492 2546 primitus
3520 2476 3651 2540 fecit,
3677 2476 3713 2529 si
3737 2474 3825 2545 spi-

2287 2563 2490 2618 ritualis
2516 2565 2890 2634 rationalisqne
2924 2575 3168 2620 creatura
3201 2576 3320 2632 est,
3356 2568 3407 2623 id
3446 2576 3527 2623 est
3550 2568 3823 2637 Augelorum

2288 2657 2745 2725 superemlcstium
2810 2668 2963 2727 atque
3021 2658 3319 2725 Virtutum,
3389 2669 3713 2730 przesentatus
3761 2666 3823 2710 est

2286 2748 2532 2801 onmibus
2557 2750 2809 2818 operibus
2840 2751 2927 2805 Dei
2957 2750 3057 2805 hoc
3082 2752 3273 2805 ordine
3302 2752 3610 2822 przesentiai,
3639 2764 3731 2822 quo
3750 2763 3819 2803 or-

2286 2839 2411 2895 dine
2451 2840 2687 2894 seientia:
2710 2842 2753 2901 ’,
2796 2857 2897 2909 qua
2941 2849 2996 2895 et
3035 2842 3085 2896 in
3118 2841 3298 2897 Verbo
3340 2844 3430 2898 Dei
3475 2843 3688 2897 facienda
3714 2856 3819 2909 pne-

2288 2943 2568 2997 nosceret,
2608 2941 2661 2985 et
2692 2933 2740 2985 in
2778 2942 3019 2988 creatura
3061 2932 3194 2987 facta
3237 2943 3605 3007 cognosceret,
3633 2948 3723 2988 non
3750 2945 3821 2999 per

2286 3023 2685 3077 intervallorum
2714 3025 3081 3093 temporalium
3112 3042 3313 3089 moras,
3342 3027 3434 3081 sed
3462 3028 3599 3097 prius
3616 3037 3663 3079 ct
3683 3030 3820 3091 Inste-

2286 3115 2397 3169 rius
2425 3114 2622 3168 habens
2653 3114 2703 3168 in
2731 3116 3062 3170 eormexioue
3099 3128 3466 3173 creaturarum
3487 3161 3501 3181 ,
3543 3119 3591 3173 iu
3629 3112 3818 3172 elllmcia

2285 3220 2415 3260 vero
2434 3206 2699 3260 Creatoris
2723 3208 2899 3260 otiinia
2924 3206 3101 3261 simul.
3127 3207 3214 3263 Sic
3240 3210 3384 3263 enim
3412 3208 3533 3263 fecit
3552 3222 3659 3279 qua:
3681 3205 3817 3259 futura

2286 3306 2484 3359 essem,
2512 3306 2567 3349 ut
2596 3312 2701 3351 non
2727 3299 3088 3367 temporaliter
3110 3299 3311 3357 laceret
3334 3301 3646 3371 temporalia,
3671 3295 3749 3354 sed
3767 3294 3818 3348 ab

2286 3408 2352 3444 eo
2397 3390 2418 3442 Γ
2434 3402 2529 3443 .cta
2561 3401 2837 3445 currerent
2861 3400 3117 3459 tempora.
3166 3393 3243 3447 Ac
3275 3410 3368 3464 per
3398 3396 3494 3448 hoc
3533 3392 3609 3447 isti
3634 3389 3731 3445 dies
3752 3401 3817 3442 sc-

2287 3491 2451 3551 plcm,
2473 3495 2606 3551 quos
2629 3481 2713 3535 lux
2736 3483 2975 3549 corporis
2994 3483 3227 3538 cmlestis
3247 3483 3616 3541 circumeundo
3633 3479 3817 3549 explicati

2286 3584 2445 3645 atque
2472 3575 2688 3643 replicat
2710 3615 2723 3641 ,
2762 3575 3049 3629 secundum
3088 3580 3373 3645 quamdam
3402 3578 3627 3631 umbram
3651 3570 3817 3641 signiﬁ-

2285 3669 2510 3721 cationis
2538 3666 2827 3720 admonent
2854 3684 2950 3719 nos
2978 3681 3230 3735 ‘qua'rere
3271 3670 3385 3723 illos
3423 3669 3560 3731 tlies,
3591 3665 3637 3719 in
3663 3660 3816 3732 quibus

2287 3760 2373 3814 lux
2402 3768 2578 3813 creata
2610 3758 2896 3827 spiritualis
2924 3759 3171 3813 omnibus
3197 3760 3447 3828 operibus
3473 3758 3558 3812 Dei
3585 3770 3667 3823 per
3687 3763 3812 3805 sena-

2288 3852 2417 3904 riam
2443 3850 2644 3903 muneri
2673 3848 3047 3917 perfectionem
3077 3852 3386 3917 pnesentari
3424 3846 3664 3918 potuerit;
3686 3852 3813 3909 atque

2287 3943 2408 3997 inde
2431 3944 2706 4011 septimam
2729 3942 2750 3972 ³
2782 3942 3015 4012 requiem
3050 3943 3138 3995 Dei
3172 3960 3328 3999 mane
3354 3942 3562 4003 habere,
3587 3948 3634 3992 et
3659 3946 3813 4001 vespe-

2288 4049 2398 4087 ram
2442 4048 2542 4087 non
2575 4033 2806 4088 habere:
2837 4043 2893 4087 ut
2934 4050 3037 4088 non
3068 4036 3136 4088 sit
3178 4035 3279 4090 hoc
3324 4036 3428 4089 Deo
3454 4026 3742 4101 rrquievisse
3773 4021 3812 4073 in

2286 4126 2373 4181 die
2401 4127 2647 4195 septimo,
2678 4134 2924 4195 tanquam
2959 4132 3073 4194 ipso
3093 4126 3177 4180 die
3206 4129 3437 4197 septimo
3461 4122 3646 4194 eguerit
3670 4116 3725 4171 ad
3748 4126 3813 4167 re.

2286 4223 2463 4291 quiem
2491 4237 2668 4283 suam;
2697 4220 2789 4275 sed
2818 4220 2956 4291 quod
2988 4220 3039 4274 in
3068 4230 3355 4288 conspectu
3390 4219 3686 4288 Angelorum
3712 4222 3811 4262 suo-

2290 4326 2403 4365 rum
2439 4311 2756 4379 requieverit
2781 4312 2849 4364 ab
2872 4311 3115 4365 omnibus
3149 4313 3399 4381 operibus
3425 4309 3531 4363 suis
3555 4322 3661 4375 qua?
3685 4298 3807 4359 τεθείς

2287 4417 2392 4457 non
2420 4402 2598 4470 utique
2624 4401 2723 4455 nisi
2758 4400 2807 4454 in
2846 4400 3043 4469 St'ipSD,
3075 4401 3162 4470 qui
3194 4400 3362 4455 factus
3388 4416 3489 4454 non
3520 4406 3623 4455 eSt:
3654 4390 3695 4445 id
3720 4393 3808 4446 (Νι

2288 4504 2343 4548 ιιι
2372 4504 2611 4547 creatura
2640 4492 2756 4562 ejus
2783 4494 3038 4562 angelica,
3067 4510 3186 4563 que
3209 4489 3584 4563 cognoscendis
3606 4481 3810 4537 omnibus

2287 4586 2537 4657 operibus
2564 4585 2679 4655 ejus
2709 4586 2760 4639 in
2801 4585 2915 4655 ip~u
2949 4594 3003 4639 ct
3047 4584 3097 4638 iit
3130 4584 3269 4649 illis,
3316 4593 3554 4653 tauquam
3580 4576 3682 4630 dies
3713 4579 3808 4623 CIIII]

2288 4696 2510 4751 vespera
2554 4688 2868 4749 pra-scutata
2895 4686 3006 4737 est.
3040 4677 3166 4731 nihil
3198 4686 3317 4747 post
3339 4674 3508 4729 omnia
3535 4666 3672 4721 valde
3698 4662 3806 4751 bona

2288 4791 2446 4847 Opera
2473 4774 2587 4842 ejus
2616 4771 2803 4826 melius
2827 4782 3206 4840 cognosceret,
3237 4785 3393 4841 qttam
3420 4767 3554 4820 illum
3579 4759 3641 4812 ah
3665 4766 3807 4807 omiu-

2288 4866 2389 4921 bus
2416 4866 2465 4919 in
2492 4862 2668 4933 seipse
2692 4862 3027 4932 requiescere
3044 4903 3060 4927 ,
3103 4861 3250 4917 nullo
3277 4873 3458 4916 eorum
3485 4858 3704 4923 egentem
3726 4854 3807 4909 ΨΜ

2286 4958 2355 5011 sit
2382 4954 2605 5010 beatior.

2352 5110 2370 5142 ι
2396 5117 2493 5173 Am.
2517 5117 2568 5160 et
2586 5114 2680 5168 En,
2706 5120 2849 5169 quam
2867 5106 2952 5159 illo
2967 5120 3060 5173 quo
3078 5107 3379 5173 uitandarum
3391 5091 3806 5173 ⁸ρειςυςιξξειιίλ

2648 5146 3057 5243 scurras:
3079 5146 3589 5235 mamma:
3621 5146 3806 5213 (εοίικιιίν

2288 5231 2534 5283 oculorum
2554 5231 2701 5297 acie“)
2726 5231 2966 5297 pervenis:
3226 5231 3236 5235 ⁷
3844 5286 3845 5291 η

2351 5297 2499 5375 illi”?
2525 5293 3283 5375 ‘I‘l‘l‘l‘lﬁvil'ﬂiiﬁiﬂg‘ﬁwwg
3469 5348 3541 5375 η...
3573 5335 3699 5375 am.
3716 5321 3806 5375 inde

2352 5357 2373 5389 ³
2525 5335 2793 5420 Βόἳιῖᾶἱιᾶς
2807 5335 3285 5420 ’ἥδ”κραηπ
3288 5390 3299 5402 .
3325 5358 3449 5401 Unus
3468 5348 3545 5394 aut
3573 5335 3729 5393 altern
