3902 6302
96 307 175 365 εει
1440 297 1642 355 LIBER
1680 296 1995 368 QUINTUS.

3243 307 3347 368 3i!

98 413 3336 438 —————————-——————-————-———————_—_

1103 485 1580 591 LIBER
1684 486 2418 612 QUINTUS.

139 686 202 729 De
221 691 284 729 eo
307 675 434 742 quod
455 678 688 740 scriptum
712 679 790 726 est
811 673 860 724 in
880 685 986 736 cap.
1010 670 1314 724 QGeueseos,
1339 681 1468 742 vers.
1496 674 1527 715 4
1551 681 1563 711 τ
1595 665 1681 742 Hic
1702 675 1772 742 est
1794 667 1912 742 liber
1937 677 2173 742 creatum;
2195 672 2331 736 caeli,
2351 682 2468 737 ρωη
2491 688 2647 741 usque
2664 677 2724 728 ad
2745 678 2880 740 illud,
2905 693 3036 732 vers.
3059 681 3091 731 ϐ
3113 696 3126 732 ε
3156 691 3285 736 ΓΜ.

1307 736 1463 780 autem
1489 729 1774 780 ascendebat
1799 731 1858 780 de
1881 737 2031 794 terra,
2058 741 2156 783 etc.

1519 835 1883 891 eam

87 973 299 1030 CAPUT
323 970 603 1028 PRIMUM.
625 999 698 1011 -——
721 969 828 1025 Sex
847 969 924 1023 vel
944 977 1133 1036 septem
1156 964 1359 1019 Genesis
1379 962 1486 1016 dies
1505 957 1653 1014 unius

379 1064 482 1117 diei
510 1044 802 1132 repetitione
825 1060 1075 1114 numerari
1099 1058 1343 1127 potuisse.

147 1158 193 1210 1.
225 1155 327 1208 Hic
352 1166 426 1208 est
451 1154 573 1208 liber
599 1164 838 1206 creatum
861 1152 974 1204 caeli
1002 1162 1045 1204 et
1071 1160 1234 1211 terrm,
1264 1165 1376 1200 cum
1401 1147 1563 1215 factus
1581 1153 1655 1199 est

89 1248 176 1300 dies
195 1289 207 1310 ,
249 1247 367 1318 fecit
395 1243 534 1298 Deus
558 1246 734 1297 cmlum
764 1253 808 1297 et
837 1254 1018 1296 terram
1038 1285 1053 1304 ,
1084 1252 1131 1295 et
1160 1257 1305 1294 onme
1330 1240 1484 1293 viride
1511 1238 1651 1307 agri,

90 1349 332 1404 mrtequam
357 1346 484 1391 esset
509 1353 659 1407 super
685 1347 890 1400 terram,
919 1343 963 1388 et
990 1350 1135 1386 omne
1157 1333 1326 1402 fenum
1354 1331 1482 1400 agri,
1514 1340 1654 1382 ante-

87 1446 216 1498 quam
235 1439 465 1482 exortum
487 1437 576 1481 est.
600 1425 720 1480 Non
742 1428 872 1480 enim
893 1427 1087 1495 pluerat
1107 1440 1256 1493 super
1277 1433 1460 1476 terram
1484 1421 1617 1474 Deus
1635 1435 1654 1474 :

90 1533 126 1574 et
151 1523 290 1574 homo
321 1537 426 1574 non
467 1530 575 1574 erat
616 1521 700 1590 qui
730 1528 1023 1588 operaretur
1061 1527 1262 1571 terram.
1313 1514 1450 1568 Fons
1489 1525 1654 1567 autem

88 1612 363 1665 ascendebat
406 1612 468 1664 de
496 1621 661 1677 terra,
707 1621 753 1663 et
789 1609 1030 1679 irrigabat
1057 1625 1249 1662 omnem
1280 1607 1458 1679 [aciem
1488 1616 1650 1659 teme.

91 1702 220 1756 Nunc
255 1712 408 1758 certe
451 1702 654 1756 firmior
683 1703 738 1755 lit
781 1702 864 1755 illa
905 1701 1164 1755 Sententia
1201 1714 1300 1768 qua
1348 1697 1655 1766 intelligitur

89 1809 230 1845 unum
258 1793 404 1846 dictu
425 1791 613 1847 fecisse
637 1791 822 1856 lleum,
842 1791 978 1844 unde
996 1791 1104 1859 jam
1134 1791 1204 1842 illi
1235 1806 1324 1844 sev
1347 1789 1426 1842 vel
1450 1799 1651 1857 septem

91 1885 186 1939 dies
206 1886 358 1938 unius
380 1884 534 1954 bujns
555 1884 864 1953 repetitione
887 1883 1149 1936 nmuerari
1172 1883 1462 1951 potuerint;
1489 1896 1649 1950 quan-

91 1973 351 2043 daqiddem
395 1975 629 2044 apertius
672 1987 852 2029 sancta
890 1974 1155 2043 Scriptura
1184 1973 1292 2042 jam
1323 1973 1482 2038 dicit,
1527 1989 1655 2025 eou-

91 2067 284 2120 cludens
314 2066 710 2135 quodammodo
740 2075 926 2120 cuncta
973 2083 1089 2134 qtuc
1128 2067 1194 2117 ab
1222 2064 1368 2118 initio
1397 2081 1560 2134 usque
1585 2063 1652 2118 ad

91 2156 209 2210 hunc
233 2157 412 2211 lorum
443 2157 674 2219 dixerat,
714 2167 870 2226 atque
901 2155 1085 2221 infert,
1129 2155 1224 2208 Hic
1253 2167 1321 2209 est
1360 2157 1482 2209 liber
1510 2173 1651 2209 crea-

93 2257 197 2299 turre
221 2247 298 2301 vel
329 2247 550 2300 lactune.
588 2248 699 2300 caeli
743 2256 790 2300 et
834 2257 1010 2312 terra,
1061 2263 1172 2300 cum
1219 2251 1382 2317 [actus
1423 2257 1492 2300 est
1523 2247 1648 2300 dies.

90 2336 248 2406 Neque
285 2339 434 2392 enim
463 2339 736 2408 quisquam
768 2338 1004 2391 dicturus
1029 2348 1110 2391 cst
1147 2340 1337 2392 cmlum
1375 2348 1426 2392 ct
1457 2351 1650 2394 terram

92 2428 160 2482 hic
196 2430 258 2483 ita
302 2439 755 2490 commemorata,
806 2430 942 2484 sicut
980 2430 1175 2484 dictum
1212 2442 1323 2484 (δι-,ἰ
1369 2439 1650 2499 antequam

90 2519 308 2575 conditus
335 2521 696 2576 insinuaretur
715 2520 850 2583 dies,
881 2518 944 2573 In
971 2521 1220 2591 principio
1247 2522 1362 2592 fecit
1393 2520 1526 2574 Deus
1555 2537 1654 2574 cae-

92 2608 174 2662 lunt
201 2621 244 2663 et
272 2621 466 2664 terram
503 2611 651 2682 (Gen.
686 2628 722 2677 I,
758 2613 830 2684 1).
867 2613 996 2666 Illud
1029 2614 1167 2666 enim
1209 2614 1251 2665 si
1280 2630 1344 2666 eo
1376 2613 1531 2666 modo
1573 2613 1653 2666 in-

92 2702 342 2772 tilligitur,
383 2712 436 2756 ut
461 2703 654 2772 aliquid
691 2703 830 2756 Deus
858 2702 1040 2758 fecerit
1065 2703 1178 2758 sine
1213 2703 1319 2768 die,
1350 2703 1650 2772 priusquam

91 2788 262 2845 lat-cret
291 2792 471 2848 diem.
501 2809 600 2862 qua
633 2795 835 2848 ratian
866 2794 914 2847 id
962 2812 992 2863 ι)
1030 2795 1125 2848 ssit
1163 2795 1360 2863 accipi.
1402 2811 1498 2848 suo
1537 2795 1652 2849 loco

90 2880 198 2948 dixi,
237 2883 385 2952 quod
426 2883 705 2938 dicendum
748 2887 955 2953 putavi,
1005 2887 1128 2937 nulli
1161 2885 1517 2940 intercludi-ns
1543 2901 1654 2941 tuc-

90 2972 171 3026 lius
195 2974 522 3043 intelligendi
554 2976 837 3029 licentiam.
868 2976 1016 3030 Nunc
1042 2991 1217 3031 antem
1239 3023 1250 3042 ,
1301 2977 1399 3031 Hic
1432 2989 1535 3044 est,
1569 2979 1650 3033 illo

87 3064 206 3132 quit,
237 3066 370 3118 liber
401 3076 644 3120 creatura:
677 3068 788 3120 coeli
817 3078 862 3120 et
888 3077 1052 3131 terror,
1083 3085 1193 3121 eum
1220 3073 1381 3139 factus
1406 3080 1477 3124 est
1507 3073 1611 3124 dies
1633 3085 1654 3123 :

89 3159 214 3220 satis,
249 3168 300 3211 ut
328 3159 537 3226 opinor.
567 3160 873 3222 ostendens,
907 3177 1009 3213 non
1043 3161 1126 3214 liic
1151 3176 1207 3241 se
1235 3160 1301 3213 ita
1330 3177 1655 3216 cuiiimentu-

90 3263 215 3302 rasse
240 3251 440 3305 cwlum
471 3260 522 3304 et
550 3261 741 3304 terram
765 3294 777 3316 ,
808 3252 940 3305 sicut
983 3252 1032 3304 in
1079 3251 1333 3320 principio
1370 3262 1652 3322 antequam

92 3340 218 3396 tier-et
242 3345 397 3405 dies,
430 3359 548 3397 cum
585 3343 815 3398 tenebra:
855 3355 1030 3398 essent
1056 3359 1216 3412 super
1243 3348 1525 3415 abyssum;
1558 3345 1652 3400 sed

91 3433 332 3496 quounnlu
371 3430 562 3484 factum
596 3442 676 3485 est
714 3433 904 3486 curtum
935 3443 988 3485 et
1018 3442 1156 3487 terra
1178 3475 1190 3495 ,
1231 3448 1348 3487 cum
1381 3433 1547 3487 lactus
1573 3444 1656 3488 est

91 3519 213 3582 dies.
245 3523 292 3576 id
326 3532 414 3576 δή
448 3523 556 3591 juu
588 3525 824 3577 formatis
863 3534 1019 3594 atque
1046 3526 1307 3579 distinctis
1339 3526 1574 3594 partibus
1600 3536 1655 3581 et

92 3614 358 3678 generibus
391 3630 598 3675 rerum,
648 3615 838 3682 quibus
864 3615 1105 3670 universa
1132 3628 1371 3671 creatura
1400 3618 1650 3686 disposita

89 3711 225 3771 atque
265 3705 564 3774 composita
603 3705 777 3759 reddit
820 3705 952 3761 banc
997 3708 1225 3777 Speciem
1271 3724 1389 3778 quae
1428 3709 1653 3762 tumulus

90 3807 302 3850 vocatur.

146 3885 194 3939 2.
224 3887 362 3943 Illud
393 3887 478 3944 bic
499 3906 626 3960 ergo
655 3891 847 3946 cmlum
878 3902 1350 3946 commemoratum
1380 3902 1480 3958 est,
1510 3893 1653 3963 quod

89 3995 191 4035 eum
216 3995 451 4038 creasset
485 3984 641 4051 Deus,
673 3985 1058 4040 lirtuamentmu
1083 3989 1307 4052 Vncavit,
1339 4003 1456 4042 cum
1483 3990 1654 4044 cluui-

90 4074 171 4129 bus
197 4096 309 4146 qna-
360 4078 410 4132 in
444 4079 532 4132 ilfo
559 4090 710 4144 sunt;
753 4090 806 4134 et
833 4097 892 4134 ea
927 4089 1063 4134 terra
1089 4121 1104 4146 ,
1139 4097 1256 4150 quae.
1296 4098 1412 4136 cum
1460 4083 1654 4154 abysso

90 4167 232 4224 imum
258 4171 466 4225 obtinet
498 4171 702 4236 locum,
745 4187 863 4225 cum
895 4173 1142 4225 outnibus
1169 4189 1284 4242 qua:
1326 4173 1375 4225 iu
1416 4189 1474 4226 ea
1506 4183 1647 4227 sunt.

89 4260 324 4330 Sequitur
354 4263 493 4316 enim
526 4272 578 4318 e'.
617 4263 881 4332 adjungit,
927 4261 1066 4315 Fecit
1100 4261 1234 4316 Deus
1275 4265 1450 4318 (telum
1481 4276 1524 4319 et
1555 4276 1654 4318 ter-

89 4371 213 4421 ram;
244 4366 299 4410 ut
332 4357 452 4410 curii
479 4365 531 4410 et
559 4367 711 4411 terra:
744 4357 956 4409 nurnine
982 4365 1035 4409 et
1072 4358 1343 4425 praetulisse
1370 4368 1650 4426 antequam

91 4443 262 4500 lbrtun
289 4447 435 4501 diem
460 4459 916 4510 commemoraret,
942 4459 994 4502 et
1022 4450 1244 4517 repetito
1267 4466 1386 4503 cum
1415 4467 1650 4504 ('JIIIIIIIC-

92 4549 356 4598 "Iurasset.
390 4556 492 4591 non
530 4538 668 4593 sinat
695 4540 977 4608 suspicari.
1013 4542 1080 4592 ita
1110 4556 1167 4594 se
1206 4559 1341 4594 nunc
1368 4543 1559 4597 ccclntu
1599 4555 1655 4596 ct.

91 4636 265 4683 terram
295 4633 620 4695 nuntiuasse,
653 4632 790 4684 sicut
826 4633 874 4683 in
906 4631 1163 4699 principio
1203 4643 1480 4698 antequam
1510 4643 1650 4687 es~et

91 4732 284 4776 creatus
311 4722 447 4775 dies.
491 4723 577 4777 Sic
605 4723 744 4778 enim
773 4724 930 4777 verba
958 4723 1221 4776 contexuit
1246 4762 1260 4784 ,
1302 4721 1400 4774 llic
1427 4737 1494 4776 est
1529 4726 1652 4776 liber

91 4824 317 4868 creaturae
344 4815 455 4867 (celi
489 4825 532 4867 et
568 4825 740 4879 ter-rte,
770 4832 883 4867 cum
908 4819 1074 4885 factus
1101 4823 1169 4867 est
1196 4813 1303 4866 dies
1323 4855 1337 4877 ,
1367 4816 1480 4884 fecit
1519 4814 1651 4870 Deus

91 4908 246 4960 caelum
273 4919 319 4960 et
361 4918 544 4961 terram
579 4923 596 4959 :
628 4919 678 4959 ut
711 4908 751 4960 si
780 4908 1053 4976 quisquam
1083 4907 1206 4959 velit
1244 4907 1320 4960 sic.
1358 4909 1651 4977 intelligere

93 4997 210 5060 quod
237 4998 484 5068 superius
515 4999 735 5065 positum
758 5006 858 5056 est,
883 4997 1004 5049 liber
1024 5007 1266 5051 creatura:
1286 5000 1459 5050 cretici
1483 5010 1643 5062 ter-rw,

94 5088 519 5151 quemadmodum
563 5085 760 5140 dictum
801 5099 876 5140 cst
904 5127 920 5151 ,
965 5085 1030 5140 In
1070 5090 1318 5157 principio
1359 5090 1473 5158 [erit
1515 5089 1649 5142 Deus

94 5181 254 5233 calum
271 5193 319 5234 et
340 5193 542 5245 terram,
575 5183 872 5251 priusquam
901 5181 1149 5234 conderet
1171 5182 1330 5243 diem,
1356 5183 1474 5250 quia
1505 5198 1535 5250 [ι
1568 5183 1649 5237 ius

94 5276 140 5321 et
167 5271 246 5324 hic
281 5284 687 5327 eonnneniorata
721 5285 840 5326 sunt
883 5273 1074 5326 caelum
1103 5281 1158 5327 et
1197 5282 1354 5333 terra,
1387 5285 1438 5326 et
1468 5285 1646 5341 postea

95 5359 247 5417 lactus
283 5366 422 5430 dies;
466 5368 758 5437 corrigatur
795 5365 1236 5434 subsequentibus
1279 5366 1449 5419 verbis
1483 5385 1495 5420 :
1527 5368 1645 5435 quia

94 5468 139 5507 ει
175 5470 289 5526 pust
314 5473 778 5515 ennuueuioratum
812 5459 1004 5513 factum
1035 5458 1174 5512 diem
1197 5501 1211 5526 ,
1244 5475 1424 5512 rursus
1451 5457 1570 5513 cadi
1596 5469 1650 5513 ct

97 5558 235 5605 terra:
265 5570 448 5608 nomen
481 5555 782 5624 adjunctum
811 5562 911 5605 est.

155 5643 204 5697 3.
234 5647 536 5716 Quanquam
563 5660 611 5700 et
640 5646 737 5699 boc
763 5645 902 5715 quod
935 5644 1158 5711 positum
1183 5653 1280 5702 est,
1310 5660 1423 5695 eunt
1443 5683 1457 5707 ,
1487 5649 1540 5695 cl
1570 5643 1647 5696 sic

98 5732 402 5810 adiunctum,
430 5742 593 5813 [rictus
627 5749 695 5794 est
725 5738 829 5794 dies
849 5777 865 5806 ,
893 5736 1060 5796 cuivis
1093 5737 1425 5795 contentiosa
1462 5742 1644 5793 extor~

1759 970 1914 1029 queat
1945 963 2102 1017 alium
2138 980 2255 1021 esse
2298 967 2616 1023 intellectum
2654 987 2757 1027 non
2803 990 2976 1042 posse.
3003 975 3059 1032 Si
3094 977 3234 1032 enim
3266 978 3338 1033 ita

1757 1064 1897 1106 esset
1925 1055 2307 1125 interpositum,
2340 1070 2396 1114 ut
2425 1062 2708 1124 diceretur,
2738 1065 2832 1120 llic
2861 1079 2944 1122 est
2969 1068 3099 1122 liber
3124 1081 3340 1125 creatu-

1757 1159 1831 1197 ra:
1870 1145 1989 1200 cceli
2029 1157 2079 1202 et
2108 1159 2262 1203 terra:
2285 1194 2298 1215 ,
2335 1152 2502 1206 ιςιριιις
2532 1163 2614 1208 est
2643 1155 2776 1217 dies,
2813 1159 2932 1213 fecit
2976 1160 3113 1214 Deus
3141 1163 3334 1219 emtum

1757 1243 1810 1288 et
1842 1245 2033 1290 terram
2059 1255 2073 1303 ;
2103 1242 2376 1310 quisquam
2423 1243 2559 1298 forte
2585 1245 2935 1302 arbitraretur
2961 1250 3153 1305 librqu
3184 1268 3337 1309 crea-

1758 1333 1888 1378 turae
1916 1328 2034 1381 cmli
2062 1339 2115 1382 et
2141 1339 2295 1384 terra:
2321 1331 2398 1387 sic
2427 1335 2766 1402 appellatum,
2796 1340 3066 1408 quomodo
3096 1345 3332 1412 appella-

1758 1423 1867 1468 tum
1902 1427 1984 1472 est
2013 1419 2064 1472 in
2095 1421 2351 1488 principio
2389 1426 2580 1478 cmlunt
2621 1436 2676 1481 et
2707 1438 2874 1494 terra,
2904 1441 3026 1486 ante
3059 1435 3332 1491 conditum

1757 1504 1926 1569 diem;
1956 1523 2017 1562 ac
2044 1508 2236 1565 deinde
2263 1513 2620 1583 Sttbjttnctttzu,
2648 1521 2812 1585 [actus
2848 1531 2917 1573 est
2947 1521 3072 1582 dies,
3102 1524 3237 1578 sicut
3263 1525 3334 1579 ibi

1758 1611 1940 1668 postea
1971 1613 2236 1656 narraturo
2268 1615 2345 1659 cst
2371 1648 2386 1671 ,
2424 1605 2564 1675 quod
2613 1609 2749 1665 Deus
2790 1612 2971 1666 fecerit
3000 1613 3139 1668 diem
3171 1633 3184 1668 :
3215 1616 3338 1672 inde

1757 1694 2004 1747 continuo
2036 1711 2218 1751 rursus
2241 1698 2461 1765 dictum,
2492 1699 2632 1755 Fecit
2661 1702 2793 1755 Deus
2818 1703 2998 1757 caelum
3036 1715 3080 1758 et
3111 1716 3292 1760 terram
3319 1749 3333 1769 .

1758 1791 2004 1854 tanquam
2033 1788 2107 1840 sic
2133 1787 2240 1854 jam
2276 1791 2718 1856 quemadmodum
2753 1792 2860 1845 lure
2888 1793 3020 1847 facta
3058 1805 3180 1848 sunt
3218 1807 3335 1864 post

1757 1877 2027 1929 cmulitum
2069 1878 2229 1932 dietn.
2273 1881 2375 1934 Sed
2404 1882 2521 1951 quia
2559 1884 2626 1936 ita
2659 1883 3024 1954 interpositum
3056 1899 3131 1942 est
3165 1898 3222 1942 ut
3256 1890 3338 1944 di-

1757 1975 1996 2032 ceretur,
2039 1985 2152 2020 cum
2196 1970 2359 2037 [actus
2402 1983 2470 2025 est
2501 1973 2644 2038 dies;
2685 1975 2796 2029 sive
2837 1975 2935 2030 hoc
2975 1979 3336 2046 superioribus

1758 2058 1932 2111 verbis
1952 2073 2266 2120 Connectas.
2308 2074 2362 2116 ut
2393 2064 2461 2118 sit
2504 2081 2604 2119 una
2645 2068 2905 2121 sententia
2926 2109 2939 2132 ,
2984 2067 3082 2122 llic
3110 2081 3182 2124 est
3212 2071 3336 2126 liber

1756 2161 2001 2204 creatura:
2028 2153 2138 2206 (α’Ιὶ
2165 2165 2209 2206 rt
2233 2165 2378 2209 terra:
2402 2173 2514 2209 eum
2545 2159 2708 2225 [actus
2728 2168 2798 2210 est
2824 2160 2965 2223 dies;
2997 2161 3106 2214 sive
3129 2163 3337 2217 inferio-

1756 2240 1920 2302 ribue,
1961 2254 2014 2295 ιιι
2052 2244 2174 2298 item
2218 2244 2316 2298 bne
2362 2247 2518 2301 modo
2549 2249 2614 2301 sit
2653 2249 2806 2318 plena
2856 2253 3116 2306 sententia
3141 2293 3158 2319 ,
3209 2252 3335 2310 Cum

1755 2337 1916 2403 factus
1946 2345 2014 2388 est
2044 2337 2168 2400 dies,
2201 2339 2313 2403 fecit
2349 2338 2484 2394 Deus
2511 2342 2690 2394 caelum
2708 2353 2754 2394 et
2777 2353 2958 2397 terram
2986 2361 3004 2397 :
3031 2348 3207 2413 procul
3238 2348 3336 2402 du-

1758 2423 1842 2476 bio
1875 2425 2015 2494 cogit
2042 2442 2106 2480 eo
2135 2429 2292 2481 ruodu
2321 2445 2377 2483 se
2410 2431 2625 2500 intelligi
2655 2433 2847 2487 cmlum
2879 2444 2932 2489 et
2960 2447 3152 2491 terram
3182 2456 3333 2494 cmu-

1757 2529 2102 2578 memorasse,
2133 2519 2399 2586 quomodo
2425 2519 2562 2575 facta
2591 2532 2733 2584 sum,
2754 2539 2872 2577 cum
2907 2524 3076 2582 lactus
3099 2538 3180 2582 est
3200 2529 3332 2584 dies.

1757 2605 1958 2660 Deinde
1985 2623 2104 2662 cunt
2126 2611 2322 2663 dictum
2345 2622 2504 2674 esset,
2527 2613 2666 2666 Fecit
2687 2613 2819 2668 Deus
2840 2618 3015 2670 rwlum
3041 2630 3088 2672 et
3117 2631 3334 2688 terram;

1754 2697 1988 2751 additum
2024 2708 2124 2761 est,
2155 2710 2202 2753 et
2241 2718 2386 2754 omne
2412 2703 2568 2756 viride
2596 2706 2704 2773 agri
2737 2721 2755 2758 :
2781 2722 2896 2775 qum
2925 2719 3066 2762 recte
3106 2713 3331 2768 manife-

1754 2800 1892 2843 stum
1942 2801 2024 2845 est
2071 2803 2227 2846 tertio
2277 2793 2361 2848 die
2411 2794 2564 2849 facta.
2624 2795 2774 2851 Unde
2823 2798 3072 2867 liquidus
3115 2814 3335 2873 apparet

1755 2882 1998 2936 eumdem
2033 2884 2176 2938 illum
2205 2901 2324 2941 eSse
2355 2903 2513 2939 unum
2544 2888 2684 2942 diem
2710 2905 2867 2958 quem
2897 2891 3017 2945 fecit
3043 2893 3200 2959 Deus,
3228 2912 3335 2964 qm»

1755 2977 2001 3043 repetito,
2037 2977 2200 3032 factus
2230 2989 2308 3033 est
2338 2989 2387 3033 et
2419 2981 2699 3046 Secundus,
2727 2991 2781 3037 cl
2820 2984 3032 3048 tertius,
3064 2995 3118 3042 et
3153 2989 3335 3044 caueri

1757 3081 1920 3136 usque
1950 3068 2013 3121 ad
2054 3070 2333 3136 septimum
2361 3071 2522 3126 diem.

1960 3160 2184 3217 CAl‘lJT
2227 3163 2286 3217 ll.
2322 3193 2392 3203 —
2442 3163 2608 3220 Virirle
2635 3167 2746 3235 agri
2769 3184 2858 3221 cur
2881 3169 3134 3224 additam.

1825 3251 1875 3304 4.
1913 3250 2042 3305 Cum
2069 3263 2244 3307 autem
2276 3255 2488 3310 nomine
2521 3258 2638 3311 ρωξί
2665 3267 2716 3313 et
2741 3268 2896 3313 terra:
2918 3302 2934 3324 ,
2965 3261 3157 3315 usitato
3186 3277 3336 3320 more

1757 3337 2172 3410 Scripturarum,
2225 3360 2366 3400 nunc
2415 3345 2712 3400 universam
2763 3363 3059 3404 creaturam
3110 3354 3337 3409 voluerit

1756 3432 1942 3499 accipi,
1976 3434 2136 3501 qua-ri
2163 3444 2336 3502 potest
2358 3451 2453 3489 cur
2473 3437 2752 3494 addiderit.
2772 3450 2818 3491 et
2844 3457 2989 3494 omne
3013 3442 3170 3497 viride
3191 3445 3335 3515 agri;

1756 3523 1896 3593 quod
1936 3525 2060 3577 inibi
2091 3526 2296 3580 videtur
2326 3527 2444 3582 ideo
2476 3532 2732 3596 posuisse,
2761 3540 2815 3583 ut
2840 3532 3222 3601 signiﬁcantius
3247 3535 3331 3589 in-

1758 3615 1967 3668 timaret
1992 3633 2148 3686 quem
2189 3618 2328 3671 diem
2358 3633 2566 3674 contine
2591 3620 2804 3674 .daverit
2831 3661 2845 3684 ,
2887 3622 3024 3690 quod
3059 3625 3170 3689 ait,
3218 3642 3334 3679 cum

1754 3704 1918 3774 [nctus
1940 3717 2010 3760 est
2032 3708 2154 3760 dies.
2186 3709 2303 3762 Cito
2323 3709 2463 3762 enim
2489 3711 2764 3780 quisquam
2791 3724 2998 3779 putaret
3023 3711 3163 3768 hunc
3192 3715 3332 3771 diem

1757 3797 1888 3850 lueis
1909 3813 2176 3866 corporeae
2198 3799 2644 3862 counuemlatum,
2671 3817 2777 3872 quo
2797 3803 3158 3860 circumeuute
3181 3807 3333 3861 nobis

1756 3892 2066 3945 vicissitudo
2109 3892 2280 3946 diurni
2337 3893 2683 3962 nocturnique
2731 3897 2984 3964 temporis
3027 3897 3330 3954 exhibetur.

1757 3984 1860 4039 Sed
1882 3999 2000 4038 cum
2022 3996 2380 4039 creaturarum
2408 3988 2734 4040 conditarum
2758 3989 2996 4044 ordinem
3027 3991 3330 4057 recolimus,

1759 4087 1808 4131 et
1845 4076 2138 4130 invenimus
2166 4093 2323 4130 omne
2349 4078 2510 4132 viride
2533 4081 2640 4147 agri
2665 4081 2819 4132 tertio
2843 4080 2930 4134 die
2951 4093 3210 4147 creatum,
3238 4101 3333 4136 an-

1760 4178 1967 4236 tequam
2015 4171 2090 4222 sul
2126 4171 2301 4231 tieret,
2343 4171 2429 4238 qui
2467 4182 2655 4238 quarto
2695 4172 2781 4226 die
2823 4174 2988 4228 lactus
3025 4186 3100 4230 est
3125 4215 3142 4240 ,
3181 4180 3331 4244 cujus

1760 4259 2036 4327 pra-scotia
2059 4259 2174 4314 dies
2203 4260 2298 4314 iste
2323 4260 2659 4328 qttotidianus
2683 4265 3010 4333 nsitalusque
3032 4266 3326 4335 pemgitur;

1755 4351 1967 4420 quando
1994 4351 2254 4410 audimus.
2285 4350 2408 4404 Cum
2434 4356 2592 4420 {actus
2614 4365 2683 4405 rst
2709 4353 2832 4416 dies,
2859 4357 2975 4422 [κεί
2995 4352 3131 4406 Deus
3155 4355 3330 4410 "telum

1754 4453 1800 4494 et
1826 4452 2026 4502 terram,
2060 4452 2105 4493 et
2126 4459 2270 4494 urnne
2297 4443 2450 4494 uiride
2474 4444 2614 4509 agri;
2636 4444 2980 4497 admonenmr
3008 4443 3074 4498 de
3102 4446 3214 4511 ipSo
3242 4447 3329 4502 die

1755 4538 2008 4604 cogitare,
2033 4550 2187 4603 quem
2218 4534 2329 4588 sive
2355 4535 2683 4603 corporalem
2718 4536 3012 4604 nescioqua
3038 4537 3152 4592 line
3178 4539 3330 4594 nobis

1757 4625 2040 4694 ineognita,
2071 4625 2181 4679 sive
2214 4627 2537 4692 spiritualem
2566 4627 2618 4679 in
2647 4626 2896 4680 Socielate
2926 4628 3138 4682 unitatis
3165 4646 3329 4696 ange-

1758 4719 1870 4771 liere
1894 4759 1906 4775 .
1944 4733 2044 4769 non
2077 4728 2249 4772 tamen
2289 4719 2444 4771 talem
2474 4719 2678 4788 qualem
2711 4719 2794 4774 hic
2825 4719 3088 4784 novimus,
3118 4721 3329 4778 intelle-

1753 4818 1838 4862 ctu
1870 4809 2124 4877 vestigare
2150 4824 2422 4862 CItIICIIIUl‘.

1752 4899 1974 4959 CAPUT
2004 4901 2086 4954 Ill.
2110 4931 2180 4940 —
2213 4901 2291 4955 Ex
2320 4903 2620 4955 narrationis
2642 4902 2817 4957 ordine
2841 4904 3136 4975 intelligitur
3162 4907 3330 4960 omnia

2271 4995 2422 5047 simul
2449 5007 2614 5047 creata
2642 4997 2813 5064 fuisse.

1823 5088 1876 5142 5.
1912 5086 2038 5140 Illud
2069 5087 2228 5140 etiam
2270 5103 2373 5140 non
2408 5090 2473 5138 ab
2503 5105 2557 5139 re
2599 5087 2754 5140 fuerit
2792 5088 3013 5144 intueri.
3043 5088 3181 5156 quod
3208 5104 3327 5142 cum

1753 5190 1929 5246 posset
1971 5180 2144 5232 dicere
2165 5221 2180 5242 ,
2219 5180 2311 5232 llic
2349 5190 2430 5232 est
2461 5179 2590 5232 liber
2617 5191 2872 5232 creatura:
2906 5177 3024 5233 calli
3055 5187 3109 5231 et
3140 5190 3327 5244 terrm,

1753 5287 1872 5325 cum
1905 5273 2025 5324 fecit
2053 5272 2189 5325 Deus
2214 5270 2405 5323 emlum
2443 5280 2494 5322 et
2520 5280 2746 5333 terram;
2781 5279 2832 5321 ut
2866 5270 2915 5320 in
2949 5270 3085 5322 cwlo
3111 5278 3163 5322 et
3192 5279 3328 5321 terra

1754 5361 2166 5428 intell'geremus
2192 5360 2440 5430 quidquid
2473 5359 2521 5412 in
2554 5360 2629 5410 eis
2654 5369 2767 5420 est,
2812 5359 2946 5410 sicut
2975 5358 3114 5426 loqui
3151 5356 3329 5412 divina

1753 5452 2023 5520 Sci'iptura
2054 5453 2326 5505 consuevit
2351 5492 2365 5514 ,
2410 5461 2458 5502 ιιι
2495 5450 2705 5502 nomine
2735 5448 2852 5501 ('(l‘li
2880 5459 2930 5500 et
2959 5457 3115 5501 terra:
3141 5449 3327 5517 Saepis-

1755 5544 1906 5603 sime,
1946 5544 2207 5598 interdum
2236 5542 2416 5594 addito
2451 5554 2496 5591 et
2529 5542 2723 5601 maris,
2757 5542 3056 5594 universam
3098 5541 3330 5596 insinuet

1753 5649 2087 5699 creaturam,
2129 5634 2410 5701 aliquando
2449 5633 2736 5702 adjuuguis
2776 5642 2822 5685 et
2856 5632 3035 5686 dicens
3059 5674 3072 5693 ,
3121 5634 3180 5686 I-lt
3210 5647 3328 5703 qua:

1755 5741 1876 5788 sunt
1905 5731 1956 5784 in
1987 5729 2063 5785 eis
2093 5726 2258 5798 (Psul.
2289 5741 2443 5794 CXLV,
2474 5730 2530 5796 ti)
2559 5743 2570 5778 :
2607 5739 2659 5777 ut
2687 5725 2938 5795 quidquid
2964 5724 3155 5783 horum
3179 5723 3330 5783 dice.
