3902 6336
539 357 656 425 l-e't,
687 356 761 414 ibi
789 354 1201 426 intelligeremus
1233 361 1288 406 et
1323 349 1462 406 diem
1488 391 1504 417 ,
1553 348 1666 403 sive
1693 362 1850 419 quem
1888 345 2133 416 primitus

542 450 784 509 condidit
801 490 818 516 ,
835 451 958 504 “sive
977 447 1140 502 isrum
1171 452 1336 514 quem
1359 440 1650 514 praesentia
1675 439 1802 495 solis
1826 437 1950 494 fecit
1981 454 1997 493 :
2023 450 2132 492 non

541 544 616 603 ita
643 542 797 610 dixit,
825 540 919 596 sed
949 535 1264 608 interposuit
1292 533 1454 601 diem,
1486 531 1693 598 dicens,
1721 527 1846 586 Cum
1869 531 2033 603 [actus
2055 533 2133 582 est

542 635 670 690 dies.
715 632 825 688 Nec
859 631 928 688 ita
972 631 1178 683 locutus
1219 635 1302 681 est
1346 633 1402 678 ut
1447 622 1687 687 diceret,
1731 620 1826 674 Hic
1872 629 1953 674 est
1997 617 2134 672 liber

481 713 504 784 ῗ.
544 733 806 783 creatura:
825 721 938 781 diei
959 730 1018 775 ἐι
1033 719 1163 775 celi
1187 727 1243 771 et
1264 727 1461 782 teme;
1487 723 1745 784 tauquam
1775 711 1875 764 hoc
1901 709 2090 764 ordine
2113 750 2129 776 ,

542 834 648 889 quo
679 815 812 870 facta
840 821 1121 868 narrantur
1154 828 1167 864 :
1197 825 1296 864 nec
1330 809 1400 862 ita
1424 848 1439 872 ,
1470 805 1566 860 llic
1595 812 1680 859 est
1707 803 1840 857 liber
1872 809 2132 857 creaturae

477 968 481 974 ,
543 908 665 966 cadi
694 917 749 963 et
777 915 953 968 terrm,
990 918 1111 958 cum
1143 902 1310 956 factus
1340 906 1424 954 est
1453 897 1567 952 dies
1590 904 1644 950 et
1668 893 1861 950 coelum
1885 901 1939 946 et
1970 901 2129 955 terra,

499 988 502 991 ’
543 1015 666 1057 cum
712 997 836 1054 fecit
879 996 1022 1051 Deus
1060 994 1255 1050 emtum
1295 999 1356 1046 et
1388 999 1621 1052 tetram,
1665 994 1720 1042 et
1759 998 1921 1039 0mm:
1964 981 2134 1037 viride

541 1094 656 1165 agri
687 1109 700 1147 :
740 1105 838 1146 nec
872 1089 980 1156 ita,
1009 1087 1109 1144 llic
1131 1095 1211 1141 cst
1236 1086 1370 1140 liber
1401 1089 1663 1138 creaturae
1699 1077 1824 1134 ειειὶ
1851 1086 1907 1132 ει
1935 1085 2091 1131 terra:
2113 1116 2130 1143 ,

543 1201 665 1242 cum
702 1183 829 1240 fecit
864 1184 1004 1238 Deus
1029 1181 1195 1246 diem,
1233 1187 1289 1234 et
1323 1177 1517 1234 omium
1546 1185 1601 1230 et
1631 1185 1826 1229 terram
1846 1213 1863 1238 ,
1893 1179 1947 1225 et
1975 1185 2134 1224 omne

545 1276 713 1332 viride
738 1275 850 1345 agri
877 1292 888 1328 :
918 1273 1016 1328 hos
1031 1273 1178 1327 enim
1199 1269 1374 1338 magis
1401 1266 1686 1322 locutionis
1705 1264 1893 1318 modos
1915 1263 2136 1332 loquen-

544 1370 598 1426 di
625 1366 955 1424 consuetudo
979 1363 1255 1434 poscebat.
1294 1358 1401 1416 Sed
1428 1360 1523 1423 ait,
1559 1355 1659 1410 Hic
1687 1365 1757 1409 est
1785 1355 1910 1408 liber
1932 1362 2133 1406 creatu-

545 1476 618 1516 rte
639 1458 751 1514 οωιὶ
774 1468 820 1512 et
842 1467 1015 1519 terra.
1045 1471 1160 1508 cum
1179 1457 1352 1525 {actus
1373 1459 1447 1504 est
1479 1448 1615 1512 dies,
1637 1446 1762 1518 fecit
1788 1443 1926 1500 Deus
1951 1443 2134 1498 cretum

545 1563 592 1610 et
631 1563 853 1617 ten-am,
887 1559 938 1605 et
974 1564 1122 1602 omne
1160 1545 1320 1600 viride
1354 1543 1468 1615 agri
1497 1557 1516 1595 :
1539 1551 1794 1610 tanquam
1831 1537 1963 1593 illud
2001 1538 2133 1592 insis-

545 1659 738 1708 nuaus,
762 1655 888 1698 cum
913 1642 1077 1694 lactus
1099 1647 1183 1693 est
1211 1637 1348 1701 dies,
1375 1645 1505 1690 tunc
1530 1633 1722 1690 fecisse
1741 1631 1908 1687 Deum
1937 1631 2134 1686 calum

547 1745 601 1792 et
627 1743 844 1795 terrain,
875 1741 929 1786 et
953 1745 1112 1784 omne
1140 1727 1306 1783 viride
1323 1727 1462 1796 agri.
1953 1782 1960 1787 ,

529 1861 533 1864 «
617 1824 672 1880 6.
718 1823 886 1878 Porro
912 1827 1087 1874 autem
1109 1819 1354 1889 superior
1379 1815 1612 1870 narratio
1636 1813 1831 1868 factum
1857 1811 1999 1866 diem
2021 1812 2136 1881 apri-

547 1915 712 1972 mitus
762 1911 992 1968 iudicat.
1037 1925 1271 1980 eumque
1308 1924 1471 1964 linunt
1517 1906 1659 1962 diem
1697 1905 1968 1974 deputat;
2018 1913 2137 1974 post

546 2021 707 2080 qtietn
751 2005 1042 2062 secundum
1081 2010 1427 2068 aunumerat,
1470 2014 1578 2071 quo
1622 1999 1816 2054 factum
1845 2008 1927 2052 est
1949 1999 2136 2051 ﬁrma-

545 2109 820 2165 mentum;
851 2109 907 2153 et
936 2100 1181 2162 tertium,
1212 2112 1317 2167 quo
1342 2093 1549 2164 species
1575 2102 1734 2148 terra:
1757 2091 2028 2162 marisque
2055 2090 2138 2145 di-

546 2205 712 2268 gesta:
739 2202 894 2257 sunt,
927 2203 980 2248 et
999 2193 1206 2262 lignum
1235 2200 1395 2259 atque
1421 2187 1645 2241 herbam
1687 2196 1829 2240 terra
1865 2183 2133 2254 produxit.

544 2290 631 2345 An
658 2288 802 2342 forte
820 2286 929 2340 hoc
955 2285 1084 2339 illud
1111 2293 1214 2349 est,
1235 2281 1383 2352 quod
1407 2281 1461 2335 in
1487 2281 1627 2334 libro
1647 2279 1922 2350 superiore
1954 2278 2139 2333 molie-

543 2380 737 2436 batnur
751 2377 1060 2444 ostendere,
1080 2374 1237 2430 simul
1267 2375 1432 2429 Deum
1456 2371 1648 2427 fecisse
1668 2371 1867 2436 omnia,
1896 2369 2139 2440 quando-

545 2471 762 2544 quidem
791 2468 1120 2525 -narrat’iouis
1159 2466 1248 2522 illa
1285 2465 1591 2529 contextio,
1631 2477 1754 2517 cum
1791 2476 1888 2516 sex
1931 2462 2138 2516 dierum

547 2565 737 2620 ordine
775 2572 962 2620 creata
1006 2572 1196 2618 atrocia
1235 2571 1292 2617 et
1339 2565 1705 2615 consummata
1743 2565 2135 2621 memorasset,

544 2673 690 2713 nunc
723 2655 793 2712 ad
835 2667 1000 2711 unum
1025 2654 1174 2710 diem
1201 2653 1381 2708 omnia
1423 2652 1737 2722 rediguntur
1772 2649 1991 2703 nomine
2017 2648 2140 2703 caeli

545 2759 602 2806 et
632 2761 815 2815 terra,
855 2748 1114 2817 adjuncto
1141 2747 1299 2802 etiam
1331 2745 1574 2800 frutieum
1603 2741 1841 2814 genere?
1879 2740 2138 2795 Nimirum

544 2855 764 2913 propter
778 2841 928 2912 quod
957 2855 1119 2910 supra
1149 2840 1283 2905 dixi,
1316 2847 1376 2891 ut
1397 2839 1442 2891 si
1473 2836 1714 2891 fortassis
1737 2851 1802 2888 ex
1824 2833 1931 2887 'hac
1955 2837 2140 2887 noSt‘ra

543 2932 928 2990 consuetudine
951 2930 1339 3000 intelligeretur
1367 2928 1484 2982 dies
1504 2970 1517 2993 ,
1549 2927 1907 2996 corrigeretur
1933 2924 2102 2979 lector
2120 2965 2136 2991 ,

544 3040 668 3080 cum
711 3024 975 3078 recoleret
1009 3022 1177 3076 viride
1205 3021 1319 3090 agri
1361 3029 1488 3073 ante
1525 3019 1682 3073 istum
1727 3018 1959 3073 solarem
1993 3015 2135 3072 diem

544 3117 717 3172 Deum
745 3114 945 3169 dixisse
977 3121 1035 3166 ut
1067 3124 1204 3167 terra
1224 3110 1562 3183 produceret.
1586 3110 1660 3164 lta
1680 3109 1791 3180 jam
1815 3124 1919 3162 non
1940 3124 2007 3163 ex
2033 3109 2141 3163 alio

547 3209 842 3278 Scriptura:
885 3215 1085 3261 sanctae
1127 3204 1265 3259 libro
1301 3202 1566 3274 profertur
1603 3202 1969 3257 testimonium
1997 3202 2140 3273 quod

547 3301 727 3357 omnia
755 3299 913 3354 simul
945 3299 1084 3354 Deus
1111 3296 1375 3353 creaverit
1409 3293 1594 3368 (Eccli.
1621 3308 1752 3350 xvm
1773 3337 1788 3362 ,
1817 3293 1910 3365 l);
1941 3294 2035 3350 sed
2059 3295 2142 3349 vi-

551 3393 674 3449 cina
716 3391 1018 3447 testiﬁcatio
1059 3391 1266 3460 pagina:
1309 3388 1687 3457 consequentis
1724 3401 1788 3441 ex
1830 3385 1928 3441 hac
1954 3403 2012 3441 re
2044 3401 2142 3440 nos

548 3484 799 3540 admonet
824 3525 838 3548 ,
871 3483 1055 3538 dicens
1076 3522 1092 3548 ,
1124 3479 1250 3534 Cum
1273 3479 1436 3550 [actus
1461 3487 1533 3533 est
1573 3478 1701 3544 dies,
1735 3478 1849 3549 fecit
1880 3475 2015 3530 Deus
2040 3493 2138 3531 cm-

550 3579 658 3632 Ium
685 3584 732 3631 et
761 3585 968 3641 terram,
998 3582 1045 3628 et
1073 3587 1222 3627 mnne
1252 3572 1410 3626 viride
1439 3572 1552 3643 agri
1583 3587 1602 3626 :
1628 3578 1686 3625 ut
1714 3571 1872 3624 istum
1901 3569 2040 3623 diem
2084 3581 2143 3625 et

549 3669 748 3741 septies
776 3667 1039 3737 intelligas
1061 3665 1366 3736 repetitum,
1397 3672 1454 3718 ut
1477 3664 1665 3718 tierent
1685 3670 1890 3732 septem
1916 3661 2030 3715 dies
2050 3677 2065 3726 ;
2083 3671 2143 3715 et

547 3778 670 3819 cum
698 3762 848 3818 audis
872 3767 1008 3816 tunc
1034 3758 1168 3815 facta
1195 3758 1397 3826 omnia,
1429 3772 1551 3813 cum
1583 3756 1752 3811 factus
1778 3764 1863 3811 est
1886 3753 2032 3821 dies,
2075 3754 2143 3808 il-

548 3858 657 3912 lam
695 3856 958 3912 senui-iam
1001 3853 1086 3908 vel
1113 3851 1470 3921 septenariam
1498 3853 1870 3922 repetitionem
1906 3850 2021 3904 sine
2054 3849 2143 3904 in-

547 3949 787 4005 tervallis
801 3957 1085 4002 morarum
1111 3947 1512 4018 spatiorumque
1535 3945 1904 4016 temporalium
1924 3945 2142 4011 factam,

549 4043 597 4096 si
621 4041 816 4111 possis,
837 4040 1247 4112 apprehendas;
1285 4040 1338 4093 si
1375 4039 1610 4094 nondum
1657 4041 1860 4110 possis,
1901 4040 2015 4094 haec
2057 4055 2144 4094 re-

549 4135 760 4206 linquas
783 4133 1160 4203 conspicienda
1182 4133 1482 4188 valentibus
1516 4150 1529 4186 :
1563 4143 1617 4187 tu
1647 4143 1823 4188 autem
1851 4149 1970 4188 cum
1997 4133 2142 4189 Scri-

549 4237 704 4298 ptura
751 4241 854 4280 non
881 4225 1168 4280 deserente
1197 4224 1562 4279 inﬁrmitatem
1592 4235 1735 4279 tuam
1754 4266 1769 4292 ,
1816 4233 1870 4280 et
1898 4235 2144 4280 materno

548 4321 763 4375 incessu
795 4319 978 4373 'tecum
1001 4316 1214 4372 tardius
1251 4315 1559 4370 ambulante
1597 4313 1875 4385 proficias;
1908 4331 2026 4384 quae
2065 4316 2144 4369 sic

549 4416 802 4486 loquitur,
833 4421 890 4468 ut
914 4411 1195 4467 altitudine
1231 4409 1492 4480 superbos
1521 4407 1758 4475 irrideat,
1785 4406 2142 4478 profunditate

548 4517 780 4565 attentos
803 4513 1026 4572 terreat,
1053 4504 1280 4559 veritate
1309 4516 1528 4573 magnos
1552 4509 1734 4572 pascat
1759 4500 1776 4531 ¹
1792 4540 1808 4565 ,
1834 4497 2144 4555 ail‘abilitate

550 4601 802 4673 parvulos
826 4601 1042 4654 nutriat.

548 4689 776 4750 CAPUT
802 4689 893 4745 ιγ.
931 4719 993 4730 -
1017 4687 1119 4744 Cur
1143 4693 1314 4761 fenum
1340 4696 1607 4759 antequam
1631 4685 1911 4741 θωρήκων
1949 4687 2141 4759 factum

1155 4782 1309 4852 fuisse
1328 4780 1532 4833 dicitur.

622 4877 673 4930 7.
703 4873 841 4943 Quid
879 4873 980 4930 sibi
1018 4888 1144 4943 ergo
1182 4873 1293 4926 vult
1330 4873 1493 4926 etiam
1534 4870 1675 4942 quod
1703 4870 1986 4940 sequitur:
2016 4885 2138 4924 nam

549 4971 620 5025 ita
648 4975 825 5025 sermo
851 4967 1183 5032 contexitur,
1215 4964 1348 5020 Cum
1377 4967 1544 5037 factus
1578 4975 1649 5019 est
1678 4965 1784 5019 dies
1803 5005 1819 5030 ,
1853 4964 1971 5038 fecit
2002 4962 2140 5017 Deus

546 5066 728 5119 caelum
766 5071 811 5116 et
839 5071 1028 5116 terram
1047 5101 1062 5126 ,
1104 5069 1152 5115 et
1181 5075 1326 5113 omne
1351 5060 1510 5114 uiride
1536 5060 1648 5131 agri
1665 5102 1680 5127 ,
1719 5069 1990 5127 antequam
2012 5071 2144 5114 esset

547 5173 698 5226 super
730 5166 916 5210 terram
935 5195 950 5220 ,
989 5163 1035 5208 et
1070 5169 1216 5208 omne
1243 5155 1412 5224 fenum
1435 5154 1546 5227 agri
1565 5197 1580 5221 ,
1613 5163 1881 5226 antequam
1913 5164 2144 5208 exortum

546 5251 660 5304 est?
687 5247 823 5316 Quid
849 5257 932 5303 est
955 5241 1105 5302 hoc?
1132 5245 1321 5300 Nonne
1349 5245 1695 5316 quaerendum
1729 5255 1813 5302 est
1842 5246 1931 5300 ubi
1970 5260 2032 5302 ea
2061 5245 2140 5303 fe-

546 5343 708 5408 cerit,
757 5349 1042 5410 antequam
1079 5342 1264 5394 eSSent
1308 5351 1472 5407 super
1500 5347 1730 5403 terram,
1761 5349 1816 5395 et
1857 5347 2142 5410 antequam

548 5442 732 5491 exorta
758 5433 924 5487 sunt?
949 5432 1079 5502 Quis
1108 5431 1251 5486 enim
1280 5445 1386 5484 non
1414 5431 1694 5500 proclivius
1719 5430 1984 5497 crederet,
2017 5441 2146 5488 tunc

547 5541 613 5583 ea
657 5527 821 5581 Deum
848 5525 1038 5579 fecisse
1066 5567 1079 5593 ,
1119 5539 1241 5579 cum
1285 5534 1468 5578 exorta
1508 5529 1663 5584 sunt,
1706 5538 1814 5576 non
1855 5535 2142 5593 antequam

547 5627 731 5677 exorta
757 5628 898 5685 sunt,
928 5621 1033 5674 nisi
1057 5619 1435 5674 admoneretur
1454 5615 1555 5670 hoc
1581 5615 1762 5671 divino
1783 5616 2013 5687 eloquio,
2040 5618 2141 5674 ista

611 5731 632 5764 ⁸
655 5736 862 5782 Veteres
881 5730 1074 5782 codices
1094 5732 1286 5791 Opllﬂlil}
1306 5737 1452 5793 notae,
1475 5741 1620 5792 agnos
1642 5735 1829 5792 pascat.

1495 231 1586 293 DE
1621 228 1864 292 GENESI
1899 232 1992 290 AD
2029 231 2404 302 LITTERAM,
2443 228 2500 290 S.
2541 230 2910 294 AUGUSTlNl

2156 5788 2188 5816 ει-

3786 246 3862 304 διε

2243 345 2410 400 Deum
2453 345 2646 403 fecisse
2683 358 2966 421 antequam
2994 351 3359 408 exorirentur
3380 392 3403 421 ,
3444 359 3511 410 ut
3550 353 3601 410 si
3631 354 3723 412 ubi
3752 356 3862 415 facta

2239 437 2368 503 sint,
2409 438 2649 497 invenire
2687 456 2793 496 non
2841 439 3045 511 possit,
3087 437 3284 498 credat
3329 451 3534 501 tamen
3577 455 3707 502 ante
3747 449 3862 508 facta

2240 546 2400 602 quam
2424 542 2629 600 exorta,
2653 535 2902 606 quisquis
2929 535 3052 591 huic
3078 534 3396 608 Scriptum
3429 537 3527 610 pie
3547 539 3757 610 extulit;
3784 544 3862 600 im-

2241 625 2328 696 pie
2356 626 2553 696 quippe
2581 641 2688 681 non
2718 626 2909 682 credit.

2312 719 2365 774 8.
2395 719 2531 788 Quid
2570 731 2698 790 ergo
2727 715 3015 775 dicemus?
3051 717 3135 776 An
3159 721 3324 792 quod
3364 722 3630 778 nennulli
3659 734 3862 796 putare.

2240 817 2401 876 runt,
2431 809 2483 863 in
2510 810 2627 879 ipso
2656 810 2830 866 Verbo
2861 810 2954 866 Dei
2981 810 3118 866 facta
3145 812 3381 873 omnia,
3417 823 3724 884 antequam
3751 833 3862 873 exo‘

2241 900 2478 954 rirentur
2519 900 2575 955 in
2619 901 2797 956 terra?
2821 902 2926 957 Sed
2964 902 3011 956 si
3039 902 3142 956 hoc
3169 902 3353 957 modo
3387 903 3539 959 facta
3563 915 3730 975 sunt,
3774 925 3862 964 ιιοει

2240 1005 2363 1046 cum
2407 992 2580 1047 factus
2607 1000 2691 1048 est
2717 993 2833 1048 dies
2851 1035 2867 1059 ,
2894 991 2988 1048 sed
3009 995 3318 1064 emortuam
3343 991 3524 1050 ﬁeret
3564 996 3684 1051 dies
3702 1036 3719 1063 ,
3749 997 3862 1052 facta

2239 1091 2409 1138 sunt:
2437 1092 2621 1153 aperte
2661 1093 2840 1139 autem
2878 1083 3151 1154 Scriptura
3189 1085 3377 1153 dicit,
3426 1083 3565 1142 Cum
3605 1091 3770 1158 [actus
3805 1103 3861 1143 est

2240 1174 2350 1229 dies
2369 1214 2384 1238 ,
2418 1175 2533 1247 fecit
2560 1174 2697 1231 Deus
2722 1177 2903 1231 cretum
2927 1187 2975 1231 et
3005 1189 3189 1233 imam
3212 1221 3230 1246 ,
3267 1192 3328 1232 et
3371 1195 3535 1234 omne
3573 1181 3739 1236 viride
3766 1188 3858 1253 agri

2240 1275 2510 1337 antequam
2532 1278 2662 1322 esset
2699 1285 2850 1338 super
2875 1279 3094 1337 terram,
3123 1279 3169 1324 et
3195 1287 3366 1325 omne
3392 1275 3581 1344 fenum
3608 1283 3856 1346 antequam

2241 1359 2541 1413 exat-iretur.
2581 1360 2638 1415 Si
2659 1373 2797 1430 ergo
2823 1374 2945 1416 cum
2991 1361 3160 1416 factus
3209 1372 3305 1416 est
3329 1362 3506 1430 dies,
3551 1379 3660 1419 non
3695 1367 3857 1436 utique

2241 1460 2526 1521 antequam
2557 1451 2714 1508 lieret
2740 1452 2856 1507 dies
2884 1470 2896 1505 :
2925 1466 2993 1506 ac
3018 1467 3111 1523 per
3129 1455 3245 1508 ’lioc
3271 1469 3396 1508 non
3429 1455 3488 1509 in
3505 1454 3706 1523 Verbo,
3730 1459 3852 1528 quod

2240 1541 2386 1598 Patri
2413 1555 2742 1600 maternum
2763 1554 2850 1599 est
2875 1553 3158 1616 antequam
3188 1545 3341 1611 dies,
3371 1557 3675 1619 antequam
3695 1551 3850 1604 omni-

2242 1649 2314 1691 no
2337 1636 2534 1706 aliquid
2566 1637 2750 1701 lieret;
2789 1637 2883 1692 sed
2912 1651 3034 1693 cum
3065 1638 3243 1694 laetus
3291 1649 3387 1694 εει
3430 1640 3576 1696 dies.
3622 1639 3751 1696 Nam
3777 1642 3847 1696 illa

2241 1745 2361 1800 quas
2387 1731 2446 1785 in
2478 1731 2650 1787 Verbo
2685 1732 2780 1785 Dei
2808 1740 2932 1787 ante
2958 1747 3171 1788 omnem
3201 1741 3535 1788 amaturum
3567 1743 3724 1797 sunt,
3755 1749 3846 1788 non

2242 1822 2424 1892 utique
2455 1821 2590 1877 facta
2609 1831 2741 1876 sunt
2766 1823 2784 1854 ί
2817 1839 2830 1874 :
2861 1822 2977 1878 lta-c
2994 1833 3169 1878 autem
3194 1822 3347 1877 facta
3369 1831 3526 1890 sunt,
3555 1841 3678 1879 cum
3699 1823 3844 1879 factus

2244 1923 2326 1968 est
2352 1913 2486 1981 dies,
2517 1915 2656 1969 sicut
2683 1915 2974 1985 Scriptura:
3009 1915 3167 1970 verba
3197 1913 3533 1983 declarant;
3565 1917 3658 1972 sed
3689 1928 3841 1972 tamen

2243 2015 2525 2076 antequam
2554 2017 2733 2061 essent
2762 2021 2924 2078 super
2957 2019 3150 2062 terram
3177 2049 3192 2072 ,
3241 2020 3548 2079 antequam
3595 2011 3838 2066 exoraren-

2245 2107 2363 2161 tur;
2393 2099 2533 2168 quod
2555 2100 2628 2154 ‘de
2655 2101 2914 2155 viridibus
2939 2111 2992 2155 et
3012 2100 3139 2155 ‘feuo
3166 2101 3287 2172 agri
3317 2103 3532 2158 dictum
3561 2114 3666 2160 est.

2315 2190 2369 2246 9.
2401 2190 2497 2246 Ubi
2521 2191 2686 2262 ergo?
2718 2193 2799 2246 An
2824 2193 2875 2246 in
2906 2193 3016 2262 ipsa
3047 2203 3185 2248 terra
3213 2196 3522 2249 causaliter
3556 2207 3609 2250 et
3636 2196 3838 2250 rationa-

2246 2282 2371 2338 liter
2397 2300 2411 2349 ;
2443 2284 2581 2337 sicut
2618 2283 2671 2337 in
2701 2284 2997 2340 seminibus
3019 2285 3129 2354 jam
3149 2295 3294 2340 sunt
3321 2289 3510 2341 omnia
3531 2328 3547 2354 ,
3578 2296 3834 2357 antequam

2246 2375 2493 2430 evolvunt
2541 2375 2956 2445 quodammodo,
3004 2387 3163 2448 atque
3206 2379 3494 2449 explicent
3531 2380 3832 2434 incrementa

2247 2477 2303 2520 et
2331 2466 2539 2537 species
2566 2481 2691 2520 suas
2719 2481 2815 2537 per
2839 2483 3091 2522 numeros
3121 2477 3442 2539 temporum
3463 2469 3490 2524 ?
3520 2470 3625 2526 Sed
3648 2471 3738 2525 ista
3762 2484 3831 2524 se-

2246 2558 2392 2614 mina
2412 2601 2428 2626 ,
2458 2573 2582 2629 qua:
2608 2559 2850 2616 videmus
2870 2603 2885 2626 ,
2927 2561 3038 2630 jatn
3079 2572 3258 2632 super
3305 2572 3512 2618 terram
3555 2564 3700 2627 sunt,
3729 2562 3823 2630 jam

2247 2659 2433 2706 csorta
2459 2661 2583 2706 sunt
2613 2668 2626 2707 :
2656 2667 2831 2705 annon
2854 2661 3007 2706 erant
3027 2669 3190 2722 super
3209 2663 3443 2720 terram,
3463 2653 3560 2708 sed
3584 2654 3712 2707 infra
3735 2661 3824 2706 ter-

2248 2756 2400 2808 ram;
2427 2752 2481 2796 et
2511 2742 2632 2798 ideo
2659 2757 2942 2813 antequam
2968 2753 3151 2798 exorta
3177 2754 3313 2799 sunt
3339 2787 3356 2811 ,
3389 2742 3532 2798 facta
3562 2753 3697 2808 sunt,
3727 2743 3826 2812 quia

2249 2843 2377 2890 tunc
2419 2845 2604 2890 exorta
2644 2845 2770 2889 sunt
2792 2877 2808 2902 ,
2856 2851 2978 2891 cum
3007 2837 3212 2890 semina
3241 2838 3612 2908 germinarqu
3633 2878 3648 2902 ,
3679 2846 3728 2890 et
3752 2850 3824 2888 ac—

2248 2943 2406 2985 cessu
2435 2929 2887 2984 incrementorum
2921 2931 2975 2984 in
3013 2945 3173 2985 auras
3204 2940 3543 3002 eruperunt,
3583 2928 3715 3001 quod
3750 2942 3824 2997 per

2249 3035 2431 3076 moras
2453 3031 2756 3091 temporum
2795 3035 2934 3075 nunc
2969 3020 3084 3076 ﬁeri
3110 3020 3368 3078 videmus
3407 3037 3507 3076 suo
3541 3023 3721 3091 cuique
3743 3033 3818 3088 ge-

2249 3114 2740 3170 neridistributas?
2780 3114 2915 3170 Num
2955 3129 3082 3186 ergo
3121 3118 3337 3170 semina
3383 3127 3512 3170 tunc
3543 3116 3670 3170 facta
3693 3120 3819 3173 sunt,

2249 3223 2370 3263 cum
2397 3208 2567 3262 factus
2592 3216 2676 3262 est
2701 3207 2843 3273 dies,
2871 3217 2925 3263 et
2950 3209 3000 3262 in
3033 3209 3162 3278 ipsis
3188 3219 3312 3262 erat
3337 3223 3499 3262 omne
3525 3205 3683 3260 viride
3707 3201 3815 3272 agri.

2249 3307 2307 3356 et
2332 3314 2492 3355 omne
2530 3299 2710 3355 fenum
2733 3341 2749 3367 ,
2793 3299 3030 3354 nondum
3065 3315 3128 3354 ea
3171 3302 3360 3369 specie
3389 3314 3494 3369 qua
3532 3307 3649 3351 sunt
3687 3308 3819 3362 super

2251 3403 2451 3449 terram
2478 3393 2588 3464 jam
2615 3403 2824 3460 exorta,
2863 3393 2959 3449 sed
2986 3409 3048 3448 ea
3079 3393 3131 3448 vi
3158 3409 3268 3464 qua
3301 3402 3428 3448 sunt
3466 3393 3518 3446 in
3557 3387 3816 3446 rationbus

2250 3488 2560 3544 seminum?
2591 3487 2807 3543 Semina
2838 3503 2966 3558 ergo
2995 3488 3222 3558 primum
3257 3497 3401 3544 terra
3433 3483 3708 3559 produxit?
3730 3476 3816 3535 Sed

2251 3591 2358 3634 non
2389 3580 2458 3633 ita
2497 3579 2771 3648 Scriptura
2798 3577 3116 3649 loquebatur
3136 3621 3150 3647 ,
3202 3596 3333 3634 cum
3363 3579 3594 3642 diceret,
3622 3573 3684 3628 Et
3718 3586 3814 3643 pro-

2251 3671 2397 3724 duan't
2424 3679 2558 3724 terra
2585 3670 2788 3725 herbam
2823 3669 3030 3744 pabuli,
3059 3671 3138 3725 vel
3178 3669 3408 3727 herbam
3445 3669 3570 3733 feni,
3589 3665 3814 3721 seminan-

2253 3771 2354 3817 tem
2373 3763 2396 3795 ³
2429 3779 2597 3818 semen
2628 3763 2904 3818 secundum
2934 3780 3091 3836 genus
3110 3805 3126 3831 ,
3151 3772 3199 3818 et
3241 3763 3521 3819 secundum
3553 3753 3810 3815 similitudi-

2252 3870 2402 3920 nem;
2423 3862 2470 3909 et
2492 3854 2684 3927 lignum
2706 3860 3021 3926 fructuosum
3040 3857 3234 3929 faciens
3257 3861 3500 3928 fructum,
3523 3854 3659 3926 cujus
3672 3861 3810 3903 semen

2250 3960 2401 4000 suum
2436 3946 2497 4000 in
2535 3963 2588 4000 se
2622 3946 2900 4002 secundum
2932 3964 3088 4020 genus
3125 3952 3283 4020 super
3323 3957 3526 4002 terram.
3547 3943 3656 4023 .llis
3691 3939 3806 3995 enim

2252 4041 2432 4096 verbis
2469 4041 2636 4112 magis
2664 4052 2884 4112 apparet
2910 4043 3111 4096 semina
3152 4057 3276 4097 esse
3314 4053 3429 4096 orta
3469 4056 3532 4096 ex
3575 4033 3738 4091 herbis
3767 4037 3809 4083 et

2255 4132 2447 4204 lignis;
2484 4149 2591 4188 non
2636 4143 2811 4188 autem
2851 4133 2939 4188 illa
2970 4149 3036 4190 ex
3075 4134 3372 4188 seminibus
3393 4175 3406 4198 ,
3439 4131 3531 4186 sed
3559 4145 3616 4184 ex
3648 4136 3767 4179 terra
3794 4139 3803 4172 :

2253 4229 2554 4297 praesertim
2585 4229 2706 4297 quia
2737 4237 2790 4283 et
2818 4243 2929 4298 ipsa
2956 4227 3118 4282 verba
3145 4227 3243 4284 Dei
3285 4228 3364 4282 sic
3392 4242 3451 4281 se
3479 4223 3682 4279 habent.
3710 4216 3803 4270 Non

2253 4321 2399 4376 enim
2423 4321 2516 4385 ait,
2549 4320 2861 4376 Germineut
2887 4322 3088 4375 semina
3132 4321 3185 4374 in
3217 4329 3362 4376 terra
3390 4317 3602 4373 herbam
3624 4310 3734 4373 feni.
3760 4314 3803 4359 εί

2255 4414 2455 4484 lignum
2497 4411 2860 4479 fructuosum;
2898 4412 2992 4467 sed
3033 4413 3139 4477 ait,
3173 4411 3430 4468 Cerminet
3470 4421 3596 4463 terra
3631 4398 3801 4456 herbam

2256 4507 2361 4579 feni
2385 4507 2713 4561 seminantth
2738 4521 2938 4569 semen;
2969 4514 3023 4559 ttt
3051 4520 3236 4560 semen
3265 4521 3334 4560 ex
3364 4503 3540 4565 herba,
3573 4512 3668 4552 non
3698 4492 3798 4543 lien

2255 4602 2379 4658 bam
2408 4599 2702 4654 insinuaret
2725 4613 2794 4653 ex
2830 4598 3053 4653 semine.
3086 4595 3156 4650 Et
3182 4598 3255 4650 sic
3279 4606 3353 4651 est
3383 4595 3594 4665 factum,
3630 4594 3670 4640 ει
3699 4596 3797 4654 pro-

2254 4693 2399 4746 duxit
2442 4703 2576 4744 terra
2611 4686 2764 4759 (Gen.
2810 4704 2862 4757 ι,
2910 4690 3005 4754 ll,
3050 4687 3175 4761 12);
3212 4688 3264 4743 id
3304 4696 3414 4752 est,
3462 4682 3597 4754 prius
3633 4677 3700 4730 sic
3732 4679 3797 4725 est

2254 4784 2454 4840 factum
2485 4785 2536 4837 in
2559 4781 2865 4854 cognitione
2884 4781 3025 4836 illius
3049 4779 3175 4842 diei,
3199 4790 3252 4835 et
3282 4774 3523 4849 produxit
3545 4781 3670 4825 terra
3685 4765 3793 4834 jam.

2255 4889 2315 4934 ut
2345 4877 2444 4932 hoc
2469 4876 2621 4931 fieret
2649 4877 2806 4931 etiam
2839 4876 2890 4928 in
2919 4875 3030 4944 ipsa
3058 4883 3323 4937 creatura,
3351 4884 3469 4941 quae
3493 4861 3684 4920 conditu
3710 4861 3792 4907 est.

2330 4969 2416 5024 l0.
2448 4967 2725 5036 Quomodo
2751 4982 2877 5037 ergo
2907 4976 3189 5036 antequam
3217 4971 3394 5020 essent
3421 4971 3577 5027 super
3605 4957 3791 5040 terrain,

2256 5072 2310 5117 et
2331 5069 2614 5130 antequam
2643 5060 2986 5113 exorirentur
3020 5075 3033 5111 :
3066 5057 3216 5129 quasi
3253 5054 3394 5110 aliud
3431 5052 3504 5106 eis
3531 5043 3672 5099 fuerit
3699 5037 3792 5132 ﬁeri

2256 5168 2380 5208 cum
2404 5151 2542 5206 caelo
2567 5159 2619 5205 et
2647 5159 2786 5204 terra
2807 5191 2821 5215 ,
2853 5147 3065 5220 quando
3111 5148 3280 5203 factus
3305 5155 3386 5201 est
3408 5141 3518 5196 dies
3543 5135 3624 5190 ille
3650 5131 3790 5220 iniust-

2257 5255 2401 5300 tatus
2423 5252 2583 5312 atque
2605 5242 2903 5312 inctignitus
2925 5241 3076 5296 nobis
3097 5283 3112 5307 ,
3144 5254 3299 5311 quem
3333 5236 3549 5307 primum
3576 5227 3697 5278 Deus
3720 5214 3786 5312 iii:

2258 5336 2536 5404 cit;aliud
2577 5346 2752 5390 autent
2797 5334 2993 5388 exoriri
3021 5349 3180 5404 super
3206 5342 3424 5394 terram,
3470 5315 3712 5392 quodnon
3739 5299 3788 5396 ﬁl

2259 5434 2365 5490 nisi
2390 5448 2485 5504 per
2511 5432 2611 5487 hos
2637 5432 2779 5498 dies,
2809 5444 2944 5500 quos
2986 5429 3235 5483 circuitus
3260 5423 3382 5478 solis
3426 5418 3539 5473 iacnt
3664 5410 3785 5504 tem:

2261 5484 2473 5504 --η-τ--
2515 5484 2606 5487 π-
2828 5484 2864 5500 ,κ

2261 5545 2452 5600 porum
2481 5540 2657 5582 moras
2678 5541 2774 5581 suo
2803 5525 2992 5596 cuique
3007 5523 3190 5594 generi
3209 5501 3638 5576 accommodatas?
3656 5484 3782 5563 Ωυοίί

2253 5701 2256 5710 .
2325 5671 2343 5696 ι
2371 5671 2499 5723 Lov.,
2531 5675 2625 5713 non
2649 5661 2811 5728 utique
2833 5674 2943 5728 cum
2965 5661 3208 5728 fachtsest
3229 5655 3328 5708 dies
3347 5653 3466 5717 facta
3485 5643 3599 5698 sunt
3656 5635 3705 5679 ⁸⁸

2323 5731 2344 5760 ²
2367 5722 2776 5778 Mss.oonstantér
2798 5722 2998 5779 habent.
3021 5722 3271 5774 senarium.
