3902 6356
68 424 91 465 โต
138 442 273 499 siita
313 448 427 503 est,
472 436 693 505 diesque
741 434 828 489 ille
857 433 1082 487 societas
1131 438 1287 500 atque
1326 428 1500 482 unitas
1547 440 1707 495 super

140 532 425 590 cceleat'mm
451 529 778 599 Angelorum
806 538 965 597 atque
984 524 1246 579 Virtutum
1268 532 1381 586 est;
1403 520 1592 592 procul
1618 519 1714 572 du-

140 628 220 681 bio
248 626 405 695 longe
430 623 588 678 aliter
616 630 741 675 nota
767 628 848 674 est
874 618 1090 687 Angelis
1113 626 1361 671 creatura
1402 614 1529 676 Dei,
1560 612 1714 665 aliter

142 715 286 771 nobis
309 735 322 769 :
346 722 572 782 excepto
592 709 734 781 quod
754 725 869 764 eam
890 709 941 762 in
969 707 1139 762 Verbo
1168 706 1262 758 Dei
1288 710 1550 757 noverunt
1569 740 1582 762 ,
1617 712 1715 769 per

139 807 270 879 quod
287 794 423 860 facta
448 810 574 859 aunt
591 800 791 867 omnia;
816 801 975 855 etiam
998 799 1050 851 in
1067 798 1238 866 seipsa
1254 794 1379 849 dico
1394 795 1546 860 longe
1563 790 1715 844 aliter

142 907 314 952 notam
362 896 443 949 eis
469 908 591 950 esse
618 906 774 962 quam
818 890 995 945 nobis.
1044 887 1155 941 illis
1182 886 1325 941 enim
1362 881 1714 955 primordiali-

142 999 246 1055 ter,
279 997 333 1041 ut
357 986 432 1042 ita
477 986 685 1052 dicam,
727 983 809 1038 vel
852 981 1210 1051 originaliter,
1238 980 1377 1033 sicut
1410 992 1532 1032 eam
1576 976 1716 1030 Deus

140 1080 378 1148 primitus
423 1075 694 1141 condidit,
740 1084 794 1127 et
840 1081 958 1142 post
984 1086 1106 1125 eam
1150 1068 1506 1123 conditionem
1536 1082 1564 1118 a
1596 1065 1706 1119 suis

140 1170 384 1238 Operibus
430 1166 730 1236 requievit,
772 1178 876 1219 non
902 1159 1182 1218 cciidendo
1218 1159 1413 1229 aliquid
1442 1158 1668 1227 amplius
1700 1173 1711 1208 :

140 1259 287 1312 nobis
315 1266 495 1311 autem
539 1255 830 1311 secundum
862 1269 1041 1308 rerum
1070 1261 1228 1306 antea
1260 1250 1591 1307 conditarum
1617 1247 1715 1303 ad-

141 1349 578 1403 ministrationem
599 1389 613 1411 ,
648 1347 758 1416 jam
789 1360 884 1416 per
911 1345 1127 1399 ordines
1152 1354 1450 1413 temporum
1469 1385 1485 1408 ,
1517 1357 1711 1397 secun-

140 1441 257 1493 dum
286 1455 445 1509 quam
494 1439 633 1492 Deus
660 1439 775 1506 jam
805 1436 909 1491 illis
943 1435 1103 1490 rebus
1132 1450 1226 1504 per
1252 1434 1515 1489 senarium
1545 1432 1717 1503 perfe-

141 1533 365 1585 ctionem
392 1528 805 1595 consummatis,
835 1542 1000 1597 usque
1028 1525 1187 1581 modo
1212 1534 1482 1595 operatur.

208 1626 292 1678 ll.
326 1624 624 1678 Causaliter
651 1637 777 1692 ergo
804 1630 927 1675 tunc
950 1621 1149 1674 dictum
1174 1628 1256 1674 est
1281 1618 1590 1688 produxisse
1621 1627 1718 1671 ter-

139 1731 246 1769 ram
280 1715 502 1769 herbam
532 1722 589 1769 et
625 1714 825 1783 lignum
847 1753 863 1779 ,
906 1712 955 1766 id
981 1720 1062 1766 est
1086 1710 1410 1781 producendi
1449 1709 1719 1778 accepisse

140 1808 409 1860 virtutem.
443 1803 502 1860 In
526 1820 586 1858 ea
612 1805 806 1875 quippe
826 1803 934 1873 jam
969 1812 1216 1872 tauquam
1244 1802 1294 1856 in
1321 1800 1584 1855 radicibus
1602 1842 1617 1867 ,
1662 1808 1721 1855 ut

140 1898 208 1951 ita
258 1896 523 1960 dixerim,
572 1906 866 1965 temporum
897 1894 1035 1948 facta
1064 1902 1248 1960 erant,
1298 1908 1417 1962 qua:
1446 1909 1539 1961 per
1588 1902 1721 1945 tem-

142 2006 266 2061 pora
302 1992 478 2045 futura
509 2000 679 2044 erant.
707 1989 839 2044 Nam
868 1990 1049 2058 utique
1076 1999 1258 2057 postea
1291 1988 1544 2056 plantavit
1581 1987 1720 2042 Deus

141 2081 440 2151 paradisum
458 2081 608 2151 juxta
631 2080 913 2145 orientem,
946 2088 997 2134 et
1028 2079 1182 2147 ejecit
1204 2078 1272 2133 ibi
1303 2079 1368 2133 de
1401 2088 1539 2132 terra
1564 2094 1721 2133 omne

138 2173 336 2242 lignum
365 2173 664 2243 speciosum
692 2172 759 2226 ad
801 2181 1104 2241 aspectum,
1152 2181 1205 2225 et
1230 2170 1425 2224 bonum
1448 2171 1513 2225 ad
1544 2184 1721 2225 escam

144 2261 291 2334 (Gen.
323 2278 379 2328 ll,
412 2264 466 2325 8,
498 2262 593 2333 9):
622 2277 720 2317 nec
747 2272 919 2317 tamen
946 2260 1226 2315 dicendum
1249 2270 1349 2323 est,
1378 2277 1497 2314 eum
1524 2261 1722 2330 aliquid

141 2366 266 2409 tunc
290 2354 556 2410 addidisse
580 2362 859 2420 creaturae,
881 2352 1022 2423 quod
1037 2362 1160 2407 ante
1188 2368 1293 2406 non
1326 2351 1545 2418 fecerat,
1580 2352 1723 2422 quod

140 2432 286 2503 velut
314 2448 390 2501 illi
420 2446 755 2517 perfectioni,
783 2462 886 2516 qua
909 2446 1088 2500 omnia
1114 2445 1250 2499 bona
1278 2444 1431 2499 valde
1460 2453 1612 2499 sexto
1636 2445 1723 2499 die

141 2538 564 2603 consummavit,
612 2546 733 2607 post
778 2546 917 2592 esset
966 2535 1304 2601 addendum;
1337 2536 1429 2590 sed
1460 2536 1577 2606 quia
1613 2536 1722 2604 jam

142 2646 333 2686 omnes
352 2640 555 2684 naturae
582 2628 829 2684 fruticum
855 2636 1011 2699 atque
1032 2629 1296 2698 lignorum
1323 2628 1374 2681 in
1406 2628 1574 2697 prima
1596 2642 1724 2683 con-

140 2722 346 2776 ditione
375 2720 524 2775 facta:
552 2719 759 2774 fuerant
783 2761 799 2786 ,
845 2736 876 2774 a
902 2735 1007 2789 qua
1036 2719 1336 2773 conditione
1364 2719 1500 2773 Deus
1526 2720 1728 2789 requie-

142 2816 244 2880 vit,
291 2829 511 2870 movens
536 2812 731 2868 deinde
758 2812 1239 2882 administransque
1269 2825 1364 2880 per
1407 2811 1727 2880 temporales

142 2922 334 2963 cursus
361 2908 445 2961 illa
490 2907 601 2975 ipsa
638 2920 755 2975 quae
782 2904 1055 2969 condidit,
1104 2912 1158 2958 et
1210 2918 1239 2956 a
1278 2902 1472 2972 quibus
1497 2903 1724 2957 c0nditis

140 2998 440 3069 requievit,
466 3012 571 3050 non
597 2995 769 3050 solum
796 3005 921 3049 tunc
965 2994 1214 3064 plantavit
1258 2994 1555 3062 paradisum
1584 3036 1598 3060 ,
1631 2993 1725 3049 sed

139 3090 308 3145 ethim
336 3103 473 3142 nunc
501 3086 673 3140 omnia
702 3102 819 3155 quae
870 3094 1183 3139 nascuntur.
1236 3083 1365 3151 Quis
1410 3085 1551 3138 enim
1591 3084 1728 3139 alius

140 3181 308 3235 etiam
337 3193 473 3232 nunc
503 3178 600 3231 ista
622 3184 797 3241 creat,
833 3175 937 3230 nisi
958 3175 1046 3245 qui
1072 3190 1240 3244 usque
1268 3190 1408 3229 nunc
1436 3175 1729 3244 Operatur?

140 3272 251 3327 Sed
278 3280 423 3325 creat
467 3269 581 3324 haec
629 3268 787 3322 modo
813 3284 882 3323 ex
916 3268 979 3321 iis
1005 3282 1122 3336 quae
1148 3267 1255 3335 jam
1283 3273 1410 3320 sunt
1437 3282 1450 3319 :
1484 3275 1607 3320 tunc
1632 3280 1730 3320 au-

144 3375 253 3419 tem
298 3362 365 3416 ab
397 3361 520 3427 illo,
549 3376 670 3415 cum
700 3361 918 3415 omnino
946 3358 1088 3413 nulla
1118 3366 1330 3425 essent,
1361 3366 1539 3413 creata
1570 3370 1727 3425 sunt,

142 3473 266 3511 cum
314 3456 479 3510 factus
506 3463 589 3510 est
611 3454 728 3509 dies
754 3453 876 3519 ille,
901 3451 990 3521 qui
1017 3452 1177 3506 etiam
1223 3451 1338 3519 ipse
1378 3451 1596 3504 omnino
1623 3466 1729 3505 non

143 3559 262 3605 erat
282 3551 322 3613 ยน,
343 3548 632 3617 spiritualis
646 3546 888 3601 videlicet
903 3553 1060 3614 atque
1081 3543 1449 3597 intellectualis
1463 3551 1728 3598 creatura-

144 3638 371 3696 CAPUT
409 3638 473 3693 ฮณ.
501 3668 571 3677 โ
599 3638 737 3690 Ordo
757 3636 1023 3690 creationis
1051 3650 1221 3689 rerum
1251 3649 1339 3703 per
1363 3648 1451 3687 sex
1482 3633 1607 3698 dies,
1631 3649 1732 3688 non

259 3729 533 3782 intervallis
560 3738 837 3798 temporum
854 3767 869 3793 ,
891 3725 979 3780 sed
998 3724 1309 3779 connexion:
1332 3740 1619 3778 causarum.

222 3820 311 3875 12.
339 3819 511 3874 Factae
538 3820 713 3890 itaque
738 3828 997 3874 creatura:
1030 3816 1265 3871 motibus
1294 3825 1572 3886 cmperunt
1604 3831 1732 3871 cur-

142 3928 268 3969 rere
324 3922 607 3981 tempora:
656 3911 796 3967 unde
838 3919 961 3965 ante
1004 3923 1303 3966 creaturam
1354 3909 1545 3963 frustra
1602 3918 1734 3963 tem-

141 4020 278 4076 pora
314 4004 670 4074 requiruntur,
698 4003 846 4074 quasi
880 4001 1080 4071 possint
1103 4000 1325 4055 inveniri
1349 4008 1471 4054 ante
1493 4008 1732 4069 tempora

145 4107 389 4165 tempora
420 4096 462 4147 โธ.
492 4094 663 4148 Motus
698 4094 839 4147 enim
869 4093 912 4146 si
945 4093 1118 4146 nullus
1161 4100 1303 4145 esset
1328 4091 1409 4143 vel
1440 4090 1732 4158 spiritualis

143 4187 234 4243 vel
280 4184 572 4255 corporalis
594 4192 850 4239 creaturae
871 4225 884 4247 ,
912 4198 1017 4252 quo
1053 4198 1146 4253 per
1172 4196 1412 4253 praesens
1451 4180 1733 4249 praeteritis

143 4279 327 4334 futura
382 4275 761 4340 succederent,
818 4274 1020 4329 nullum
1070 4282 1215 4329 esset
1257 4282 1465 4342 tempus
1493 4272 1729 4326 omnino.

142 4370 349 4425 ฮฮฟฮธฮตฮนฮดแฝถ
374 4378 549 4423 autem
577 4378 815 4422 creatura
842 4381 949 4420 non
990 4366 1171 4435 utique
1198 4372 1406 4433 posset,
1436 4363 1480 4417 si
1508 4379 1615 4416 non
1642 4378 1727 4417 es-

142 4469 254 4516 set.
282 4458 465 4514 Potius
502 4474 626 4528 ergo
667 4465 877 4526 tempus
906 4469 936 4510 a
962 4464 1203 4510 creatura
1227 4495 1243 4521 ,
1287 4470 1448 4524 quam
1492 4463 1732 4509 creatura

143 4554 315 4623 erepit
337 4568 370 4607 a
398 4561 668 4622 tempore;
698 4562 980 4620 utrumque
1021 4557 1199 4603 autem
1244 4562 1307 4602 ex
1340 4548 1468 4602 Deo.
1502 4548 1574 4600 Ex
1618 4547 1733 4617 ipso

146 4646 328 4710 enim,
363 4653 417 4699 et
438 4658 537 4713 per
565 4643 737 4713 ipsum
760 4683 773 4707 ,
801 4650 854 4696 et
880 4644 934 4696 in
961 4641 1076 4711 ipso
1106 4648 1227 4695 sunt
1251 4641 1427 4694 omnia
1454 4640 1626 4709 (Rom.
1651 4655 1731 4708 ฯฮน,

145 4735 265 4808 36).
303 4735 413 4791 Nec
450 4736 528 4791 sic
556 4735 843 4806 accipiatur
871 4732 1013 4804 quod
1042 4732 1238 4787 dictum
1278 4740 1393 4794 est,
1450 4731 1681 4800 Tempus
1702 4746 1735 4786 a

147 4838 395 4885 creatura
422 4828 586 4897 coepit
606 4868 618 4890 ,
663 4825 813 4896 quasi
836 4836 1042 4894 tempus
1066 4830 1307 4877 creatura
1346 4836 1450 4875 non
1482 4823 1584 4887 sit;
1614 4837 1733 4876 cum

144 4922 222 4978 sit
247 4928 508 4975 creatura:
548 4926 722 4972 motus
746 4932 811 4971 ex
856 4916 962 4969 alio
990 4916 1042 4968 iu
1073 4913 1213 4968 aliud
1236 4954 1251 4979 ,
1292 4913 1737 4982 consequentibus

148 5012 316 5066 rebus
359 5009 649 5064 secundum
716 5006 1103 5063 ordinationem
1160 5003 1578 5058 administrantis
1641 5003 1735 5059 Dei

149 5109 344 5156 cuncta
367 5115 486 5170 qua:
510 5099 729 5154 creavit.
762 5098 1098 5166 Quapropter
1122 5110 1243 5150 cum
1275 5094 1496 5163 primam
1539 5092 1730 5147 condi-

153 5191 356 5245 tionem
393 5198 751 5245 creaturarum
792 5188 1112 5257 cogitamus,
1161 5200 1192 5238 a
1233 5185 1423 5254 quibus
1475 5183 1726 5252 operibus

152 5281 267 5336 suis
290 5281 492 5336 Deusin
518 5279 603 5335 die
625 5280 857 5350 septimo
878 5276 1167 5348 requievit;
1192 5290 1288 5329 nec
1316 5275 1435 5329 illos
1460 5274 1575 5328 dies
1601 5274 1738 5329 sicut

152 5374 289 5427 istos
303 5372 523 5441 soleres,
548 5386 649 5427 nec
669 5372 836 5440 ipsam
857 5367 1219 5441 Operationem
1240 5369 1310 5421 ita
1328 5366 1559 5436 cogitare
1576 5364 1740 5420 debe-
1766 5392 1769 5395 -

151 5479 307 5529 mus,
348 5463 798 5535 quemadmodum
838 5476 980 5517 nunc
1003 5459 1198 5529 aliquid
1234 5460 1374 5513 Deus
1398 5467 1651 5527 operatur
1685 5458 1739 5512 in

153 5566 396 5625 tempore
428 5574 440 5609 :
470 5556 566 5611 sed
606 5552 1053 5625 quemadmodum
1082 5558 1326 5619 operatus
1352 5558 1435 5603 est
1483 5546 1623 5601 unde
1653 5547 1739 5601 in-

213 5650 229 5679 ฮน
259 5647 401 5708 editi,
420 5646 613 5699 malim
631 5649 737 5696 erat
752 5641 1042 5709 spiritualis,โ
1063 5641 1237 5690 omissa
1258 5646 1469 5704 negante
1490 5639 1740 5703 partimin,

144 5724 293 5771 quam
315 5712 409 5763 huc
429 5726 491 5763 ex
515 5720 621 5762 Mss.
647 5722 942 5761 revocamus.

210 5778 231 5807 ยณ
252 5778 324 5825 sic
348 5784 453 5825 Mss-
482 5787 529 5824 nt
570 5787 656 5821 tm.
696 5783 736 5821 *t
761 5780 832 5819 lโr.
863 5778 911 5819 et
930 5775 1059 5826 I.ov.,
1082 5771 1189 5814 ante
1212 5770 1480 5813 creaturam
1504 5770 1739 5827 tempora.

1488 308 1691 368 LIBER
1728 303 2040 380 QUINTUS.

1818 427 2055 493 ciperent
2081 432 2335 493 tempora,
2356 424 2807 494 quemadmodum
2831 435 3083 497 operatus
3102 438 3191 485 est
3208 435 3395 488 omnia

1820 516 1996 581 simul,
2018 527 2272 585 praestans
2287 516 2362 570 eis
2377 517 2536 571 etiam
2556 518 2816 587 ordinem,
2830 534 2935 575 non
2960 522 3250 579 intervallis
3274 534 3400 580 tem-

1821 621 2030 676 porum,
2052 607 2145 662 sed
2166 609 2494 664 connexione
2516 625 2813 675 causarum,
2835 621 2971 667 ut'ea
2991 630 3108 683 quae
3136 617 3295 671 simul
3320 617 3401 673 fa-

1819 707 1902 749 cta
1931 708 2085 760 sunt,
2114 700 2329 753 senario
2353 715 2563 770 quoque
2604 701 2746 756 illius
2773 702 2877 757 diei
2903 718 3125 761 numero
3168 722 3399 777 praesen-

1824 795 1930 839 tato
1962 787 2359 856 perficerentur.
2771 820 2774 824 -

1893 882 1979 935 15.
2018 880 2132 935 Non
2161 882 2337 951 itaque
2366 885 2669 952 temporali,
2700 885 2795 940 sed
2821 889 3016 942 causali
3041 889 3226 951 ordine
3244 893 3396 962 prius

1824 976 1956 1026 tacta
1987 983 2067 1027 est
2097 974 2337 1029 informis
2381 975 2778 1049 formabilisque
2824 981 3110 1052 materies,
3158 994 3211 1041 et
3237 987 3400 1056 spiri-

1825 1064 1978 1117 tualis
1997 1071 2052 1119 et
2074 1067 2393 1134 corporalis,
2424 1067 2492 1121 de
2521 1085 2623 1139 qua
2648 1070 2801 1124 ๏ฌeret
2818 1073 2957 1141 quod
2985 1073 3283 1131 faciendum
3309 1094 3400 1135 es-

1822 1163 1932 1221 set,
1955 1170 2074 1209 cum
2105 1167 2158 1210 et
2178 1158 2292 1226 ipsa
2322 1158 2624 1228 priusquam
2656 1162 2890 1217 instituta
2911 1175 3013 1230 est,
3042 1182 3147 1221 non
3176 1167 3398 1228 fuisset:

1824 1263 1921 1303 nec
1963 1249 2197 1304 instituta
2226 1260 2309 1305 est
2351 1251 2454 1305 nisi
2482 1253 2549 1306 ab
2581 1254 2669 1308 illo
2718 1256 2897 1325 utique
2939 1272 3148 1315 summo
3198 1262 3307 1317 Deo
3343 1273 3401 1319 et

1824 1355 1977 1402 vero,
2007 1355 2071 1396 ex
2101 1358 2206 1411 quo
2230 1353 2355 1396 sunt
2380 1346 2587 1410 omnia;
2620 1347 2731 1400 sive
2763 1348 2884 1403 caeli
2912 1361 2968 1405 et
2998 1360 3152 1407 terra:
3180 1356 3399 1413 nomine

1822 1432 2111 1502 significata
2136 1434 2237 1500 sit,
2261 1450 2377 1504 quae
2400 1436 2453 1489 in
2485 1438 2741 1508 principio
2768 1439 2893 1495 fecit
2922 1442 3059 1498 Deus
3085 1455 3208 1500 ante
3236 1462 3400 1503 unum
3494 1472 3501 1477 ฮ

1727 1537 1750 1543 โโ
1822 1522 1966 1577 illum
1990 1524 2129 1579 diem
2165 1541 2321 1595 quem
2345 1528 2615 1595 condidit,
2648 1534 3061 1603 pr0pterea.jam
3106 1538 3185 1592 sic
3208 1541 3396 1608 appel-

1823 1613 1925 1666 lata
1948 1652 1967 1679 ,
1996 1614 2119 1683 quia
2146 1616 2267 1670 inde
2297 1616 2429 1672 facta
2472 1628 2597 1674 sunt
2623 1622 2818 1676 omium
2848 1633 2903 1678 et
2946 1635 3120 1691 terra;
3150 1630 3265 1685 sive
3306 1645 3403 1686 no-

1825 1704 1967 1758 mine
2010 1713 2166 1760 terrte
2210 1707 2485 1763 invisibilis
2525 1720 2581 1765 et
2621 1714 2985 1782 incomposita:
3028 1726 3187 1787 atque
3223 1721 3398 1791 abyssi

1825 1796 2150 1863 tenebrosae,
2176 1808 2233 1852 ut
2251 1799 2359 1867 jam
2388 1800 2439 1854 in
2467 1801 2645 1871 primo
2672 1803 2807 1859 libro
2834 1815 3115 1861 tractatum
3141 1819 3242 1864 est.

1894 1888 1984 1943 ii.
2033 1889 2088 1942 ln
2134 1889 2214 1943 bis
2240 1906 2368 1945 vero
2399 1908 2518 1963 quae
2556 1893 2665 1963 jam
2694 1910 2762 1950 ex
2804 1896 3132 1955 informitate
3178 1900 3402 1959 formata

1825 1988 1985 2047 sunt,
2037 1981 2437 2054 evidentiusque
2485 1987 2818 2057 appellantur
2855 2001 3066 2058 creata,
3119 1995 3202 2049 vel
3233 1995 3402 2063 facta,

1828 2073 1909 2127 vel
1939 2074 2148 2128 condita
2167 2116 2181 2141 ,
2212 2077 2438 2145 primum
2467 2077 2637 2133 factus
2662 2090 2744 2134 est
2777 2081 2910 2137 dies.
2940 2083 3233 2152 Oportebat
3262 2090 3405 2143 enim

1829 2174 1880 2216 ut
1904 2165 2187 2233 primatum
2208 2176 2467 2222 creatura:
2487 2170 2749 2226 obtineret
2764 2173 2855 2228 illa
2882 2184 3092 2243 natura,
3114 2191 3237 2247 โqum
3256 2190 3408 2234 crea-

1830 2263 1998 2306 turam
2027 2271 2122 2325 per
2148 2256 2453 2313 Creatorem
2475 2299 2489 2321 ,
2516 2276 2623 2315 non
2647 2261 2952 2319 Creatorem
2982 2280 3079 2335 per
3100 2280 3399 2325 creaturam

1831 2354 2011 2409 posset
2030 2361 2340 2415 agnoscere.
2369 2348 2649 2416 Secundo,
2692 2352 3077 2410 firmamentum
3102 2359 3246 2413 unde
3284 2374 3410 2415 cor-

1830 2450 2020 2503 poreus
2048 2436 2233 2507 incipit
2275 2439 2524 2494 mundus.
2555 2440 2767 2509 Tertio,
2792 2446 2999 2513 species
3022 2450 3187 2503 maris
3215 2458 3273 2503 et
3297 2459 3409 2505 ter-

1832 2543 1933 2591 rae,
1966 2538 2123 2598 atque
2149 2531 2200 2583 in
2226 2540 2366 2585 terra
2392 2535 2751 2601 potentialiter
2769 2576 2788 2603 ,
2816 2546 2871 2590 ut
2892 2538 2962 2591 ita
2980 2539 3152 2595 dicam
3173 2583 3187 2608 ,
3222 2553 3409 2599 natura

1831 2620 2114 2675 herbarum
2136 2633 2293 2690 atque
2315 2624 2594 2693 lignorum.
2622 2626 2709 2681 Sic
2731 2629 2871 2682 enim
2900 2638 3041 2684 terra
3067 2633 3134 2686 ad
3170 2633 3259 2688 Dei
3293 2648 3412 2688 ver-

1833 2711 1956 2766 bum
1983 2727 2042 2766 ea
2069 2713 2358 2783 produxit,
2390 2725 2671 2786 antequam
2696 2728 2880 2772 exorta
2906 2732 3117 2788 essent,
3144 2725 3410 2793 accipiens

1832 2819 2017 2858 omnes
2062 2819 2312 2861 numeros
2336 2821 2521 2863 eorum
2553 2824 2684 2878 quos
2728 2826 2827 2880 per
2870 2820 3109 2882 tempora
3133 2828 3413 2873 exsereret

1832 2893 2120 2948 secundum
2138 2910 2289 2950 suum
2314 2913 2501 2967 genus.
2534 2900 2753 2969 Deinde,
2776 2912 3115 2973 posteaquam
3139 2905 3253 2961 haec
3269 2907 3414 2963 velut

1835 2984 2087 3041 habitatio
2106 3002 2284 3043 rerum
2300 2990 2508 3043 condita
2537 3001 2638 3057 est,
2660 3003 2849 3062 quarto
2867 2995 2953 3049 die
2975 2996 3252 3052 luminaria
3268 3009 3324 3055 et
3339 3001 3413 3056 si-

1834 3078 1961 3133 dera
1989 3088 2163 3134 creata
2186 3090 2327 3149 sunt,
2351 3091 2410 3136 ut
2436 3084 2577 3151 prius
2597 3100 2717 3153 pars
2738 3087 2919 3141 mundi
2943 3089 3192 3158 superior
3208 3131 3223 3155 ,
3252 3093 3413 3147 rebus

1835 3184 1951 3237 quia
1991 3170 2129 3223 intra
2170 3171 2428 3228 mundum
2480 3185 2760 3231 moventur
2786 3177 3082 3234 visibilibus
3107 3190 3405 3237 ornaretur.

1836 3259 2034 3327 Quinto
2053 3300 2070 3327 ,
2098 3278 2353 3331 aquarum
2385 3272 2571 3319 natura
2590 3307 2607 3333 ,
2630 3267 2747 3336 quia
2772 3269 2913 3323 caelo
2940 3271 3159 3340 aerique
3182 3272 3405 3341 conjun-

1834 3350 2008 3420 gitnr,
2038 3352 2282 3420 produxit
2307 3353 2372 3407 ad
2396 3355 2487 3409 Dci
2511 3358 2728 3410 verbum
2755 3357 3031 3428 indigenas
3058 3374 3204 3425 suos,
3233 3364 3413 3418 omnia

1837 3446 2039 3499 scilicet
2054 3447 2286 3500 natatilia
2312 3458 2365 3501 et
2388 3448 2639 3512 volatilia;
2660 3459 2714 3503 et
2739 3449 2853 3505 haec
2871 3453 3225 3520 potentialiter
3242 3454 3296 3508 in
3316 3470 3414 3508 nn-

1838 3537 2019 3603 meris,
2033 3538 2120 3605 qui
2138 3552 2231 3606 per
2243 3552 2509 3606 congruos
2522 3548 2815 3609 temporqu
2835 3553 3004 3596 motus
3019 3555 3409 3601 exsererentur.

1836 3629 2014 3692 Sexto,
2044 3630 2309 3682 terrestria
2327 3629 2568 3683 similiter
2581 3631 2851 3697 animalia,
2870 3640 3117 3701 tanquam
3132 3648 3196 3687 ex
3229 3635 3414 3689 ultimo

1838 3719 2103 3773 elemento
2146 3719 2327 3773 mundi
2376 3719 2590 3784 ultima;
2637 3720 2977 3775 nihilominus
3015 3724 3412 3792 potentialiter,

1837 3828 2064 3881 quorum
2086 3828 2334 3867 numeros
2361 3823 2569 3881 tempus
2593 3824 2774 3882 postea
2808 3814 3080 3870 visibiliter
3098 3817 3408 3886 explicaret.

1909 3903 1995 3957 l5.
2030 3903 2180 3957 Hunc
2216 3916 2430 3957 onmem
2457 3903 2695 3958 ordinem
2732 3914 2993 3959 creaturae
3016 3907 3274 3963 ordinata:
3299 3908 3415 3965 dies

1838 3995 1924 4051 ille
1943 3996 2217 4066 cognovit;
2245 4006 2299 4051 et
2318 4012 2412 4065 per
2437 3996 2575 4053 hanc
2598 3998 2952 4068 cognitionem
2971 4001 3147 4055 sexies
3163 4002 3418 4070 quodam-

1840 4088 1998 4142 modo
2043 4098 2389 4157 prtesentatus
2429 4100 2675 4157 tanquam
2704 4105 2795 4143 sex
2820 4090 2935 4144 dies
2964 4090 3239 4159 exhibuit,
3295 4108 3418 4148 cum

1841 4179 1911 4231 sit
1938 4194 2073 4233 unus
2101 4179 2247 4246 dies,
2279 4196 2340 4234 ea
2369 4196 2485 4249 qua:
2514 4179 2649 4234 facta
2678 4190 2841 4247 sunt,
2871 4182 2926 4235 in
2954 4180 3205 4238 Creatore
3230 4184 3418 4254 primi-

1845 4281 1961 4338 tus,
1998 4281 2053 4326 et
2080 4272 2130 4324 in
2152 4272 2281 4341 ipsis
2309 4280 2699 4340 consequenter
2724 4288 3050 4343 agnoscens,
3081 4289 3184 4329 nec
3209 4274 3263 4328 in
3289 4275 3421 4343 ipsis

1841 4380 2142 4433 remanens,
2169 4366 2266 4421 sed
2285 4381 2470 4419 eorum
2500 4366 2658 4419 etiam
2687 4366 3042 4436 cognitionem
3068 4370 3419 4437 posteriorem

1809 4458 1812 4464 ฮป
1841 4456 1908 4511 ad
1953 4457 2046 4510 Dei
2095 4457 2331 4510 referens
2376 4456 2711 4511 dilectionem
2738 4497 2753 4522 ,
2782 4472 3062 4527 vesperam
3094 4470 3151 4515 et
3187 4473 3343 4515 mane
3366 4470 3420 4516 et

1843 4550 2119 4605 meridiem
2144 4550 2196 4603 in
2224 4550 2468 4604 omnibus
2485 4550 2739 4619 praebuit;
2765 4565 2868 4604 non
2892 4566 2987 4621 per
3010 4566 3188 4607 moras
3216 4561 3421 4623 tempo-

1846 4659 1998 4708 rum,
2052 4642 2147 4697 sed
2192 4652 2409 4712 propter
2453 4643 2694 4697 ordinem
2722 4643 3076 4698 conditorum.
3107 4644 3417 4715 Postremo,

1842 4734 2038 4804 quietis
2060 4734 2140 4789 sui
2167 4732 2454 4799 Creatoris,
2478 4749 2581 4804 qua
2608 4734 2662 4788 in
2690 4749 2749 4789 se
2776 4736 3065 4805 requiescit
3088 4735 3156 4790 ab
3175 4737 3421 4793 omnibus

1843 4823 2094 4894 operibus
2111 4826 2238 4890 suis,
2264 4825 2503 4878 notitiam
2534 4835 2922 4893 reprarsentans
2940 4867 2955 4890 ,
2986 4827 3038 4880 in
3068 4841 3170 4896 qua
3196 4842 3302 4882 non
3322 4828 3422 4881 iia-

1844 4920 1935 4972 bet
1962 4932 2267 4987 vesperam,
2299 4917 2540 4972 benedici
2566 4926 2621 4971 et
2646 4920 2961 4973 sanctilicari
2976 4920 3051 4973 ob
3083 4921 3181 4974 hoc
3204 4920 3416 4975 meruit.

1849 5010 2001 5063 Unde
2042 5010 2214 5077 ipsum
2260 5008 2621 5077 septenarium
2650 5024 2929 5063 numerum
2970 5020 3159 5064 sancto
3202 5009 3419 5079 Spiritui

1844 5102 2239 5173 quodammodo
2252 5100 2573 5167 dedicatum,
2591 5102 2928 5158 commendat
2948 5103 3223 5172 Scriptura
3252 5099 3418 5172 (vlui.

1852 5210 1927 5257 ฯฮน,
1953 5194 2011 5261 2,
2039 5194 2121 5263 5),
2140 5203 2197 5249 et
2226 5195 2373 5247 novit
2394 5192 2648 5248 Ecclesia.

1922 5287 2009 5341 16.
2055 5285 2150 5339 Hic
2169 5293 2252 5339 est
2268 5297 2396 5353 ergo
2416 5284 2553 5339 liber
2575 5293 2834 5339 creaturae
2852 5283 2973 5338 ctnli
3008 5292 3065 5338 et
3086 5291 3266 5350 terrae,
3296 5284 3420 5354 quia

1850 5381 1901 5433 in
1939 5376 2198 5448 principio
2241 5374 2368 5430 fecit
2395 5375 2534 5430 Deus
2557 5375 2752 5431 cmlum
2776 5385 2835 5429 et
2874 5384 3100 5439 terram,
3126 5374 3421 5429 secundm

1848 5470 2088 5525 materiae
2128 5466 2447 5537 quamdam,
2496 5474 2553 5519 ut
2576 5466 2651 5519 ita
2698 5465 2899 5530 dicam,
2953 5463 3419 5534 formabilitatem,

1858 5577 1977 5632 qua:
2002 5567 2391 5628 consequenter
2419 5556 2582 5611 verbo
2609 5556 2724 5625 ejus
2748 5554 3027 5609 fumantia
3042 5555 3220 5613 limi
3236 5597 3251 5623 ,
3280 5571 3421 5625 ฯฮท-

1850 5660 2046 5714 cedens
2076 5655 2437 5712 formationem
2464 5665 2633 5715 suam,
2668 5667 2772 5706 non
2792 5660 3048 5723 tempore,
3080 5654 3172 5709 sed
3191 5655 3421 5723 origine.

1852 5754 1982 5805 Nam
2016 5751 2193 5816 utique
2214 5761 2330 5798 cum
2362 5744 2694 5805 formaretur,
2724 5746 2949 5816 primum
2974 5746 3142 5803 factus
3167 5756 3250 5803 est
3270 5748 3396 5804 dies
