3902 6304
522 313 625 375 82⁸1

524 445 646 486 cum
675 428 844 484 iactus
870 433 953 482 est
978 422 1124 489 dies,
1168 419 1286 477 fecit
1316 419 1457 475 Deus
1480 419 1671 475 (mlum
1696 426 1750 472 et
1794 424 1989 471 terram
2012 457 2028 483 ,
2050 424 2105 471 et

526 536 686 577 omne
716 517 884 573 viride
918 515 1030 587 agri
1077 525 1357 582 antequam
1401 520 1543 567 esset
1583 525 1742 579 super
1785 516 2008 571 terram,
2051 515 2108 560 et

529 627 685 668 omne
711 610 889 665 l'enum
917 608 1030 679 agri
1067 616 1348 675 antequam
1374 603 1672 659 esoriretnr
1690 642 1705 665 ,
1732 600 1868 653 sicut
1914 607 2107 651 tracta-

530 705 733 767 vimus;
764 703 844 757 vel
875 702 917 756 si
957 699 1080 770 quid
1113 698 1358 769 liquidius
1398 704 1454 752 et
1504 692 1880 766 congruentius
1939 689 2106 746 videri

531 806 587 851 et
634 794 736 849 tlici
792 794 962 862 potuit
1006 799 1096 845 aut
1121 788 1366 859 mouerit.

533 904 756 962 CAPUT
783 902 870 957 Vl.
905 931 975 943 -—
998 898 1078 954 De
1112 897 1353 953 versiculo
1374 937 1388 961 ,
1427 895 1541 951 Non
1568 895 1709 951 enim
1738 894 1972 964 pluerat,
1999 901 2103 947 etc.

656 996 735 1049 Au
758 993 876 1048 inde
894 991 1268 1061 intelligendum
1296 988 1463 1042 omnia
1488 986 1638 1041 simul
1661 994 1827 1039 creata
1857 999 1981 1039 esse.
2010 980 2033 1005 ·⁴

608 1087 693 1142 Π.
733 1083 885 1153 Qttod
924 1091 1100 1136 autem
1141 1080 1408 1149 sequitur.
1440 1076 1560 1131 Non
1587 1068 1718 1131 enim
1757 1076 1953 1145 pluerat
1978 1072 2108 1127 Deus

534 1196 686 1249 super
713 1188 897 1232 terram
917 1215 931 1237 ,
972 1184 1017 1227 ct
1038 1174 1185 1226 homo
1208 1188 1306 1224 non
1326 1180 1431 1223 erat
1459 1170 1545 1239 qui
1564 1177 1854 1235 operaretur
1890 1176 2073 1219 terram
2090 1179 2125 1227 ;_

533 1288 640 1341 quo
666 1268 951 1339 pertineat,
995 1262 1195 1334 etquid
1228 1262 1377 1315 nobis
1408 1259 1671 1321 insinuet,
1696 1256 1945 1326 indagare
1972 1254 2111 1308 difﬂ-

534 1361 638 1415 cile
667 1367 769 1415 est.
817 1356 1090 1425 Tanquam
1122 1352 1239 1407 ideo
1265 1360 1546 1420 antequam
1571 1355 1811 1402 exortum
1840 1354 1955 1411 est,
1991 1344 2111 1400 fecit

540 1450 681 1505 Dens
704 1450 880 1502 fenum
905 1445 1039 1515 agri,
1057 1442 1176 1513 quia
1201 1440 1432 1495 nondum
1465 1440 1668 1508 pluerat
1690 1452 1852 1505 super
1876 1446 2106 1491 terram:

536 1540 581 1595 si
607 1539 748 1595 enim
777 1545 895 1607 post
934 1534 1167 1606 plmiam
1215 1532 1395 1586 l'enutu
1426 1528 1670 1591 fecisset,
1718 1525 1897 1597 pluvia
1944 1524 2111 1595 magis

540 1642 784 1687 exortum
833 1642 991 1697 quatn
1018 1624 1209 1679 factum
1249 1623 1316 1677 ab
1338 1637 1405 1677 eo
1448 1621 1737 1675 videretur.
1773 1617 1909 1686 Quid
1936 1617 2110 1671 enim?

540 1720 679 1790 quod
712 1727 829 1789 post
860 1716 1083 1787 pluviam
1114 1713 1384 1777 exoritur,
1408 1712 1476 1765 ab
1496 1710 1600 1764 alio
1631 1711 1685 1762 lit
1707 1708 1805 1761 nisi
1828 1708 1894 1759 ah
1922 1705 2109 1761 eodem

542 1810 689 1866 Deo?
717 1807 824 1863 Cur
850 1816 1026 1861 autem
1072 1819 1176 1858 non
1205 1812 1319 1856 erat
1350 1802 1507 1854 hmno
1533 1800 1621 1869 qui
1650 1807 1959 1867 operaretur
2002 1804 2111 1849 ter-

539 1900 678 1956 ram?
699 1897 884 1954 Name
904 1896 1014 1964 jatn
1041 1903 1191 1949 sexto
1209 1894 1295 1948 die
1320 1892 1516 1946 fecerat
1545 1889 1834 1952 hominem,
1868 1896 1920 1941 et
1950 1886 2110 1955 septi-

539 2008 629 2047 mo
657 1991 989 2061 requieverat
1032 1987 1100 2041 ab
1127 1985 1372 2039 omuilms
1402 1982 1653 2054 operibus
1699 1980 1851 2035 suis?
1884 1983 1961 2032 An
2012 1978 2113 2033 hoc

539 2080 935 2151 recapitulando
980 2086 1390 2137 commemorat.
1440 2075 1691 2143 quoniam
1737 2070 1951 2141 quando
1990 2069 2113 2124 fecit

544 2173 683 2228 Deus
704 2185 864 2226 omne
880 2170 945 2223 vit
960 2168 1044 2223 i.le
1068 2168 1200 2239 agri,
1223 2176 1447 2221 etomne
1474 2164 1685 2226 fenum,
1716 2162 1946 2216 nondum
1966 2161 2115 2230 plne.

539 2273 623 2322 rat
666 2280 825 2335 super
864 2272 1099 2327 terram,
1153 2269 1207 2313 et
1253 2257 1483 2312 nomium
1534 2264 1650 2311 erat
1696 2254 1894 2308 homo?
1936 2252 2113 2306 Tertio

539 2359 735 2429 quippe
759 2356 845 2410 die
870 2353 990 2408 fecit
1012 2351 1131 2415 ita,
1160 2350 1426 2403 heiuincm
1449 2356 1624 2401 autem
1652 2354 1823 2401 sexto.
1856 2341 1962 2399 Sed
1991 2357 2112 2397 cum

540 2448 665 2503 fecit
696 2446 831 2500 Deus
858 2458 1014 2498 omne
1052 2438 1217 2495 viride
1239 2448 1396 2509 atque
1418 2452 1574 2491 omne
1597 2436 1773 2491 fenum
1818 2435 1929 2504 agri
1958 2441 2113 2487 ante-

541 2553 699 2609 quam
725 2546 962 2591 exortum
1012 2541 1095 2587 est
1139 2546 1299 2599 super
1331 2541 1559 2594 terrain,
1592 2542 1699 2582 non
1737 2526 1909 2580 solum
1955 2526 2115 2579 homo

541 2646 646 2683 nou
672 2626 890 2696 eratqui
919 2631 1231 2694 operaretur
1255 2631 1472 2685 terram,
1502 2618 1595 2673 sed
1624 2632 1723 2672 nec
1747 2615 1914 2686 ipsum
1939 2616 2113 2669 fenum

540 2732 655 2780 erat
682 2734 840 2791 super
881 2728 1113 2780 teriam,
1165 2713 1305 2783 quod
1360 2713 1538 2781 utique
1566 2722 1690 2765 ante
1736 2709 1868 2763 dicit
1915 2709 2107 2762 factum

542 2828 701 2883 quam
720 2821 986 2867 exortum.
1010 2811 1089 2862 An
1120 2804 1515 2861 ideodietertto
1537 2802 1657 2857 tecit
1684 2801 1822 2856 Dens
1848 2804 1965 2861 ista,
1993 2799 2115 2868 quia

544 2904 778 2960 nondum
806 2910 920 2957 erat
965 2901 1124 2955 homo
1146 2900 1232 2969 qui
1260 2897 1526 2967 operamlo
1552 2906 1745 2950 terram
1776 2894 1969 2949 faceret
2006 2893 2113 2947 ea?

546 2995 710 3064 Quasi
727 3004 970 3049 verotatn
990 2992 1151 3045 multa
1177 2991 1310 3060 ligna
1328 2999 1383 3043 et
1400 3000 1504 3043 tam
1528 2988 1688 3042 multa
1708 3002 1902 3057 genera
1931 2986 2119 3040 herba-

545 3103 686 3153 rum,
710 3102 815 3141 non
833 3084 947 3139 sine
965 3084 1068 3138 ulla
1087 3098 1247 3153 opera
1268 3082 1538 3136 hominum
1563 3088 1841 3135 nascantur
1860 3095 1924 3134 ex
1956 3089 2114 3134 terra.

617 3179 705 3234 18.
726 3179 805 3231 An
831 3176 900 3230 ob
929 3175 1029 3230 hoc
1056 3184 1334 3242 utrumque
1361 3171 1588 3241 positum
1614 3179 1725 3233 est,
1754 3178 1808 3223 et
1836 3170 1955 3240 quia
1988 3187 2118 3225 non-

545 3272 669 3327 dum
698 3270 901 3340 pluerat
919 3281 1080 3336 soper
1100 3273 1320 3330 terram,
1347 3275 1397 3317 et
1419 3262 1537 3333 quia
1567 3261 1794 3315 nomhnn
1823 3270 1936 3315 erat
1961 3264 2119 3315 homo

549 3364 637 3435 qui
668 3370 979 3433 operaretur
1005 3356 1239 3414 terrain?
1266 3355 1363 3412 Ubi
1400 3356 1540 3409 enim
1568 3368 1726 3422 opera
1758 3351 1980 3406 ltuntana
2013 3369 2119 3408 non

547 3465 650 3519 est.
684 3469 777 3525 per
805 3450 1034 3523 pluviam
1068 3450 1166 3504 ista
1198 3458 1503 3502 nascuntur.
1529 3445 1663 3501 Sunt
1688 3445 1848 3501 etiam
1877 3444 2116 3513 anedam

547 3566 665 3622 qua:
688 3563 781 3618 per
812 3543 1040 3615 plttviam
1082 3558 1187 3597 non
1223 3550 1542 3598 nascuntur.
1574 3538 1675 3591 nisi
1707 3537 1933 3592 humana
1958 3552 2119 3605 opera

548 3640 786 3696 accedat.
808 3635 933 3692 Ideo
958 3649 1098 3690 nunc
1119 3641 1396 3701 utrumque
1416 3630 1730 3700 adiutorium
1760 3628 2118 3683 necessarium

548 3742 629 3788 cst
650 3773 665 3797 ,
700 3740 753 3785 ut
783 3737 972 3783 cuncta
1000 3733 1284 3781 nascantur
1312 3742 1326 3778 :
1359 3732 1480 3776 tunc
1509 3731 1683 3774 autem
1726 3732 2004 3790 utrumque
2029 3719 2125 3774 de-

550 3824 647 3879 fuit
671 3839 687 3889 ;
715 3819 833 3875 ideo
862 3818 982 3873 fecit
1013 3817 1151 3871 Deus
1176 3815 1292 3870 lta'c
1317 3813 1546 3884 potentia
1577 3811 1732 3866 Verbi
1760 3811 1839 3865 sui
1870 3812 1984 3866 sine
2006 3811 2122 3880 plu-

522 3914 634 3967 ‘via
655 3952 669 3974 ,
702 3911 819 3964 sine
859 3923 1021 3976 Opere
1044 3908 1293 3960 lnttnano.
1312 3903 1443 3957 Nam
1473 3904 1633 3957 etiam
1672 3917 1810 3957 nunc
1834 3901 1946 3971 ipse
1968 3901 2121 3968 facit,

551 4001 643 4058 sed
664 4001 770 4070 jam
813 4014 905 4067 per
930 3996 1157 4062 pluviam
1183 4003 1238 4048 et
1266 4008 1359 4063 per
1388 3991 1659 4045 hominum
1692 4006 1907 4052 manus;
1935 4006 2124 4058 quant-

552 4097 633 4149 vis
661 4106 833 4162 neque
877 4090 964 4160 qui
1014 4089 1213 4159 plantat
1261 4086 1328 4139 sit
1355 4084 1589 4153 aliquid,
1630 4097 1799 4152 neque
1838 4082 1926 4151 qui
1954 4082 2123 4152 rigat,

551 4185 645 4242 sed
672 4183 760 4255 qui
790 4182 1169 4236 incrementum
1197 4176 1285 4229 dat
1316 4174 1455 4228 Deus
1481 4171 1656 4244 (IGor.
1690 4186 1766 4235 nt,
1796 4172 1870 4240 7).

624 4276 709 4331 l9.
733 4272 867 4340 Quid
888 4279 971 4325 est
994 4283 1121 4338 ergo
1149 4264 1286 4337 quod
1311 4263 1566 4333 adjungit,
1596 4261 1735 4315 Fons
1758 4270 1924 4315 autem
1953 4278 2128 4315 ascen-

553 4365 696 4420 debat
726 4364 788 4417 de
813 4373 973 4422 terra.
1006 4369 1050 4412 et
1098 4354 1337 4426 irrigubut
1371 4369 1566 4407 omnem
1607 4352 1784 4422 faciem
1825 4353 2009 4406 ιεννίιερ
2036 4349 2128 4407 ωε

552 4470 747 4528 quippe
772 4455 888 4507 l'ons
904 4459 1046 4504 tanta
1071 4448 1309 4517 largitate
1330 4441 1705 4505 tuauaus,sieut
1722 4440 1864 4496 Nilus
1879 4439 2126 4513 AEgypto,

554 4557 733 4620 po~set
778 4547 1037 4599 nuiVersze
1064 4550 1217 4593 terrm
1246 4553 1367 4593 esse
1413 4552 1505 4605 pro
1534 4534 1728 4606 pluvia.
1779 4533 1914 4599 Quid
1954 4536 2130 4602 itaque

555 4659 650 4714 pro
675 4654 865 4709 magno
892 4632 1317 4690 counnendatnm
1356 4640 1437 4685 cst
1456 4669 1471 4692 ,
1500 4637 1778 4697 antequam
1804 4625 2008 4695 plueret
2046 4623 2127 4678 le-

554 4735 693 4788 cisse
724 4732 886 4784 Dennt
915 4726 998 4780 illa
1024 4723 1311 4796 gignentia,
1339 4735 1461 4775 cmn
1490 4728 1744 4789 quantuni
1774 4726 1950 4785 posset
1978 4714 2132 4785 adju-

556 4838 681 4879 vare
707 4820 911 4891 pluvia,
960 4828 1160 4871 tantum
1190 4813 1307 4869 fons
1344 4814 1567 4881 irrigans
1593 4808 1825 4865 terrain?
1855 4808 2047 4863 Verum
2076 4817 2131 4864 ct

554 4917 600 4972 si
648 4911 843 4983 aliquid
897 4908 1101 4971 minus,
1150 4906 1355 4958 minam
1397 4903 1483 4957 illa
1533 4902 1782 4963 fortasse,
1819 4914 1922 4954 non
1951 4907 2129 4953 tamen

555 5007 695 5064 nttlla
725 5006 1087 5059 nascerentur.
1117 4999 1197 5050 An
1232 4996 1352 5049 hinc
1372 4995 1530 5049 etiam
1561 5006 1709 5046 more
1732 5004 1830 5045 suo
1858 4990 2129 5061 Scriptura

556 5110 801 5167 tanquam
829 5090 1052 5146 inlirntis
1083 5086 1359 5142 inlirntiter
1386 5083 1617 5153 loquitur
1638 5121 1653 5145 ,
1683 5090 1735 5134 et
1757 5089 1931 5135 tamen
1961 5077 2130 5133 ittuuit

552 5186 746 5259 aiiluid
791 5182 930 5256 quod
972 5179 1227 5248 intelligat
1250 5176 1337 5245 qni
1371 5173 1626 5229 valuerit?
1676 5170 1935 5226 Nunirunt
1984 5167 2127 5223 enim

555 5285 695 5337 sit-ut
741 5279 844 5333 isto
872 5275 958 5329 die
978 5315 992 5333 .
1027 5272 1186 5343 paulo
1209 5265 1453 5336 superius
1480 5270 1897 5318 commemorato
1917 5302 1931 5325 ,
1963 5259 2127 5329 signi-

557 5373 731 5430 ﬁcavit
773 5384 933 5424 unum
963 5366 1103 5419 diem
1150 5364 1341 5415 laetum
1366 5376 1394 5409 ιι
1424 5357 1562 5422 Deo,
1609 5366 1656 5409 et
1691 5363 1816 5408 tunc
1844 5353 2006 5406 Deum
2050 5350 2128 5407 fe.

557 5469 696 5521 cisse
722 5464 912 5518 emittm
940 5469 991 5512 et
1021 5468 1213 5511 terrain
1233 5494 1248 5514 .
1294 5466 1413 5506 cum
1445 5449 1610 5502 lactus
1634 5456 1714 5499 est
1740 5446 1885 5509 dies;
1919 5454 1975 5497 ut
1996 5459 2129 5513 quo-

568 5559 725 5615 modo
754 5566 1033 5626 possemus
1074 5548 1427 5618 cogitaremus
1452 5540 1606 5596 sitrnl
1643 5539 1817 5592 omnia
1866 5536 2027 5590 lit-nm
2054 5533 2129 5590 fe-

563 5652 702 5705 cisse
726 5690 740 5708 .
772 5645 1013 5716 quamvis
1041 5640 1282 5708 superior
1307 5653 1397 5690 sex
1420 5635 1621 5688 dierum
1643 5627 1969 5685 etiametatio
1987 5626 2131 5681 velut

559 5753 854 5813 temporum
899 5734 1170 5794 intervalla
1216 5728 1512 5787 ostendisse
1562 5725 1825 5783 videretur
1855 5737 1868 5776 :
1899 5720 1970 5778 ita
2008 5733 2127 5779 cum

592 5893 995 5937 wv*.J-"“"
1042 5893 1113 5913 ’⁵⁸
1181 5892 1237 5923 ’ἱ

1429 298 1519 358 DE
1555 294 1802 357 GENESI
1842 296 1932 350 AD
1969 292 2341 355 LITTERAM.
2382 289 2440 346 S.
2482 285 2848 346 AUGUSTINI

3686 290 3812 350 δῖε

2210 414 2588 479 dixisset,cum
2617 416 2754 469 melo
2773 424 2821 468 et
2850 426 2986 471 terra
3015 415 3178 471 Deum
3210 415 3398 476 feciSse
3426 434 3584 476 omne
3603 422 3805 481 viride

2209 507 2319 575 agri
2364 515 2643 575 antequam
2670 516 2811 561 eSsct
2835 524 2995 576 super
3031 515 3264 573 terram,
3305 520 3359 565 et
3401 528 3559 567 omne
3597 512 3807 570 fenum

2211 595 2323 666 agri
2363 607 2645 665 antequam
2671 608 2912 651 exortum
2942 607 3058 663 est,
3099 599 3337 665 addidit,
3383 600 3621 657 Nondum
3650 606 3811 659 enim

2211 686 2409 757 pluerat
2442 687 2575 742 Dens
2610 705 2759 756 super
2796 699 3013 755 terram,
3052 708 3141 745 nec
3168 702 3273 746 erat
3302 694 3451 748 homo
3478 696 3567 763 qui
3596 713 3810 763 opera-

2210 788 2348 832 retur
2374 790 2557 833 terram
2576 797 2593 841 :
2615 790 2861 849 tanquam
2890 780 3110 847 diceret,
3138 783 3252 838 Non
3277 801 3339 839 ea
3366 786 3443 841 sic
3473 787 3593 843 fecit
3621 789 3805 856 Dens,

2211 869 2652 939 quemadmodum
2686 872 2806 927 facit
2849 889 2987 930 nunc
3022 877 3141 929 talia
3163 918 3178 942 ,
3224 892 3343 932 cum
3376 880 3535 949 pluit,
3583 892 3634 936 et
3668 900 3807 939 cum

2212 972 2497 1031 operantur
2522 964 2780 1019 hmnines.
2815 966 2936 1021 lltec
2963 970 3102 1022 enim
3124 969 3233 1038 jam
3267 987 3360 1040 per
3378 988 3554 1028 moras
3580 984 3810 1045 tempo-

2212 1066 2329 1105 runt
2373 1052 2537 1116 ﬁunt,
2568 1070 2687 1123 qua:
2716 1063 2837 1108 tunc
2864 1070 2966 1109 non
2992 1066 3173 1120 erant,
3216 1075 3336 1113 eum
3364 1059 3486 1117 fecit
3508 1064 3693 1119 omnia
3725 1066 3810 1121 si-

2215 1144 2355 1206 mul,
2383 1145 2521 1198 unde
2551 1147 2708 1200 etiam
2742 1158 2974 1216 tempora
3016 1149 3326 1218 inciperent.

2211 1230 2293 1286 CA
2306 1234 2435 1290 PUT
2475 1234 2738 1293 Vll.—De
2767 1238 2906 1305 {ante
2932 1240 3020 1309 qui
3046 1242 3238 1311 rigabat
3264 1254 3418 1299 lotam
3440 1257 3643 1311 terram,
3685 1260 3801 1306 ctc.

2282 1327 2372 1381 2|).
2403 1328 2552 1394 Quod
2574 1338 2748 1384 autem
2770 1332 3025 1401 sequitur,
3054 1334 3189 1388 Fons
3215 1348 3382 1391 uultu
3408 1342 3710 1395 ascendebat
3737 1344 3808 1398 de

2212 1425 2365 1483 terra,
2384 1427 2429 1470 et
2446 1418 2684 1488 irrigaba!
2713 1436 2907 1475 contem
2926 1422 3105 1491 facient
3122 1434 3303 1488 terrae;
3329 1426 3451 1484 hinc
3467 1429 3577 1498 jam
3585 1428 3809 1499 ,‘qnano

2215 1514 2323 1561 tum
2352 1509 2599 1571 arbitror,
2633 1510 3031 1580 iuttntaturqtne
3055 1516 3173 1568 lianl
3200 1518 3485 1571 secundum
3512 1521 3806 1579 intervalla

2215 1606 2508 1666 temporum
2536 1615 2598 1654 ex
2642 1602 2804 1669 prima
2837 1602 2918 1655 illa
2947 1603 3247 1659 Conditione
3283 1618 3668 1675 creaturarum,
3712 1614 3807 1667 tibi

2216 1684 2346 1741 facta
2376 1698 2500 1742 sunt
2527 1691 2701 1744 omnia
2721 1692 2895 1745 simul.
2928 1693 2991 1747 Et
3020 1704 3161 1748 recte
3185 1696 3251 1750 ab
3275 1712 3340 1751 eo
3363 1700 3523 1769 t't‘Bpil
3550 1703 3805 1758 elemen-

2214 1789 2288 1839 to.
2315 1794 2377 1833 ex
2420 1796 2526 1847 quo
2548 1791 2752 1847 cuncta
2802 1800 2993 1853 genera
3043 1802 3327 1841 narennzur
3353 1792 3429 1842 vel
3458 1795 3805 1859 anim-ilium,

2215 1868 2296 1921 vel
2330 1870 2609 1923 herbarum
2656 1882 2812 1942 atque
2862 1874 3140 1943 lignorum.
3183 1891 3235 1932 ιιι
3281 1894 3431 1949 agant
3473 1887 3806 1952 temporales

2216 1973 2465 2012 numeros
2512 1974 2637 2014 suos
2689 1965 2889 2017 naturis
2935 1968 3160 2035 propriis
3210 1967 3536 2025 distributos.
3603 1976 3806 2032 Omnia

2214 2048 2406 2117 quippe
2436 2050 2719 2118 primordia
2766 2054 3043 2116 seminum,
3092 2057 3203 2110 sive
3242 2060 3381 2114 unde
3426 2064 3599 2116 omnis
3647 2084 3803 2135 (ιειιύ,

2215 2139 2325 2192 sive
2367 2140 2505 2194 unde
2543 2142 2717 2195 omnia
2764 2141 2953 2197 fruteta
2989 2143 3288 2213 gignuntur,
3326 2149 3535 2203 lnnnida
3562 2166 3719 2220 sunt,
3751 2169 3807 2213 et

2214 2244 2278 2282 ex
2309 2228 2527 2284 hutnore
2555 2244 2918 2287 concrcsonnt.
2952 2234 3127 2288 Insunt
3148 2248 3320 2292 autem
3353 2240 3453 2294 illis
3483 2242 3804 2300 efﬁcacissi-

2216 2321 2285 2374 tui
2314 2323 2537 2388 muneri,
2566 2329 2832 2379 trahentes
2856 2341 3031 2379 secum
3050 2342 3302 2395 Sequaees
3325 2335 3584 2398 potentias
3606 2338 3805 2398 cleiis

2217 2413 2464 2481 perfectis
2501 2414 2750 2483 Opcribus
2789 2415 2904 2483 Dei,
2935 2433 2964 2469 ιι
3006 2418 3196 2488 quibus
3237 2422 3286 2474 itt
3324 2422 3410 2477 die
3447 2427 3680 2493 septimo
3714 2443 3804 2483 rc-

2215 2505 2429 2574 quievit.

2288 2594 2348 2647 21
2411 2593 2780 2650 Verumtamen
2824 2598 2941 2666 quis
2983 2599 3082 2656 iste
3121 2602 3189 2656 sit
3233 2602 3346 2657 fons
3375 2606 3440 2659 ad
3473 2607 3801 2679 irrigaudam

2218 2684 2404 2738 faciem
2436 2696 2588 2740 term:
2624 2688 3048 2753 onmisidonens,
3068 2694 3256 2749 merito
3271 2698 3541 2765 quaeritur.
3565 2702 3617 2756 Si
3652 2704 3799 2759 enim

2217 2771 2333 2836 fuit,
2365 2786 2414 2828 et
2446 2776 2720 2832 obstrnsus
2758 2790 2837 2833 est
2882 2782 2961 2836 vel
3000 2784 3259 2851 siccatus,
3303 2803 3459 2844 eausa
3509 2794 3802 2861 qua-renda

2217 2876 2318 2921 est.
2348 2866 2496 2922 Nunc
2529 2872 2669 2924 enim
2702 2871 2938 2926 videmus
2968 2875 3167 2929 nttllutn
3192 2894 3239 2930 ea
3253 2893 3312 2933 se
3341 2881 3558 2945 fontem,
3588 2900 3703 2954 quo
3732 2886 3803 2939 ir-

2219 2962 2606 3030 rigelnrontnis
2647 2963 2806 3019 facies
2832 2974 3008 3022 terrm.
3052 2966 3313 3025 Fortassis
3358 2988 3484 3043 ergo
3524 2988 3804 3044 peccatum

2220 3050 2490 3107 hominum
2524 3055 2838 3121 hancctiam
2880 3073 3087 3126 poenam
3114 3065 3447 3126 commeruit,
3477 3077 3529 3120 ut
3561 3076 3711 3124 tanta
3740 3069 3803 3123 il-

2222 3144 2321 3197 lius
2352 3145 2507 3199 fontis
2536 3161 2772 3215 repressa
2817 3148 3028 3216 largitas
3058 3151 3355 3223 farillinunn
3387 3160 3541 3213 terris
3567 3162 3807 3215 auferret

2220 3235 2610 3299 fecunditatem,
2641 3247 2692 3291 ut
2725 3237 3061 3294 incolentium
3085 3256 3364 3312 angeretur
3402 3248 3564 3303 labor.
3609 3250 3805 3307 Posset

2222 3327 2339 3390 hoc,
2381 3329 2621 3397 quamvis
2662 3330 2798 3383 nulla
2832 3330 2880 3384 id
2908 3332 3172 3401 Scriptura
3200 3338 3509 3397 narraverit.
3532 3340 3805 3400 afﬁrmare

2222 3418 2448 3473 humana
2496 3422 2744 3491 suspicio,
2789 3423 2887 3477 nisi
2928 3425 3051 3479 illud
3100 3440 3435 3488 occurreret.
3488 3434 3627 3501 quod
3681 3452 3805 3505 pcc-

2221 3524 2397 3567 ratum
2430 3514 2721 3579 hominum,
2752 3516 2835 3569 cui
2867 3532 3019 3584 pmua
3056 3518 3252 3573 laboris
3278 3521 3521 3591 imposita
3547 3538 3652 3591 est,
3688 3535 3807 3597 post

2226 3605 2449 3675 paradisi
2507 3606 2723 3660 delicias
2768 3609 2961 3663 exstitit
2995 3628 3007 3662 :
3032 3612 3307 3683 paradisus
3357 3629 3531 3669 autem
3574 3616 3806 3673 habebat

2223 3696 2583 3767 prargrantlem
2644 3697 2839 3753 fontem
2879 3715 3053 3762 suum,
3099 3702 3165 3756 de
3206 3717 3312 3773 quo
3342 3714 3457 3773 post
3499 3706 3805 3777 diligentius

2223 3805 2320 3843 Suo
2346 3792 2460 3845 loco
2491 3790 2804 3860 loquendum
2826 3801 2939 3858 est;
2967 3809 3030 3848 ex
3056 3794 3207 3862 cujus
3237 3812 3341 3848 uno
3370 3797 3543 3866 Capite
3576 3811 3803 3867 quatuor

2226 3898 2409 3951 magna
2436 3883 2647 3936 ﬂumina
2670 3892 2723 3937 ct
2750 3891 2867 3938 uota
2890 3884 3134 3953 gentibus
3153 3902 3364 3942 manare
3383 3900 3687 3945 narrantur.
3709 3890 3800 3947 Ubi

2225 3989 2353 4043 ergo
2379 3983 2491 4027 erat
2514 3972 2635 4027 fons
2657 3973 2753 4028 iste
2778 3984 2867 4028 aut
2893 3973 2991 4027 ista
3018 3975 3253 4041 lluinina,
3281 3976 3492 4046 quando
3535 3979 3623 4034 ille
3672 3995 3803 4035 unus

2228 4068 2487 4122 maximus
2533 4066 2851 4123 ascendebat
2891 4067 2959 4123 de
2989 4078 3149 4135 terra,
3194 4078 3250 4124 ct
3296 4069 3546 4139 inrigabat
3589 4087 3800 4126 omnem

2228 4158 2412 4214 faciem
2440 4159 2634 4213 terrae?
2663 4161 2817 4214 (Ierte
2837 4161 2975 4213 enim
3006 4172 3129 4215 tunc
3167 4177 3270 4215 non
3300 4163 3467 4223 Geon.
3494 4166 3583 4234 qui
3613 4166 3803 4221 dicitur

2226 4250 2396 4315 Nilus,
2422 4266 2560 4306 unus
2588 4267 2650 4304 ex
2671 4250 2771 4305 illis
2788 4261 3029 4320 quatuor,
3058 4251 3260 4322 rigabat
3291 4250 3596 4324 (Egyptunt,
3639 4272 3804 4326 quau-

2228 4345 2296 4398 do
2323 4345 2437 4398 fons
2465 4343 2774 4399 ascendebat
2794 4343 2860 4397 dc
2886 4352 3045 4409 terra,
3073 4354 3250 4397 etnon
3271 4342 3559 4417 Egyptum
3580 4357 3797 4411 tantum,

2228 4435 2321 4490 sed
2350 4450 2559 4489 omnem
2587 4436 2767 4489 faciem
2801 4444 2953 4489 terra‘
2976 4436 3217 4490 satiabat.

2298 4523 2390 4578 2%.
2421 4526 2500 4578 An
2532 4525 2700 4593 prium
2749 4524 2910 4579 Deum
2948 4525 3175 4579 voluisse
3210 4525 3531 4582 credendum
3577 4539 3659 4583 est
3702 4542 3802 4583 uno

2232 4613 2375 4669 fante
2400 4615 2630 4668 maximo
2660 4614 2875 4684 irrigare
2902 4628 3040 4669 omni
3062 4630 3115 4669 m
3155 4626 3371 4678 terram,
3405 4626 3459 4671 ιιι
3486 4616 3573 4671 illa
3603 4635 3723 4689 qua:
3752 4618 3800 4671 iit

2229 4723 2290 4763 ea
2325 4707 2677 4778 principaliter
2717 4706 3043 4767 coodiderat,
3091 4718 3305 4777 accepto
3333 4708 3567 4765 humoris
3596 4711 3799 4780 adjuto-

2230 4800 2329 4861 rio,
2354 4800 2463 4868 jam
2486 4800 2642 4853 etiam
2673 4813 2765 4866 per
2802 4798 3105 4868 temporalia
3136 4799 3299 4867 Spatia
3326 4800 3685 4870 gignerentur,
3714 4813 3801 4870 pro

2231 4904 2445 4945 suorum
2470 4904 2720 4959 generum
2761 4888 3063 4943 diversitate.
3101 4890 3258 4943 etiam
3302 4889 3525 4945 diversis
3573 4891 3801 4946 numeris

2231 4983 2469 5046 dierum;
2500 4988 2555 5035 et
2582 4988 2759 5049 postea
2792 4979 3021 5049 plautato
3048 4980 3290 5049 paradiso
3316 4983 3630 5052 repressisse
3659 4984 3800 5037 illuni

2232 5072 2452 5133 fontem.
2478 5072 2757 5141 multisque
2780 5070 3027 5128 fontibus.
3057 5073 3192 5126 sicut
3212 5073 3321 5140 jam
3361 5089 3499 5127 ttunc
3546 5074 3797 5137 videmus,

2234 5162 2533 5231 implevisse
2560 5171 2782 5226 terram;
2815 5161 2882 5215 de
2909 5161 3132 5231 paradisi
3159 5174 3333 5217 autem
3373 5177 3479 5218 uno
3506 5162 3649 5218 fonte
3672 5176 3796 5233 qua-

2235 5265 2355 5312 tuor
2396 5256 2624 5326 ingcntia
2676 5254 2889 5308 ﬂumina
2937 5255 3207 5318 divisisse;
3240 5266 3297 5310 ut
3337 5264 3391 5310 et
3432 5267 3567 5311 terra
3614 5263 3797 5310 egi-tera

2233 5358 2591 5405 creaturarum
2621 5362 2833 5400 suarum
2866 5345 3016 5414 plena
3058 5346 3361 5416 generibus,
3405 5362 3666 5418 congruos
3703 5360 3796 5400 nu—

2236 5455 2410 5495 meros
2428 5453 2644 5491 suorum
2676 5448 2968 5507 tcmpzirunt
2990 5437 3284 5505 agentibus,
3304 5437 3477 5494 fontes
3494 5440 3650 5493 etiam
3672 5447 3789 5491 suos

2236 5532 2450 5587 haberet
2479 5545 2542 5585 ac
2566 5528 2687 5584 lluvi
2713 5544 2781 5592 ἐς
2816 5540 2869 5584 et
2895 5530 3169 5601 paradisus
3212 5531 3325 5585 loco
3365 5531 3614 5586 electiore
3656 5530 3791 5601 plano

2236 5636 2396 5688 tatus,
2427 5633 2653 5693 quatuor
2678 5622 2761 5676 illa
2793 5623 3003 5675 llutuiua
3025 5638 3089 5676 ex
3115 5624 3286 5690 eapite
3314 5623 3393 5676 sui
3422 5620 3580 5678 fontis
3598 5621 3771 5677 emitto

2237 5724 2317 5785 t'et
2334 5714 2357 5769 ?
2376 5724 2539 5771 aulcx
2561 5717 2676 5787 ipso
2703 5730 2807 5767 uno
2825 5714 2967 5769 fonte
2993 5713 3404 5788 paradisintulto
3422 5714 3617 5789 largius
3642 5724 3794 5795 exue
