3902 6308
177 207 180 210 λ
237 229 346 289 529

233 348 415 411 dante,
447 347 596 416 prius
619 355 776 403 totam
801 348 1046 420 irrigasse
1069 358 1286 418 terram,
1311 360 1469 421 atque
1485 351 1548 405 ad
1567 352 1816 421 parienda

233 454 334 508 per
353 451 650 508 temporum
683 458 932 496 numeros
958 458 1175 512 genera,
1201 459 1319 514 quae
1349 445 1401 498 in
1428 460 1487 499 ea
1518 445 1634 499 sine
1657 446 1819 498 inter-

232 530 385 584 vallis
407 539 702 600 temporum
731 544 1020 599 creaverat,
1053 535 1391 600 fecundasse;
1433 550 1494 590 ac
1519 545 1701 606 postea
1729 551 1816 591 re-

237 624 498 694 pressisse
521 626 573 678 in
604 640 670 680 eo
687 626 800 680 loco
817 641 1069 697 aquarum
1091 629 1420 696 eruptionem
1440 629 1814 694 vastissimam,

173 769 178 774 _
232 724 290 766 ut
340 713 405 768 de
461 715 686 770 diversis
713 733 810 787 per
835 733 1046 773 omnem
1090 729 1287 775 terram
1329 721 1588 791 capitibus
1638 720 1814 774 flumi-

231 822 360 860 num
402 822 465 862 ac
508 808 728 864 fontium
747 812 855 880 jam
883 822 1188 878 manarent;
1217 828 1280 868 ac
1305 814 1496 869 deinde
1520 813 1572 868 in
1598 815 1816 884 regione

231 897 375 953 illius
421 899 601 967 fontis,
625 917 730 955 non
750 902 860 972 jam
891 905 1192 960 universam
1219 917 1411 962 terram
1443 907 1687 976 rigantis,
1718 906 1812 961 sed

228 993 606 1048 memorabiles
643 994 786 1048 solos
823 996 942 1050 illos
981 1007 1207 1067 quatuor
1255 998 1445 1054 fluvios
1496 999 1808 1065 emittentis,

229 1081 503 1149 plantasse
533 1085 854 1154 paradisum,
883 1087 972 1143 ubi
993 1088 1262 1145 hominem
1289 1106 1446 1161 quem
1478 1090 1677 1146 fecerat
1699 1090 1808 1146 col-

225 1174 460 1230 locaret?

223 1267 454 1325 CAPUT
485 1270 618 1327 VIII.
648 1303 719 1316 —-
747 1273 872 1341 Qua:
892 1275 1160 1346 Scriptura
1199 1279 1387 1344 reticet,
1419 1285 1659 1348 quatenus
1683 1292 1805 1331 con-

676 1371 916 1440 jectando
945 1375 1171 1442 proferre
1179 1373 1347 1442 juvat.
1447 1405 1456 1440 ε
1618 1408 1622 1414 μ

299 1461 390 1517 2'5.
426 1461 557 1529 Quia
581 1461 720 1516 enim
742 1478 844 1516 non
871 1464 1047 1516 omnia
1075 1464 1269 1534 scripta
1293 1473 1436 1529 sunt,
1466 1462 1808 1534 quemadmo-

221 1555 343 1608 dum
369 1563 490 1624 post
516 1553 656 1608 illam
695 1555 916 1622 primam
947 1570 1125 1609 rerum
1163 1555 1520 1610 conditionem
1565 1563 1805 1625 tempora

218 1647 575 1710 cucurreriut,
609 1661 771 1715 seque
800 1656 994 1701 secuta:
1020 1648 1126 1702 sint
1155 1647 1640 1704 administrationes
1658 1661 1807 1701 crea-

219 1747 479 1800 turarum,
509 1752 629 1806 qua:
667 1738 907 1806 primitus
937 1737 1087 1791 factae
1134 1747 1388 1809 sextoque
1434 1739 1524 1792 illo
1549 1739 1636 1793 die
1669 1752 1802 1794 cou-

217 1838 495 1882 summatzc
518 1838 658 1892 sunt,
700 1829 792 1883 sed
825 1837 1076 1898 quantum
1112 1831 1242 1885 satis
1262 1830 1518 1900 judicavit
1552 1830 1801 1900 Spiritus,

216 1920 300 1987 qui
328 1921 503 1974 inerat
539 1919 788 1974 scribenti
818 1935 878 1974 ea
921 1936 1038 1990 qua:
1068 1937 1170 1976 non
1220 1921 1393 1976 solum
1436 1921 1500 1975 ad
1547 1922 1800 1975 factarutn

216 2025 394 2064 rerum
424 2009 683 2074 notitiam,
706 2010 798 2064 sed
826 2010 983 2065 etiam
1006 2011 1070 2065 ad
1089 2011 1384 2066 futurarum
1425 2011 1804 2081 prtefiguratio—

216 2117 334 2155 nem
363 2102 630 2166 valerent;
670 2101 965 2155 nescientes
995 2106 1353 2171 conjectamus
1391 2101 1517 2171 quid
1556 2101 1666 2154 lieri
1707 2115 1802 2170 po-

214 2193 394 2258 tucrit,
421 2193 561 2262 quod
591 2193 676 2248 ille
701 2209 804 2248 non
848 2195 1092 2249 nesciens
1117 2193 1484 2264 praetermisit;
1518 2201 1719 2246 tantum
1749 2191 1799 2245 id

213 2292 468 2337 conantes
486 2298 582 2352 pro
613 2283 826 2338 modulo
855 2294 1056 2345 nostro.
1085 2295 1335 2353 quantum
1363 2283 1694 2352 adjuvamur,
1724 2284 1800 2338 cf-

212 2375 390 2438 licerc,
425 2389 491 2428 ne
516 2375 688 2444 aliqua
733 2375 1032 2431 absurditas
1070 2376 1152 2429 vel
1196 2375 1538 2443 repugnantia
1589 2384 1800 2444 putetur

209 2478 324 2517 esse
357 2463 412 2515 in
439 2455 726 2532 Scripturis
753 2465 969 2530 sanctis,
992 2480 1110 2533 quae
1148 2465 1450 2533 Opinionem
1475 2463 1689 2517 lectoris
1717 2461 1797 2516 of-

208 2551 406 2614 fendat,
441 2563 493 2607 et
520 2553 644 2607 dum
671 2554 934 2608 existimat
962 2553 1075 2608 fieri
1105 2569 1210 2608 non
1243 2553 1477 2624 potuisse
1501 2569 1619 2622 qua:
1661 2552 1795 2606 facta

208 2658 321 2698 esse
369 2643 644 2714 Scriptura
689 2655 1087 2710 commemorat,
1121 2645 1206 2699 vel
1234 2645 1435 2699 resiliat
1475 2659 1504 2697 a
1535 2643 1655 2710 fide,
1708 2643 1792 2698 vel

206 2748 307 2786 non
351 2735 574 2788 accedat
605 2734 668 2788 ad
699 2735 875 2789 lidem.

205 2823 433 2880 CAPUT
463 2824 552 2879 IX.
576 2856 646 2866 —
663 2826 943 2896 Diﬂ‘icultns
968 2828 1030 2880 de
1049 2829 1186 2899 fonte
1207 2834 1390 2881 terram
1415 2825 1700 2880 universam
1724 2825 1794 2879 ir-

889 2917 1102 2988 rigante.

277 3013 370 3067 24.
405 3007 634 3064 Proinde
663 3023 783 3063 cum
812 3007 878 3063 de
898 3009 997 3062 isto
1016 3009 1159 3064 fonte
1184 3009 1492 3080 quzcrimus,
1526 3006 1793 3080 quomodo

204 3103 250 3158 id
275 3103 422 3173 quod
453 3101 654 3154 dictum
682 3108 785 3166 est,
827 3099 1132 3154 Ascendebat
1172 3101 1234 3153 de
1273 3111 1426 3180 terra,
1463 3111 1510 3155 et
1553 3097 1794 3171 irrignbat

205 3211 399 3248 omnem
445 3193 627 3264 faciem
676 3201 852 3257 terrae,
911 3205 1014 3244 non
1061 3191 1387 3261 impossibile
1435 3189 1705 3254 videatur;
1746 3188 1792 3243 si

203 3302 259 3341 ea
280 3303 405 3358 qua:
424 3286 673 3349 diximus,
699 3284 1041 3354 impossibilia
1063 3285 1307 3354 cuiquam
1327 3284 1624 3351 videantur,
1648 3299 1793 3355 quaa-

205 3389 278 3434 rat
321 3379 442 3447 ipse
480 3375 645 3438 aliud,
673 3390 778 3445 quo
806 3387 980 3430 tamen
1018 3382 1176 3429 Verax
1209 3374 1308 3428 ista
1335 3375 1605 3444 Scriptura
1637 3391 1789 3429 mon-

204 3480 419 3530 stretur.
445 3483 565 3536 qua:
583 3466 762 3536 procul
789 3466 950 3522 dubio
976 3483 1135 3521 verax
1165 3476 1263 3532 est,
1285 3468 1490 3522 etiamsi
1515 3483 1617 3521 non
1639 3484 1790 3523 mon-

205 3570 420 3616 stretur.
467 3557 668 3620 Nannsi
696 3558 1050 3627 argumentari
1075 3558 1318 3624 voluerit,
1348 3573 1451 3627 quo
1464 3574 1578 3612 eam
1603 3557 1787 3613 falsam

202 3665 314 3705 esse
341 3649 658 3714 convincat;
687 3659 777 3702 aut
822 3649 934 3718 ipse
977 3649 1120 3702 nulla
1147 3663 1269 3702 vera
1311 3649 1377 3703 de
1423 3658 1787 3703 creaturarum

203 3745 506 3798 conditione
532 3753 688 3811 atque
718 3740 1171 3795 administratione
1212 3740 1448 3795 dicturus
1493 3752 1602 3805 est;
1631 3753 1722 3794 aut
1742 3741 1788 3794 si

204 3851 319 3889 vera
349 3834 568 3900 dixerit,
594 3833 747 3887 istam
776 3847 879 3885 non
922 3830 1266 3901 intelligendo
1309 3830 1494 3885 falsam
1541 3833 1784 3902 putabit:

205 3931 337 3983 velut
367 3928 414 3983 si
444 3925 728 3982 contendat
767 3925 888 3979 ideo
912 3940 1017 3978 non
1059 3925 1291 3994 potuisse
1318 3939 1421 3977 uno
1462 3925 1788 3993 quantolibet

204 4017 342 4074 fonte
392 4030 605 4071 omnem
656 4024 812 4070 terrm
857 4013 1040 4069 faciem
1075 4014 1310 4084 irrigari;
1344 4015 1465 4084 quia
1494 4016 1537 4068 si
1581 4026 1785 4071 montes

204 4123 301 4162 non
330 4105 607 4177 irrigabat,
641 4119 746 4158 non
773 4119 984 4158 omnem
1017 4113 1172 4157 teme
1211 4104 1394 4158 faciem
1428 4105 1675 4174 irrigabat
1700 4126 1712 4160 :
1741 4109 1785 4161 si

203 4208 376 4253 autem
408 4195 567 4250 etiam
597 4205 803 4249 mentes
832 4194 1053 4264 rigabat,
1084 4209 1186 4248 non
1215 4203 1330 4249 erat
1354 4195 1462 4262 jam
1501 4194 1786 4264 impertitio

204 4292 418 4358 saginas,
449 4286 544 4341 sed
571 4286 752 4340 diluvii
783 4286 1088 4351 inundatio;
1118 4285 1259 4356 quod
1301 4287 1343 4340 si
1384 4297 1521 4340 terra
1548 4297 1674 4342 tunc
1710 4291 1785 4344 sic

203 4391 330 4446 erat,
359 4389 528 4434 totum
557 4394 702 4433 mare
731 4387 866 4442 erat,
890 4386 944 4431 et
971 4378 1199 4432 nondum
1229 4379 1452 4433 discreta
1481 4391 1593 4436 erat
1616 4383 1780 4437 arida.

205 4471 427 4528 CAPUT
465 4469 534 4524 Χ.
563 4499 634 4510 —
662 4467 803 4523 Fons
823 4468 910 4522 ille
939 4479 1121 4522 terram
1149 4479 1300 4523 totam
1329 4471 1501 4540 rigans
1526 4481 1578 4525 ut
1602 4473 1786 4527 intelli-

887 4561 1095 4630 gendus.

248 4633 352 4708 .25.
393 4652 484 4708 Cui
512 4634 901 4724 respondetur,
933 4653 1054 4720 quia
1095 4651 1198 4706 hoc
1236 4654 1436 4708 vicibus
1483 4663 1780 4725 temporum

201 4759 400 4816 posset,
432 4751 565 4804 sicut
602 4757 748 4803 certo
791 4757 1028 4817 tempore
1059 4763 1151 4816 per
1194 4749 1346 4817 plana
1391 4748 1600 4819 [Egypti
1632 4751 1777 4804 Nilus

203 4851 488 4912 restagnat,
517 4850 571 4895 et
598 4840 704 4896 alio
730 4851 966 4909 tempore
986 4839 1051 4893 ad
1089 4842 1229 4908 ripas
1259 4856 1381 4894 suas
1414 4841 1551 4895 redit
1576 4860 1586 4894 :
1620 4851 1709 4895 aut
1738 4842 1779 4896 si

202 4929 295 4984 istc
321 4932 505 4986 nescio
545 4931 693 5000 cujus
731 4934 922 5001 ignota:
949 4945 1010 4983 ac
1034 4931 1331 5001 longinqua)
1379 4933 1546 5002 partis
1599 4932 1780 4986 mundi

202 5023 347 5090 aquis
392 5031 445 5075 et
491 5022 695 5091 pruinis
717 5021 1029 5076 hiemalibus
1053 5021 1411 5075 anniversaria
1437 5024 1670 5077 creditur
1701 5023 1779 5078 in-

205 5121 466 5169 crementa
492 5115 768 5184 colligere;
799 5112 923 5184 quid
954 5113 1020 5168 de
1054 5113 1245 5168 Oceani
1276 5114 1493 5169 alternis
1541 5116 1777 5182 aestibus,

206 5205 320 5271 quid
346 5205 414 5261 de
452 5205 767 5276 quibusdam
794 5204 1076 5271 littoribus,
1109 5221 1226 5276 qua:
1254 5207 1355 5261 late
1381 5207 1643 5263 nudantur
1677 5209 1776 5264 llu-

207 5294 389 5362 ctibus,
445 5297 780 5365 vicissimque
815 5293 1144 5364 operiuntur,
1172 5295 1275 5350 dici
1307 5299 1518 5365 potest?
1545 5308 1600 5353 ut
1620 5301 1776 5353 omit-

209 5393 304 5440 tam
333 5388 472 5457 quod
499 5389 566 5444 de
594 5386 944 5459 quorumdam
987 5387 1208 5443 fontium
1250 5391 1379 5444 mira
1417 5392 1777 5448 vicissitudine

210 5477 527 5546 perhibetur,
549 5489 696 5534 certo
712 5494 972 5532 annorum
987 5480 1260 5534 intervallo
1285 5481 1364 5536 sic
1387 5497 1480 5536 eos
1496 5483 1772 5553 inundare,

210 5577 261 5621 ut
288 5579 443 5625 totam
475 5571 616 5625 illam
658 5570 928 5640 regionem
958 5571 1144 5640 rigent,
1178 5573 1262 5626 cui
1291 5574 1395 5628 alio
1427 5581 1664 5645 tempore
1690 5578 1773 5631 vix

207 5645 266 5719 ex
316 5665 434 5720 altis
483 5665 656 5735 puteis
682 5664 747 5719 ad
802 5665 1087 5735 potandum
1135 5665 1480 5726 sufficientem
1537 5669 1771 5740 pnebcnt

434 5757 655 5820 SANCT.
691 5758 966 5818 Accus'r.
1009 5758 1118 5824 III.

1611 236 1815 292 LIBER
1853 235 2168 306 QUINTUS.

3405 262 3509 321 330

1926 367 2135 422 aquam.
2162 354 2270 410 Cur
2295 370 2421 428 ergo
2449 359 2517 414 sit
2545 361 2872 430 incredibile,
2915 366 2958 418 si
2987 381 3050 421 ex
3075 384 3180 423 uno
3209 371 3385 443 abyssi
3415 391 3506 431 ca-

1925 444 2033 512 pite
2057 445 2258 525 alterna
2298 448 2641 508 inundatione
2666 452 2861 510 fluente
2885 465 3042 526 atque
3071 460 3347 530 renuente,
3381 475 3506 522 tunc

1923 536 2168 592 universa
2197 547 2334 594 terra
2357 541 2520 610 rigata
2537 544 2650 598 est?
2676 544 2825 610 Quod
2845 547 2891 601 si
2917 547 3080 614 ipsius
3106 551 3283 622 abyssi
3306 559 3506 625 magni-

1924 628 2180 694 tudinem,
2209 646 2270 686 ea
2294 641 2442 701 parte
2471 646 2688 706 excepta
2731 639 2871 707 quod
2908 656 3055 696 mare
3079 642 3271 698 dicitur
3305 656 3358 701 ct
3394 651 3505 703 evi-

1920 721 2065 776 denti
2093 724 2435 794 amplitudine
2461 737 2620 798 atque
2644 732 2840 786 amaris
2868 731 3112 791 fluctibus
3147 739 3162 769 ²
3195 747 3365 795 terras
3391 758 3504 796 am.

1919 811 2016 880 bit,
2065 815 2116 868 in
2157 831 2218 870 ea
2261 819 2372 872 sola
2422 830 2570 889 parte
2611 837 2769 891 quam
2806 826 3091 882 reconditis
3133 831 3334 887 sinibus
3364 844 3501 892 terra

1917 905 2327 970 continet,'unde
2346 925 2405 964 se
2424 924 2609 968 omnes
2630 912 2802 970 fontes
2829 932 3119 990 amnesque
3146 922 3370 981 diversis
3397 937 3503 982 tra.

1915 996 2086 1050 ctibus
2113 1000 2366 1069 venisque
2392 1002 2733 1071 distribuunt,
2760 1010 2950 1064 etsuis
2970 1011 3166 1082 quique
3182 1015 3313 1071 locis
3334 1034 3503 1074 crum«

1915 1097 2065 1156 punt,
2099 1089 2298 1146 fontem
2341 1095 2503 1150 voluit
2547 1099 2814 1167 appellare
2842 1103 3133 1173 Scriptura,
3166 1124 3273 1164 non
3301 1110 3496 1181 fontes,

1913 1189 2129 1249 propter
2155 1193 2354 1237 natura:
2385 1186 2672 1253 unitatem;
2701 1205 2925 1260 eumque
2950 1209 3044 1263 per
3070 1197 3486 1258 innumerabiles

1913 1269 2026 1324 vias
2051 1282 2310 1328 autrorun
2329 1285 2488 1345 atque
2509 1279 2760 1333 rimarum
2787 1285 3161 1342 ascendentem
3187 1288 3255 1344 de
3284 1300 3422 1346 terra
3444 1303 3498 1348 et

1912 1360 2104 1432 ubique
2143 1365 2434 1434 dispertitis
2475 1370 2624 1437 quasi
2670 1371 2905 1429 crinibus
2947 1375 3252 1446 irrigantem
3280 1395 3496 1436 omnem

1909 1449 2097 1508 faciem
2120 1464 2292 1523 terrzc,
2325 1473 2432 1512 non
2456 1461 2704 1515 continua
2734 1463 2910 1532 specie
2941 1474 3190 1536 tanquam
3223 1472 3381 1526 maris
3405 1486 3497 1528 aut

1910 1548 2100 1615 stagni,
2125 1548 2218 1603 scd
2255 1550 2388 1604 sicut
2415 1551 2654 1606 videmus
2687 1553 2764 1608 ire
2796 1571 2961 1626 aquas
2993 1573 3089 1628 per
3111 1560 3290 1616 alveos
3319 1563 3495 1618 flum-

1910 1652 2035 1690 num
2064 1637 2333 1710 flexusque
2356 1642 2611 1708 rivorum,
2642 1654 2695 1699 et
2715 1659 2898 1700 eorum
2929 1663 3150 1706 excessu
3173 1653 3340 1707 vicina
3371 1671 3494 1723 per-

1908 1727 2128 1784 fundere
2157 1749 2169 1784 :
2202 1733 2319 1802 quis
2346 1749 2452 1789 non
2490 1736 2730 1805 accipiat,
2753 1737 2854 1792 nisi
2893 1741 2983 1811 qui
3013 1747 3345 1799 contentios-o
3387 1750 3495 1816 spi-

1913 1821 2018 1874 ritu
2058 1821 2292 1877 laborat?
2339 1824 2522 1880 Potest
2565 1827 2758 1898 quippe
2793 1830 2952 1884 etiam
2996 1832 3064 1886 ita
3109 1833 3246 1889 dicta
3279 1838 3493 1909 intelligi

1907 1912 2081 1965 omnis
2108 1921 2263 1967 terra:
2303 1914 2461 1970 facies
2507 1917 2742 1988 irrigata,
2793 1922 3236 1990 quemadmodum
3277 1927 3488 1997 dicitur,

1907 2005 2080 2058 omnis
2106 2006 2266 2060 vestis
2295 2006 2454 2064 facies
2477 2009 2730 2075 colorata,
2759 2013 2966 2068 etiamsi
2994 2031 3096 2070 non
3123 2022 3485 2088 continuatitn,

1905 2094 1998 2148 sed
2026 2096 2326 2152 maculatim
2353 2098 2443 2153 fiat
2473 2117 2485 2153 :
2521 2103 2812 2170 prmsertim
2859 2107 2977 2175 quia
3019 2117 3140 2163 tunc
3169 2109 3219 2163 in
3261 2114 3491 2169 novitate

1903 2193 2186 2255 terrarum,
2218 2189 2318 2244 etsi
2345 2206 2448 2246 non
2483 2193 2681 2260 omnia,
2725 2196 2873 2265 plura
2922 2207 3095 2254 tamen
3136 2201 3287 2270 plana
3327 2202 3489 2259 fui-se

1903 2279 2155 2334 credibile
2184 2288 2284 2344 est,
2327 2297 2430 2351 quo
2460 2283 2618 2340 latins
2644 2297 2862 2355 possent
2902 2294 3234 2361 erumpentia
3289 2295 3486 2351 fluenta

1901 2366 2132 2440 dispergi
2159 2379 2315 2441 atque
2342 2374 2590 2430 distendi.

1970 2460 2060 2515 26.
2099 2464 2434 2532 Quapropter
2477 2466 2543 2521 de
2591 2468 2743 2524 istius
2786 2471 2945 2527 fontis
3003 2478 3360 2545 magnitudine
3401 2484 3488 2537 vel

1899 2554 2254 2621 multitudine,
2282 2557 2370 2625 qui
2399 2559 2510 2613 sive
2539 2575 2696 2615 unam
2737 2563 2918 2618 habuit
2959 2567 3202 2623 alicunde
3247 2574 3483 2641 eruptio-

1899 2660 2043 2712 nem,
2076 2645 2186 2701 sive
2230 2655 2444 2715 propter
2481 2650 2709 2721 aliquam
2740 2651 2792 2707 in
2833 2663 2991 2710 terrre
3023 2661 3244 2714 occultis
3283 2664 3486 2718 sinibus

1898 2736 2174 2802 unitatem,
2216 2737 2358 2794 unde
2398 2753 2586 2796 omnes
2637 2759 2788 2812 aqua:
2829 2759 2992 2816 super
3035 2759 3227 2803 terram
3280 2764 3487 2809 scatent

1897 2827 2134 2882 omnium
2182 2827 2402 2883 fontium
2451 2846 2760 2901 magnorum
2803 2844 2961 2905 atque
3009 2854 3311 2906 parvorum.
3349 2860 3484 2899 unus

1895 2916 2016 2972 foas
2041 2917 2216 2974 dictus
2237 2929 2337 2985 est,
2369 2935 2464 2989 per
2497 2936 2684 2976 omnes
2714 2923 3107 2993 diSpertitioucs
3133 2943 3255 2984 suas
3291 2947 3482 2988 ascen-

1896 3007 2028 3062 dens
2057 3008 2124 3063 de
2147 3019 2285 3064 terra
2309 3019 2364 3065 et
2387 3010 2609 3081 irrigans
2652 3029 2864 3069 onmem
2906 3017 3090 3072 faciem
3141 3029 3294 3075 terra:
3324 3040 3337 3076 :
3370 3024 3484 3080 sive

1896 3099 2075 3167 etiam,
2116 3100 2256 3171 quod
2281 3111 2364 3158 est
2391 3103 2720 3172 credibilius,
2763 3107 2883 3174 quia
2927 3125 3032 3162 non
3075 3112 3165 3174 ait,
3193 3111 3339 3168 Unus
3368 3116 3483 3172 fons

1895 3190 2234 3260 ascendebat,
2265 3193 2358 3248 sed
2385 3194 2488 3260 ait,
2519 3193 2660 3248 Fons
2700 3207 2865 3250 autem
2899 3201 3194 3255 ascendebat
3229 3205 3290 3258 de
3326 3216 3479 3274 terra,

1894 3298 1990 3352 pro
2010 3299 2230 3338 numero
2260 3284 2446 3353 plurali
2469 3286 2644 3354 posuit
2669 3287 3020 3357 singularem;
3055 3294 3205 3348 utsic
3226 3296 3482 3367 intelliga-

1894 3389 2012 3427 mus
2038 3372 2212 3430 fontes
2237 3375 2434 3429 multos
2463 3392 2556 3446 per
2581 3379 2878 3434 universam
2923 3391 3116 3437 terram
3151 3387 3262 3441 loca
3291 3390 3373 3444 vel
3396 3407 3481 3446 re-

1893 3463 2078 3530 giones
2107 3465 2347 3535 proprias
2377 3466 2676 3536 irrigantcs,
2706 3470 2840 3523 sicut
2861 3471 3051 3526 dicitur
3067 3475 3235 3539 miles,
3255 3487 3308 3530 et
3331 3482 3478 3534 multi

1893 3555 2277 3625 intelliguntur,
2309 3558 2446 3610 sicut
2473 3558 2609 3611 dicta
2637 3569 2719 3613 est
2746 3561 2944 3615 locusta
2985 3573 3036 3616 et
3065 3580 3190 3617 rana
3232 3567 3282 3619 in
3312 3571 3480 3639 plagis

1893 3644 2064 3716 (Psal.
2095 3661 2204 3713 ειν,
2247 3648 2357 3715 54),
2409 3649 2599 3717 quibus
2642 3649 2874 3720 Egyptii
2907 3656 3138 3719 percussi
3182 3669 3324 3724 sunt,
3357 3676 3476 3716 cum

1893 3746 2036 3792 esset
2066 3738 2467 3792 innumerabilis
2492 3738 2814 3794 locustarum
2843 3759 3095 3798 numerus
3127 3755 3179 3800 et
3205 3764 3474 3816 ranarum;

1885 3827 1996 3896 jam
2023 3844 2126 3883 non
2155 3829 2350 3884 diutius
2379 3830 2698 3885 laboremus.

1891 3918 2115 3974 CAPUT
2154 3918 2244 3974 XI.
2267 3949 2339 3961 —
2367 3921 2556 3976 Rerum
2581 3926 2878 3980 creationem
2913 3927 3126 3996 primatu
3155 3933 3340 4003 factam
3370 3952 3477 3990 esse

2013 4009 2123 4062 sine
2143 4011 2383 4075 temporis
2411 4027 2553 4065 mora
2581 4029 2599 4067 :
2622 4015 3106 4073 administrationem
3130 4039 3229 4076 non
3258 4025 3348 4080 ita.

1960 4099 2050 4154 27.
2102 4099 2208 4156 Sed
2257 4101 2385 4157 illud
2429 4105 2588 4158 etiam
2630 4115 2790 4176 atque
2835 4110 2996 4164 etiam
3045 4115 3472 4186 consideremus,

1891 4201 2066 4248 utrum
2094 4195 2264 4264 possit
2290 4195 2441 4250 nobis
2473 4213 2566 4266 per
2588 4199 2763 4253 omnia
2793 4213 3040 4257 constare
3069 4209 3331 4262 sententia
3373 4228 3472 4280 qua

1890 4284 2215 4350 dicebamus,
2256 4285 2410 4341 aliter
2453 4297 2726 4357 operatum
2758 4290 2922 4345 Deum
2973 4309 3159 4349 omnes
3203 4309 3473 4354 creaturas

1890 4377 2057 4444 prima
2107 4375 2434 4443 conditione,
2466 4379 2707 4447 aquibus
2746 4382 2995 4450 operibus
3027 4385 3076 4437 in
3123 4387 3208 4441 die
3246 4392 3473 4458 septimo

1890 4468 2180 4536 requievit;
2208 4468 2363 4523 aliter
2392 4470 2545 4522 istam
2573 4485 2754 4525 earum
2803 4473 3338 4547 administrationem,
3370 4499 3473 4553 qua

1888 4573 2054 4629 usque
2083 4573 2223 4614 nunc
2247 4569 2497 4629 operatur
2530 4578 2543 4614 :
2572 4561 2624 4615 id
2646 4571 2747 4628 est,
2799 4573 2926 4619 tunc
2949 4569 3126 4622 omnia
3163 4571 3318 4624 simul
3357 4575 3473 4629 sine

1887 4651 2010 4704 ullis
2042 4651 2410 4720 temporalium
2451 4668 2717 4707 morarum
2746 4655 3070 4724 intervallis;
3110 4675 3251 4714 nunc
3293 4675 3473 4718 autem

1888 4757 1983 4809 per
2014 4750 2310 4810 temporum
2341 4757 2538 4810 moras,
2584 4745 2772 4813 quibus
2801 4747 3038 4802 videmus
3068 4751 3240 4806 sidera
3267 4757 3469 4809 moveri

1887 4832 1952 4885 ab
1978 4840 2099 4886 ortu
2123 4832 2190 4886 ad
2216 4847 2484 4899 occasum,
2515 4835 2710 4891 caelum
2742 4840 2931 4892 mutari
2953 4840 3020 4894 ab
3048 4851 3233 4898 aestate
3257 4844 3320 4898 ad
3355 4845 3470 4899 bie—

1887 4940 2056 4990 mem,
2100 4925 2336 4993 germina
2375 4927 2536 4980 certis
2584 4927 2788 4982 dierum
2846 4933 3130 4986 momentis
3187 4934 3466 5002 pullulare.

1884 5016 2257 5086 grandescere,
2299 5017 2586 5086 virescere,
2631 5035 2894 5076 arescere.
2948 5025 3206 5078 Animalia
3261 5041 3469 5094 quoque

1885 5107 2095 5161 statutis
2126 5115 2423 5178 temporum
2446 5111 2600 5164 metis
2619 5119 2673 5164 et
2687 5113 2930 5167 cursibus
2952 5123 3005 5166 et
3033 5115 3259 5183 concipi,
3278 5126 3329 5170 ct
3349 5131 3469 5186 per-

1887 5199 1992 5264 lici,
2021 5208 2076 5253 et
2096 5200 2260 5266 nasci,
2288 5209 2342 5254 et
2369 5216 2466 5271 per
2492 5210 2676 5257 aetates
2697 5219 2863 5274 usque
2888 5205 2940 5258 in
2967 5208 3170 5260 scnimn
3209 5219 3466 5265 mortem~

1885 5304 1986 5356 que
2017 5288 2319 5354 decurrere,
2346 5297 2401 5344 et
2428 5301 2621 5346 cartera
2651 5291 2954 5362 hujusmodi
2981 5297 3306 5364 temporalia.
3336 5301 3467 5366 Quis

1887 5381 2026 5435 enim
2060 5391 2311 5451 operatur
2339 5383 2438 5437 ista
2469 5383 2569 5438 nisi
2597 5383 2756 5448 Deus,
2789 5384 2948 5439 etiam
2974 5386 3090 5441 sine
3119 5389 3225 5442 ullo
3256 5391 3344 5445 tali
3370 5408 3467 5445 suo

1947 5562 1962 5592 ⁸
1991 5560 2128 5620 aditi,
2154 5574 2292 5634 aqua:
2315 5561 2466 5634 maris
2507 5560 2752 5634 ﬂuctibus,
2779 5572 2873 5634 etc.
2907 5566 3051 5634 Paulo
3083 5576 3220 5634 post,
3248 5571 3396 5634 fontes
3419 5583 3466 5625 ct

1880 5634 2040 5672 omnes
2061 5622 2205 5684 aonie
2223 5622 2422 5672 diversis
2444 5622 2672 5675 tractibus
2701 5639 2717 5676 :
2740 5622 2918 5689 quibus
2939 5627 3055 5679 locis
3077 5622 3182 5681 διες.
3197 5622 3464 5686 lectionem

1880 5692 2304 5746 repraesentamus.

2893 5774 3160 5850 {0mm}
