3902 6298
475 243 582 304 851

473 356 662 413 rnotu?
689 371 794 412 non
821 355 962 412 enim
991 362 1042 410 et
1055 353 1163 424 ipsi
1188 353 1380 409 accidit
1402 363 1627 425 tempus.
1656 355 1799 410 lnter
1827 355 1912 411 illa
1937 371 2066 430 ergo

477 457 642 520 Opera
683 447 849 514 Dei,a
884 445 1082 517 quibus
1121 445 1383 516 rethiet'it
1409 445 1462 500 in
1486 445 1576 500 die
1605 447 1849 516 septimo,
1890 457 1943 503 et
1965 449 2063 504 ista

473 547 596 611 qlia:
627 542 951 609 usthe'nun'c
977 540 1248 606 operatur;
1283 537 1564 606 quemdam
1591 537 1862 610 Scriptura
1895 537 2065 594 inter-

425 655 428 658 θ
476 633 684 703 ponens
710 641 820 684 stne
849 628 1167 683 narrationis
1205 628 1518 696 articulum,
1567 628 1958 685 commendavit
2005 643 2064 685 se

467 724 565 778 ma
597 714 914 793 expﬁeassc,
946 729 1002 776 et
1025 722 1188 791 ’empit
1214 722 1327 790 jam
1356 722 1455 777 Ista
1492 731 1796 782 contexere.
1849 723 2063 779 Illorum

470 815 859 884 explicaturum
888 814 1281 869 commendatio
1301 816 1382 871 ’sic
1403 813 1538 871 facta
1563 817 1644 873 c3!
1673 834 1688 872 :
1723 816 1822 872 llic
1845 821 1918 872 est
1943 815 2065 873 liber

471 914 717 960 creatum
740 903 853 958 aut:
876 913 924 960 et
941 913 1113 973 ‘terrw,
1137 909 1256 960 cum
1285 908 1448 979 facta:
1487 907 1558 961 est
1593 906 1720 976 dies,
1767 902 1881 979 fecit
1925 907 2065 964 Deus

469 999 653 1052 catum
669 1007 716 1053 et
740 1003 946 1066 terrain,
965 1006 1011 1053 et
1027 1003 1177 1054 omne
1191 993 1352 1054 viride
1361 999 1472 1071 agri
1484 1006 1751 1072 antequam
1773 995 1895 1056 eam
1913 993 2066 1074 super

469 1097 680 1154 terram,
708 1099 756 1145 et
779 1099 926 1145 omne
948 1092 1116 1166 (unum
1148 1091 1262 1164 agri
1298 1097 1568 1160 antequam
1607 1099 1902 1149 exorlretur.
1943 1091 2065 1150 Non

469 1175 606 1238 titiin
625 1183 827 1254 pluerat
843 1173 990 1237 Deus
1011 1189 1165 1256 super
1187 1191 1392 1252 terram,
1423 1201 1514 1239 nec
1532 1193 1637 1239 erat
1663 1186 1810 1240 homo
1837 1185 1922 1254 qui
1947 1195 2065 1258 ape-

467 1283 667 1329 rar'etur
713 1281 917 1330 tetram.
962 1274 1191 1330 Istorum
1228 1284 1405 1331 autem
1447 1281 1721 1332 eontcStio
1756 1278 1832 1332 sic
1861 1278 2060 1347 cmplt:

469 1364 614 1422 qus
639 1376 806 1422 autem
831 1366 1126 1422 ascendebat
1145 1367 1209 1422 de
1235 1371 1388 1435 terra,
1415 1378 1460 1423 et
1489 1369 1727 1441 irrigabat
1755 1387 1950 1425 onmem
1984 1375 2066 1444 fa-

467 1459 595 1513 ciem
637 1467 801 1513 terrae.
851 1457 932 1512 Ab
977 1457 1075 1513 hac
1104 1459 1609 1515 commemoratione
1635 1458 1798 1516 fontis
1827 1461 1983 1532 hujus
2011 1468 2065 1517 et

468 1547 728 1618 deinceps
752 1561 814 1602 ea
835 1561 952 1619 qua:
972 1559 1273 1618 narrantur,
1299 1557 1398 1621 per
1410 1558 1590 1604 moras
1609 1558 1905 1621 temporum
1924 1551 2060 1606 facta

460 1638 614 1705 Iunt,
642 1653 746 1692 non
775 1638 954 1693 omnia
978 1638 1158 1695 simul.

470 1729 698 1787 CAPUT
735 1729 852 1785 XII.
889 1760 967 1774 —
999 1729 1175 1801 Opera
1199 1727 1296 1787 Dei
1316 1731 1408 1788 sub
1429 1731 1618 1805 triplici
1641 1735 2057 1791 consideratione.

540 1819 631 1876 28.
673 1821 803 1875 Cum
829 1833 957 1892 ergo
981 1821 1137 1877 aliter
1164 1831 1224 1879 se
1252 1819 1480 1878 habeant
1529 1824 1765 1879 omnium
1791 1834 2062 1881 creatura-

467 1921 588 1964 rum
611 1910 846 1965 rationes
875 1912 1404 1967 incommutabile‘sin
1438 1912 1614 1968 Verbo
1645 1915 1758 1980 Dei,
1789 1916 1942 1969 aliter
1969 1916 2060 1970 illa

467 1997 588 2072 eius
613 2013 772 2071 opera
804 2016 830 2053 a
871 2001 1146 2071 quibusin
1185 2000 1274 2057 die
1313 2003 1540 2072 septimo
1582 2004 1858 2076 requievit,
1910 2007 2064 2061 aliter

467 2091 572 2148 ista
599 2109 716 2163 qua:
737 2101 801 2149 es
831 2094 933 2147 illis
962 2103 1129 2163 usque
1158 2109 1296 2147 nunc
1341 2103 1626 2164 Operatur;
1660 2095 1850 2151 horum
1899 2097 2056 2152 trium

469 2182 575 2237 hoc
601 2177 743 2251 quod
793 2190 1085 2237 extremum
1120 2182 1292 2252 posui,
1351 2184 1503 2239 nobis
1552 2195 1836 2257 utcumque
1878 2196 2060 2243 notum

469 2275 556 2328 est
579 2273 672 2342 per
695 2273 934 2343 cerporis
964 2281 1172 2338 sen5us,
1198 2283 1254 2329 et
1277 2274 1432 2344 hujus
1451 2277 1889 2334 consuetudinem
1915 2279 2059 2335 vim.

469 2365 590 2422 Duo
617 2381 744 2421 vero
766 2367 850 2421 illa
873 2376 1079 2422 remota
1109 2382 1139 2420 a
1167 2368 1411 2423 sensibus
1437 2410 1454 2437 ,
1482 2375 1536 2424 et
1561 2370 1630 2424 ab
1658 2385 1756 2425 usu
1781 2372 2058 2441 cogitatio-

471 2457 559 2511 nis
608 2456 873 2522 bumanze,
911 2455 1056 2526 prius
1093 2469 1162 2512 ex
1215 2457 1392 2513 divina
1426 2459 1744 2516 auctoritate
1793 2461 2059 2515 credenda

453 2555 635 2612 sunt;
687 2546 877 2602 deinde
923 2561 1020 2617 per
1067 2546 1187 2603 haec
1243 2559 1363 2618 qua:
1413 2558 1536 2604 nota
1591 2560 1729 2614 sunt,
1776 2561 2062 2622 utcumque

469 2637 764 2705 miscenda,
804 2645 1002 2708 quanto
1035 2639 1264 2709 quisque
1313 2640 1482 2710 magis
1535 2641 1778 2697 minusve
1830 2645 2062 2712 potuerit

469 2741 572 2801 pro
600 2742 714 2783 sua:
736 2728 1042 2800 capacitatis
1068 2728 1248 2795 modo,
1295 2729 1552 2786 divinitus
1588 2731 1798 2802 adjutus
1839 2732 2061 2788 internis

469 2818 795 2888 neruisque
825 2819 1119 2876 rationibus
1140 2820 1159 2852 ί
1181 2826 1240 2875 ut
1266 2821 1452 2890 possit.

467 2907 701 2966 CAPUT
730 2907 869 2964 Xlll.
893 2938 970 2950 —
996 2908 1183 2965 Omnia"
1207 2918 1476 2983 mttequam
1503 2912 1680 2983 fierent
1696 2929 1712 2982 ς
1729 2915 1782 2969 in
1796 2913 2060 2988 Sapientia

1211 3003 1328 3060 Dei.

541 3095 635 3152 29.
679 3087 753 3150 De
777 3095 963 3166 primis
996 3109 1126 3166 ergo
1166 3094 1277 3150 illis
1313 3094 1508 3152 divinis
1546 3095 2060 3169 in'commutabilibus

473 3188 800 3260 alternisque
844 3189 1158 3256 rationibus,
1193 3189 1442 3260 quoniam
1483 3189 1596 3261 ipsa
1637 3185 1730 3247 Dei
1767 3191 2056 3262 Sapientia,

471 3287 573 3355 pet-
603 3297 762 3354 quam
805 3280 942 3337 facta
992 3289 1116 3336 sunt
1171 3281 1371 3349 Omnia,
1411 3279 1716 3354 priusquam
1769 3283 1957 3340 ﬁerent
1997 3301 2062 3344 ea

476 3381 718 3442 noverat,
744 3376 824 3431 sic
843 3373 1116 3445 Scriptum
1144 3379 1366 3429 testatur
1395 3391 1409 3429 :
1440 3371 1506 3429 In
1532 3357 1781 3447 principio
1810 3385 1914 3431 erat
1939 3375 2064 3433 Ver-

474 3455 613 3535 htt'm,
638 3478 684 3522 et
709 3453 923 3522 Verbum
944 3474 1049 3521 erat
1073 3465 1216 3536 apud
1241 3465 1423 3527 Deum.
1449 3473 1496 3522 ‘et
1521 3465 1658 3521 Deus
1677 3478 1783 3522 erat
1807 3467 2061 3536 Verbum;

474 3561 571 3616 hac
596 3569 701 3616 erat
727 3559 778 3614 in
801 3557 1050 3631 principio
1064 3558 1204 3629 apud
1224 3556 1408 3613 Deum.
1426 3555 1609 3613 Omnia
1629 3576 1717 3638 per
1732 3561 1896 3631 ipsum
1925 3561 2060 3632 facta

471 3655 609 3719 ﬁunt,
629 3662 674 3707 et
693 3652 923 3724 sineipso
941 3655 1128 3723 factum
1149 3659 1223 3706 est
1241 3651 1370 3706 nihil
1384 3647 1558 3724 (Joan.
1573 3645 1612 3720 i,’
1636 3643 1768 3726 i-B).
1789 3652 1917 3722 Quis
1933 3637 2059 3725 ergo

474 3749 582 3798 tam
595 3741 919 3809 sitdcmcns,
938 3751 994 3796 ut
1015 3741 1154 3797 dicat
1170 3757 1275 3797 non
1292 3757 1354 3798 ea
1375 3742 1540 3798 Dcum‘
1563 3741 1749 3799 feeisse
1767 3761 1881 3814 quse
1901 3735 2060 3802 nove-

474 3835 594 3891 rat?
615 3837 780 3890 Porro
805 3835 850 3889 si
869 3842 1110 3902 noverat,
1128 3833 1217 3890 tibi
1236 3835 1337 3890 nisi
1366 3835 1503 3904 apud
1529 3836 1722 3906 ipsmn,
1743 3839 1882 3908 apud
1900 3854 2057 3908 quem

477 3925 714 3981 Verbum
740 3934 874 3991 erat,
904 3939 1002 3994 per
1042 3925 1181 3995 quod
1231 3925 1366 3980 facta
1418 3931 1539 3982 sunt
1589 3929 1799 3982 Omnia?
1843 3927 1970 3984 Nam
2012 3929 2059 3985 si

476 4025 629 4072 extra
667 4016 898 4086 seipsum
933 4029 993 4070 ea
1031 4025 1282 4082 noverat,
1309 4017 1426 4087 quis
1452 4015 1572 4072 eum
1615 4019 1901 4076 docuerat?
1927 4021 2057 4089 Quis

474 4106 618 4164 enim
649 4106 894 4177 cognovit
918 4119 1135 4162 sensum
1164 4103 1416 4162 Domini?
1450 4099 1540 4164 aut
1570 4109 1688 4180 quis
1720 4112 2058 4171 consiliarius

473 4201 592 4271 c'jus
623 4198 758 4254 fuit?
783 4200 888 4254 Aut
917 4197 1036 4269 quis
1065 4199 1210 4269 prior
1233 4198 1377 4253 dedit
1400 4199 1475 4255 illi
1499 4209 1514 4268 ,
1542 4201 1597 4257 ct
1621 4201 1941 4258 retribuetur
1970 4205 2055 4262 ei?

473 4291 735 4361 Quoniam
762 4307 827 4347 ex
853 4290 990 4362 ipso,
1017 4300 1072 4346 ct
1096 4303 1190 4362 per
1219 4289 1413 4362 ipsum,
1435 4300 1490 4348 et
1515 4290 1566 4347 in
1589 4291 1704 4363 ipso
1729 4303 1850 4348 Sunt
1874 4297 2052 4353 omnia

475 4382 652 4456 (Rom.
676 4400 751 4449 XI,
774 4381 983 4456 54-56).

548 4474 636 4530 50.
678 4473 987 4544 Quanquam
1017 4481 1069 4527 et
1096 4489 1158 4528 ea
1179 4487 1298 4544 quae
1326 4479 1618 4544 Sequimtur
1646 4477 1697 4531 in
1728 4477 2052 4550 Evangelio,

473 4567 604 4621 satis
635 4575 874 4621 asserunt
904 4567 1056 4620 istam
1085 4565 1436 4621 sententiam:
1465 4567 1699 4639 adjungit
1723 4571 1862 4625 enim
1887 4572 2056 4628 Evan-

471 4655 659 4727 gcttsia
685 4663 739 4712 et
764 4657 910 4724 dicit,
945 4656 1094 4723 Quod
1117 4658 1306 4728 factum
1331 4668 1422 4722 est,
1456 4660 1506 4713 in
1532 4659 1621 4715 illo
1647 4647 1744 4715 ma
1771 4673 1861 4728 est,
1885 4676 1929 4719 et
1956 4668 2056 4721 vita

474 4747 585 4803 Erat
617 4749 706 4804 (tu.
747 4749 1006 4803 hominum
1039 4748 1216 4820 (Joan.
1245 4766 1281 4814 ι,
1315 4751 1395 4821 4).
1427 4751 1555 4818 Quia
1587 4753 1787 4808 scilicet
1820 4759 2053 4813 rationa-

471 4833 556 4900 lés
581 4846 788 4898 mentes
808 4884 823 4909 ,
857 4842 908 4896 in
937 4858 1040 4911 quo
1069 4845 1262 4913 genere
1287 4842 1446 4898 homo
1474 4844 1639 4901 factus
1668 4855 1748 4901 est
1773 4849 1836 4902 ad
1866 4851 2053 4922 imagi-

473 4933 597 4993 nem
628 4935 739 5000 Dei,
766 4949 868 4990 non
896 4933 1092 4989 habent
1124 4951 1302 4992 veram
1335 4937 1500 4992 lucem
1531 4955 1679 4994 suam
1734 4941 1834 4996 nisi
1879 4943 2051 5011 ipsum

473 5025 710 5083 Verbum
741 5026 855 5093 Dei,
883 5041 981 5097 per
1004 5025 1144 5096 quod
1167 5024 1305 5081 facta
1332 5037 1453 5082 sunt
1479 5030 1678 5097 omnia,
1710 5034 1859 5103 cujus
1885 5033 2050 5104 parti-

470 5113 622 5190 cipes
648 5126 768 5175 esse
789 5125 1040 5191 poterunt
1058 5118 1126 5173 ab
1146 5117 1290 5174 omni
1319 5115 1593 5190 iniquitate
1621 5129 1675 5178 ct
1695 5140 1874 5181 crrorc
1894 5143 2049 5183 mun-

467 5209 629 5284 datae.

467 5297 698 5358 CAPUT
722 5297 1089 5359 XlV.-—Illud
1105 5315 1168 5354 ex
1186 5293 1404 5362 Joanne,
1422 5299 1572 5368 Quod
1589 5302 1780 5359 factum
1803 5305 1900 5374 est,
1925 5317 2045 5380 etc.,

910 5393 1160 5464 quomodo
1179 5391 1607 5463 distinguendum.

470 5495 474 5500 '
542 5483 634 5539 δι.
672 5481 789 5538 Non
816 5499 943 5555 ergo
972 5486 1040 5540 ita
1061 5485 1389 5557 pronuntiari
1412 5497 1621 5556 oportet
1645 5530 1658 5554 ,
1691 5488 1838 5555 Quod
1855 5495 2044 5563 factum

470 5573 806 5650 ___‘L§i079ditig
845 5585 899 5627 At
920 5584 1035 5650 Mss;
1059 5579 1251 5650 optima:
1275 5589 1399 5631 noue
1421 5589 1588 5650 carent
1609 5582 1740 5650 hisce
1764 5587 1944 5648 verbis,
1973 5589 2047 5642 in.

465 5638 618 5708 ternis
638 5638 921 5701 retentisque
940 5638 1200 5691 rotantibus
1209 5653 1230 5703 ,'
1266 5654 1376 5704 qua:
1397 5643 1594 5707 qudem
1613 5646 1748 5699 salvo
1773 5638 1943 5700 sensu'

463 5703 618 5762 pungi
636 5706 853 5759 possunt.
971 5748 973 5750 .

1396 242 1487 298 DE
1523 242 1768 301 GENESI
1805 243 1896 300 AD
1931 244 2310 313 LITTERAM,
2348 244 2406 302 S.
2446 244 2815 305 AUGUSTINI

3639 261 3752 323 33S

2171 368 2243 414 est
2273 358 2323 412 in
2341 356 2450 425 illo,
2474 360 2574 416 rita
2596 370 2690 426 est,
2717 371 2777 417 ttt
2821 363 3338 438 subdistinguamus,
3381 371 3528 439 Quod
3559 377 3761 447 factum

2171 459 2243 504 est
2264 451 2315 504 in
2335 450 2447 518 illo,
2475 461 2530 507 et
2550 453 2740 509 deinde
2764 455 3072 525 inferamus,
3101 461 3200 514 vita
3221 473 3311 516 est.
3332 464 3465 532 Quid
3483 468 3630 522 enim
3653 489 3758 526 ttuu

2169 533 2223 596 in
2255 544 2343 597 illo
2370 543 2702 614 factumeSt,
2739 563 2859 603 cum
2901 539 3331 610 eounnemoratis
3375 560 3548 615 multis
3594 564 3758 619 etiam

2170 631 2400 690 terrenis
2438 638 2696 691 ereaturis
2721 681 2734 701 ,
2766 639 2974 695 dicatur
3000 643 3049 695 itt
3084 643 3294 698 l‘salmo
3317 687 3332 712 ,
3366 645 3548 703 Omnia
3571 653 3625 704 in
3650 652 3758 708 Sa-

2165 723 2357 796 pientia
2393 727 2556 800 feriati
2599 725 2769 802 (Psal.
2811 717 2923 798 'cu'i,
2981 718 3122 804 2i);
3163 729 3302 790 dicat
3345 748 3398 794 et
3443 745 3753 812 Apostolus,

2174 819 2426 886 Quoniam
2449 822 2499 877 in
2528 823 2638 892 ipso
2662 827 2863 880 condita
2884 839 2999 883 sunt
3024 833 3192 885 omnia
3216 833 3266 886 in
3298 821 3418 888 (telo
3445 849 3488 889 et
3515 837 3566 890 in
3594 849 3750 906 terra,

2166 907 2383 964 ﬁsibitia
2403 922 2446 966 et
2467 913 2736 969 invisibilia
2765 917 2782 986 (
2806 916 2996 972 Coloss.
3025 936 3069 987 t,
3107 921 3215 990 lii).
3250 923 3597 994 Consequens
3627 945 3756 999 ergo

2168 1003 2288 1068 crit,
2318 1005 2361 1059 si
2390 1005 2459 1060 ita
2489 1005 2907 1078 distinxerimus,
2939 1021 2996 1066 ut
3020 1024 3070 1068 et
3092 1015 3203 1085 ipsa
3227 1025 3384 1082 terra,
3411 1009 3462 1074 et
3483 1037 3756 1089 quaecum-

2162 1087 2270 1164 ique
2300 1094 2350 1149 in
2383 1110 2444 1150 ea
2473 1105 2594 1151 sunt
2614 1142 2627 1160 ,
2660 1100 2763 1153 vita
2793 1104 2920 1156 sint.
2950 1091 3078 1170 Qua:
3105 1121 3222 1160 cum
3249 1108 3478 1163 absurde
3502 1087 3755 1169 dicantur

2167 1185 2345 1241 omnia
2392 1188 2588 1250 vivere,
2635 1204 2834 1261 quanto
2875 1195 3160 1252 absurdius
3195 1207 3253 1255 ut
3292 1204 3449 1256 etiam
3477 1204 3582 1257 vita
3610 1207 3754 1261 sint?

2166 1279 2461 1348 pnescrtim
2492 1283 2612 1350 quia
2639 1283 2912 1355 distinguit
2938 1287 3003 1342 de
3030 1289 3172 1359 quali
3204 1291 3307 1346 vita
3333 1291 3602 1361 loquatur.
3630 1311 3750 1352 eum

2165 1369 2332 1439 addit,
2361 1371 2428 1427 Et
2452 1375 2551 1428 vita
2580 1388 2686 1430 erat
2708 1377 2798 1432 lux
2816 1381 3094 1435 hominmii.
3131 1382 3221 1438 Sic
3247 1401 3373 1456 ergo
3411 1386 3749 1460 distinguen-

2165 1460 2291 1518 dum
2316 1473 2418 1532 est,
2449 1475 2505 1521 ut
2531 1482 2650 1522 cum
2675 1470 2985 1536 dixerimus.
3020 1474 3168 1539 Quod
3203 1477 3392 1545 factum
3432 1491 3525 1546 est,
3557 1481 3749 1540 deinde

2161 1551 2492 1625 idferaniu‘s‘,
2524 1557 2573 1613 in
2601 1557 2690 1614 illo
2718 1554 2814 1616 rita
2841 1572 2912 1618 est
2943 1580 2961 1619 :
2987 1581 3091 1620 non
3124 1567 3175 1621 in
3205 1571 3264 1623 Sc
3292 1557 3512 1636 scilicet,
3542 1557 3646 1628 huc
3672 1584 3750 1631 est

2165 1645 2219 1700 in
2246 1661 2339 1702 sua
2369 1655 2571 1714 natura,
2607 1659 2704 1722 qua
2737 1653 2931 1710 factum
2958 1667 3039 1713 est
3066 1669 3119 1713 ut
3139 1660 3372 1716 conditio
3400 1675 3749 1738 ei-eatnrnque

2165 1735 2270 1828 sit;
2299 1740 2392 1820 sed
2422 1742 2474 1794 in
2519 1742 2609 1798 illo
2638 1747 2741 1800 vita
2772 1757 2854 1802 est
2875 1791 2888 1810 ,
2917 1751 3037 1819 quia
3069 1751 3244 1807 mimia
3279 1771 3395 1825 quae
3434 1772 3530 1825 per
3577 1735 3747 1828 ipsum

2165 1826 2302 1886 facta
2352 1841 2504 1901 Sunt,
2548 1839 2768 1892 noverat
2804 1847 3084 1911 antequam
3120 1829 3334 1909 ﬁerent;
3361 1831 3424 1902 ac
3452 1863 3549 1917 per
3595 1826 3698 1907 hoc
3729 1853 3745 1886 ¹

2163 1921 2269 1978 non
2324 1926 2459 1981 sicut
2500 1935 2738 1984 creatura
2767 1946 2920 2002 quam
2953 1932 3097 1998 fecit,
3130 1937 3219 1991 sed
3248 1937 3382 1993 sicut
3420 1942 3526 1996 vita
3562 1952 3618 1998 et
3660 1944 3745 2002 lux

2165 2017 2457 2085 hominum,
2486 2019 2625 2102 quod
2656 2034 2736 2078 est
2762 2025 2870 2095 ipsa
2896 2026 3158 2096 Sapientia
3183 2071 3196 2092 ,
3229 2041 3282 2086 ct
3313 2025 3481 2102 ipSnm
3515 2034 3744 2093 Verbum

2165 2111 2465 2190 ttttigcmtus
2493 2111 2581 2168 Dei
2612 2099 2794 2171 Filius.
2831 2118 2906 2172 lio
2937 2120 3092 2173 modo
3127 2137 3253 2192 ergo
3295 2125 3345 2182 in
3382 2125 3469 2178 illo
3516 2129 3624 2182 vita
3668 2139 3745 2184 est

2164 2205 2302 2273 quod
2332 2204 2519 2260 factum
2551 2217 2650 2270 est,
2673 2212 2938 2279 quomodo
2962 2213 3156 2268 dictum
3182 2201 3282 2282 est,
3300 2215 3446 2271 Sicut
3466 2219 3618 2274 habet
3643 2211 3744 2275 Pa-

2165 2303 2239 2348 ter
2262 2296 2409 2349 vitam
2433 2300 2482 2351 in
2509 2301 2794 2370 semetipso,
2821 2303 2894 2355 sic
2927 2303 3062 2358 dedit
3094 2301 3233 2361 Filio
3280 2307 3458 2364 habere
3499 2299 3658 2366 uitam
3694 2313 3745 2367 in

2161 2387 2426 2457 ltemetipso
2452 2387 2630 2456 (Joan.
2662 2408 2712 2455 v,
2743 2391 2860 2462 9.6).

2233 2477 2326 2534 5‘2.
2367 2479 2473 2534 Nec
2503 2483 3007 2549 pt'mteriiiittcudum
3036 2493 3118 2540 est
3139 2528 3154 2552 ,
3187 2487 3326 2558 quod
3354 2491 3742 2549 cmendatiorcs

2162 2567 2373 2625 Codices
2405 2571 2617 2639 habent,
2655 2573 2803 2638 Quod
2828 2578 3019 2646 factum
3048 2575 3140 2643 est,
3168 2578 3219 2631 in
3255 2578 3343 2632 illo
3376 2581 3476 2633 vita
3516 2593 3659 2650 erat,
3690 2590 3743 2638 ιιι

2163 2649 2604 2731 Siciiitclligattir,
2637 2663 2735 2717 vita
2756 2673 2883 2728 erat,
2923 2667 3190 2738 quomodo
3237 2667 3303 2722 In
3345 2671 3597 2741 principio
3643 2682 3743 2727 erat

2171 2748 2387 2806 Verbum
2407 2754 2449 2818 ³,
2480 2761 2525 2806 et
2558 2751 2769 2807 Verbum
2815 2767 2921 2810 erat
2959 2758 3097 2827 apud
3136 2756 3301 2813 Deum
3323 2802 3338 2827 ,
3367 2771 3415 2816 ct
3439 2762 3598 2835 Deus
3645 2745 3744 2820 erat

2169 2835 2408 2899 Verbum.
2439 2843 2587 2910 Quod
2604 2862 2722 2917 ergo
2748 2849 2935 2918 frictum
2955 2858 3048 2915 est,
3071 2845 3180 2919 jam
3205 2851 3305 2905 vita
3339 2863 3446 2906 erat
3481 2854 3535 2909 in
3564 2856 3673 2924 illo,
3693 2864 3745 2911 et

2159 2935 2268 2991 vita
2299 2951 2402 2991 non
2431 2938 2862 3009 qualiscumque;
2891 2957 3012 2995 nam
3037 2950 3092 2996 et
3122 2957 3311 3012 pecora
3333 2944 3587 3001 dicuntur
3608 2948 3744 3002 vive-

2162 3021 2262 3105 i‘c,
2301 3045 2419 3099 qua:
2447 3029 2546 3084 frui
2586 3047 2689 3085 non
2734 3043 2956 3102 possunt
2993 3032 3411 3110 participatione
3435 3039 3740 3107 sapientizc;

2161 3119 2261 3176 sed
2293 3123 2395 3176 rita
2428 3133 2533 3177 erat
2565 3125 2654 3180 lux
2677 3124 2954 3180 hominum.
2987 3113 3190 3182 Montes
3228 3128 3424 3198 quippe
3461 3130 3743 3185 rationales

2162 3222 2398 3288 purgata:
2425 3214 2588 3286 gratia
2619 3216 2756 3285 ejus,
2779 3227 3004 3288 possunt
3051 3201 3325 3296 pervenire
3368 3217 3433 3272 ad
3485 3219 3741 3292 ejusmodi

2163 3305 2422 3363 visionem
2447 3350 2462 3376 ,
2493 3324 2595 3380 qua
2622 3323 2722 3364 nec
2758 3309 3002 3381 snpcrius
3046 3311 3333 3382 quidquam
3363 3299 3466 3378 sit,
3497 3328 3600 3369 nec
3625 3313 3742 3370 bea-

2166 3396 2287 3453 tius.

2270 3487 2494 3548 CAPUT
2531 3490 2652 3551 XV.
2686 3523 2760 3534 —
2797 3490 2980 3547 Omnia
2999 3493 3163 3566 qualis
3183 3493 3281 3547 uita
3300 3504 3416 3548 sunt
3435 3493 3486 3548 in
3511 3485 3642 3550 Deo.

2235 3582 2324 3640 5'5.
2364 3583 2467 3639 Sed
2495 3584 2653 3638 etiam
2673 3584 2717 3639 si
2738 3584 2839 3640 hoc
2859 3585 3098 3656 legamus
3120 3595 3173 3639 et
3197 3585 3576 3657 intelligamus,
3603 3585 3741 3655 Quod

2163 3657 2354 3750 factum
2377 3684 2470 3740 est,
2493 3675 2545 3729 in
2577 3675 2666 3729 illo
2693 3676 2790 3729 rita
2833 3686 2948 3742 est;
2989 3686 3166 3732 manet
3191 3676 3212 3708 ³
3242 3677 3341 3732 ista
3367 3681 3653 3745 sententia,
3689 3686 3742 3733 ut

2165 3763 2216 3821 id
2244 3766 2383 3836 quod
2412 3782 2507 3837 per
2535 3767 2706 3838 ipsum
2738 3767 2936 3824 factum
2963 3777 3045 3824 est
3068 3811 3083 3836 ,
3112 3770 3214 3824 vita
3246 3785 3363 3825 esse
3392 3770 3443 3824 in
3475 3771 3569 3825 illo
3597 3770 3738 3826 intel~

2163 3855 2375 3927 ligatur,
2404 3858 2454 3911 in
2480 3874 2580 3926 qua
2601 3859 2707 3912 vita
2739 3857 2865 3914 vidit
2892 3860 3092 3924 omnia,
3117 3859 3326 3931 quando
3347 3857 3506 3926 fecit;
3538 3872 3595 3918 et
3613 3863 3740 3918 sicut

2162 3946 2315 4017 vidit,
2347 3950 2416 4002 ita
2449 3947 2570 4004 fecit
2599 3967 2611 4002 :
2644 3964 2752 4004 non
2796 3961 2986 4020 pra-ter
3024 3945 3256 4022 seipsuni
3295 3943 3512 4020 videns,
3559 3953 3650 4007 sed
3690 3951 3736 4006 in

2162 4033 2339 4112 seipse
2370 4042 2438 4095 ita
2469 4043 2797 4096 enumeravit
2822 4042 2996 4096 omnia
3028 4028 3143 4112 quae
3171 4042 3311 4097 fecit.
3338 4042 3446 4099 Nec
3477 4044 3581 4098 alia
3612 4041 3737 4097 visio

2163 4133 2329 4206 ipsius
2345 4143 2394 4189 et
2426 4135 2616 4201 Patris,
2644 4136 2735 4190 sed
2764 4151 2888 4201 una,
2912 4135 3048 4190 sicut
3067 4151 3166 4190 una
3193 4135 3501 4192 substantia.
3529 4133 3658 4216 Nam
3687 4147 3736 4190 et

2162 4227 2214 4282 in
2244 4229 2376 4283 lihro
2401 4227 2502 4283 Job
2527 4227 2594 4282 ita
2623 4227 2733 4297 ipsa
2762 4226 3028 4296 Sapientia
3052 4269 3067 4293 ,
3101 4244 3194 4299 per
3234 4225 3392 4299 quam
3437 4229 3571 4283 laeta
3619 4235 3734 4282 sttnt

2161 4318 2336 4374 omnia
2359 4360 2375 4385 ,
2423 4318 2740 4388 prmdicalur
2770 4336 2784 4372 :
2813 4317 3077 4389 Sapientia
3103 4334 3234 4381 vero,
3272 4303 3458 4387 inquit,
3491 4309 3625 4372 unde
3663 4315 3733 4369 in-

2160 4420 2304 4466 venta
2329 4409 2531 4464 ειςιῖυεί
2548 4409 2659 4479 quis
2688 4408 2750 4462 sit
2790 4409 2927 4462 locus
2965 4409 3218 4462 scientia?
3257 4405 3467 4477 Ignorat
3514 4404 3732 4462 mortalis

2159 4493 2289 4557 uiam
2311 4503 2439 4572 ejus,
2472 4517 2560 4555 nec
2586 4502 2861 4554 inuenietur
2887 4501 2936 4553 in
2966 4485 3268 4553 hominibus.
3293 4497 3358 4552 Et
3385 4489 3543 4569 paulo
3575 4506 3686 4569 post
3715 4513 3726 4548 :

2159 4597 2457 4650 Audiuimus
2476 4637 2491 4662 ,
2521 4596 2687 4665 inquit
2706 4638 2720 4660 ,
2743 4596 2852 4668 ejus
2873 4595 3085 4667 gloriam
3105 4609 3124 4657 ;
3153 4593 3400 4651 Dominus
3421 4593 3728 4648 commenda-

2159 4691 2224 4743 uit
2249 4691 2376 4743 uiam
2406 4689 2534 4760 (jus,
2566 4700 2609 4743 et
2633 4689 2739 4756 ipse
2766 4688 2898 4742 novit
2921 4689 3235 4758 locnm’rjus.
3274 4677 3399 4757 ipse
3435 4687 3566 4740 enim
3595 4697 3728 4738 omne

2158 4781 2292 4848 quod
2322 4791 2392 4835 est
2418 4781 2510 4835 sub
2538 4781 2660 4834 corio
2696 4779 2920 4850 perfecit,
2955 4787 3000 4832 et
3041 4788 3303 4849 novitqua:
3339 4786 3454 4832 sunt
3495 4776 3547 4829 in
3582 4786 3723 4831 terra.

2157 4871 2328 4926 omnia
2353 4888 2463 4937 qua:
2487 4871 2600 4940 fecit
2626 4887 2645 4925 :
2672 4879 2926 4922 uentorum
2949 4869 3273 4931 libramenta,
3309 4869 3455 4938 aqua:
3479 4876 3725 4919 mensuras

2157 4964 2358 5042 quando
2379 4961 2512 5031 fecit,
2536 4961 2663 5015 sicut
2708 4960 2830 5012 vidit
2882 4943 3188 5050 enumerauii‘t
3230 4947 3378 5050 Heli.
3426 4943 3609 5020 mm,
3644 4951 3719 5014 ti,

2155 5025 2389 5124 @333).-
2436 5053 2529 5108 llis
2575 5063 2732 5122 atque
2768 5033 3069 5121 liujusmodi
3119 5025 3437 5105 tEStiiiim'iiis
3483 5047 3722 5120 probatur

2155 5146 2296 5218 quod
2325 5144 2438 5199 lucc
2463 5142 2662 5210 omnia,
2695 5143 2998 5214 priusquam
3031 5144 3248 5209 tierent,
3275 5149 3427 5196 erant
3465 5137 3517 5194 in
3547 5133 3716 5192 notitia

2217 5280 2234 5311 ι
2262 5285 2391 5335 t.ov.,
2417 5290 2476 5327 ac
2491 5275 2686 5341 perhoc
2709 5275 2759 5328 in
2783 5274 2868 5327 illo
2882 5281 3004 5326 erat.
3028 5275 3174 5341 Istud.
3188 5272 3348 5341 inille
3365 5278 3487 5331 terra,
3508 5264 3718 5341 abesto!)

2153 5337 2503 5408 antiquioribus
2522 5338 2681 5408 editis,
2710 5349 2809 5408 Ain.
2835 5346 2910 5408 Er_.
2936 5345 2987 5388 et
3009 5349 3042 5407 ιε
3077 5338 3424 5408 superioribus
3443 5342 3568 5394 Mss,
3590 5337 3717 5391 cuius

2152 5393 2457 5465 glossematts
2479 5398 2582 5450 loco
2604 5393 3001 5465 suliamlieudmn,
3025 5395 3073 5448 in
3095 5393 3178 5448 illa
3192 5393 3294 5465 fila
3315 5393 3398 5465 esi.

2213 5465 2363 5531 {uss
2381 5465 2581 5531 _opt_in_t:n
2604 5471 2729 5512 notae
2747 5469 2799 5511 et
2824 5461 3041 5531 plerique
3065 5474 3080 5510 :
3110 5471 3162 5510 m
3183 5459 3267 5531 illo
3284 5460 3517 5531 ισὶςαγερςᾳι,
3537 5461 3713 5531 (μηῖῇ

2152 5525 2218 5588 do
2240 5524 2291 5576 in
2313 5517 2554 5591 principio
2574 5531 2709 5586 erat;
2734 5517 2896 5588 neque
2921 5517 3122 5585 habent,
3145 5523 3288 5574 utsic
3322 5517 3606 5586 intelligatur
3627 5517 3710 5564 vita

2148 5595 2366 5699 .eni‘ittss.
2396 5646 2599 5713 aliquot,
2630 5652 2817 5708 mouet;
2847 5645 2950 5708 alii,
2989 5647 3179 5707 manet:
3214 5647 3383 5698 ceteri
3413 5657 3523 5697 cum
3561 5634 3712 5694 eam:
