3902 6352
264 352 365 411 833

261 467 519 523 facientis.
578 466 646 522 Et
696 467 877 535 utique
921 463 992 519 ibi
1044 462 1284 529 meliora,
1342 461 1432 518 ubi
1473 464 1700 530 veriora,
1749 465 1839 520 ubi

260 572 460 617 teterna
484 573 537 615 et
561 560 1033 615 incommutabilia.
1058 561 1366 628 Quanquam
1389 558 1631 630 sul‘licere
1651 560 1843 617 debeat

260 664 312 708 ut
341 653 571 723 quisque
599 653 824 717 noverit,
858 652 935 705 vel
966 652 1279 706 ineoncusse
1316 650 1496 703 credat
1526 650 1665 720 quod
1703 651 1839 706 Deus

257 742 371 799 luce
401 744 583 796 omnia
609 743 791 797 fecerit
814 758 828 803 ;
852 758 957 796 non
994 743 1182 811 Opinor
1220 757 1339 797 eum
1366 757 1486 796 esse
1521 752 1624 795 tam
1654 757 1839 796 excor-

255 834 397 895 dem.
434 842 493 888 ut
532 835 698 888 Deum
733 851 850 904 qua:
891 848 996 887 neu
1035 844 1251 887 noverat
1294 832 1491 903 fecisse
1531 836 1835 888 arbitretur.

256 924 445 997 Porro.
471 925 514 977 si
545 935 762 977 novemt
786 940 848 978 ca
874 964 887 989 ,
918 924 1219 993 priusquam
1250 924 1447 979 faceret
1473 940 1571 999 ea;
1602 925 1838 1001 profecto

257 1019 565 1089 priusquam
594 1018 801 1075 Iict‘eul,
832 1017 969 1085 apud
999 1017 1143 1071 illiilli
1187 1026 1337 1071 erant
1382 1033 1446 1070 eo
1492 1010 1651 1087 modo
1691 1027 1834 1089 nota,

256 1123 356 1178 quo
378 1107 705 1173 sempiterue
728 1117 888 1179 atque
907 1106 1407 1161 iacomtnutahiliter
1429 1110 1628 1171 vivunt,
1657 1118 1711 1163 et
1736 1109 1837 1163 vita

255 1210 375 1274 sunt
406 1215 419 1250 :
455 1199 587 1252 facta
619 1206 795 1252 autem
820 1216 885 1252 eo
911 1197 1089 1263 modo,
1117 1214 1221 1269 quo
1249 1214 1574 1269 utraqumque
1597 1211 1839 1255 creatura

250 1293 305 1367 in
326 1305 529 1365 genere
555 1303 653 1343 suo
681 1298 806 1367 est...
1150 1360 1153 1361 ν
1338 1354 1343 1357 ,
1392 1358 1397 1361 μ

254 1364 335 1437 CA
344 1364 480 1437 I’IJT
502 1379 641 1436 XVI.
675 1364 747 1421 έ-
784 1379 945 1435 Deum
966 1380 1166 1452 [acilius
1188 1390 1351 1436 mente
1368 1381 1670 1453 percipimus
1687 1398 1837 1454 quam

324 1528 337 1535 η
490 1532 493 1535 ,
696 1542 703 1545 _
750 1542 759 1547 ‘
906 1484 1182 1527 creaturas.
1452 1544 1457 1547 ἱ
1566 1538 1567 1541 η

456 1567 712 1636 Quamvis
734 1582 861 1638 ergo
908 1567 994 1622 illa
1039 1580 1239 1622 azterna
1286 1567 1838 1638 incominntabilisque

256 1669 467 1737 natura,
502 1658 801 1733 quod'Detts
825 1668 926 1724 est,
951 1658 1150 1712 habens
1180 1659 1230 1711 in
1257 1674 1314 1712 se
1335 1670 1387 1713 ut
1408 1661 1497 1725 sit,
1516 1659 1651 1713 sicut
1671 1659 1837 1730 Moysi

254 1749 455 1825 dictum
492 1760 595 1812 est.
618 1749 748 1823 ligo
782 1767 894 1804 sum
934 1751 1019 1821 qni
1052 1767 1163 1805 sum
1196 1749 1386 1821 (Exod.
1417 1767 1493 1813 ut,
1526 1752 1657 1820 l4);
1686 1750 1837 1819 longe

254 1842 460 1917 scilicet
484 1842 640 1896 aliter
663 1858 819 1915 quam
842 1852 963 1896 sum
989 1842 1083 1895 ista
1102 1859 1217 1911 quzr
1242 1842 1375 1896 facta
1394 1852 1518 1897 sunt
1545 1859 1557 1895 :
1588 1844 1835 1911 quoniam

254 1933 383 2010 illud
412 1950 537 1989 vere
566 1948 629 1988 ac
657 1934 897 2004 primitus
922 1942 1005 1989 cst
1023 1973 1039 2003 ,
1071 1933 1211 2003 quod
1237 1936 1423 1989 eodem
1452 1932 1609 1988 modo
1629 1949 1839 2003 semper

254 2035 367 2105 est,
410 2041 524 2099 nec
569 2026 739 2079 Solum
790 2041 894 2079 non
947 2036 1336 2089 commutatur,
1384 2024 1478 2079 sed
1526 2026 1836 2079 couunutari

254 2098 474 2173 omnino
499 2133 604 2172 non
637 2126 841 2186 potest;
872 2117 1001 2189 nihil
1041 2117 1227 2172 horum
1267 2133 1383 2188 qua:
1420 2118 1542 2172 lecit
1569 2117 1834 2185 existens,

253 2222 304 2267 et
334 2214 513 2265 omnia
546 2211 787 2281 primitus
815 2210 1037 2276 habens,
1060 2210 1198 2265 sicut
1219 2211 1332 2284 ipse
1356 2218 1440 2264 est
1469 2227 1483 2265 :
1510 2210 1835 2279 nequeenim

255 2311 312 2350 ea
366 2294 594 2359 faceret,
644 2295 743 2349 nisi
788 2294 850 2349 ea
903 2304 1085 2350 nOSSet
1133 2304 1415 2364 antequam
1460 2293 1690 2358 iaceret;
1740 2309 1839 2349 nec

253 2385 578 2449 nosset,nisi
628 2383 859 2449 videret;
892 2401 989 2438 nec
1024 2384 1247 2449 videret,
1296 2384 1394 2438 nisi
1437 2382 1687 2447 haberet;
1739 2399 1839 2439 nec

252 2474 477 2531 haberet
501 2491 563 2531 ea
588 2491 706 2547 qua:
735 2475 966 2529 nomium
991 2474 1122 2528 facta
1154 2483 1342 2539 erant,
1371 2470 1469 2527 nisi
1495 2474 1839 2544 quemadmo-

250 2560 374 2622 dum
406 2569 488 2621 est
509 2568 621 2635 ipse
650 2582 752 2619 non
778 2556 942 2619 factus
972 2583 985 2619 :
1014 2565 1253 2635 quamvis
1272 2605 1287 2629 ,
1314 2563 1547 2633 inquam,
1592 2564 1679 2618 illa
1704 2565 1837 2618 sub-

250 2638 441 2714 :slantia
489 2657 769 2712 inetiahilis
808 2658 894 2721 sit,
926 2673 1021 2711 nec
1061 2655 1163 2709 dici
1205 2665 1487 2725 utcumque
1518 2655 1715 2709 homini
1743 2672 1837 2726 per

248 2746 522 2804 hominem
554 2750 739 2820 possit.
781 2748 879 2801 nisi
927 2748 1193 2819 usurpatis
1242 2746 1552 2817 quibusdam
1604 2748 1839 2802 locorum

248 2844 311 2911 ac
346 2852 644 2911 temporum
667 2839 843 2894 verbis
862 2881 875 2901 ,
904 2855 1024 2893 cum
1067 2840 1137 2892 sit
1164 2850 1286 2892 ante
1313 2837 1489 2891 omnia
1524 2848 1757 2906 tempora
1787 2848 1841 2893 et

247 2926 373 2995 ante
394 2948 587 2987 OIIIIICS
618 2932 799 2997 locos;
833 2942 1010 2985 tamen
1057 2931 1400 3002 propinquior
1434 2932 1584 2985 nobis
1628 2942 1711 2987 est
1750 2933 1839 3001 qui

250 3022 398 3097 Fecit,
430 3041 589 3095 quant
619 3020 1244 3094 multaquatl'actasnnt.
1290 3022 1343 3076 lu
1390 3023 1478 3077 illo
1519 3022 1658 3077 enim
1704 3023 1837 3077 vivi-

247 3132 388 3178 mus,
418 3126 473 3171 ct
504 3131 795 3179 movemur,
821 3124 875 3169 et
900 3131 1082 3169 smnus
1114 3114 1247 3185 (Act.
1280 3130 1411 3177 xvtt,
1447 3113 1540 3184 28)
1574 3133 1585 3168 :
1617 3115 1836 3169 istorum

248 3202 425 3262 autem
460 3208 709 3277 pleraque
751 3216 950 3260 remota
982 3214 1107 3259 sunt
1132 3221 1161 3258 a
1191 3215 1365 3259 mente
1406 3216 1582 3258 nostra
1625 3215 1873 3274 pt‘opICl"

246 3296 831 3355 dissimilittnlitmnsui
854 3296 1083 3367 generis,
1099 3295 1650 3366 quoniamcorporalia
1670 3306 1786 3348 sunt
1816 3312 1831 3361 ;

246 3370 348 3447 nec
380 3390 571 3447 idonea
593 3398 673 3443 est
696 3390 805 3458 ipsa
842 3404 994 3443 mens
1028 3397 1237 3451 nostra,
1278 3387 1328 3440 in
1369 3386 1498 3455 ipsis
1546 3388 1837 3441 rationibus

247 3480 442 3559 Quibus
465 3482 600 3536 facta
629 3489 752 3535 sunt
774 3523 790 3548 ,
816 3495 878 3534 ea
908 3479 1089 3534 videre
1115 3477 1253 3549 apud
1287 3477 1450 3531 Deum
1475 3517 1492 3544 ,
1516 3486 1572 3531 ut
1610 3493 1703 3548 per
1737 3477 1839 3534 hoe

247 3566 484 3645 sciamus
513 3580 639 3642 quot
671 3580 724 3627 et
764 3580 957 3641 quanta
995 3568 1275 3641 qualiaque
1317 3568 1443 3632 sint,
1485 3569 1691 3624 etiamsi
1730 3586 1837 3625 non

245 3646 309 3739 ξιι
342 3664 619 3721 videamus
643 3681 736 3734 per
755 3660 994 3734 Corporis
1017 3678 1225 3717 sensus.
1250 3661 1472 3717 Remota
1498 3663 1691 3733 quippe
1715 3670 1839 3717 sunt

245 3734 361 3814 iis
387 3756 639 3812 sensibus
663 3755 902 3826 corporis
926 3754 1114 3819 nostri,
1142 3754 1387 3823 quoniam
1411 3753 1565 3825 longe
1591 3766 1733 3818 sunt,
1754 3754 1837 3809 vel

244 3830 579 3920 interpositis
602 3857 692 3901 aut
718 3864 766 3915 οι
787 3848 974 3919 positis
998 3829 1168 3902 allisa
1192 3855 1374 3900 nostro
1397 3846 1635 3901 contuitu
1666 3855 1837 3901 tactu-

243 3938 353 4013 que
378 3942 394 3972 ¹
417 3948 753 4009 separantur.
788 3939 864 3991 Ex
888 3955 990 4006 quo
1010 3937 1065 3991 lit
1088 3946 1145 3991 ut
1173 3940 1341 4006 major
1361 3938 1425 3990 ad
1449 3936 1537 3990 illa
1560 3936 1836 3992 inveniet:-

243 4032 308 4107 da
343 4034 414 4088 sit
435 4031 607 4100 labor,
636 4048 795 4102 quam
824 4030 889 4085 ad
922 4031 1070 4085 illum
1103 4047 1129 4083 a
1157 4047 1262 4101 quo
1294 4030 1429 4085 facta
1456 4041 1596 4096 sunt,
1624 4048 1744 4086 eum
1768 4034 1836 4088 sit

243 4112 652 4194 incomparabili
696 4124 941 4178 felicitate
978 4123 1313 4195 prmstautius
1341 4124 1486 4177 illum
1515 4141 1579 4179 ex
1609 4136 1838 4194 quantu-

240 4198 529 4285 lacumque
555 4216 807 4285 particula
836 4214 918 4283 pia
947 4222 1123 4268 mente
1148 4214 1377 4280 sentire,
1404 4230 1561 4284 quam
1591 4215 1678 4269 illa
1714 4217 1833 4271 uni-

241 4284 401 4361 versa
425 4303 899 4374 comprehendere.
938 4301 1089 4358 Unde
1117 4313 1261 4358 recte
1297 4304 1577 4373 culpantur
1612 4305 1661 4358 in
1699 4305 1834 4360 libro

240 4386 536 4469 sapientie
560 4394 900 4466 inquisitores
925 4393 1082 4461 lmjus
1104 4393 1285 4448 sareuli
1318 4411 1331 4448 :
1366 4394 1426 4450 Si
1453 4396 1585 4449 enim
1616 4405 1831 4465 tantum,

239 4485 439 4557 inquit,
469 4495 731 4546 potuerunt
760 4485 942 4551 valere,
972 4493 1026 4537 ιιι
1054 4494 1252 4553 possent
1282 4485 1532 4539 aistinmrc
1551 4484 1832 4552 sicarium;

239 4574 499 4654 quomodo
540 4581 650 4649 ejus
684 4572 960 4631 Dominum
996 4594 1095 4632 non
1127 4577 1327 4646 {acilius
1358 4578 1648 4631 invenerunt
1675 4577 1829 4649 (Sap.

238 4656 483 4744 itit,9)?
513 4671 692 4741 Ignota
716 4671 857 4725 enim
906 4678 1031 4724 sunt
1078 4666 1416 4722 fundamenta
1462 4677 1615 4723 terra:
1662 4669 1834 4725 oculis

240 4750 473 4837 nostris,
511 4769 566 4818 et
597 4761 687 4833 qui
710 4760 949 4817 fundavit
977 4772 1190 4826 terram,
1224 4759 1537 4831 propinquat
1564 4761 1833 4818 mentibus

242 4846 469 4921 nostris.

240 4938 477 5003 CAPUT
515 4943 677 5001 XVII.
716 4975 787 4986 -—
824 4945 951 5000 Aule
991 4944 1208 5012 alecula,
1235 4940 1267 4997 ἁ
1308 4943 1523 5009 serrula,
1548 4943 1599 4997 iu
1625 4945 1829 4999 sa'culo.

310 5026 411 5093 35.
452 5035 568 5092 Jam
613 5036 757 5092 nunc
804 5037 1201 5092 consideremus
1257 5051 1319 5091 ea
1366 5051 1484 5107 qua:
1528 5034 1651 5090 fecit
1695 5036 1833 5091 Deus

243 5126 427 5186 omnia
458 5128 637 5195 simul,
664 5126 902 5198 aquibus
930 5129 980 5182 in
1022 5127 1109 5182 die
1148 5136 1301 5183 sexto
1333 5127 1711 5182 consuimnatis
1749 5142 1835 5183 re-

245 5208 452 5293 quiEvit
476 5220 527 5276 iu
558 5222 816 5291 Septimo,
846 5231 1026 5291 postea
1069 5212 1453 5275 Consideraturi
1491 5235 1651 5289 opera
1695 5219 1829 5290 ejus,

247 5315 301 5371 in
324 5316 521 5385 quibus
538 5329 706 5383 usque
731 5329 870 5368 nunc
898 5323 1169 5382 Operatur.
1193 5310 1308 5382 Ipse
1345 5312 1484 5366 enim
1515 5322 1639 5366 ante
1661 5326 1832 5365 samu-

250 5408 302 5461 la
330 5424 345 5460 :
373 5424 402 5460 a
433 5407 629 5461 seculo
649 5416 825 5460 autem
856 5421 916 5459 ea
949 5405 1173 5459 dicimus
1196 5444 1211 5468 ,
1238 5418 1304 5457 ex
1327 5418 1431 5473 quo
1459 5403 1621 5471 cmpit
1658 5416 1832 5457 saecu-

248 5497 382 5565 lum,
413 5499 552 5553 sicut
582 5498 754 5567 ipsum
777 5496 1029 5551 mundum
1054 5512 1069 5562 ;
1100 5494 1151 5550 in
1172 5495 1370 5549 sarculo
1394 5504 1592 5557 autem,
1615 5495 1750 5548 sicut
1769 5509 1832 5549 ea

249 5578 372 5669 dum
390 5601 678 5647 nascuntur
694 5592 744 5646 in
764 5590 979 5645 mundo.
1007 5590 1139 5645 Cum
1165 5604 1291 5662 ergo
1307 5588 1575 5658 Scriptura
1593 5584 1830 5652 dixisset,

253 5681 557 5757 Oavuaper
580 5684 749 5756 ipsum
782 5684 922 5754 [aeta
947 5692 1089 5752 sunt,
1133 5692 1185 5739 et
1224 5680 1336 5739 sine
1371 5680 1487 5753 ipso
1530 5677 1723 5734 factum
1759 5687 1833 5733 est

316 5835 1061 5899 “nummumque.

1605 302 1813 407 'Lieizii
1850 306 2168 417 ὀυικτυε.

1946 464 2077 519 nihil
2094 480 2111 527 ;
2141 464 2297 535 paulo
2321 476 2440 536 post
2462 464 2556 534 ait,
2587 463 2654 525 In
2688 469 2785 545 hoc;
2806 456 2994 529 mundo
3037 454 3181 545 eral,
3218 483 3269 533 et
3304 460 3525 535 mundus

1946 571 2036 630 per
2060 555 2222 627 ipsum
2252 560 2417 630 {uetus
2446 570 2518 614 cst
2564 558 2741 633 (Joau.
2784 578 2823 630 ι,
2863 564 3055 637 5,10).
3096 554 3172 641 De
3222 569 3322 624 hoc
3363 587 3525 640 Opere

1944 644 2040 700 Dei
2071 648 2174 699 alio
2201 647 2317 702 loco
2337 650 2590 720 scriptum
2615 662 2729 707 est:
2757 652 2854 720 Qui
2878 656 3040 728 fecisti
3065 658 3308 713 mundum
3326 660 3390 715 de
3415 678 3523 716 ma-

1948 738 2072 813 teria
2098 739 2311 815 informi
2349 741 2503 813 (δίῳ.
2533 759 2603 804 xl.
2639 744 2744 814 18).
2795 746 2891 801 Ilie
2934 748 3164 804 mundus
3215 752 3524 826 plerumque

1946 829 2067 905 ptuli
2090 840 2141 883 et
2165 841 2319 884 terrm
2349 835 2562 890 nomine
2589 849 2936 907 nuncupatur,
2973 843 3104 896 sicut
3131 843 3240 912 jam
3284 860 3521 903 comme-

1946 920 2291 984 moravimus,
2324 936 2443 993 qu:e
2471 922 2743 1001 Scriptura
2784 912 2913 984 dicit
2953 914 3115 1003 Deum
3153 926 3361 999 fecisse,
3401 952 3522 992 eum

1944 1009 2113 1087 iactus
2135 1020 2216 1064 est
2242 1012 2354 1065 dies
2376 1028 2390 1065 :
2420 1013 2487 1070 de
2510 1018 2701 1089 quibus
2727 1004 2899 1097 verbis
2922 1002 3055 1097 jam,
3078 1002 3328 1093 quantum
3353 1025 3519 1081 visum

1944 1112 2045 1177 est,
2078 1102 2486 1181 disjzutavimus,
2518 1092 2960 1185 quemadmodum
2988 1092 3239 1184 congruat
3260 1102 3519 1187 eouditio-

1941 1192 1998 1271 ni
2042 1195 2236 1279 mundi
2269 1195 2445 1265 hujus,
2475 1199 2703 1277 etquod
2754 1217 2849 1279 se;
2896 1188 3080 1273 diebus
3127 1190 3523 1275 consummatus

1942 1292 2024 1361 est
2047 1300 2165 1337 cum
2194 1274 2441 1341 omnibus
2471 1274 2587 1361 qtae
2617 1274 2754 1369 ineo
2775 1274 2918 1373 sunt,
2948 1304 2999 1369 et
3021 1282 3162 1381 qttqd
3186 1305 3309 1352 tunc
3334 1290 3518 1381 Iactus,

1940 1389 2063 1443 cum
2093 1375 2262 1430 lactus
2285 1387 2368 1431 est
2394 1378 2530 1442 dies,
2560 1390 2614 1457 ut
2641 1368 2695 1435 et
2720 1364 2847 1464 illud
2874 1364 3127 1455 ροηδε-ιιάί
3155 1370 3298 1459 quod
3321 1364 3521 1446 creavit

1940 1466 2118 1547 pnmia
2148 1468 2303 1545 simul
2330 1469 2519 1539 (Eccli.
2542 1488 2688 1527 xvtu.
2716 1474 2792 1543 1).

1942 1557 2169 1635 CAPUT
2208 1560 2392 1617 XVIII.
2429 1593 2504 1605 —
2540 1550 2795 1641 Creaturtc
2815 1552 2986 1639 plures
3005 1550 3367 1645 nobisigjnotai.
3409 1554 3523 1644 ριια

2012 1653 2204 1707 ratione
2224 1670 2254 1705 ιι
2278 1653 2387 1708 Deo
2415 1667 2462 1727 et
2490 1654 2553 1710 ab
2578 1657 2782 1729 Angelis
2810 1673 3101 1718 noscuntur.
3131 1650 3359 1737 COgnitio
3409 1646 3521 1724 uia-

2012 1745 2173 1799 lutina
2197 1754 2241 1797 et
2276 1748 2572 1817 vespertina.

2013 1833 2103 1886 $6.
2148 1834 2312 1904 llujus
2341 1837 2603 1893 universa:
2642 1839 2735 1894 Dei
2772 1852 3029 1898 creatura:
3059 1846 3222 1901 multa
3246 1864 3350 1904 non
3377 1834 3526 1907 novi-

1945 1936 2085 1981 mus.
2120 1925 2231 1978 sive
2258 1941 2377 1994 qua:
2412 1926 2460 1980 in
2486 1929 2636 1981 cmlis
2660 1931 2982 1998 suntaltius,
3028 1948 3186 2006 quam
3241 1948 3297 1991 ut
3345 1950 3526 1997 noster

1943 2030 2131 2069 sensus
2161 2033 2221 2071 ea
2246 2020 2411 2087 possit
2456 2024 2757 2091 attingere;
2803 2024 2915 2080 sive
2958 2041 3075 2097 qua:
3120 2018 3170 2082 in
3222 2032 3525 2101 regionibus

1944 2115 2204 2161 terrarum
2238 2108 2480 2165 fortassis
2507 2113 2937 2171 inhabitabilibus
2957 2134 2971 2182 ;
2994 2118 3107 2174 sive
3133 2135 3249 2191 quze.
3275 2120 3524 2180 deorsum

1942 2194 2139 2281 lateat,
2171 2198 2253 2252 vel
2284 2200 2332 2252 in
2367 2201 2626 2270 profundo
2656 2204 2855 2276 abyssi,
2888 2210 2968 2262 vel
2997 2208 3048 2262 in
3075 2200 3296 2273 occultis
3322 2200 3526 2269 solibus

1945 2297 2122 2373 terrm.
2148 2290 2270 2346 Ihcc
2293 2292 2448 2362 igitur
2471 2306 2751 2364 antequam
2784 2296 2992 2364 tierent,
3017 2301 3197 2371 utique
3224 2318 3327 2356 non
3350 2300 3523 2359 erant.

1946 2379 2225 2457 Quomodo
2266 2398 2395 2454 ergo
2440 2384 2547 2440 Deo
2588 2394 2713 2441 nota
2735 2400 2889 2443 erant
2933 2407 3051 2460 qua:
3097 2407 3203 2447 non
3245 2382 3434 2449 erant?
3460 2395 3528 2451 Et

1945 2485 2130 2543 rursus
2154 2474 2419 2542 quomodo
2446 2490 2509 2530 ea
2543 2475 2737 2531 laceret
2767 2496 2885 2549 qua:
2910 2480 3010 2535 sibi
3043 2466 3166 2536 nota
3198 2500 3301 2538 non
3333 2464 3527 2541 ἑνιίῦιῖ

1946 2556 2061 2645 Neu
2098 2562 2239 2618 enim
2276 2566 2561 2636 quidquam
2598 2568 2720 2622 fecit
2748 2569 3015 2639 ignorans.
3048 2571 3180 2627 Nota
3217 2591 3342 2645 ergo
3371 2570 3523 2645 fecit,

1944 2644 2049 2741 non
2097 2655 2229 2710 facta
2268 2660 2533 2728 cognovit.
2589 2659 2840 2725 Proinde,
2884 2672 3167 2732 antequam
3216 2658 3423 2741 herent,
3472 2644 3528 2724 et

1946 2732 2119 2813 erant,
2150 2758 2203 2803 ct
2224 2765 2327 2804 non
2355 2759 2713 2806 erantzerant
2742 2751 2798 2806 in
2837 2751 2931 2807 Dei
2959 2754 3199 2819 scientia,
3240 2772 3347 2810 non
3377 2732 3530 2813 erant

1948 2838 2000 2895 in
2022 2856 2117 2895 sua
2142 2852 2347 2895 natura.
2378 2843 2455 2897 Ae
2496 2859 2591 2912 per
2626 2842 2727 2899 hoc
2772 2844 2937 2897 factus
2991 2855 3074 2900 est
3120 2830 3233 2901 dies
3291 2848 3396 2915 ille,
3442 2852 3527 2905 cui

1948 2942 2174 3001 tttr0que
2201 2933 2358 2988 modo
2389 2933 2806 3002 inuolCSeerent,
2836 2948 2890 2990 et
2916 2936 2967 2989 in
2998 2937 3104 2990 Deo
3131 2948 3184 2992 et
3212 2937 3261 2993 in
3293 2928 3486 3010 seipsis
3510 2958 3525 2995 :

1948 3026 2034 3081 illa
2059 3029 2199 3082 velut
2242 3028 2495 3081 matutina
2540 3028 2652 3081 sive
2679 3028 2868 3082 diurna
2898 3030 3219 3100 cognitione,
3261 3031 3359 3087 hac
3401 3018 3527 3089 vero

1950 3116 2094 3171 velut
2122 3117 2441 3186 vespertina.
2480 3116 2582 3187 Ipsi
2617 3128 2793 3173 autem
2834 3118 2944 3173 Deo
2989 3134 3095 3174 non
3136 3120 3308 3177 audeo
3348 3122 3528 3179 dicere

1946 3207 2052 3261 alio
2075 3207 2230 3263 modo
2258 3208 2490 3263 innotuis
2520 3225 2570 3274 c,
2599 3224 2722 3264 cum
2749 3225 2809 3264 ea
2847 3208 3059 3265 fecisset
3081 3254 3094 3279 ,
3118 3228 3273 3283 quam
3303 3211 3393 3268 illo
3422 3231 3527 3284 quo

1945 3312 2008 3353 ea
2045 3309 2261 3354 noverat
2287 3310 2342 3353 ut
2368 3300 2585 3366 faceret,
2618 3300 2754 3369 apud
2783 3317 2939 3371 quem
2970 3317 3074 3356 non
3106 3313 3188 3357 est
3233 3316 3527 3361 commuta-

1948 3391 2098 3466 tatio,
2127 3406 2222 3445 tlc(‘
2242 3391 2495 3447 momenti
2524 3391 2859 3447 obumbralio
2890 3392 3093 3464 (Jacobi
3120 3411 3157 3460 ι,
3187 3396 3296 3466 17).

1946 3464 2169 3537 CAPUT
2200 3480 2341 3536 XIX.
2368 3512 2438 3524 -—
2467 3484 2648 3553 Angeli
2706 3481 2801 3537 Dei
2849 3486 3011 3538 nuntii
3055 3464 3344 3557 mysterium
3382 3492 3526 3563 regni

2328 3575 2563 3629 ccclorunt
2595 3586 2834 3629 noverunt
2860 3593 2895 3629 a
2916 3579 3135 3633 Verulis.

1946 3734 1949 3737 _
2015 3663 2105 3719 57.
2134 3662 2248 3718 Non
2280 3648 2408 3720 sane
2439 3676 2653 3737 propter
2680 3665 2984 3722 inferiorum
3013 3668 3289 3724 scientiam
3325 3675 3525 3731 nuntiis

1945 3754 2162 3829 indiget,
2194 3758 2341 3827 quasi
2373 3773 2469 3828 per
2497 3748 2592 3814 eos
2625 3760 2713 3812 liat
2738 3759 3020 3827 scientior;
3047 3761 3142 3816 sed
3177 3763 3267 3817 illo
3294 3765 3523 3837 simplici

1942 3864 2008 3905 ac
2031 3848 2259 3903 mirabili
2284 3848 2443 3903 modo
2470 3850 2621 3903 novit
2647 3851 2824 3904 onmia
2849 3852 3111 3907 stabiliter
3135 3864 3293 3926 atque
3324 3855 3525 3911 incom-

1943 3940 2288 4017 inutahiliter.
2320 3939 2489 3994 Ilahet
2516 3949 2690 3994 autem
2715 3942 2928 3996 nuntios
2955 3954 3169 4013 propter
3194 3930 3291 3999 nos
3320 3954 3373 4000 et
3396 3962 3524 4017 pro-

1942 4014 2062 4103 pter
2091 4030 2263 4099 ipsos;
2294 4032 2416 4099 quia
2448 4030 2536 4083 illo
2562 4030 2721 4085 modo
2745 4031 2855 4086 Deo
2879 4048 3070 4104 parere
3094 4042 3150 4089 et
3171 4014 3440 4101 assistere,
3468 4046 3526 4093 ut

1940 4114 2062 4175 eum
2092 4120 2159 4173 de
2188 4118 2526 4176 inferioribus
2550 4122 2849 4185 consulant,
2873 4124 3092 4194 ejusque
3113 4127 3362 4196 supernis
3390 4143 3527 4198 pra:-

1940 4204 2111 4283 CCpIIS
2139 4220 2190 4267 et
2215 4212 2383 4282 juSsis
2404 4213 2796 4285 obtemperent,
2829 4214 3025 4270 bonum
3055 4226 3137 4271 est
3162 4218 3237 4272 cis
3265 4217 3315 4271 in
3337 4221 3525 4275 ordine

1940 4300 2169 4373 prepria:
2198 4314 2400 4357 natura:
2430 4312 2587 4372 atque
2608 4304 2939 4359 substantitc.
2964 4303 3141 4360 Nuntii
3160 4316 3336 4362 autent
3352 4324 3525 4379 graece

1938 4400 2126 4462 &we).0i
2152 4395 2434 4460 dicuntur;
2467 4409 2572 4464 quo
2610 4395 2825 4451 nomine
2865 4397 3103 4467 generali
3147 4398 3390 4453 universa
3430 4401 3523 4457 illa

1938 4500 2167 4556 superna
2196 4484 2383 4539 civitas
2408 4495 2763 4555 nuncupatur,
2793 4501 2950 4556 quem
2980 4487 3208 4559 primum
3230 4489 3371 4545 diem
3394 4506 3524 4547 con-

1938 4576 2103 4631 dituut
2131 4576 2516 4631 existimamus.

2010 4670 2097 4724 58.
2136 4667 2271 4724 Nam
2309 4684 2406 4724 nec
2435 4668 2562 4723 illud
2593 4684 2686 4724 eos
2712 4667 2862 4723 latuit
2888 4670 3199 4741 mysterium
3227 4672 3376 4741 regni
3407 4688 3520 4729 ca:-

1937 4758 2109 4817 Iorum
2132 4803 2146 4829 ,
2196 4761 2337 4831 quod
2382 4772 2684 4831 Opportune
2726 4771 2966 4835 tempore
2993 4765 3281 4819 revelatum
3312 4775 3395 4820 cst
3426 4782 3522 4835 pro

1938 4854 2107 4907 salute
2148 4863 2356 4919 nostra,
2389 4852 2529 4923 quod
2559 4852 2574 4884 ⁸
2602 4868 2666 4907 ex
2694 4852 2793 4907 hac
2833 4856 3259 4923 percgriuatioae
3287 4856 3516 4921 liberati,

1938 4959 2120 4998 eorum
2148 4944 2305 4997 εωιυί
2339 4945 2739 5014 conjungamur.
2784 4943 2968 5015 Neque
3006 4947 3147 5000 enim
3178 4946 3278 4999 hoc
3307 4947 3521 5014 ignora-

1938 5044 2094 5099 rent;
2136 5034 2562 5106 quandoquidem
2591 5035 2761 5104 ipsum
2789 5050 3009 5101 semen,
3039 5035 3179 5106 quod
3221 5050 3520 5105 opportuno

1940 5139 2181 5199 tempore
2201 5128 2414 5182 advenit
2438 5128 2537 5202 (α),
2562 5142 2655 5196 per
2671 5127 2814 5197 ipsos
2831 5127 3145 5198 dispositum
3171 5136 3253 5181 est
3279 5128 3330 5180 in
3357 5145 3520 5185 manu

1939 5219 2249 5276 mediatoris
2277 5219 2473 5292 (Colat.
2507 5234 2584 5284 ιιι,
2612 5218 2721 5290 19).
2751 5219 2803 5273 id
2831 5218 2983 5274 estin
3007 5219 3121 5288 ejus
3148 5227 3409 5287 potestate
3429 5221 3520 5288 qui

1941 5310 2197 5368 Dominus
2213 5328 2395 5367 eoruut
2417 5320 2518 5378 est,
2544 5320 2597 5363 et
2622 5311 2671 5364 in
2698 5308 2866 5363 forma
2888 5310 3002 5373 Dei,
3025 5318 3078 5363 et
3096 5309 3145 5362 iu
3165 5306 3331 5361 forma
3353 5309 3515 5365 servi.

1942 5406 2078 5460 Dicit
2105 5408 2227 5459 item
2260 5406 2544 5475 Apostolus
2568 5420 2581 5457 :
2606 5400 2738 5456 lli/ti
2763 5400 2967 5454 minimo
2988 5400 3211 5455 omnium
3231 5414 3516 5456 sanctorum

1937 5497 2055 5551 data
2085 5508 2154 5551 est
2180 5498 2341 5567 gratio
2358 5497 2484 5562 Ita'c,
2501 5492 2801 5548 auuuntiare
2826 5493 2878 5545 in
2899 5491 3126 5562 gentibus
3153 5492 3516 5563 int'estigabiles

1938 5590 2139 5645 divitias
2168 5588 2374 5653 Clu-isti,
2402 5597 2446 5641 cl
2472 5584 2757 5639 illuminare
2780 5600 2896 5659 qua:
2916 5584 2980 5639 sit
3003 5585 3310 5644 disoematiu
3335 5601 3514 5643 sacra-

2002 5768 2020 5801 ί
2043 5768 2116 5817 sle
2135 5772 2241 5814 uss.
2267 5770 2321 5813 At
2344 5762 2479 5823 editi,
2501 5772 2611 5822 quo.

2000 5830 2077 5893 (α)
2101 5835 2135 5876 ιι
2152 5834 2357 5877 netract.
2380 5820 2484 5889 cap.
2510 5820 2575 5873 21
2608 5836 2661 5874 n.
2682 5820 2737 5874 2.
