3902 6300
401 292 509 354 355

403 406 557 466 menti
583 399 717 473 quod
745 400 839 469 fuit
865 384 1210 445 absconditum
1233 396 1265 433 a
1285 376 1483 433 steculis
1514 374 1569 428 in
1593 370 1721 473 Deo,
1751 366 1839 437 qui
1864 362 1986 473 upi-

408 453 556 554 iiersd
576 453 795 549 ἕέέὶιυῑὲς
824 492 880 539 ut
903 482 1226 535 innotesceret
1251 466 1576 537 Principibus
1592 471 1635 516 et
1652 453 1990 554 Potestati-bus

411 544 789 645 coelestibus
816 591 904 646 per
941 568 1221 625 Ecclesiam
1245 557 1567 629 multiformis
1592 549 1838 621 sapientia
1873 544 1993 611 Dei,

414 637 689 734 secundum
719 637 1026 740 propositum
1044 656 1366 718 saculorum,
1397 664 1551 720 quam
1576 645 1691 715 fecit
1718 643 1772 695 in
1801 637 1998 740 Christo

418 729 544 829 desit
582 729 1011 823 [Iuntina-nostro
1052 751 1270 824 (Ephes.
1303 761 1382 808 In,
1422 741 1599 810 8-11).
1631 738 1721 792 Sic
1747 748 1874 829 ergo
1904 729 2003 784 fuit

564 852 931 916 absconditum
958 862 989 901 a
1013 842 1223 900 saeculis
1251 840 1306 892 in
1333 835 1443 890 Deo
1463 874 1478 899 ,
1504 839 1565 886 ut
1588 839 1765 884 tamen
1791 825 2003 878 innote-

423 916 597 1011 sceret
641 942 974 1014 Principibus
1009 944 1065 993 et
1106 927 1466 988 Potestatibus
1495 923 1549 977 in
1576 916 1885 976 ctelestibus
1908 925 2006 1014 per

427 1003 721 1101 Ecclesiam
751 1003 1091 1091 multiformis
1112 1020 1367 1095 sapientia
1406 1015 1533 1079 Dei;
1564 1012 1689 1084 quia
1720 1003 2009 1101 ibiprjmi-

430 1095 805 1192 utsi—Ecclesia,
828 1137 934 1196 quo
954 1126 1076 1191 post
1104 1110 1547 1171 resurrectionem
1569 1113 1624 1159 et
1651 1104 1749 1157 ista
1777 1095 2013 1154 Ecclesia

431 1187 801 1297 cling—roganda
818 1187 921 1279 est,
949 1187 1007 1267 ut
1026 1211 1192 1266 simus
1207 1203 1436 1275 aequales
1451 1196 1667 1297 Angelis
1682 1194 1776 1294 Dei
1798 1187 2011 1290 (Manli.

616 1278 730 1383 ἕο).
764 1308 871 1363 Illis
909 1278 1037 1373 ergo
1061 1315 1093 1353 a
1121 1294 1330 1351 sseculis
1365 1287 1629 1351 innotuit;
1678 1283 1801 1353 quia
1844 1278 2017 1380 omnis

434 1369 808 1465 crea'tura'non
829 1404 955 1451 ante
975 1369 1195 1453 saecula,
1222 1383 1316 1440 sed
1341 1397 1371 1436 a
1392 1378 1621 1435 smculis.
1643 1375 1725 1429 Ab
1744 1374 1855 1442 ipsa
1876 1369 2019 1425 enim

436 1507 621 1557 exorta
650 1501 772 1549 sunt
796 1486 1021 1550 smcula,
1058 1491 1113 1537 et
1140 1481 1253 1550 ipsa
1279 1492 1311 1531 a
1339 1472 1582 1535 steculis;
1623 1466 1874 1538 quoniam
1917 1461 2020 1516 ini-

436 1590 573 1645 tium
617 1586 732 1655 ejus
766 1580 974 1636 initium
1014 1572 1330 1629 surculorum
1358 1574 1477 1620 est:
1510 1558 1821 1629 Unigenitus
1847 1562 2023 1609 autem

442 1643 567 1736 ante
590 1643 805 1739 saecula,
835 1686 932 1742 per
955 1681 1113 1738 quem
1134 1662 1273 1718 facta
1299 1666 1424 1714 sunt
1444 1654 1636 1710 saecula
1664 1649 1847 1723 (Hebr.
1880 1662 1918 1711 I,
1942 1643 2024 1714 2).

443 1772 675 1841 Ideoque
714 1736 1038 1834 ex'p-ersona
1074 1752 1393 1825 Sapientice,
1430 1747 1560 1800 Ante
1586 1739 1808 1841 swcula,
1839 1736 2027 1841 inquit,

450 1828 683 1937 fundtiuit
710 1875 789 1913 me
812 1828 998 1929 fProv.
1032 1863 1125 1904 Vlll
1148 1888 1161 1910 ,
1188 1845 1281 1911 23,
1313 1857 1413 1896 sec.
1442 1835 1607 1906 LXX)
1634 1851 1649 1899 ;
1682 1840 1740 1887 ut
1767 1831 1819 1885 in
1864 1844 1925 1884 ea
1955 1828 2032 1935 fa:

449 1922 596 2015 ceret
615 1953 811 2017 omnia,
828 1922 922 2005 cui
946 1946 1147 2002 dictum
1173 1948 1275 2004 est,
1302 1935 1485 1991 Omnia
1505 1933 1558 1986 in
1585 1927 1849 1999 Sapientia
1874 1922 2034 1998 fecisti

451 2049 626 2123 (Psal.
654 2062 765 2113 cm,
792 2043 910 2112 24).

524 2140 613 2197 59.
653 2111 805 2206 Quod
832 2141 1009 2187 autem
1039 2143 1147 2183 non
1176 2128 1228 2179 in
1260 2124 1370 2178 Deo
1395 2127 1596 2176 tantum
1625 2111 1909 2170 innotescit
1930 2111 2039 2164 An-

454 2233 591 2307 gelis
614 2204 755 2300 quod
784 2222 1153 2281 absconditum
1184 2227 1286 2283 est,
1315 2227 1504 2269 verum
1531 2209 1691 2266 etiam
1722 2206 1811 2260 hic
1834 2204 1913 2259 eis
1939 2217 2035 2270 ap-

456 2296 780 2397 paret,vcum
806 2315 1038 2372 efﬁcitur
1058 2320 1218 2381 atque
1247 2305 1574 2378 propalatur,
1603 2300 1741 2355 idem
1768 2296 2042 2366 apostolus

457 2385 531 2471 ita
557 2385 708 2469 testis
734 2419 851 2464 est:
883 2406 951 2460 Et
974 2405 1081 2459 sine
1107 2400 1279 2461 dubio,
1307 2395 1496 2466 inquit.
1525 2405 1763 2462 magnum
1789 2396 1861 2441 est
1886 2385 2045 2457 pieta-

459 2506 524 2562 lis
550 2509 939 2562 sacramentum,
963 2495 1097 2567 quod
1125 2492 1497 2561 manifestatum
1522 2494 1593 2538 est
1618 2483 1673 2536 in
1696 2496 1864 2543 carne,
1883 2477 2045 2548 justi-

462 2598 673 2669 ficatum
692 2603 763 2648 est
790 2593 842 2645 in
869 2589 1068 2660 spiritu,
1097 2580 1334 2655 apparuit
1362 2576 1588 2649 Angelis,
1619 2572 1945 2645 prcedicatunt
1974 2574 2046 2621 est

460 2659 517 2742 in
555 2683 801 2757 gentibus,
845 2659 1089 2733 creditum
1125 2681 1198 2728 est
1226 2673 1278 2726 in
1308 2668 1527 2732 mundo,
1558 2672 1868 2734 assumptum
1897 2668 1971 2715 est
1994 2659 2049 2712 in

464 2752 627 2851 gloria
650 2774 693 2841 (ι
712 2771 847 2828 Tim.
878 2784 958 2833 ut,
989 2766 1101 2836 16).
1130 2764 1216 2825 Ει,
1240 2761 1340 2816 nisi
1364 2758 1538 2823 fallor,
1566 2754 1758 2809 mirum
1780 2752 1919 2806 estsi
1943 2763 2050 2803 non

464 2847 640 2923 omnia
667 2879 787 2935 qua:
816 2861 1012 2916 dicitur
1040 2858 1179 2911 Deus
1207 2863 1458 2922 tanquam
1484 2847 1551 2901 ad
1578 2859 1813 2916 pra-scus
1841 2851 2051 2909 tempus

466 2933 813 3031 cognoscere,
839 2952 961 3007 ideo
990 2950 1203 3011 dicitur,
1235 2944 1355 3015 quia
1386 2939 1635 3011 cognosci
1667 2937 1811 2997 facit,
1843 2935 1955 2987 sive
1986 2933 2053 2987 ab

470 3026 709 3120 Angelis,
737 3048 850 3101 sive
877 3043 945 3097 ab
970 3038 1295 3095 hominibus.
1327 3033 1514 3088 Modus
1546 3030 1739 3099 quippe
1767 3027 1865 3080 istc
1903 3026 2051 3078 locn-

471 3116 632 3197 tionis
658 3154 777 3194 cum
804 3151 900 3207 per
927 3133 1246 3189 efficientem
1279 3126 1331 3181 id
1358 3123 1499 3196 quod
1526 3120 1756 3177 efﬁcitur
1783 3116 2053 3187 signiﬁca-

471 3244 579 3298 tur,
606 3231 794 3287 creber
822 3235 902 3281 est
931 3227 981 3280 in
1010 3221 1303 3292 Scripturis
1333 3215 1566 3277 sanctis;
1598 3212 1826 3267 maxime
1847 3224 1965 3263 cum
1988 3207 2056 3261 de

472 3326 587 3379 Deo
615 3318 811 3391 aliquid
837 3317 1050 3378 dicitur,
1083 3311 1224 3383 quod
1251 3310 1299 3363 ei
1328 3307 1394 3361 ad
1421 3304 1800 3375 praprietalem
1825 3298 2054 3353 locutio-

476 3419 696 3492 nis.non
737 3409 1028 3468 convenire
1073 3403 1368 3476 praesidens
1408 3396 1674 3453 mentibus
1711 3392 1904 3447 nostris
1947 3390 2062 3460 ipsa

476 3509 674 3564 veritas
699 3506 916 3560 clamat.

709 3593 937 3653 CAPUT
976 3590 1096 3647 XX.
1124 3618 1197 3630 --
1225 3581 1392 3642 Deum
1419 3585 1585 3638 adhuc
1611 3581 1829 3654 aperari.

552 3692 643 3747 40.
682 3688 799 3744 Jam
829 3698 971 3741 nunc
1006 3696 1135 3752 ergo
1173 3679 1537 3734 discernamus
1576 3688 1738 3744 opera
1786 3670 1915 3733 Dei,
1949 3683 2068 3739 qua:

486 3795 655 3852 usque
682 3792 823 3834 nunc
848 3781 1121 3845 operatur,
1152 3769 1342 3823 abillis
1367 3767 1616 3838 operibus
1641 3781 1669 3817 a
1696 3762 1888 3833 quibus
1909 3760 1960 3813 in
1982 3759 2070 3814 die

486 3871 715 3941 septimo
749 3865 1028 3936 requievit.
1064 3862 1199 3917 Sunt
1238 3860 1378 3915 enim
1426 3857 1514 3927 qui
1545 3856 1867 3910 arbitrentur
1902 3854 1919 3884 ⁸
1952 3860 2069 3904 tan-

487 3958 765 4019 tummodo
789 3955 1043 4011 mundum
1078 3953 1248 4021 ipsum
1279 3950 1474 4004 factum
1504 3964 1533 4000 a
1564 3948 1699 4008 Deo,
1745 3956 1937 4001 caetera
1960 3942 2072 4013 jam

490 4053 608 4109 ﬁeri
635 4051 703 4106 ab
746 4050 861 4119 ipso
890 4044 1118 4110 mundo,
1170 4042 1309 4096 sicut
1349 4040 1437 4093 ille
1475 4038 1739 4092 ordinavit
1783 4046 1837 4090 et
1874 4034 2071 4105 jussit;

491 4145 662 4202 Deum
689 4148 866 4195 autem
892 4137 1064 4207 ipsum
1092 4133 1223 4187 nihil
1243 4130 1474 4201 operari.
1502 4127 1696 4183 Contra
1717 4142 1851 4197 quos
1874 4124 2077 4196 profer-

491 4249 579 4297 tur
600 4238 687 4293 illa
716 4230 979 4291 sententia
1000 4225 1211 4284 Domini
1236 4244 1248 4277 :
1279 4223 1435 4277 Pater
1462 4238 1599 4275 meus
1628 4236 1779 4291 usque
1808 4235 1941 4272 nunc
1961 4233 2079 4288 ope-

491 4340 654 4386 ratur.
689 4326 755 4381 Et
782 4340 850 4380 ne
878 4322 1158 4393 quisquam
1190 4322 1400 4386 putaret
1428 4311 1565 4383 apud
1596 4326 1655 4367 se
1694 4311 1844 4365 illum
1882 4307 2079 4380 aliquid

494 4418 732 4492 operari,
762 4430 869 4471 non
897 4414 950 4468 in
982 4412 1084 4465 hoc
1109 4407 1308 4463 mundo
1332 4424 1345 4460 :
1378 4403 1534 4459 Pater
1554 4404 1607 4458 in
1636 4420 1713 4457 me
1739 4419 1965 4467 manens,
1999 4401 2081 4455 in-

497 4514 632 4583 quit,
663 4510 784 4582 facit
815 4521 971 4578 opera
998 4519 1122 4567 sua;
1150 4510 1195 4554 et
1216 4500 1344 4553 sicut
1372 4495 1529 4550 Pater
1555 4496 1765 4550 suscitat
1793 4502 2013 4548 mortuos
2034 4503 2082 4547 et

498 4602 747 4671 siviﬁcat,
787 4597 858 4651 sic
888 4603 935 4649 et
963 4592 1132 4647 Filius
1158 4606 1282 4661 quos
1318 4589 1423 4643 uult
1450 4587 1666 4655 vivi/icat
1697 4585 1871 4659 (Joan.
1906 4599 1960 4646 v,
1992 4584 2080 4651 17,

499 4694 592 4755 9.0,
621 4689 736 4761 2|).
768 4684 991 4749 Deinde,
1021 4685 1144 4753 quia
1176 4696 1282 4734 non
1305 4679 1474 4734 solum
1498 4692 1686 4747 magna
1712 4684 1870 4745 atque
1898 4674 2085 4745 princi-

504 4800 631 4854 pua,
660 4793 844 4835 verum
872 4776 1032 4832 etiam
1061 4774 1159 4827 ista
1186 4780 1398 4826 terrena
1420 4779 1475 4824 et
1502 4779 1738 4823 extrema
1766 4768 1878 4835 ipse
1898 4781 2087 4835 opera-

507 4886 613 4939 tur,
646 4872 714 4926 ita
745 4868 873 4924 dicit
898 4862 1181 4935 Apostolus
1208 4879 1221 4915 :
1253 4860 1452 4926 Stulte,
1495 4870 1547 4913 tu
1574 4858 1706 4928 quod
1745 4857 1959 4911 semina:
1986 4872 2088 4910 non

503 4966 809 5035 vivi/iratur,
843 4958 941 5013 nisi
968 4956 1245 5018 moriatur;
1274 4962 1321 5008 et
1345 4953 1479 5024 quod
1508 4953 1742 5015 seminus,
1780 4966 1879 5005 non
1907 4965 2089 5021 corpus

506 5058 640 5129 quod
664 5062 893 5128 futurum
919 5060 990 5105 est
1015 5049 1233 5103 seminus
1252 5088 1267 5114 ,
1295 5046 1383 5101 sed
1407 5046 1598 5099 nudum
1624 5062 1837 5115 granum
1861 5049 1965 5116 fere
1995 5045 2088 5097 tri-

508 5148 613 5214 tici,
645 5156 731 5200 aut
757 5144 976 5214 alicujus
996 5148 1325 5202 cancrorum;
1356 5135 1491 5190 Deus
1515 5146 1681 5189 autem
1706 5136 1790 5189 dat
1809 5136 1885 5189 illi
1910 5151 2091 5205 corpus

510 5237 761 5307 quomodo
818 5232 1029 5289 voluerit
1056 5272 1072 5296 ,
1119 5239 1166 5284 et
1225 5228 1489 5296 unicuique
1539 5227 1782 5280 seminum
1832 5227 2092 5297 proprium

514 5345 698 5401 corpus
728 5326 771 5399 (l
797 5323 912 5380 Cor.
942 5337 1041 5386 xv,
1071 5317 1280 5391 56-38).
1310 5316 1398 5372 Sic
1424 5332 1550 5387 ergo
1582 5316 1880 5384 credamus,
1908 5316 2015 5384 vel,
2046 5318 2093 5373 si

517 5431 839 5487 possumus,
888 5415 1045 5469 etiam
1095 5410 1449 5479 intelligamus
1492 5423 1658 5477 usque
1705 5423 1844 5463 nunc
1886 5412 2095 5479 operari

519 5511 708 5575 Deum,
753 5517 810 5561 ut
848 5506 893 5561 si
933 5504 1162 5559 conditis
1187 5501 1254 5555 ab
1282 5515 1348 5556 eo
1376 5499 1538 5555 rebus
1565 5501 1802 5568 operatio
1826 5500 1939 5571 ejus
1966 5501 2094 5557 sub-

521 5602 777 5661 trahatur,
807 5594 1144 5651 intercidant.

580 5709 597 5741 ί
616 5714 691 5758 ετ.
706 5705 854 5770 Lugd.
879 5712 999 5756 ven.
1022 5709 1131 5755 Lor.
1156 5702 1351 5767 habent,
1373 5704 1683 5757 arbitrantur.
1748 5712 1804 5757 Μ.

1289 264 1377 322 DE
1415 254 1660 320 GENESI
1698 252 1789 310 AD
1820 233 2194 309 LITTERAM,
2233 239 2295 296 S.
2335 231 2701 295 AUGUSTINI

3569 224 3678 284 336

2170 356 2258 413 41.
2297 354 2402 411 Sed
2431 353 2609 424 plane,
2636 349 2682 405 si
2708 347 2937 418 aliquam
2957 327 3356 400 creaturam’sie
3379 355 3503 397 eum
3529 350 3672 396 nunc

2102 451 2383 509 instituere
2411 443 2789 517 putaverimus,
2817 447 2875 494 ut
2902 452 3068 507 genus
3094 435 3209 505 ejus
3239 434 3423 505 prima:
3452 433 3527 488 illi
3560 443 3675 487 sua:

2104 539 2396 597 conditioni
2443 552 2547 592 non
2595 531 2897 594 inseruerit,
2941 536 3125 599 aperte
3153 525 3567 581 eontradicimns
3594 524 3681 578 di-

2105 637 2245 694 centi
2286 633 2573 703 Seripturae
2598 671 2613 695 ,
2658 624 2801 698 quod
2841 621 3295 679 consummaverit
3320 618 3496 672 omnia
3526 630 3689 686 opera

2108 744 2203 785 sua
2228 728 2281 782 in
2310 724 2397 780 die
2421 731 2573 779 sexto
2602 718 2753 791 (Gen.
2785 732 2844 783 II,
2877 714 2956 785 2).
2986 711 3287 768 Secundum
3317 710 3404 764 illa
3433 708 3574 763 enim
3596 723 3694 779 ge-

2110 834 2240 875 nera
2278 830 2457 872 rerum
2500 827 2619 883 quae
2655 810 2884 881 primum
2924 804 3193 864 condidit,
3220 817 3355 858 nova
3377 817 3497 857 eum
3530 799 3698 854 multa

2114 912 2311 975 facere,
2337 923 2457 980 qua:
2487 915 2613 961 tunc
2642 919 2748 958 non
2777 900 2899 956 fecit
2918 942 2933 966 ,
2979 898 3318 954 manifestum
3356 906 3456 950 est.
3490 893 3700 949 Novum

2116 1012 2295 1059 autem
2320 1013 2489 1072 genus
2526 996 2804 1052 instituere
2847 991 2991 1048 credi
3020 1000 3164 1046 recte
3190 1004 3295 1045 non
3328 996 3528 1058 potest,
3562 1001 3705 1056 quo-

2118 1096 2262 1152 niam
2291 1103 2418 1148 tunc
2441 1090 2617 1145 omnia
2642 1084 3050 1142 consummavit.
3080 1082 3254 1137 Movet
3290 1081 3469 1149 itaque
3495 1078 3708 1132 occulta

2121 1186 2357 1259 potentia
2386 1183 2690 1238 universam
2716 1186 3017 1234 creaturam
3047 1189 3219 1239 suam,
3250 1186 3419 1242 eoque
3446 1179 3595 1226 motu
3617 1169 3711 1223 illa

2121 1286 2349 1340 versata,
2374 1274 2502 1328 dum
2518 1270 2704 1340 Angeli
2727 1272 2873 1338 jussa
2896 1264 3196 1336 perﬁciunt,
3226 1263 3353 1318 dum
3374 1261 3717 1316 circumeunt

2126 1368 2298 1423 sidera
2324 1407 2339 1432 ,
2384 1364 2511 1418 dum
2553 1362 2819 1416 alternant
2845 1357 3017 1422 venti,
3051 1356 3175 1410 dum
3204 1355 3428 1426 abyssus
3451 1366 3715 1422 aquarum

2127 1460 2363 1529 lapsibus
2392 1465 2447 1511 et
2471 1454 2697 1510 diversis
2722 1451 2882 1506 etiam
2903 1466 2999 1521 per
3019 1463 3197 1504 aerem
3217 1445 3718 1517 eonglobationibus

2130 1548 2380 1619 agitatur,
2410 1546 2536 1600 dum
2564 1544 2729 1597 vireta
2753 1543 2770 1573 ¹
2799 1540 3081 1613 pullulant,
3113 1554 3312 1608 suaque
3338 1536 3540 1591 semina
3570 1534 3724 1590 evolo

2133 1650 2281 1705 vunt,
2310 1640 2436 1694 dum
2457 1636 2703 1691 animalia
2728 1636 3033 1705 gignuntur,
3062 1632 3316 1703 varioque
3336 1630 3571 1700 appetitu
3596 1642 3723 1699 pro-

2134 1734 2280 1805 prias
2306 1732 2444 1787 vitas
2472 1737 2653 1800 agunt,
2680 1727 2804 1781 dum
2835 1726 2997 1796 iniqui
3020 1725 3195 1795 justos
3222 1736 3471 1777 exercere
3498 1720 3724 1790 permit-

2136 1833 2336 1889 tuntur,
2371 1822 2601 1892 explicat
2620 1820 2834 1885 szeeula,
2860 1833 2979 1888 qua:
2999 1816 3093 1883 illi,
3117 1831 3237 1871 cum
3261 1815 3486 1886 primum
3507 1811 3728 1868 condita

2138 1927 2225 1973 est
2246 1958 2260 1982 ,
2291 1925 2541 1984 tanquam
2568 1912 2748 1983 plicita
2776 1913 2797 1942 ²
2825 1908 3087 1965 indiderat
3115 1927 3128 1963 :
3156 1923 3275 1978 qua:
3305 1915 3480 1961 tamen
3512 1905 3566 1959 in
3598 1916 3729 1959 suos

2140 2024 2329 2064 cursus
2355 2023 2462 2062 non
2493 2005 2905 2074 eXplicarentur,
2934 2003 2978 2057 si
3005 2017 3068 2057 ea
3089 2002 3177 2057 ille
3202 2000 3293 2071 qui
3316 1998 3575 2065 condidit,
3604 2012 3733 2068 pro-

2142 2100 2264 2155 vido
2293 2107 2442 2154 motu
2467 2096 2842 2153 administrare
2866 2103 3123 2150 cessaret.

2325 2190 2550 2246 CAPUT
2588 2188 2732 2244 XXI.
2766 2219 2838 2230 —
2869 2187 3055 2242 Omnia
3090 2187 3356 2259 gubernari
3394 2186 3565 2240 divina

2772 2282 3101 2353 providentia.

2217 2380 2306 2435 l2.
2348 2379 2637 2435 Admoneri
2683 2386 2859 2433 autem
2907 2390 3004 2431 nos
3038 2384 3248 2448 Oportet
3271 2376 3335 2430 iis
3363 2391 3483 2447 qua:
3509 2376 3561 2431 in
3591 2383 3739 2432 tem-

2148 2488 2278 2544 pore
2306 2475 2599 2527 formantur
2623 2481 2779 2542 atque
2802 2477 3111 2533 nascuntur,
3135 2468 3403 2539 quomodo
3428 2469 3526 2522 ista
3554 2469 3739 2524 consi-

2150 2565 2337 2620 derare
2357 2563 2668 2618 debeamus.
2701 2562 2815 2616 Non
2841 2560 2982 2615 enim
3005 2558 3199 2614 frustra
3225 2558 3292 2613 de
3315 2559 3581 2628 Sapientia
3603 2559 3743 2614 scri-

2153 2666 2297 2726 ptum
2345 2664 2460 2722 est,
2506 2654 2647 2725 quod
2691 2653 3019 2707 amatoribus
3070 2650 3181 2705 suis
3228 2650 3442 2703 ostendit
3479 2665 3534 2703 se
3567 2648 3743 2703 inviis

2153 2748 2401 2810 hilariter,
2448 2757 2497 2800 et
2524 2748 2579 2800 in
2603 2747 2739 2799 omni
2760 2745 3073 2815 providentia
3099 2744 3313 2797 occurrit
3341 2742 3444 2796 illis
3476 2742 3630 2814 (Sap.
3664 2757 3741 2807 VI,

2157 2838 2268 2911 l7).
2300 2837 2409 2893 Nec
2438 2837 2655 2891 omnino
2679 2836 2925 2890 audiendi
2957 2834 3195 2904 suntqui
3228 2842 3549 2904 putaverunt
3566 2833 3744 2888 subli-

2156 2946 2270 2983 mes
2295 2928 2507 2999 quidem
2540 2927 2716 2981 mundi
2750 2936 2945 2997 partes,
2976 2926 3029 2981 id
3053 2934 3135 2981 est
3158 2941 3188 2979 a
3210 2925 3440 2980 conﬁnio
3460 2924 3750 2995 corpulen-

2160 3021 2308 3074 tioris
2340 3021 2481 3075 acris
2507 3019 2663 3089 hujus
2687 3028 2741 3072 et
2769 3034 2952 3088 supra,
2984 3017 3160 3072 divina
3189 3015 3522 3088 providentia
3543 3016 3748 3086 guber-

2160 3111 2306 3177 nari;
2337 3110 2474 3165 hanc
2485 3120 2664 3164 autem
2691 3111 2849 3163 imam
2872 3118 3077 3179 partem
3098 3118 3362 3162 terrenam
3380 3116 3433 3161 et
3450 3105 3749 3171 humidam,

2160 3205 2403 3273 aerisque
2447 3202 2606 3273 hujus
2653 3200 2920 3256 vicinioris
2964 3201 3054 3271 qui
3100 3210 3360 3254 terrarum
3398 3208 3451 3253 et
3480 3214 3750 3269 aquarum

2161 3294 2587 3349 exhalatioaibus
2641 3293 2933 3361 hnmescit,
2992 3293 3043 3345 in
3103 3307 3207 3361 quo
3266 3291 3411 3345 venti
3470 3290 3754 3359 nubesque

2164 3396 2509 3457 Consurgunt,
2533 3386 2740 3441 casibus
2764 3387 2935 3456 potius
2956 3394 3010 3440 et
3031 3383 3257 3439 fortuitis
3283 3384 3515 3439 motibus
3540 3384 3753 3453 agitari.

2167 3479 2360 3534 Contra
2394 3480 2490 3533 hos
2511 3481 2652 3534 enim
2679 3479 2913 3549 loquitur
2938 3478 3203 3543 Psalmus,
3232 3478 3321 3547 qui
3348 3493 3468 3532 cum
3490 3477 3760 3547 explicas-

2169 3581 2252 3625 set
2276 3571 2482 3626 laudem
2509 3572 2829 3637 caelestium,
2861 3586 2921 3625 se
2950 3571 3109 3625 etiam
3131 3569 3196 3623 ad
3222 3569 3320 3623 iSIa
3348 3570 3601 3624 inferiora
3628 3583 3760 3624 con-

2170 3664 2346 3728 vertit,
2378 3664 2560 3717 dicens
2586 3682 2598 3717 :
2627 3661 2856 3716 Laudate
2881 3661 3155 3716 Dominum
3181 3662 3244 3716 de
3266 3672 3416 3727 terra,
3446 3661 3697 3715 dracones
3715 3669 3759 3715 ct

2173 3772 2343 3810 omnes
2369 3754 2573 3825 abyssi;
2600 3755 2750 3826 ignis,
2770 3755 2996 3825 grando,
3028 3754 3136 3818 nim,
3173 3753 3381 3824 glacies,
3410 3753 3618 3823 spiritus
3638 3762 3761 3807 tem-

2176 3848 2399 3919 pestatis,
2428 3862 2540 3917 qua:
2565 3847 2759 3917 faciunt
2786 3846 2982 3899 verbum
3006 3846 3115 3916 ejus
3143 3844 3311 3915 (Psal.
3342 3860 3565 3909 CXLVIII,
3598 3844 3655 3909 7,
3682 3843 3758 3915 8).

2176 3941 2319 3997 Nihil
2358 3943 2498 3997 enim
2541 3952 2645 3995 tam
2687 3940 2895 3995 videtur
2930 3940 3140 3994 casibus
3167 3938 3344 4003 volvi,
3384 3954 3543 4008 quam
3573 3952 3762 3992 omnes

2179 4035 2292 4089 ista:
2324 4033 2635 4103 procellosa:
2664 4048 2726 4087 ac
2753 4031 3069 4086 turbulenta:
3092 4030 3391 4101 qualitates,
3422 4028 3616 4100 quibus
3642 4028 3763 4087 cmli

2182 4127 2339 4196 hujus
2367 4125 2656 4191 inferioris,
2685 4123 2825 4194 quod
2858 4138 2961 4179 non
2995 4122 3259 4177 immerito
3288 4121 3447 4177 etiam
3478 4130 3639 4176 terra:
3669 4137 3763 4174 no-

2180 4220 2323 4273 mine
2366 4217 2673 4288 deputatum
2700 4225 2815 4279 est,
2848 4215 3009 4270 facies
3041 4214 3274 4268 variatur
3302 4222 3359 4269 et
3383 4212 3629 4268 vertitur.
3662 4208 3764 4268 Sed

2182 4326 2302 4366 cum
2330 4311 2553 4377 addidit,
2583 4309 2709 4375 Qua:
2737 4308 2929 4379 faciunt
2949 4307 3151 4361 verbum
3179 4307 3288 4377 ejus
3309 4347 3323 4371 ,
3372 4306 3502 4359 satis
3532 4304 3766 4359 ostendit

2184 4416 2365 4455 earum
2393 4414 2603 4470 quoque
2623 4413 2799 4452 rerum
2827 4397 3066 4451 ordinem
3092 4396 3275 4451 divino
3303 4394 3571 4450 subditum
3593 4395 3765 4465 impe-

2186 4494 2286 4558 rio,
2313 4493 2477 4548 latere
2509 4507 2605 4546 nos
2633 4493 2829 4561 potius,
2870 4505 3029 4559 quam
3055 4486 3423 4542 universitatis
3452 4486 3642 4541 deesse
3670 4500 3764 4540 na-

2189 4596 2339 4640 turze.
2369 4582 2507 4651 Quid
2533 4582 2746 4637 autem?
2772 4596 2865 4637 ore
2884 4595 2981 4635 suo
3012 4579 3275 4644 Salvator,
3302 4591 3421 4632 cum
3452 4576 3578 4631 dicit
3603 4589 3765 4631 unum

2189 4690 2457 4745 passerem
2504 4688 2609 4728 non
2646 4672 2838 4728 cadere
2875 4670 2929 4725 in
2974 4680 3169 4724 terram
3214 4670 3329 4723 sine
3365 4667 3458 4722 Dei
3497 4667 3768 4721 voluntate

2191 4768 2406 4839 (Matth.
2435 4782 2493 4834 x,
2530 4765 2645 4837 29),
2692 4774 2745 4819 et
2788 4763 2929 4834 quod
2969 4761 3148 4817 fenum
3192 4762 3300 4831 agri
3339 4767 3460 4831 post
3498 4758 3766 4828 paululum

2191 4860 2507 4916 mittendum
2546 4859 2599 4912 in
2639 4857 2903 4912 clibanum
2925 4896 2940 4921 ,
2980 4855 3094 4923 ipse
3125 4863 3299 4908 tamen
3329 4852 3517 4907 vestiat
3556 4848 3668 4921 (Id.
3701 4862 3765 4910 vt,

2194 4954 2323 5025 30);
2357 4965 2533 5007 nonne
2561 4949 2845 5005 confirmat
2872 4962 2976 5001 non
3007 4945 3181 5000 solum
3213 4952 3377 4998 totam
3408 4942 3562 4997 istam
3589 4937 3769 4995 mundi

2194 5052 2398 5114 partem
2418 5042 2578 5097 rebus
2597 5039 2910 5095 mortalibus
2929 5048 2983 5095 et
2998 5034 3429 5106 corruptibilibus
3445 5032 3767 5102 deputatam.

2194 5150 2378 5190 verum
2401 5133 2559 5189 etiam
2590 5133 2872 5187 vilissimas
2893 5131 3007 5200 ejus
3031 5128 3521 5199 abjectissimasqne
3548 5123 3772 5193 particu-

2197 5228 2274 5283 las
2299 5227 2476 5282 divina
2500 5223 2830 5297 providentia
2851 5223 3001 5294 regi?

2266 5466 2281 5496 ⁸
2308 5468 2358 5511 ιιι
2379 5460 2587 5523 antiquis
2597 5456 2846 5523 codicibus
2862 5461 3137 5523 constanter
3160 5446 3625 5523 scriptmn,‘rireeta.

2266 5526 2286 5556 ³
2309 5509 2460 5583 Editi,
2486 5509 2675 5573 condita
2711 5526 2821 5570 sunt
2860 5524 3086 5576 tanquam
3106 5509 3358 5583 implicita.
3383 5515 3438 5558 At
3462 5509 3769 5583 ﬁssae]???

2202 5568 2981 5644 condit—avéstvf'senicetuniversa
3003 5568 3262 5644 creatura._
3281 5580 3398 5643 Tum
3432 5568 3586 5644 aliqui
3600 5574 3770 5644 prose:

2100 5651 2127 5719 ﬁ;
2202 5628 2705 5719 ᾖᾘῖξηῖιῖιζξ
2720 5628 2952 5707 placita;
2985 5638 3076 5689 sed
3105 5638 3186 5688 alii
3222 5633 3484 5693 sincerius,
3514 5628 3713 5695 plicita;
3745 5630 3775 5673 ι
