3902 6312
287 272 384 328 557
1625 250 1829 313 LIBER
1864 248 2180 318 QUINTUS.

364 382 595 442 CAPUT
614 381 782 440 XXII.
802 410 877 423 —
893 380 1198 452 Argumenta
1225 377 1409 433 divina!
1436 372 1779 446 providentia.

351 483 439 537 45.
486 481 551 535 Et
576 490 723 535 certe
750 478 835 533 isti
862 477 953 549 qui
992 476 1095 531 hoc
1119 483 1346 545 negant,
1390 488 1489 530 nec
1522 472 1720 527 sanctis
1746 470 1865 527 elo-

284 574 418 644 quiis
442 579 605 626 tanta:
630 568 960 624 auctoritatis
978 567 1357 637 acquiescant,
1402 565 1447 620 si
1478 564 1532 618 in
1560 565 1658 618 hac
1682 561 1866 617 mundi

284 674 453 736 parte,
484 679 645 734 quam
672 671 857 733 putant
886 660 1116 716 fortuitis
1151 658 1380 714 motibus
1406 656 1732 729 perturbari,
1765 670 1867 725 po-

284 760 388 813 tius
410 772 571 828 quam
604 753 860 825 sapientia
887 752 1081 808 divina:
1106 750 1427 805 summitatis
1452 748 1584 820 regi,
1614 756 1669 802 et
1688 756 1747 800 ut
1767 746 1868 802 hoc

284 848 433 919 quasi
462 846 690 917 probent
718 846 930 916 gemino
954 843 1244 899 abutuntur
1267 852 1599 913 argumento,
1622 840 1707 896 vel
1725 838 1868 911 quod

282 953 443 1008 supra
466 935 881 993 commemoravi
902 932 970 990 de
996 934 1346 989 inconstantia
1373 940 1764 1002 tempestatum,
1784 930 1869 986 vel

283 1029 349 1085 de
379 1027 724 1085 felicitatibus
762 1035 921 1097 atque
960 1024 1353 1081 infelicitatibus
1383 1025 1653 1078 hominum
1674 1065 1689 1089 ,
1727 1021 1870 1092 quod

283 1138 388 1177 non
419 1136 521 1193 pro
542 1121 662 1175 vitae
695 1120 897 1175 meritis
919 1119 1198 1183 accidunt;
1231 1118 1473 1172 viderent
1502 1126 1703 1170 tantum
1725 1114 1871 1171 ordi-

284 1227 427 1277 nem,
456 1219 688 1280 quantus
713 1209 764 1263 in
792 1208 1045 1263 membris
1071 1209 1247 1263 carnis
1273 1207 1553 1277 cujuslibet
1587 1204 1871 1260 animantis

284 1311 526 1373 apparet,
558 1317 663 1355 non
691 1300 813 1355 dico
840 1300 1081 1365 medicis,
1114 1299 1203 1369 qui
1230 1300 1344 1353 haec
1376 1307 1590 1368 propter
1610 1297 1740 1351 artis
1762 1311 1872 1351 suae

283 1393 655 1449 necessitatem
685 1390 967 1460 diligenter
988 1391 1243 1461 patefacta
1267 1398 1320 1445 et
1338 1390 1669 1458 dinumerata
1696 1388 1871 1444 rimati

285 1494 441 1549 sunt,
490 1485 584 1540 sed
629 1482 797 1538 cuivis
838 1484 1123 1539 mediocris
1147 1483 1323 1538 cordis
1350 1491 1404 1538 et
1431 1479 1873 1537 considerationis

287 1575 490 1631 homini
516 1592 531 1641 ;
562 1590 739 1629 nonne
766 1575 1076 1640 clamarent,
1111 1591 1178 1630 ne
1206 1584 1399 1644 puncto
1424 1573 1636 1643 quidem
1665 1583 1871 1642 tempo-

284 1671 360 1725 ris
379 1670 571 1732 Deum.
596 1684 625 1722 a
651 1684 757 1739 quo
776 1677 859 1723 est
878 1669 1052 1724 omnis
1072 1682 1438 1723 mensurarum
1462 1666 1670 1730 modus,
1696 1667 1873 1720 omnis

286 1761 529 1832 parilitas
554 1774 921 1824 numerorum,
954 1759 1128 1814 omnis
1158 1758 1291 1813 ordo
1318 1756 1632 1828 ponderum,
1661 1757 1727 1809 ab
1757 1755 1873 1826 ejus

287 1850 675 1921 gubernatione
699 1850 949 1905 cessare?
974 1850 1111 1917 Quid
1140 1864 1268 1920 ergo
1296 1848 1596 1913 absurdius,
1630 1847 1754 1918 quid
1788 1848 1872 1901 iu-

290 1947 485 2001 sulsius
514 1947 696 2001 sentiri
727 1953 933 2016 potest,
972 1962 1128 2015 quam
1156 1961 1272 2001 eam
1306 1954 1468 1998 totam
1508 1958 1628 1999 esse
1653 1957 1874 1997 vacuam

288 2046 420 2090 nutu
450 2045 506 2093 et
531 2036 787 2108 regimine
812 2035 1157 2105 providentia:
1178 2078 1193 2102 ,
1229 2035 1383 2105 cujus
1411 2042 1648 2089 extrema
1676 2042 1729 2086 et
1757 2031 1874 2086 cxi-

289 2145 391 2200 gua
426 2129 612 2185 videas
650 2138 791 2183 tanta
835 2129 1183 2199 dispositione
1224 2128 1477 2191 formari,
1508 2136 1566 2181 ut
1604 2127 1876 2195 aliquanto

289 2222 545 2276 attentius
584 2222 811 2292 cogitata
852 2220 1168 2276 ineffabilem
1212 2221 1468 2276 incutiant
1510 2219 1876 2274 admirationis

291 2311 615 2368 horrorem?
656 2312 727 2367 Et
767 2328 887 2368 cum
925 2313 1117 2367 anima:
1162 2322 1348 2367 natura
1392 2321 1597 2367 natura:
1637 2310 1876 2379 corporis

292 2406 611 2470 antecellat,
644 2404 770 2475 quid
813 2413 896 2460 est
932 2404 1233 2460 dementius
1261 2418 1418 2475 quam
1457 2410 1644 2473 putare
1670 2402 1877 2455 nullum

292 2510 413 2552 esse
450 2496 645 2551 divinae
682 2495 1028 2566 providentiae
1056 2495 1313 2567 judicium
1347 2495 1415 2551 de
1440 2495 1677 2551 moribus
1707 2494 1878 2548 homi-

294 2604 444 2657 num,
472 2604 591 2644 cum
615 2588 667 2643 iu
693 2604 877 2644 eorum
905 2603 1068 2643 carne
1088 2597 1231 2642 tanta
1252 2587 1369 2657 ejus
1392 2586 1623 2641 solertia:
1642 2586 1879 2640 clareant

292 2691 352 2738 et
375 2682 807 2737 dcmonstrcntur
837 2680 1065 2736 indicia?
1105 2680 1212 2736 Sed
1248 2680 1370 2751 quia
1406 2678 1520 2733 haec
1562 2677 1778 2732 minima
1824 2677 1879 2731 in

292 2785 545 2848 promptu
573 2786 697 2830 sunt
726 2776 971 2830 sensibus
996 2775 1210 2839 nostris,
1240 2780 1295 2828 et
1323 2788 1382 2828 ea
1415 2770 1567 2826 facile
1597 2770 1881 2839 investiga-

295 2883 437 2932 mus,
465 2867 639 2922 elucet
667 2866 718 2920 in
745 2866 823 2921 eis
854 2864 987 2920 ordo
1019 2880 1199 2919 rerum
1225 2881 1240 2919 :
1270 2871 1325 2917 at
1363 2862 1450 2918 illa
1479 2878 1701 2932 quorum
1730 2860 1878 2915 ordi-

297 2975 422 3015 nem
453 2959 633 3015 videre
660 2973 765 3039 non
798 2973 1100 3028 possumus,
1125 2956 1419 3011 inordinata
1447 2954 1772 3009 arbitrantur
1792 2952 1881 3023 qui

295 3066 418 3108 esse
444 3067 546 3105 non
575 3058 780 3123 putant,
808 3050 910 3104 nisi
936 3048 1077 3120 quod
1099 3048 1279 3104 videre
1302 3055 1561 3118 possunt,
1588 3054 1678 3101 aut
1708 3046 1750 3099 si
1781 3061 1879 3115 pu-

296 3154 433 3209 tant,
460 3144 565 3199 tale
591 3143 784 3213 aliquid
817 3151 1021 3213 putant,
1046 3143 1201 3213 quale
1229 3141 1411 3197 videre
1431 3149 1841 3196 consueverunt.

391 3235 620 3292 CAPUT
648 3234 836 3290 XXIII.
884 3264 956 3277 -—
980 3233 1242 3301 Quomodo
1271 3232 1410 3288 Deus
1439 3233 1609 3287 omnia
1637 3232 1790 3286 simul

616 3327 872 3393 creaverit,
900 3336 947 3381 et
970 3342 1105 3380 nunc
1132 3341 1287 3397 usque
1311 3336 1563 3395 operetur.

370 3423 460 3477 44.
500 3420 610 3476 Nos
634 3429 809 3475 autem
830 3462 845 3485 ,
874 3435 1099 3491 quorum
1127 3432 1375 3488 gressus,
1409 3433 1476 3473 ne
1502 3417 1555 3472 in
1586 3417 1729 3471 illam
1758 3432 1881 3487 per-

299 3514 606 3571 versitatem
633 3510 957 3578 incidamus,
1006 3509 1192 3566 eadem
1219 3509 1397 3565 divina
1427 3509 1755 3580 providentia
1789 3525 1885 3579 per

302 3614 538 3662 sanetam
579 3604 903 3672 Scriptumm
945 3603 1116 3672 regit,
1148 3617 1213 3658 ex
1245 3601 1374 3671 ipsis
1396 3616 1605 3671 quoque
1634 3602 1885 3671 operibus

301 3697 398 3752 Dei
420 3697 608 3752 eodem
631 3695 913 3765 adjuvaute
934 3695 1182 3765 indagare
1201 3710 1460 3751 conemur
1485 3694 1571 3749 ubi
1599 3694 1715 3750 luce
1730 3694 1885 3749 simul

300 3786 580 3851 creaverit,
604 3800 728 3840 cum
750 3800 781 3840 a
805 3786 1184 3840 consummatis
1203 3785 1314 3840 suis
1334 3785 1587 3856 operibus
1603 3786 1884 3856 requievit,

300 3893 526 3947 quorum
568 3876 774 3949 species
814 3892 909 3946 per
946 3876 1185 3932 ordinem
1218 3886 1514 3947 temporum
1551 3891 1718 3947 usque
1746 3890 1890 3931 nunc

302 3979 577 4042 operatur.
603 3969 1016 4025 Consideremus
1053 3984 1181 4040 ergo
1221 3970 1499 4039 cujuslibet
1527 3968 1733 4024 arboris
1769 3968 1887 4038 pul-

304 4062 663 4119 chritudinem
702 4060 756 4114 in
795 4060 1021 4128 robore,
1070 4060 1269 4124 ramis,
1319 4060 1625 4124 frondibus,
1675 4060 1887 4128 pomis:

306 4155 424 4211 hare
467 4154 673 4224 species
716 4168 821 4207 non
864 4154 1046 4224 utique
1088 4164 1307 4224 repente
1356 4162 1497 4208 tanta
1539 4169 1603 4208 ac
1647 4154 1765 4208 talis
1808 4163 1891 4209 est

305 4254 513 4312 exorta,
547 4244 639 4300 sed
662 4259 766 4315 quo
789 4244 948 4299 etiam
970 4244 1157 4299 ordine
1182 4245 1448 4300 novimus.
1478 4245 1719 4301 Surrexit
1746 4246 1889 4302 enim

305 4356 335 4394 a
368 4330 545 4396 radice
565 4380 578 4403 ,
612 4355 771 4409 quam
800 4349 956 4395 terrae
980 4340 1208 4409 primum
1234 4354 1453 4409 germen
1484 4338 1687 4406 infixit;
1734 4348 1893 4409 atque

306 4428 434 4485 inde
462 4429 640 4485 omnia
674 4428 762 4484 illa
793 4427 1016 4484 formata
1042 4438 1095 4484 et
1123 4428 1368 4484 distincta
1394 4437 1696 4484 creverunt.
1722 4429 1892 4485 Porro

307 4525 438 4579 illud
471 4539 686 4594 germen
717 4538 782 4578 ex
812 4523 1054 4578 semine:
1087 4522 1141 4577 in
1180 4523 1385 4577 semine
1422 4538 1550 4591 ergo
1587 4522 1675 4576 illa
1712 4521 1891 4577 omnia

305 4618 524 4672 fuerunt
554 4614 820 4685 primitus,
850 4630 958 4669 non
998 4613 1139 4669 mole
1178 4627 1453 4682 corporeae
1490 4613 1890 4683 magnitudinis,

308 4709 402 4763 sed
428 4709 477 4761 vi
511 4707 849 4778 potentiaque
878 4706 1099 4762 causali.
1132 4705 1262 4760 Nam
1294 4705 1381 4759 illa
1409 4706 1750 4776 magnitudo,
1796 4721 1893 4761 co.

309 4803 395 4872 pia
429 4812 588 4855 terrae
615 4799 959 4869 humerisque
984 4807 1233 4867 congesta
1255 4806 1355 4854 est.
1385 4796 1491 4853 Sed
1517 4798 1607 4852 illa
1631 4798 1684 4853 in
1706 4799 1895 4869 exiguo

307 4909 475 4964 grano
519 4892 813 4948 mirabilior
857 4892 1294 4963 prmstantiorque
1333 4891 1414 4946 vis
1452 4900 1565 4957 est,
1606 4906 1707 4961 qua
1734 4891 1898 4948 valuit

310 4984 564 5053 adjacens
594 4984 787 5038 humor
813 4984 1135 5039 commixtus
1164 4992 1320 5039 terra:
1348 4990 1599 5053 tanquam
1644 4982 1895 5038 materies

311 5078 445 5133 verti
478 5077 530 5131 in
560 5076 686 5147 ligni
718 5075 859 5131 illius
885 5075 1191 5145 qualitatem
1212 5116 1227 5141 ,
1260 5075 1313 5129 in
1354 5089 1623 5130 ramorum
1650 5073 1893 5130 diﬂ‘usio-

310 5188 454 5238 nem,
481 5171 533 5227 in
560 5170 813 5227 foliorum
843 5168 1160 5224 viriditatem
1188 5184 1253 5224 ac
1279 5168 1523 5240 figuram,
1556 5169 1606 5223 in
1628 5167 1895 5225 fructuum

310 5261 505 5321 formas
550 5272 605 5320 et
643 5260 1007 5331 opulentiam,
1058 5261 1398 5332 omniumque
1441 5260 1886 5317 ordiuatissimam

3449 246 3558 305 338

1972 366 2386 422 distinctionem.
2430 363 2568 432 Quid
2613 363 2755 419 enim
2797 378 2863 418 ex
2905 362 3097 419 arbore
3138 363 3229 419 illa
3262 364 3433 437 surgit
3459 379 3554 422 at:

1970 458 2187 529 pendet,
2214 457 2356 529 quod
2386 472 2490 512 non
2515 471 2582 513 ex
2611 454 2837 525 quodam
2868 455 3078 510 occulto
3106 453 3360 513 thesauro
3388 457 3553 513 semi-

1972 553 2054 607 nis
2085 552 2225 607 illius
2258 559 2552 606 extractum
2578 557 2738 619 atque
2775 546 3145 616 depromptum
3171 546 3290 602 est?
3319 548 3387 602 At
3416 547 3551 604 illud

1971 658 2154 699 semen
2180 658 2246 698 ex
2271 641 2484 708 arbore,
2514 639 2634 694 licet
2672 652 2777 693 non
2816 636 2903 692 illa
2932 636 3027 692 sed
3055 636 3245 703 altera,
3273 644 3430 706 atque
3458 636 3550 692 illa

1972 750 2156 791 rursus
2181 748 2245 789 ex
2272 733 2441 787 altero
2461 731 2683 785 semine.
2715 726 3009 796 Aliquando
3028 736 3203 781 autem
3230 736 3285 781 et
3305 725 3464 782 arbor
3483 741 3553 783 ex

1974 827 2165 883 arbore
2182 868 2198 892 ,
2234 840 2355 881 cum
2380 822 2622 880 surculus
2649 819 2884 876 demitur
2907 826 3067 888 atque
3095 818 3378 887 plantatur.
3411 816 3553 888 Ergo

1975 929 2029 977 et
2051 935 2237 977 semen
2258 934 2326 973 ex
2352 917 2565 982 arbore,
2593 923 2649 970 et
2672 913 2829 968 arbor
2855 927 2921 967 ex
2956 910 3191 975 semine,
3225 919 3279 964 et
3303 909 3461 964 arbor
3487 924 3554 965 ex

1976 1013 2189 1069 arbore.
2217 1010 2412 1065 Semen
2438 1016 2617 1063 autem
2637 1021 2701 1061 cx
2726 1004 2932 1061 semine
2959 1002 3104 1056 nullo
3128 1001 3308 1066 modo,
3339 1000 3441 1055 nisi
3465 1016 3555 1054 ar-

1975 1103 2074 1159 bor
2110 1100 2425 1157 interveniat
2455 1098 2620 1168 prius.
2666 1094 2839 1149 Arbor
2867 1108 2995 1148 vero
3024 1108 3086 1146 ex
3108 1091 3318 1155 arbore,
3347 1088 3558 1145 etiamsi

1976 1208 2161 1250 semen
2192 1208 2296 1247 non
2325 1189 2662 1247 interveniat.
2688 1186 2921 1242 Alternis
2948 1185 3106 1255 igitur
3129 1183 3557 1239 successionihus

1976 1285 2202 1340 alterum
2223 1298 2288 1337 ex
2312 1282 2502 1346 altero,
2521 1278 2615 1335 sed
2638 1288 2917 1346 utrumque
2941 1290 3005 1328 ex
3036 1283 3195 1338 terra,
3223 1288 3323 1328 nec
3343 1288 3407 1328 cx
3430 1272 3561 1343 ipsis

1978 1385 2117 1433 terra
2141 1394 2154 1430 :
2189 1376 2334 1445 prior
2360 1374 2518 1444 igitur
2535 1386 2721 1427 eorum
2748 1382 2938 1440 parens
2966 1375 3127 1422 terra.
3158 1364 3248 1421 Sic
3273 1374 3327 1420 et
3348 1365 3559 1419 anima-

1977 1470 2045 1524 lia
2067 1511 2082 1535 ,
2125 1476 2299 1537 potest
2339 1466 2599 1520 incertum
2629 1477 2750 1519 esse
2776 1470 2950 1515 utrum
2978 1472 3042 1512 ex
3073 1456 3201 1526 ipsis
3224 1456 3456 1520 semina,
3487 1472 3557 1510 an

1978 1562 2091 1632 ipsa
2118 1577 2185 1616 ex
2206 1559 2495 1615 seminibus
2520 1574 2532 1610 :
2565 1554 2839 1627 quodlibet
2868 1561 3043 1607 tamen
3074 1548 3261 1604 horum
3294 1548 3460 1619 prius,
3488 1563 3556 1602 ex

1979 1662 2121 1709 terra
2149 1666 2268 1708 esse
2293 1649 2648 1706 certissimum
2678 1654 2780 1702 cst.

2048 1769 2138 1825 45.
2169 1767 2319 1822 Sicut
2359 1773 2535 1821 autem
2580 1763 2634 1818 in
2673 1763 2789 1833 ipso
2828 1774 2995 1832 grano
3031 1757 3365 1815 invisibiliter
3406 1764 3563 1810 erant

1978 1862 2157 1918 omnia
2187 1859 2347 1916 simul
2372 1874 2492 1930 qua:
2518 1872 2615 1928 per
2638 1864 2877 1925 tempora
2906 1854 2957 1908 in
2988 1853 3231 1908 arborem
3259 1856 3561 1919 surgerent:

1978 1955 2049 2009 ita
2101 1954 2215 2023 ipse
2262 1949 2490 2006 mundus
2531 1945 2844 2016 cogitandus
2883 1953 3003 2011 est,
3048 1958 3170 1998 cum
3220 1942 3359 1996 Deus
3404 1937 3563 1992 simul

1981 2044 2157 2101 omnia
2189 2040 2407 2106 creavit,
2439 2037 2687 2093 habuisse
2711 2035 2868 2090 simul
2908 2034 3086 2089 omnia
3129 2047 3248 2103 quae
3286 2030 3338 2085 in
3374 2027 3467 2083 illo
3510 2035 3565 2081 et

1980 2153 2102 2192 cum
2133 2136 2225 2191 illo
2254 2134 2389 2189 facta
2419 2140 2574 2198 sunt,
2615 2128 2830 2201 quando
2856 2128 3024 2183 factus
3052 2136 3134 2181 est
3159 2124 3272 2180 dies
3302 2140 3315 2177 :
3342 2136 3450 2177 non
3478 2135 3567 2173 so-

1981 2234 2093 2289 lum
2132 2231 2326 2287 C(BIllm
2364 2242 2486 2283 cum
2530 2224 2644 2281 sole
2687 2234 2742 2279 et
2780 2224 2903 2277 luna
2931 2230 2987 2277 et
3015 2217 3298 2283 sideribus,
3336 2228 3562 2286 quorum

1981 2323 2185 2395 species
2223 2326 2405 2376 manet
2443 2326 2591 2373 motu
2625 2315 2857 2379 rotabili,
2886 2322 2941 2369 et
2979 2320 3175 2367 terram
3209 2315 3273 2364 et.
3303 2307 3525 2378 abyssos
3546 2345 3561 2367 ,

1982 2431 2101 2487 quae
2125 2415 2269 2469 velut
2295 2413 2655 2468 inconstantes
2676 2416 2852 2463 motus
2866 2405 3155 2476 patiuntur,
3172 2410 3332 2472 atque
3346 2396 3565 2453 inferius

1982 2506 2226 2576 adjuncta
2258 2512 2461 2573 partem
2488 2501 2709 2555 alteram
2734 2496 2933 2552 mundo
2952 2493 3263 2556 conferunt;
3286 2489 3380 2546 sed
3406 2488 3563 2543 etiam

1984 2599 2071 2653 illa
2114 2612 2232 2667 qum
2272 2608 2405 2663 aqua
2448 2601 2501 2647 et
2543 2599 2685 2646 terra
2731 2588 2977 2659 produxit
3010 2583 3363 2657 potentialiter
3404 2589 3564 2650 atque

1983 2688 2284 2751 causaliter,
2314 2686 2624 2757 priusquam
2652 2697 2749 2751 per
2774 2690 3071 2751 temporum
3110 2690 3288 2731 moras
3332 2673 3404 2728 ita
3434 2686 3564 2727 exo-

1985 2781 2237 2843 rirentur,
2267 2774 2532 2846 quomodo
2571 2773 2724 2828 nobis
2761 2770 2870 2841 jam
2896 2778 3021 2824 nota
3050 2774 3174 2823 sunt
3196 2766 3248 2821 in
3277 2765 3358 2820 eis
3391 2762 3567 2833 operi-

1986 2871 2105 2936 bus,
2130 2885 2247 2940 qua:
2279 2869 2418 2924 Deus
2443 2881 2610 2937 usque
2636 2878 2776 2919 nunc
2800 2868 3070 2933 operatur.

2056 2985 2145 3041 46.
2176 2984 2303 3051 Quae
2327 2997 2446 3038 cum
2479 2981 2549 3035 ita
2576 2980 2702 3044 sint,
2733 2977 2833 3032 Hic
2863 2986 2934 3032 est
2964 2975 3087 3031 liber
3112 2978 3355 3029 creaturae
3381 2972 3493 3027 caeli
3521 2979 3569 3025 et

1988 3086 2153 3143 terra,
2183 3092 2297 3129 cum
2324 3078 2488 3145 factus
2513 3080 2584 3126 est
2610 3071 2736 3136 dies,
2767 3069 2884 3140 fecit
2912 3067 3047 3121 Deus
3075 3064 3256 3120 caelum
3292 3072 3338 3117 et
3362 3072 3565 3128 terram,

1988 3176 2036 3222 et
2064 3183 2209 3221 omne
2229 3164 2387 3219 viride
2409 3163 2521 3233 agri
2541 3171 2809 3232 antequam
2824 3166 2948 3214 esset
2965 3173 3115 3229 super
3132 3165 3334 3218 terram,
3359 3162 3406 3209 et
3426 3168 3573 3207 omne

1990 3259 2163 3330 fenum
2188 3257 2298 3327 agri
2334 3263 2598 3325 antequam
2628 3262 2857 3306 exortum
2893 3258 2966 3305 est
2995 3264 3013 3303 :
3039 3262 3146 3303 non
3188 3246 3267 3302 sic
3304 3242 3573 3316 quomodo

1990 3349 2117 3404 facit
2157 3362 2316 3417 opere
2345 3361 2448 3416 quo
2476 3359 2616 3399 nunc
2643 3356 2810 3413 usque
2832 3348 3085 3411 operatur
3112 3352 3207 3407 per
3243 3335 3474 3407 pluviam
3518 3342 3577 3389 et

1991 3438 2269 3495 hominum
2300 3436 2709 3506 agriculturam;
2742 3432 2807 3486 ad
2838 3431 2939 3486 hoc
2965 3429 3107 3486 enim
3136 3426 3442 3497 adjunctum
3467 3433 3569 3490 est,

1994 3530 2117 3585 Non
2159 3529 2290 3583 enim
2317 3528 2511 3597 pluerat
2538 3524 2674 3578 Deus
2712 3538 2862 3593 super
2893 3530 3112 3580 terram.
3150 3532 3240 3571 nec
3281 3525 3387 3570 erat
3422 3515 3572 3568 homo

1992 3620 2077 3692 qui
2122 3627 2418 3688 operaretur
2455 3626 2638 3669 terram
2685 3629 2703 3666 :
2746 3611 2841 3666 sed
2884 3610 2975 3664 illo
3015 3608 3175 3663 modo
3223 3620 3328 3676 quo
3373 3603 3574 3660 creavit

1994 3712 2172 3768 omnia
2200 3709 2377 3775 simul,
2411 3707 2729 3774 senarioque
2753 3704 2957 3758 dierum
2984 3714 3206 3756 numero
3230 3710 3574 3754 consumma-

1994 3803 2089 3870 vit,
2111 3817 2232 3857 cum
2253 3800 2393 3855 diem
2415 3813 2572 3869 quem
2594 3795 2737 3857 fecit,
2761 3794 2839 3849 eis
2857 3808 2976 3863 quae
2996 3790 3120 3846 fecit
3142 3789 3316 3846 sexies
3341 3800 3577 3858 prmsen-

1994 3894 2146 3961 tavit,
2169 3910 2274 3949 non
2301 3892 2594 3948 alternante
2610 3887 2781 3958 spatio
2799 3884 3182 3956 tempomliter,
3210 3881 3305 3937 sed
3329 3880 3571 3937 ordinata

1995 3986 2295 4058 cognitione
2311 3981 2611 4039 causaliter.
2626 3980 2669 4032 A
2690 3977 2882 4049 quibus
2897 3974 3146 4047 operibus
3168 3973 3219 4028 in
3241 3970 3328 4027 die
3346 3969 3576 4041 septimo

1999 4076 2287 4148 requievit,
2333 4074 2492 4128 etiam
2520 4086 2669 4126 suam
2697 4067 2935 4139 requiem
2970 4064 3209 4134 ejusdem
3240 4062 3346 4117 diei
3376 4060 3579 4116 notitia:

1997 4167 2295 4240 gaudioque
2348 4164 2585 4234 przebere
2615 4161 2860 4231 dignatus
2899 4175 2912 4211 :
2954 4165 3008 4212 et
3046 4154 3165 4210 ideo
3210 4168 3317 4207 non
3355 4166 3477 4206 eum
3522 4150 3578 4204 in

1999 4261 2235 4333 quolibet
2273 4273 2436 4328 opere
2473 4271 2571 4311 suo
2596 4297 2611 4322 ,
2656 4254 2752 4309 sed
2794 4253 2847 4307 in
2878 4265 2973 4306 sua
3002 4248 3186 4320 requie
3220 4245 3487 4301 benedixit
3523 4254 3581 4298 et

2000 4349 2366 4408 sanctificavit.
2398 4346 2551 4403 Unde
2591 4345 2789 4400 nttllam
2828 4341 3049 4396 ulterius
3086 4346 3383 4394 creaturam
3422 4335 3579 4390 insti-

2000 4454 2176 4509 tuens,
2204 4440 2298 4496 sed
2328 4456 2388 4495 ca
2418 4454 2535 4509 qucc
2561 4436 2737 4491 omnia
2762 4432 2920 4489 simul
2944 4431 3096 4496 fecit,
3128 4427 3581 4483 administratorio

2001 4545 2121 4589 actu
2150 4532 2451 4604 gubernans
2478 4538 2532 4583 et
2560 4541 2783 4582 movens
2806 4566 2821 4589 ,
2849 4524 2965 4579 sine
2988 4520 3283 4576 cessatione
3308 4525 3580 4588 Operatur.

2001 4625 2161 4680 simul
2189 4633 2240 4678 et
2274 4620 2615 4691 requiescens
2662 4627 2716 4673 et
2755 4628 2983 4689 operans
3005 4655 3021 4678 ,
3052 4612 3188 4667 sicut
3212 4610 3320 4681 jam
3351 4611 3449 4665 ista
3477 4619 3583 4664 tra-

2003 4726 2139 4773 ctata
2169 4722 2310 4771 sunt.
2334 4712 2567 4780 Quorum
2589 4724 2806 4780 operum
2825 4708 2941 4776 ejus
2963 4720 3082 4776 quae
3108 4717 3274 4774 usque
3295 4716 3436 4757 nunc
3455 4714 3583 4768 ope-

2003 4819 2171 4873 ratur,
2199 4824 2295 4879 per
2318 4805 2586 4860 volumina
2614 4811 2912 4872 temporum
2951 4794 3407 4869 explicandorum,
3437 4792 3583 4846 velut

2004 4900 2277 4957 exordium
2309 4895 2559 4953 narrandi
2586 4907 2819 4956 sumens,
2844 4892 2916 4946 ait
2941 4888 3233 4959 Scriptura,
3258 4884 3398 4939 Fons
3417 4892 3584 4937 autem

2005 4989 2303 5048 ascendebat
2343 4988 2406 5042 de
2454 4997 2608 5052 terra,
2629 4998 2678 5040 et
2704 4982 2947 5055 irrigabat
2970 4994 3168 5035 omnem
3191 4976 3372 5046 faciem
3414 4983 3580 5028 terra.

2006 5085 2082 5141 De
2105 5098 2211 5155 quo
2238 5080 2382 5137 fonte
2402 5079 2525 5151 quia
2545 5076 2777 5131 diximus
2791 5073 2931 5145 quod
2950 5069 3230 5126 dicendum
3257 5063 3577 5135 putavimus,

2007 5195 2069 5236 ea
2095 5193 2213 5250 qua:
2236 5182 2530 5247 sequuntur
2558 5170 2625 5227 ab
2648 5169 2752 5225 alio
2779 5163 3178 5223 consideremus
3205 5155 3423 5215 exordio

2480 5392 2580 5404 λοι-ι-
2637 5400 2641 5403 ν
2711 5391 2717 5401 ι

2014 5314 2184 5335 ...μηκέτ
2234 5321 2290 5331 .-ι
2332 5312 2419 5330 "...
2492 5324 2497 5327 .
2665 5311 2673 5323 ε

1940 5342 2018 5365 «εει.
2194 5344 2209 5359 ν»
2239 5339 2275 5357 ,ο
2312 5346 2343 5363 ,.
2381 5351 2394 5359 δ
2431 5348 2436 5357 .
2475 5338 2499 5359 ι,
2526 5350 2532 5355 ,
2562 5347 2569 5357 .

1960 5366 1982 5381 τι

1915 5374 1992 5392 m3,
2344 5374 2364 5392 _r

1872 5365 2055 5419 ,μτῖἃζψ
2456 5397 2505 5419 -

1874 5428 1880 5444 ⁸
1923 5434 1944 5448 ιι
2091 5422 2161 5441 “”“·η
2194 5422 2247 5449 οὶ
2293 5435 2313 5446 ,ι

1858 5455 1892 5474 ον’
