3902 6298
395 302 3499 346 .______________.___‘_______

445 567 498 628 tn
517 573 650 612 vers.
675 570 694 610 ἰ
723 573 831 625 cap.
853 558 888 612 2
913 566 1010 612 Gen

463 635 496 658 ιι
534 635 568 650 ·›
738 645 746 656 .
771 624 863 658 ~=ril
891 623 1010 658 Ιιηιιηι

1306 173 1391 228 DE
1429 172 1680 230 GENESI
1715 174 1808 230 AD
1844 174 2210 256 LiTTEBAM,
2254 179 2305 254 S_.
2353 180 2717 241 AUGliSTlNl

1421 352 1902 489 LIBER
1979 381 2626 526 SEXTUS.

1017 557 2330 646 redime
2347 577 2462 646 ςιρη
2479 575 2716 646 moneo
2734 589 2826 646 εριι
2846 541 3052 644 φιαησά
3065 582 3130 646 τις
3150 583 3265 639 limo
3286 588 3527 646 for-nutus
3549 541 3658 646 ﬁ...

738 645 746 656 .
771 621 869 674 :m
889 623 1034 674 homo
1054 621 1345 687 inquirillir:
1371 633 1493 684 ῐαωο
1515 621 1664 674 dm
1685 621 1920 687 ιωιίδέιει·
1941 621 2328 682 consideratione
2554 621 2825 692 incutit—(I5
3286 621 3439 683 ⁸ν¹⁸⁵³⁴ξ

1781 748 2256 808 mrum

383 885 616 945 CAPUT
647 883 927 944 paulun.
950 914 1024 926 —
1047 884 1126 941 An
1152 881 1311 950 istud,
1338 883 1404 956 Et
1447 880 1600 946 tinxit
1637 881 1810 952 netu.
1841 887 1962 959 etc,

453 979 516 1034 de
543 981 708 1050 prima
735 977 952 1034 hominis
975 978 1277 1050 formatione
1314 959 1452 1045 facta
1489 976 1570 1030 die
1596 984 1760 1042 sexto,
1804 990 1870 1028 an
1904 974 1966 1050 de

403 1095 412 1100 -
453 1073 616 1126 altera
647 1071 893 1142 posterius
920 1078 968 1126 et
1003 1085 1093 1142 per
1119 1068 1356 1141 temporis
1381 1084 1573 1124 moram
1602 1071 1738 1139 {acta
1773 1061 1964 1132 intelli-

454 1164 672 1235 gendum
682 1203 694 1217 .

455 1256 507 1312 1.
537 1255 600 1309 Et
622 1254 768 1324 [insit
803 1252 941 1309 Deus
966 1253 1216 1309 hominem
1241 1251 1490 1322 pttlrcrem
1525 1248 1590 1310 de
1617 1258 1770 1313 terra,
1799 1256 1844 1318 et
1879 1247 1972 1320 ξιι-¹

382 1349 594 1420 sufﬂavit
627 1349 678 1402 in
706 1348 886 1420 faciem
915 1348 1024 1418 ejus
1051 1348 1228 1416 ﬂutant
1257 1345 1399 1409 rita';
1443 1352 1487 1408 et
1513 1343 1676 1411 [actus
1702 1351 1775 1396 est
1814 1340 1972 1416 homo,

383 1442 435 1494 in
467 1442 687 1496 animam
715 1441 975 1495 rirentcm.
1023 1440 1118 1495 llic
1161 1440 1329 1508 primo
1359 1436 1643 1494 videndum
1673 1445 1754 1491 est
1787 1443 1968 1500 ulrunt

381 1535 480 1591 ista
510 1535 873 1603 recapitulatio
899 1534 988 1595 sit,
1019 1544 1072 1587 ttt
1102 1548 1241 1588 nunc
1267 1532 1473 1586 dicatur
1497 1527 1765 1599 quomodo
1797 1526 1966 1581 factus

380 1628 450 1683 sit
477 1628 636 1681 homo
667 1642 821 1696 quem
853 1635 1005 1680 sexto
1027 1625 1118 1680 illo
1144 1624 1228 1679 die
1250 1624 1441 1678 factum
1465 1621 1710 1691 legimus;
1740 1635 1808 1674 an
1838 1633 1968 1684 vero

381 1725 509 1773 tunc
550 1718 764 1788 quidem
807 1732 928 1772 cum
980 1715 1105 1774 fecit
1144 1716 1320 1772 omnia
1360 1714 1543 1777 simul,
1587 1713 1640 1767 in
1691 1711 1775 1765 bis
1803 1711 1964 1768 etiam

379 1807 606 1863 latenter
635 1807 902 1862 bomiurnt
931 1806 1076 1872 fecit,
1109 1806 1245 1862 sicut
1275 1805 1450 1860 fenum
1495 1814 1650 1870 terra:
1678 1812 1967 1884 antequam

378 1907 520 1958 esset
548 1906 790 1954 exortum
823 1915 838 1952 :
870 1907 925 1952 ιιι
953 1910 1019 1952 co
1045 1895 1201 1950 modo
1220 1906 1270 1951 et
1300 1897 1411 1965 ipse
1436 1909 1556 1948 cum
1584 1893 1694 1964 jam
1726 1901 1870 1947 esset
1911 1891 1966 1970 in

379 1998 590 2052 secreto
618 1988 844 2060 quodam
874 1996 1074 2042 naturre
1119 1987 1275 2042 aliter
1309 1984 1475 2040 factus
1496 2027 1512 2051 ,
1555 1984 1689 2038 sicut
1730 1983 1814 2037 illa
1843 1998 1963 2054 qua:

379 2080 538 2137 simul
567 2079 768 2136 creavit
813 2094 934 2134 cum
975 2079 1141 2134 factus
1184 2085 1265 2133 est
1293 2077 1428 2144 dies,
1458 2091 1678 2133 accessu
1709 2073 1964 2156 temporis

379 2172 540 2229 etiam
589 2172 692 2227 isto
736 2171 896 2227 modo
931 2173 1113 2234 licrct,
1147 2186 1250 2240 quo
1278 2171 1327 2223 in
1361 2171 1458 2225 hac
1487 2170 1759 2242 perspicua
1791 2168 1962 2224 forma

378 2263 540 2333 vitam
587 2262 751 2334 gerit,
798 2262 881 2317 vel
933 2262 1068 2316 male
1109 2261 1192 2315 vel
1234 2261 1398 2327 bene;
1439 2261 1575 2332 sicut
1614 2260 1788 2314 fenum
1819 2245 1961 2334 quod

378 2330 573 2410 factum
593 2330 684 2412 cst
712 2361 993 2424 antequam
1021 2354 1318 2410 exorirctur
1357 2330 1519 2424 super
1546 2362 1737 2407 terram
1761 2395 1775 2417 ,
1804 2330 1964 2408 accc:

378 2445 538 2503 dente
554 2446 666 2518 jam
693 2456 931 2517 tempore
957 2456 1008 2502 et
1040 2445 1202 2514 fontis
1223 2446 1366 2510 illius
1390 2445 1698 2518 irrigationc
1716 2455 1961 2522 exortum

378 2547 479 2602 est,
505 2549 560 2594 ut
589 2551 732 2598 esset
759 2554 920 2611 super
949 2549 1166 2594 terram.

446 2632 503 2689 2.
533 2633 685 2690 Prius
708 2649 836 2704 ergo
872 2632 1166 2696 secundum
1199 2629 1684 2699 recapitulationem
1715 2630 1764 2684 id
1795 2646 1957 2687 cone-

378 2743 500 2783 mur
523 2729 789 2798 accipere.
821 2726 1083 2782 Fortassis
1109 2725 1302 2796 quippe
1329 2724 1398 2778 ita
1426 2724 1584 2778 homo
1615 2726 1779 2778 factus
1807 2723 1875 2778 sit
1906 2724 1956 2778 in

380 2818 466 2875 die
493 2829 676 2881 sexto,
715 2819 852 2872 sicut
889 2817 1005 2876 dies
1039 2818 1152 2888 ipse
1191 2817 1435 2888 primitus
1479 2817 1644 2870 factus
1684 2825 1785 2880 est,
1822 2815 1960 2896 sicut

379 2910 789 2978 ﬁrmamentum,
809 2909 942 2966 sicut
969 2921 1104 2966 terra
1123 2919 1175 2965 et
1193 2926 1359 2964 mare.
1378 2908 1557 2978 Neque
1577 2910 1716 2963 enim
1748 2910 1858 2964 lure
1877 2909 1960 2964 di-

374 3001 540 3072 cenda
570 3011 695 3056 sunt
722 3010 847 3056 ante
890 3001 941 3054 in
986 2999 1300 3074 quibusdam
1344 2999 1646 3068 primordiis
1672 3001 1780 3067 jam
1819 2998 1957 3056 facta

373 3084 590 3148 latuisse
612 3133 629 3158 ,
683 3106 745 3146 ac
783 3091 976 3166 deinde
1006 3093 1056 3145 in
1089 3094 1223 3144 bane
1252 3090 1435 3143 facient
1464 3106 1563 3157 qua
1606 3090 1834 3143 mundus
1865 3081 1958 3145 ex?

373 3193 606 3253 structus
643 3189 744 3247 est,
787 3197 1006 3238 accessu
1055 3182 1309 3250 tetnporis
1338 3192 1583 3250 tanquam
1620 3190 1802 3234 exorta
1844 3182 1957 3236 cla-

370 3269 576 3340 ruisse;
624 3275 717 3346 sed
748 3275 816 3344 ab
845 3276 1063 3331 exordio
1088 3275 1288 3338 saenli,
1316 3291 1436 3329 eutn
1469 3274 1638 3327 factus
1678 3283 1759 3327 est
1805 3274 1954 3343 dies,

371 3367 643 3438 c0uditunt
682 3365 958 3431 ιιιιιιιιΙιιιιι,
1003 3367 1053 3420 in
1107 3365 1257 3436 cujus
1301 3364 1578 3420 elcmentis
1626 3364 1780 3417 simul
1834 3353 1958 3420 sunt

371 3460 620 3524 condita,
663 3443 782 3530 quin
823 3469 942 3530 post.
987 3455 1205 3534 accessu
1251 3456 1503 3526 temporis
1531 3457 1829 3520 orirentur,
1872 3457 1955 3534 vel

370 3551 585 3630 ft‘tttctan
619 3553 702 3616 γει
742 3531 998 3608 animalia
1018 3531 1240 3621 qumque
1266 3548 1556 3603 secundum
1585 3563 1736 3602 suum
1764 3531 1950 3617 genus.

371 3645 505 3716 Nam
553 3661 653 3710 nec
706 3646 817 3716 ipsa
872 3644 1045 3699 sidera
1097 3641 1420 3698 credendum
1462 3649 1543 3696 est
1581 3641 1631 3706 in
1676 3640 1955 3696 clementis

370 3719 554 3798 mundi
587 3737 832 3807 primitus
857 3735 990 3790 facta
1019 3742 1178 3803 atque
1207 3733 1500 3798 recondita,
1519 3747 1738 3787 accessu
1771 3743 1952 3801 postea

373 3811 626 3898 temporis
648 3827 936 3890 exstitiSsc,
963 3836 1122 3894 atque
1147 3824 1196 3878 in
1217 3823 1311 3878 bas
1337 3825 1588 3878 enituisse
1620 3824 1814 3878 formas
1835 3841 1953 3894 qua:

371 3905 580 3983 caelitus
608 3917 837 3988 fulgent;
865 3915 958 3970 sed
996 3916 1084 3969 illo
1122 3915 1333 3968 senario
1361 3913 1700 3984 perfectiOais
1730 3903 1953 3969 numero

369 3996 545 4068 creata
574 4008 728 4062 simul
759 4008 967 4069 omnia,
996 4021 1116 4059 cum
1150 4005 1316 4060 factus
1342 4015 1422 4058 est
1448 4006 1580 4061 dics.
1611 4005 1796 4061 Utrum
1827 4021 1954 4076 ergo

371 4100 447 4165 sic
569 4097 728 4168 homo
767 4097 862 4162 ista
905 4097 1014 4165 jam
1045 4096 1220 4165 specie
1248 4112 1347 4166 qua
1378 4093 1429 4150 in
1457 4111 1549 4151 sua
1581 4106 1762 4151 natura
1791 4087 1947 4164 \ivil,

372 4199 426 4247 et
452 4165 560 4261 agit
585 4189 698 4246 sive
725 4175 924 4243 bonum
950 4188 1061 4243 sive
1091 4187 1327 4241 malum?
1353 4202 1419 4241 an
1449 4195 1500 4241 et
1527 4187 1637 4252 ipse
1664 4187 1714 4241 in
1742 4188 1953 4243 occulto

372 4284 507 4340 sicut
556 4282 732 4337 fenum
779 4280 888 4352 agri
932 4289 1215 4349 antequam
1250 4287 1493 4334 exortum
1525 4285 1637 4342 est,
1670 4289 1726 4332 ut
1767 4277 1867 4333 ltoc
1901 4280 1948 4335 ci

372 4357 661 4448 ροειρεεοι
686 4385 908 4453 accessu
931 4372 1186 4442 temporis
1213 4357 1443 4437 exoriri,
1471 4368 1611 4440 quod
1637 4369 1704 4425 de
1729 4372 1952 4441 pulvere

369 4461 538 4520 factus
559 4463 676 4519 est?
899 4449 907 4453 ’
1931 4449 1934 4452 ’

404 4555 627 4614 CAPUT
658 4555 719 4610 ll.
742 4585 814 4624 —_
838 4554 938 4626 fles
959 4553 1251 4625 exploratur
1271 4569 1335 4608 ea:
1361 4562 1593 4630 conterui
1623 4552 1923 4623 Scriptum.

440 4650 493 4706 ’5.
528 4650 862 4728 ᾼςείρὶιιιιιιιε
881 4665 1006 4718 ergo
1032 4665 1153 4702 eum
1180 4657 1332 4704 sexto
1367 4648 1480 4716 ipso
1509 4646 1594 4701 dio
1623 4649 1672 4700 in
1700 4648 1796 4703 bac
1829 4665 1948 4718 per-

369 4744 550 4815 spicua
580 4742 876 4811 visibilique
908 4743 1071 4796 forma
1111 4741 1179 4797 de
1218 4742 1343 4795 limo
1387 4741 1600 4794 tinctum
1628 4741 1664 4806 ⁸,
1696 4742 1786 4796 sed
1824 4753 1950 4798 tunc

370 4853 484 4914 non.
515 4817 988 4910 commemoratum
1025 4834 1163 4904 quod
1199 4850 1338 4889 nunc
1381 4834 1779 4904 recapitulaudo
1823 4835 1950 4890 iusi-

369 4940 582 4998 nuatur,
615 4935 670 5006 et
699 4927 972 4993 videamus
1003 4939 1176 4984 utrum
1219 4929 1491 5006 nobiscum
1523 4929 1633 5006 ipsa
1674 4928 1946 5000 Scriptura

369 5003 675 5096 mncordct.
719 5022 808 5077 Sic
846 5005 992 5078 certe
1036 5023 1289 5092 scriptum
1329 5003 1430 5082 est.
1477 5004 1596 5079 cum
1639 5023 1813 5079 adhuc
1840 5024 1946 5079 diei

369 5113 503 5166 sexti
529 5095 692 5183 opera
716 5124 1059 5168 narrarentur
1093 5133 1106 5168 τ
1135 5113 1197 5166 Et
1225 5113 1349 5166 dixit
1376 5112 1534 5180 Deus,
1567 5111 1836 5168 Faciamus
1857 5115 1948 5170 Ιιο-

371 5201 554 5255 minem
572 5201 640 5254 ad
660 5202 928 5273 imaginem
956 5213 1001 5256 et
1027 5203 1404 5258 similitudinem
1427 5189 1681 5268 nostram;
1703 5215 1746 5258 ct
1772 5206 1950 5259 habent

374 5301 664 5360 potestatem
699 5293 912 5364 piscium
944 5294 1099 5348 maris
1122 5301 1168 5346 et
1195 5293 1467 5346 rolatilinm
1499 5295 1629 5354 caeli,
1662 5304 1707 5348 et
1727 5297 1949 5351 omnium

374 5404 628 5455 pecorum,
650 5395 699 5442 et
727 5383 890 5437 omnis
917 5393 1084 5451 (errat,
1105 5391 1151 5437 et
1169 5383 1392 5437 ontnium
1428 5386 1705 5455 repentium
1734 5402 1848 5456 qua:
1866 5405 1948 5442 re-

373 5489 496 5550 punt
523 5495 675 5549 super
697 5489 902 5535 terram.
922 5475 988 5531 Et
1004 5477 1119 5549 fecit
1139 5474 1278 5531 Deus
1297 5475 1570 5544 hominem,
1593 5478 1662 5533 ad
1681 5480 1951 5552 imaginem

436 5587 1613 5662 'u'.mgd.Ven.mv.|ticetpasim,factton.
1675 5596 1733 5642 ιι.

2069 881 2178 982 Daci
2201 886 2319 957 fecit
2347 906 2493 958 cum;
2518 897 2797 966 masculum
2821 909 2874 972 et,
2887 903 3129 972 {auinam
3155 909 3278 980 fecit
3299 927 3408 982 eos,
3431 924 3481 968 et
3507 914 3661 982 bene;

2069 975 2198 1078 dixit
2237 998 2321 1037 eos
2357 982 2514 1051 Deus,
2546 990 2717 1058 dicens
2745 1008 2766 1047 :
2789 991 3009 1053 Crescite
3043 1008 3092 1056 ct
3121 975 3538 1073 multiplicamini
3557 1054 3574 1075 ,

2069 1070 2270 1170 implete
2289 1086 2494 1147 terram,
2521 1092 2566 1136 ct
2586 1083 2918 1142 dominamini
2934 1091 3078 1160 ejus;
3096 1105 3142 1149 et
3166 1070 3341 1154 habete
3357 1070 3658 1170 potestatem

2070 1169 2282 1271 piscium
2312 1174 2486 1241 maris,
2517 1184 2562 1229 et
2593 1177 2869 1234 rolatilitttn
2895 1183 3025 1247 coeli,
3052 1195 3100 1244 et
3122 1169 3365 1246 omnium
3392 1211 3654 1266 pecorum,

2070 1265 2116 1314 ct
2145 1265 2306 1314 omnis
2316 1271 2514 1360 "terrm,
2552 1275 2600 1334 et
2629 1270 2853 1326 euntium
2894 1275 3150 1343 reptilinm
3185 1284 3472 1350 repentium
3509 1304 3658 1360 super

2070 1355 2252 1408 terram
2286 1349 2435 1422 (Cen.
2476 1371 2528 1422 ι,
2556 1355 2768 1430 26-28).
2799 1360 2915 1418 Jatn
2961 1381 3092 1437 ergo
3125 1367 3194 1425 de
3237 1371 3367 1428 limo
3398 1349 3658 1440 formatus

2070 1449 2214 1506 erat,
2259 1451 2323 1534 et
2358 1445 2430 1500 illi
2461 1446 2570 1515 jam
2602 1462 2851 1523 soporato
2877 1457 3067 1513 mulier
3090 1475 3157 1523 ex
3188 1461 3353 1518 latere
3377 1465 3492 1534 jam
3521 1468 3655 1531 facta

2069 1539 2200 1596 erat,
2235 1533 2328 1592 sed
2367 1535 2470 1593 boc
2509 1548 2634 1596 tunc
2673 1557 3145 1611 commemoratum
3185 1567 3292 1608 non
3328 1567 3472 1624 erat,
3515 1561 3655 1629 quod

2069 1637 2213 1682 nunc
2243 1629 2639 1718 recapitulaudo
2672 1649 3144 1710 commemoratum
3169 1653 3271 1700 est.
3297 1646 3488 1718 Neque
3512 1653 3652 1712 enim

2069 1722 2219 1768 sexto
2256 1716 2341 1812 die
2381 1718 2550 1778 factus
2575 1732 2658 1779 est
2686 1729 2951 1786 masculus
2974 1771 2993 1800 ,
3035 1741 3090 1800 et
3132 1749 3354 1794 accessu
3399 1716 3655 1812 temporis

2069 1815 2248 1873 postea
2277 1808 2411 1864 facta
2440 1811 2666 1880 femina;
2694 1817 2788 1884 sed
2814 1819 2930 1886 fecit
2971 1839 3106 1891 eum,
3140 1826 3344 1896 inquit;
3372 1808 3656 1898 masculum

2066 1905 2115 1997 et
2160 1899 2400 1997 feminam
2440 1903 2557 1971 fecit
2593 1922 2707 1974 eos,
2734 1919 2780 1966 et
2808 1909 3056 1982 benedixit
3087 1934 3190 1978 eos.
3217 1919 3502 1987 Quomodo
3530 1941 3654 1996 ergo

2063 1989 2172 2055 jam
2205 1989 2416 2047 nomine
2441 1994 2493 2049 in
2522 2000 2765 2066 paradiso
2780 2005 3066 2072 constituto
3091 2011 3281 2068 mulier
3299 2015 3349 2070 ei
3379 2015 3514 2072 facta
3542 1989 3656 2076 est!

2068 2079 2148 2136 An
2188 2083 2385 2182 etltoc
2433 2094 2850 2160 prtetcrtuissunt
2896 2097 3168 2170 Scriptura
3215 2107 3480 2164 recoluit?
3524 2109 3658 2182 Νηιη

2066 2184 2218 2265 sexto
2263 2177 2352 2232 illo
2387 2179 2472 2236 die
2513 2183 2679 2248 etiam
2728 2189 3000 2256 paradisus
3041 2195 3302 2262 plantatus
3331 2209 3447 2265 est,
3489 2211 3542 2256 et
3584 2177 3656 2264 ibi

2066 2264 2228 2322 homo
2265 2271 2558 2340 collocatus
2599 2285 2704 2344 est.
2731 2288 2786 2354 et
2810 2295 3090 2350 saporatus
3123 2296 3288 2350 estut
3316 2264 3438 2346 Eva
3459 2292 3652 2348 forma-

2066 2371 2232 2453 rctur,
2252 2371 2306 2420 ct
2325 2381 2384 2422 ea
2417 2365 2638 2428 formata
2665 2373 2950 2444 evigilavit,
2977 2377 3132 2449 eique
3158 2395 3353 2452 nomen
3378 2384 3647 2453 imposuit.

2063 2452 2166 2508 Sed
2211 2454 2326 2546 lure
2365 2457 2465 2512 nisi
2508 2475 2603 2529 per
2639 2466 2958 2532 temporales
2995 2485 3172 2528 moras
3215 2473 3330 2540 fieri
3370 2452 3480 2538 non
3527 2492 3649 2546 pos-

2064 2552 2201 2598 sent.
2232 2543 2348 2601 Non
2375 2547 2553 2620 itaque
2580 2551 2650 2606 ita
2673 2550 2810 2612 facta
2824 2566 2967 2624 sunt,
2981 2559 3120 2629 sicut
3135 2573 3312 2626 creata
3330 2575 3462 2626 sunt
3475 2543 3650 2631 omnia

2063 2633 2241 2692 simul.

2061 2723 2287 2800 CAPUT
2326 2726 2412 2784 Ill.
2439 2759 2512 2771 —-
2543 2730 2967 2837 Eqdant‘qua‘s-tio
2995 2756 3059 2806 ea;
3081 2743 3198 2800 aliis
3220 2745 3346 2814 locis
3370 2747 3648 2837 Scriptum

2725 2827 3010 2900 discutitur.

2131 2908 2185 2964 4.
2213 2908 2606 3004 Quantamlibct
2631 2917 2778 2976 enim
2805 2919 2963 2976 homo
2991 2923 3186 2994 cogitet
3221 2926 3526 3000 facilitatem
3548 2948 3646 3004 qua

2063 2998 2204 3090 pcus
2229 3002 2384 3055 ctiatn
2424 3005 2534 3066 bare
2565 3006 2721 3072 simul
2748 3024 2866 3072 cum
2896 3016 3103 3074 θεωρῇς
3131 3014 3273 3081 fecit,
3313 2998 3478 3080 verba
3505 2998 3646 3090 certe

2062 3089 2292 3145 hominis
2320 3094 2584 3164 novimus,
2617 3100 2716 3154 nisi
2749 3115 2844 3169 per
2875 3107 3194 3173 temporales
3223 3113 3463 3172 morulas
3482 3089 3644 3170 emitti

2061 3201 2194 3243 vocc
2232 3204 2335 3242 non
2385 3206 2558 3259 poSsc.
2590 3192 2722 3250 Cum
2756 3211 2883 3272 ergo
2914 3200 3071 3264 verba
3102 3200 3331 3276 nominis
3360 3207 3600 3262 audimus
3623 3247 3639 3274 ,

2063 3277 2148 3330 vel
2176 3291 2296 3332 cum
2323 3281 2708 3350 animantilnts,
2742 3287 2825 3350 vel
2864 3297 2982 3362 cum
3013 3292 3224 3347 mulieri
3249 3312 3448 3350 nomen
3479 3298 3639 3366 impo-

2060 3367 2185 3430 suit,
2217 3369 2297 3422 vel
2326 3386 2446 3425 cum
2475 3385 2690 3445 secutus
2729 3378 2890 3456 etiam
2926 3379 3090 3456 dixit,
3127 3381 3341 3454 Promcr
3371 3388 3467 3444 Itoc
3492 3390 3639 3442 retin-

2058 3470 2172 3544 quet
2196 3461 2343 3525 homo,
2370 3475 2561 3535 patrem
2582 3485 2728 3534 suum
2754 3482 2800 3550 et
2820 3482 3052 3548 matrem,
3073 3485 3119 3534 et
3143 3455 3479 3550 coniungatur
3504 3480 3641 3536 uxori

2059 3565 2197 3645 sine;
2222 3564 2266 3604 et
2288 3566 2432 3608 crum
2455 3556 2654 3632 dno'in
2679 3577 2828 3638 carne
2853 3579 2952 3642 una
2981 3563 3126 3636 (Gen.
3155 3583 3212 3633 tt,
3233 3568 3361 3642 $24);
3387 3572 3636 3645 quilntsli;

2060 3641 2148 3734 bet
2192 3646 2409 3715 syllabis
2442 3648 2536 3702 ista
2565 3653 2871 3734 sonucriut,
2913 3672 3014 3734 nec
3052 3658 3171 3714 dure
3206 3641 3559 3734 quzrcutuque
3587 3641 3638 3718 in

2060 3732 2142 3787 his
2174 3737 2348 3790 verbis
2381 3737 2604 3808 syllalnu
2640 3741 2800 3797 simul
2843 3732 3034 3820 sonare
3068 3733 3370 3819 potuerunt
3403 3773 3417 3808 :
3447 3732 3637 3826 quanto

2059 3828 2232 3884 minus
2279 3826 2391 3882 lnrc
2435 3832 2612 3890 omnia
2657 3848 2775 3890 cum
2817 3836 2883 3894 iis
2922 3855 3040 3908 qua:
3084 3842 3238 3902 simul
3269 3857 3450 3904 creata
3478 3856 3634 3912 sunt,

2058 3916 2212 3972 simul
2243 3919 2397 3974 fieri?
2423 3922 2498 3977 Ac
2525 3938 2619 3998 per
2652 3923 2774 3989 hoc,
2805 3937 2896 3984 aut
2922 3939 2976 3986 et
3017 3932 3101 3986 illa
3130 3934 3306 3988 omnia
3335 3952 3444 3992 non
3483 3935 3633 3990 simul

2056 4008 2125 4062 ab
2170 4009 2284 4080 ipso
2328 4025 2538 4067 sununo
2581 4017 2804 4072 exordio
2844 4023 3178 4086 secutorum.
3219 4027 3312 4083 st-d
3344 4044 3442 4098 per
3467 4041 3634 4088 moras

2056 4105 2216 4170 atque
2266 4101 2538 4159 intervalla
2589 4115 2884 4176 temporum
2927 4111 3059 4168 facta
3105 4125 3256 4184 sunt,
3303 4103 3524 4190 diesque
3553 4118 3633 4174 ille

2057 4206 2162 4246 non
2208 4193 2465 4263 Spirituali
2496 4199 2587 4265 sed
2617 4204 2875 4270 corporali
2911 4205 3202 4276 substantia
3248 4191 3476 4280 primum
3512 4227 3634 4267 cutt-

2056 4281 2231 4350 ditus,
2277 4287 2361 4340 vel
2405 4288 2626 4344 circuitu
2668 4291 2798 4360 lucis
2828 4279 3006 4367 nescio
3032 4285 3332 4368 quomodo,
3365 4304 3448 4357 νυι
3475 4302 3630 4357 cmis-

2057 4374 2205 4453 sione
2233 4387 2287 4432 et
2319 4381 2706 4466 contractione,
2744 4399 2899 4448 mane
2941 4402 3004 4448 ac
3046 4405 3319 4460 vesperam
3369 4393 3625 4454 faciebat:

2055 4476 2146 4521 aut
2183 4469 2226 4522 si
2254 4470 2605 4526 consideratis
2631 4475 2875 4544 omnibus
2902 4493 3020 4547 qua:
3046 4481 3406 4549 superioribus
3433 4496 3628 4540 sermo-

1971 4621 1983 4634 .
2055 4559 2209 4613 nibus
2229 4570 2512 4630 petractata
2536 4573 2679 4629 sunt,
2711 4567 2995 4641 probabilis
3020 4573 3153 4622 ratio
3175 4576 3457 4640 persuasit,
3485 4572 3627 4626 illum

2054 4651 2195 4706 dictu
2238 4654 2563 4724 spiritualcnt
2605 4649 2906 4726 sublimiter
2957 4678 3020 4718 ac
3071 4665 3312 4733 primitus
3363 4667 3624 4724 conditum

2056 4743 2224 4799 lucem
2249 4746 2529 4815 qu-tmdun
2552 4751 2844 4821 sapientem
2867 4741 3105 4832 vocatum
3140 4771 3258 4814 esse
3291 4759 3454 4825 diem,
3483 4756 3626 4827 cujus

2056 4839 2336 4908 prmscntia
2369 4854 2462 4906 per
2494 4842 2787 4897 ordinatam
2817 4847 3170 4916 Cognitioncm
3213 4853 3499 4908 Cottditioni
3542 4864 3622 4906 re-

2053 4942 2169 5006 rum
2205 4927 2254 4980 in
2287 4946 2507 4984 numero
2533 4933 2742 5012 senario
2781 4936 3139 5003 an-bcretur;
3171 4951 3328 5012 atque
3357 4943 3476 4997 buic
3502 4954 3619 4997 sen-

2055 5021 2232 5100 tentia:
2270 5021 2555 5093 Scriptum:
2595 5026 2752 5082 verba
2799 5043 3091 5100 congruere
3132 5011 3271 5106 quod
3307 5036 3380 5092 ait
3419 5014 3619 5106 postea.

2055 5111 2184 5204 (iam
2231 5118 2394 5186 [actus
2434 5127 2503 5191 est
2537 5117 2672 5192 dies,
2719 5121 2834 5190 fecit
2876 5120 3014 5176 Deus
3056 5125 3235 5179 etclam
3263 5137 3310 5180 et
3339 5137 3536 5188 terram,
3579 5127 3622 5174 et

2053 5221 2200 5284 omne
2227 5205 2386 5259 viride
2412 5208 2524 5278 agri
2560 5219 2828 5282 antequam
2855 5223 2980 5266 esset
3008 5231 3159 5285 super
3185 5226 3387 5283 terram,
3417 5226 3462 5270 et
3487 5225 3622 5269 omne

2054 5298 2225 5366 fenum
2263 5296 2372 5368 agri
2405 5309 2672 5369 antequam
2697 5303 3184 5374 exoriretur(lbid.,
3208 5305 3332 5376 4.5)
3356 5326 3370 5370 ,
3395 5297 3616 5359 attestari

2053 5388 2212 5442 etiam
2241 5387 2382 5458 quod
2420 5390 2546 5444 alibi
2587 5394 2839 5462 scriptum
2867 5404 2970 5459 est,
3001 5395 3101 5459 Qui
3125 5396 3242 5450 vivit
3268 5397 3321 5451 in
3344 5406 3576 5450 a'ternum
3599 5427 3614 5452 ν

2054 5479 2235 5533 crearit
2262 5480 2433 5534 omnia
2455 5481 2608 5538 simul
2631 5481 2818 5557 (Eccli.
2849 5499 3001 5553 xvnt,
3030 5486 3083 5556 1)
3115 5503 3130 5540 :
3161 5501 3273 5543 non
3294 5497 3378 5546 est
3413 5482 3614 5543 dubium

2117 5593 3057 5660 ‘HSS.pt-opeomnes,eterwuatnbo.
