3902 6308
165 205 269 267 541

163 329 273 387 hoc
300 321 437 396 quod
475 320 639 375 homo
670 311 740 377 de
773 308 904 367 limo
932 314 1091 364 terra:
1118 303 1309 361 tinctus
1334 307 1445 396 est,
1464 296 1618 368 eique
1645 293 1756 351 for-

165 392 473 475 matatuxor
509 428 575 468 ex
616 411 801 472 latere,
846 405 953 474 jam
998 414 1101 455 non
1142 397 1209 453 ad
1251 392 1609 452 conditionem
1654 401 1759 459 qua

165 508 334 568 simul
373 504 551 559 omnia
592 502 725 556 facta
755 507 904 562 sunt,
948 494 1250 565 pertinere,
1279 488 1473 559 quibus
1508 480 1761 557 perfectis

165 599 431 673 requievit
458 598 631 658 Deus;
664 592 757 651 sed
780 591 845 645 ad
867 606 984 648 eam
1012 586 1400 659 operationem,
1428 598 1545 654 quae
1564 579 1622 635 lit
1646 577 1759 659 jam

166 710 267 768 per
296 689 558 746 volumina
593 684 930 749 smculorum,
961 695 1064 751 qua
1103 693 1270 750 usque
1307 690 1447 731 nunc
1488 682 1757 743 operatur.

244 787 306 847 5.
332 784 445 840 Iluc
472 778 678 837 accedit
714 775 855 851 quod
892 774 1005 846 ipsa
1049 773 1207 827 etiam
1235 768 1395 825 verba
1420 766 1609 838 quibus
1634 780 1762 819 nar~

169 888 324 937 ratur
346 871 615 947 quomodo
647 869 786 925 Deus
813 866 1111 938 paradisum
1137 860 1475 937 plantaverit,
1506 859 1559 915 in
1589 872 1763 929 coque

170 972 445 1029 hominem
475 980 631 1037 quem
656 960 855 1017 feccmt
878 954 1171 1019 collocarit,
1194 952 1257 1007 ad
1280 966 1508 1020 cumque
1530 950 1764 1005 adduve-

173 1066 242 1121 rit
265 1059 536 1121 animalia,
566 1054 756 1127 quibus
780 1051 991 1105 nomina
1016 1049 1331 1116 imponeret,
1357 1045 1407 1099 in
1430 1042 1621 1114 quibus
1641 1054 1763 1095 cum

174 1155 499 1228 adjutorium
526 1149 701 1205 simile
744 1145 821 1199 illi
864 1158 968 1198 non
1013 1141 1197 1196 fuisset
1241 1138 1531 1203 inventum,
1563 1144 1687 1189 tunc
1712 1131 1765 1215 ei

175 1251 454 1306 mulierem
490 1251 638 1297 costa
691 1239 808 1308 ejus
844 1236 1080 1291 detracta
1127 1230 1452 1293 formaverit,
1500 1228 1630 1283 satis
1668 1240 1767 1281 nos

175 1342 469 1396 admonent
501 1335 614 1391 lucc
650 1328 756 1386 non
801 1326 867 1383 ad
912 1327 1053 1381 illam
1085 1322 1446 1392 operationem
1479 1320 1569 1375 Dei
1600 1318 1767 1391 perti-

175 1446 329 1495 nere,
360 1426 503 1483 uude
546 1408 807 1493 requievit
848 1416 900 1472 in
947 1416 1037 1471 dic
1073 1414 1321 1484 septimo,
1364 1410 1456 1465 sed
1501 1410 1566 1464 ad
1611 1410 1767 1464 istam

178 1521 357 1593 potius
386 1532 487 1589 qua
534 1530 628 1586 per
664 1522 963 1581 temporum
993 1521 1181 1561 cursus
1214 1519 1381 1574 usque
1410 1516 1549 1556 nunc
1575 1515 1768 1571 opera-

180 1591 286 1667 tur.
315 1608 449 1665 Cum
482 1607 621 1661 enim
654 1602 930 1675 paradisus
962 1599 1310 1670 plautarct’ur,
1343 1596 1413 1648 ita
1446 1604 1628 1648 narrat
1657 1610 1670 1645 :
1702 1591 1770 1647 Et

181 1701 428 1777 plantavit
460 1698 594 1753 Deus
623 1696 914 1769 paradisum
946 1693 999 1747 in
1030 1690 1175 1745 Edon
1205 1689 1273 1742 ad
1303 1690 1564 1751 orientem,
1590 1696 1638 1741 et
1674 1701 1769 1757 po-

180 1798 277 1852 suit
307 1794 379 1848 ibi
408 1790 660 1845 hominem
701 1803 851 1863 quem
889 1785 1124 1855 ﬁnxerat.
1156 1780 1222 1837 Ει
1248 1782 1390 1852 ejecit
1434 1779 1568 1833 Deus
1605 1780 1772 1832 adhuc

182 1872 243 1943 de
269 1898 404 1941 terra
435 1900 581 1938 omne
609 1882 801 1951 lignum
830 1877 1096 1951 pulo/trum
1124 1874 1191 1928 ad
1219 1883 1495 1949 aspectum,
1520 1882 1565 1925 et
1588 1872 1774 1925 bonum

182 1964 250 2034 ad
278 1994 446 2035 escam
478 1973 625 2046 (Gen.
651 1989 709 2038 ιι,
732 1972 786 2034 8,
816 1971 896 2039 9).

250 2069 483 2128 CAPUT
520 2067 608 2122 IV.
641 2096 715 2108 —
742 2064 887 2119 Idem
913 2061 1213 2132 expeudilur
1230 2058 1301 2113 aa’
1326 2055 1453 2113 Cen.
1476 2073 1533 2123 tt,
1565 2056 1618 2117 8.
1645 2056 1699 2112 9.

252 2163 390 2220 Cum
420 2160 548 2216 dicit
575 2174 732 2231 ergo,
765 2154 927 2229 Ejecit
964 2155 1129 2207 adhuc
1154 2152 1217 2205 de
1242 2162 1375 2205 terra
1400 2167 1547 2204 omne
1583 2150 1777 2219 lignum

186 2257 458 2331 pulchrum
483 2252 551 2306 ad
574 2261 866 2321 aspectum;
901 2246 1197 2301 manifestat
1225 2245 1403 2311 utique
1441 2241 1579 2314 quod
1624 2242 1778 2295 aliter

185 2365 329 2406 nunc
365 2345 579 2416 eiecerit
607 2343 674 2398 de
705 2352 840 2397 term
872 2339 1090 2411 lignum,
1120 2336 1274 2391 aliter
1313 2344 1437 2388 tunc
1474 2348 1591 2386 eum
1622 2331 1779 2389 tertio

187 2441 273 2509 die
301 2414 551 2511 produxit
582 2446 719 2492 terra
760 2414 977 2489 herbam
1006 2428 1204 2500 pabuli,
1226 2426 1576 2483 seminantcm
1596 2438 1779 2478 semen

186 2532 486 2590 secundum
512 2543 679 2600 genus
706 2540 881 2590 suum,
912 2532 966 2597 et
995 2522 1193 2592 lignum
1227 2518 1551 2575 fructuosum
1585 2529 1779 2569 secun-

190 2624 317 2682 dum
346 2638 501 2681 suum
526 2636 713 2691 genus.
744 2617 859 2674 lloc
884 2625 965 2670 cst
991 2614 1153 2675 enim,
1184 2609 1348 2680 lz'jecit
1376 2610 1544 2661 adium
1564 2648 1580 2673 ,
1621 2622 1783 2678 super

190 2719 318 2785 illud
370 2715 571 2772 scilicet
600 2711 739 2783 quod
774 2710 883 2782 jam
912 2708 1143 2778 cjcccrat
1171 2725 1187 2764 :
1221 2714 1347 2758 tunc
1388 2702 1564 2773 utique
1593 2710 1781 2770 poten-

192 2792 392 2869 tialiter
428 2818 483 2872 et
524 2806 805 2865 causaliter
844 2803 897 2860 in
935 2817 1097 2872 opere
1128 2798 1423 2871 pertinente
1460 2797 1525 2853 ad
1556 2794 1783 2852 creanda

192 2886 374 2963 omnia
405 2899 596 2963 simul,
632 2897 885 2967 aquibus
924 2892 1306 2949 consummatis
1341 2891 1391 2946 in
1428 2889 1516 2947 die
1558 2889 1784 2958 Septimo

192 2976 498 3069 requievit;
531 3005 669 3047 nunc
701 2999 879 3045 autem
907 2986 1183 3042 visibiliter
1210 2984 1260 3039 in
1289 2998 1450 3052 opere
1489 2981 1786 3052 pertinente

192 3089 257 3157 ad
293 3098 601 3157 temporum
620 3096 853 3143 cursum,
884 3079 1019 3133 sicut
1046 3091 1215 3148 usque
1242 3089 1382 3129 nunc
1406 3080 1675 3143 operatur.

274 3181 333 3238 ϐ.
366 3178 475 3234 Nisi
503 3176 639 3232 forte
667 3175 784 3245 quis
809 3171 952 3243 dicat
974 3186 1078 3224 non
1106 3182 1264 3223 omne
1293 3165 1416 3238 ligni
1439 3179 1605 3237 genus
1628 3161 1788 3217 tertio

196 3278 281 3336 die
299 3288 568 3337 creatum,
590 3271 681 3327 sed
699 3270 917 3325 dilatant
941 3264 1138 3338 aliquid
1156 3262 1294 3335 quod
1320 3273 1469 3318 sexto
1489 3267 1784 3331 crearetur,

198 3384 318 3426 cum
373 3362 535 3420 homo
578 3362 747 3419 factus
775 3368 857 3415 est
883 3366 1043 3429 atque
1074 3357 1127 3412 in
1157 3354 1401 3426 paradiso
1444 3351 1785 3407 conStitutus.

199 3445 299 3519 Sed
332 3475 457 3530 qua:
481 3464 635 3513 sexto
661 3454 746 3508 die
770 3460 946 3508 creata
973 3457 1118 3512 sunt,
1148 3445 1484 3519 apertissime
1516 3442 1789 3509 Scriptura

201 3554 472 3616 declarat;
496 3549 669 3603 anima
689 3546 805 3601 viva
835 3544 1042 3601 scilicet
1066 3540 1355 3596 secundum
1380 3533 1791 3607 unumquodque

200 3660 399 3721 genus,
431 3639 830 3713 quadrupedum
876 3644 931 3692 et
975 3634 1270 3701 repentium
1299 3640 1352 3687 ct
1380 3630 1665 3686 bestiarum
1689 3668 1704 3690 ,
1737 3634 1794 3683 et

202 3720 319 3808 ipse
362 3733 522 3789 homo
575 3730 643 3785 ad
692 3730 970 3798 imaginem
1019 3726 1109 3781 Dei
1162 3723 1427 3783 masculus
1474 3730 1528 3776 ct
1575 3720 1788 3774 femina.

203 3810 438 3887 Proinde
465 3823 634 3895 potuit
673 3819 1073 3891 przetermittcrc
1101 3813 1368 3885 quomodo
1401 3814 1465 3868 sit
1512 3811 1671 3865 homo
1714 3810 1791 3867 la-

202 3898 346 3981 ctus,
375 3930 532 3989 quem
561 3923 735 3969 tamen
762 3914 876 3980 ipso
902 3908 986 3963 die
1014 3907 1208 3960 factum
1228 3919 1346 3961 c5sc
1368 3904 1618 3970 narravit,
1637 3911 1791 3958 utre-

205 4009 554 4083 capitulando
576 4017 779 4079 postea,
804 4000 1248 4075 quemadmodum
1271 3998 1429 4053 ctiam
1449 3998 1614 4051 laetus
1642 3995 1797 4050 fuerit

207 4108 506 4179 intimaret,
536 4102 641 4157 boc
667 4108 750 4156 οει
777 4099 846 4153 de
873 4108 1026 4150 terra:
1068 4093 1306 4163 pulvere,
1339 4099 1392 4145 et
1419 4089 1607 4143 mulier
1633 4088 1704 4141 iili
1732 4088 1797 4141 de

207 4200 416 4267 latere;
444 4212 551 4255 non
577 4204 751 4253 tamen
776 4188 987 4261 aliquod
1006 4196 1265 4241 creaturae
1294 4198 1459 4254 genus
1485 4182 1801 4252 prietermit-

210 4298 352 4356 lere,
380 4288 467 4343 vel
495 4288 545 4341 in
576 4300 640 4342 eo
667 4283 805 4353 quod
836 4282 969 4336 dixit
990 4281 1149 4345 Deus,
1174 4277 1313 4341 Fiat,
1339 4277 1483 4351 sive,
1504 4275 1797 4341 Faciamus,

212 4382 299 4439 vel
329 4381 385 4439 in
428 4394 494 4434 eo
529 4376 668 4448 quod
708 4374 927 4439 dicitur,
962 4372 1050 4427 Sic
1086 4380 1157 4426 est
1196 4373 1386 4443 tactum
1410 4410 1433 4441 ,ν
1473 4368 1614 4433 sive,
1660 4366 1801 4420 Fecit

214 4473 377 4549 Qqua,
405 4469 649 4540 Alioquin
668 4467 857 4522 frustra
888 4480 981 4535 per
1004 4464 1239 4535 singulos
1261 4461 1374 4516 dies
1395 4468 1501 4516 tam
1523 4460 1803 4528 dingenter

214 4564 479 4641 distincta,
516 4568 641 4635 sunt
677 4558 876 4623 omnia,
906 4556 952 4629 si
994 4553 1358 4624 permixtiouis
1395 4550 1598 4607 dierum
1632 4556 1807 4620 potest

368 4650 606 4723 suSpicio
646 4649 898 4711 residere,
932 4656 990 4702 ιιι
1015 4661 1136 4701 cum
1167 4642 1330 4699 bet-ba
1359 4650 1415 4715 et
1456 4642 1651 4712 lignum
1700 4639 1806 4696 dici

222 4744 385 4819 tertio
432 4743 504 4813 sit
540 4740 889 4805 attributum,
937 4737 1112 4807 aliqua
1157 4734 1296 4804 ligna
1341 4734 1499 4801 etiam
1542 4742 1693 4799 sexto
1722 4730 1807 4786 die

222 4843 406 4897 erata
432 4848 553 4905 esse
578 4830 893 4896 credamus,
928 4844 1045 4899 qua:
1082 4829 1199 4898 ipso
1235 4835 1388 4881 sexto
1414 4823 1503 4880 die
1535 4823 1807 4895 Scriptum

227 4925 475 4983 tacuerit.

603 4991 830 5069 CAPUT
865 4990 931 5047 V.
957 5020 1031 5033 -—
1056 4990 1135 5046 De
1159 4988 1331 5044 eadem
1359 5005 1434 5059 re.

298 5089 357 5161 7.
381 5086 662 5161 Postremo
691 5084 815 5157 quid
842 5082 1282 5154 respondebimus
1304 5081 1370 5136 de
1390 5080 1572 5137 bestiis
1594 5080 1726 5153 agri,
1757 5089 1813 5137 ct

232 5178 538 5255 volatilibus
564 5176 707 5252 cadi,
735 5192 852 5251 qua:
878 5174 1095 5229 adduxit
1139 5174 1279 5229 Deus
1321 5173 1387 5227 ad
1432 5173 1621 5245 Adam,
1650 5184 1705 5227 ut
1731 5173 1814 5228 vi-

237 5256 525 5341 det-etquid
546 5285 607 5325 ea
631 5266 881 5343 vocaret?
907 5266 1056 5335 Quod
1082 5266 1153 5321 ita
1179 5266 1433 5337 scriptum
1455 5274 1572 5322 est:
1602 5264 1667 5320 Et
1688 5266 1815 5321 dixit

242 5362 486 5435 Dominus
522 5362 660 5435 Deus
675 5378 693 5426 ;
721 5359 842 5431 Non
878 5368 951 5416 est
992 5359 1176 5414 bonum
1199 5376 1309 5415 esse
1336 5358 1593 5421 hominem
1612 5357 1816 5425 solum;

246 5458 489 5518 faciamus
530 5454 610 5511 illi
663 5453 971 5527 adjutorium
1012 5451 1288 5509 secundum
1327 5451 1513 5524 ipsum.
1558 5451 1625 5506 Et
1672 5452 1820 5523 ﬁnxit

245 5548 391 5625 Qqua;
417 5547 586 5623 adhuc
618 5547 684 5623 de
706 5556 841 5603 terra
864 5561 1035 5619 omnes
1061 5544 1240 5623 bestias
1259 5544 1387 5619 agri,
1416 5553 1466 5600 et
1489 5544 1658 5615 omnia
1676 5543 1820 5603 cola-

401 5642 557 5719 “!Bs
593 5650 649 5718 ξι
942 5638 1039 5698 iu“
1074 5637 1147 5712 οό
1186 5637 1376 5712 Αάαὲηι
1404 5637 1671 5709 “(videret
1697 5637 1823 5723 quid

1566 175 1774 236 LIBER
1805 173 2095 239 SEXTUS.

3338 187 3450 246 δη

1862 322 2061 370 vocaret
2095 313 2189 371 illa
2213 328 2236 371 :
2259 322 2310 377 et
2334 330 2483 373 omne
2501 315 2848 391 quodcumque
2882 316 3015 374 illud
3037 320 3229 376 vocavit
3271 320 3440 377 Adam

1863 408 2087 461 animam
2131 408 2312 475 ricam,
2358 408 2452 463 hoc
2479 426 2659 466 nomen
2685 420 2757 466 est
2786 410 2942 465 illius.
2975 394 3037 464 Et
3064 412 3252 466 vocarit
3280 412 3453 487 Adam‘

1865 500 2070 554 nomina
2098 500 2327 555 omnibus
2357 501 2616 571 pecoribus
2643 509 2689 558 ct
2713 501 2941 556 euntibus
2975 501 3268 558 rolatilibus
3293 504 3403 559 cali
3426 544 3446 569 ,

1865 599 1912 645 et
1946 592 2177 645 omnibus
2226 592 2392 646 bestiis
2424 592 2555 664 agri.
2605 592 2727 648 Ade:
2752 603 2919 649 autem
2964 609 3065 649 non
3109 603 3183 649 est
3222 578 3453 661 inventus:

1866 683 2073 756 adjutor
2121 685 2301 741 similis
2352 686 2468 758 ipsi.
2519 683 2586 740 Et
2627 684 2798 758 injecit
2857 683 2997 740 Deus
3037 688 3214 741 tuentis
3257 668 3456 741 aliena;

1868 776 2051 835 tionent
2077 792 2228 847 super
2250 776 2434 837 Adam,
2463 786 2510 831 et
2537 774 2866 841 obdormivit,
2888 786 2935 830 et
2967 777 3179 848 sumpsit
3200 793 3354 830 unam
3391 776 3457 832 de

1868 867 2018 921 costis
2044 868 2175 937 ejus,
2209 879 2255 921 et
2285 868 2573 937 adimplevit
2594 883 2797 922 carnem
2821 867 2871 920 in
2896 867 3063 921 locum
3090 868 3219 937 ejus,
3257 878 3301 920 et
3328 866 3456 922 tedi-

1869 959 2037 1029 ficarit
2069 958 2316 1012 Dominus
2342 959 2474 1013 Deus
2500 968 2709 1022 costam,
2738 975 2887 1028 quant
2924 958 3135 1027 sumpsit
3164 958 3226 1010 de.
3249 957 3454 1025 Adam,

1868 1049 1921 1104 in
1946 1050 2201 1103 mulierem
2231 1048 2381 1116 (Cen.
2414 1066 2482 1117 ιι,
2518 1049 2718 1118 18-29.).
2756 1048 2809 1105 Si
2858 1066 2985 1119 ergo
3022 1058 3453 1118 eonseqttenter,

1870 1162 1990 1221 cum
2038 1149 2089 1202 in
2139 1148 2419 1219 pecoribus
2462 1158 2516 1203 ct
2556 1140 2736 1201 bestiis
2765 1146 2875 1214 agri
2904 1154 2957 1199 ct
2985 1145 3285 1199 volatilibus
3331 1143 3456 1200 cmli

1870 1257 1979 1297 non
2006 1251 2147 1298 esset
2177 1242 2446 1296 inventum
2476 1240 2795 1307 adjutorium
2836 1238 3011 1293 simile
3058 1236 3281 1300 homini,
3332 1236 3458 1301 fecit

1871 1334 1918 1390 ei
1953 1335 2092 1388 Deus
2121 1333 2435 1405 adjutorium
2466 1332 2638 1387 simile
2667 1332 2734 1386 de
2762 1340 2908 1386 costa
2948 1330 3129 1385 lateris
3159 1328 3306 1400 ejus;
3351 1310 3457 1405 hoe

1870 1436 2045 1482 autem
2093 1425 2284 1481 factum
2321 1436 2401 1481 est
2429 1440 2547 1480 cum
2575 1423 2789 1481 easdem
2819 1422 3017 1478 bestias
3044 1424 3153 1494 agri
3184 1434 3235 1477 et
3266 1402 3456 1485 volalio:

1872 1517 1940 1572 lia
1988 1518 2110 1573 emli
2159 1516 2331 1573 adhuc
2360 1516 2426 1572 dc
2456 1522 2603 1571 terra
2638 1516 2915 1580 tinxisset,
2954 1524 3009 1568 cl.
3048 1496 3114 1567 ad
3163 1514 3309 1567 illum
3357 1512 3457 1568 ad-

1873 1608 2111 1665 duxisset
2140 1626 2154 1664 :
2182 1607 2445 1678 quomodo
2471 1616 2627 1661 sexto
2653 1605 2739 1661 die
2765 1606 2957 1660 factum
2981 1605 3080 1658 hoc
3105 1615 3277 1675 potest
3300 1604 3458 1671 intel-g

1874 1702 1962 1772 ﬁgi
1989 1744 2004 1767 ,
2055 1702 2480 1774 quandoquidem
2528 1701 2617 1755 illo
2646 1699 2731 1754 die
2769 1698 3011 1770 produxit
3046 1680 3185 1754 terra
3225 1698 3457 1753 τιιιὶιιιτιηι

1873 1796 2047 1851 vivam
2079 1795 2368 1851 secundum
2395 1794 2616 1849 verbum
2662 1793 2786 1855 Dei;
2832 1790 3063 1845 volatilia
3108 1805 3237 1845 vero
3274 1790 3461 1865 quith

1875 1886 1961 1944 die
2014 1886 2376 1956 produxerunt
2414 1901 2567 1956 aqua:
2605 1883 2848 1938 similiter
2899 1880 3190 1935 secundum
3240 1880 3460 1955 verbum

1882 1979 2010 2033 Dei?
2037 1977 2150 2033 Non
2182 1978 2357 2047 itaque
2386 1977 2468 2030 bie.
2499 1977 2794 2040 diceretur,
2832 1974 2897 2028 Et
2936 1973 3082 2042 finxit
3130 1971 3263 2026 Deus
3291 1972 3460 2048 adhuc

1877 2069 1943 2125 de
1981 2080 2113 2123 terra
2154 2085 2324 2123 omnes
2362 2066 2544 2122 bestias
2582 2067 2727 2138 agri,
2775 2077 2821 2119 et
2862 2065 3030 2119 onmia
3060 2064 3281 2119 volatilia
3309 2062 3460 2143 cazli,

1879 2163 1979 2219 nisi
2002 2163 2121 2233 quia
2147 2162 2256 2232 jam
2279 2170 2414 2215 terra
2437 2159 2752 2228 produxerat
2769 2173 2955 2233 omnes
2971 2157 3167 2212 bestias
3183 2157 3289 2227 agri
3309 2166 3464 2231 sexto

1880 2256 1988 2321 die,
2021 2266 2074 2310 et
2108 2271 2243 2324 aqua
2288 2254 2465 2308 omnia
2509 2251 2738 2306 volatilia
2783 2250 2904 2306 σαῖιί
2950 2249 3132 2321 quinto
3160 2248 3265 2302 die.
3297 2248 3466 2327 Aliter

1880 2364 2009 2415 ergo
2032 2358 2177 2413 tune,
2211 2346 2261 2400 id
2292 2357 2372 2399 est
2402 2343 2760 2416 potentialiter
2788 2353 2945 2412 atque
2970 2340 3285 2403 causaliter,
3329 2339 3468 2395 sicut

1883 2438 1955 2492 illi
1985 2438 2130 2507 operi
2162 2436 2639 2504 competebat,quo
2665 2435 2863 2488 creavit
2886 2434 3059 2505 omnia
3088 2431 3264 2493 simul,
3295 2447 3321 2482 a
3345 2429 3465 2500 qui-3

1883 2528 1982 2583 bus
2006 2529 2056 2582 in
2087 2526 2171 2581 die
2200 2530 2426 2597 septimo
2454 2525 2709 2596 requievit
2737 2542 2749 2576 :
2775 2526 2927 2577 aliter
2943 2533 3117 2576 autem
3147 2537 3305 2585 llllllC,
3332 2522 3469 2589 sicut

1885 2637 1945 2676 ca
1974 2620 2213 2674 videmus
2234 2658 2247 2679 ,
2276 2634 2394 2688 qua!
2426 2633 2518 2686 per
2554 2616 2860 2685 temporalia
2900 2615 3067 2682 spatia
3111 2621 3285 2674 creat,
3330 2613 3470 2667 sicut

1888 2728 2055 2785 usque
2086 2726 2225 2765 nunc
2245 2720 2516 2779 operatur.
2542 2710 2616 2762 Ac
2638 2723 2732 2781 per
2760 2704 2860 2760 hoc
2884 2710 2990 2773 jam
3020 2721 3114 2775 per
3142 2704 3269 2758 istos
3299 2704 3468 2758 notis-

1886 2807 2051 2860 simos
2097 2804 2227 2857 lueis
2255 2801 2548 2870 corporalis
2575 2800 2709 2865 dies,
2754 2799 2841 2868 qui
2888 2798 3109 2873 eireuitu
3142 2796 3267 2849 solis
3294 2796 3425 2849 liunt
3446 2836 3464 2862 ,

1889 2896 1996 2951 Eva
2026 2894 2158 2948 facta
2180 2904 2256 2947 cst
2283 2892 2348 2946 de
2370 2893 2532 2946 latere
2549 2891 2642 2944 viri
2666 2890 2763 2945 sui.
2783 2874 2931 2961 Tunc
2960 2888 3098 2943 enim
3132 2889 3267 2940 Dens
3293 2886 3468 2955 adhuc

1890 2986 2039 3040 finxit
2064 2985 2130 3040 de
2158 2994 2294 3039 terra
2325 2983 2519 3037 besnas
2558 2989 2614 3036 et
2654 2980 2901 3042 volatilia,
2931 2979 2981 3032 itt
3010 2980 3199 3048 quibus
3219 2993 3338 3031 cum
3369 2976 3470 3031 ad-

1884 3076 2141 3149 jutorium
2183 3075 2354 3130 simile
2397 3074 2493 3142 ipsi
2539 3072 2706 3126 Adam
2740 3088 2842 3124 non
2874 3078 3017 3124 οεδοι
3049 3070 3348 3139 inventum,
3380 3066 3469 3121 illa

1892 3165 2117 3235 formata
2166 3176 2265 3221 est.
2313 3164 2369 3220 In
2401 3164 2593 3220 talibus
2619 3178 2746 3235 ergo
2784 3161 2972 3219 diebus
3008 3161 3167 3215 etiam
3206 3159 3378 3228 ipsum
3405 3158 3474 3213 de

1891 3258 2019 3314 limo
2047 3258 2194 3313 finxit
2222 3258 2380 3313 Deus.

1964 3350 2016 3407 8.
2051 3351 2228 3420 Neque
2267 3349 2408 3403 enim
2447 3346 2731 3403 dicendum
2761 3354 2878 3410 est,
2924 3343 3223 3416 masculum~
3260 3342 3476 3419 quidem

1894 3452 2047 3497 sexto
2077 3441 2161 3494 die
2190 3438 2406 3502 factum,
2429 3438 2676 3494 fcmiuam
2710 3451 2833 3491 vero
2854 3434 3233 3506 posterioribus
3258 3432 3473 3497 diebus;

1894 3547 2014 3587 cum
2046 3531 2161 3601 ipso
2195 3540 2344 3585 sexto
2370 3530 2456 3584 die
2482 3528 2815 3598 apertissime
2842 3526 3039 3579 dictum
3069 3525 3159 3590 sit,
3191 3524 3477 3578 Masculum

1894 3632 1940 3678 et
1982 3623 2222 3696 feminam
2251 3621 2367 3691 fecit
2393 3636 2477 3674 eos
2500 3661 2516 3684 ,
2548 3629 2593 3671 et
2623 3616 2874 3672 benedixit
2899 3631 3002 3681 eos,
3035 3624 3089 3668 et
3115 3622 3327 3675 CtL'lCI‘il,
3359 3628 3477 3680 quas

1895 3713 1962 3769 de
1989 3712 2247 3767 ambobus
2274 3721 2327 3767 et
2355 3710 2419 3763 ad
2448 3712 2635 3764 ambos
2680 3710 2948 3764 dicuntur.
2994 3706 3162 3760 Aliter
3196 3721 3321 3775 ergo
3353 3714 3480 3759 tunc

1896 3807 2075 3872 ambo,
2123 3814 2176 3860 et
2211 3818 2351 3859 nunc
2375 3801 2531 3857 aliter
2557 3801 2714 3855 ambo
2746 3818 2759 3854 :
2791 3808 2917 3854 tunc
2945 3798 3149 3853 scilicet
3186 3796 3478 3851 secundum

1899 3898 2186 3969 potentiam
2212 3912 2306 3964 per
2322 3895 2538 3949 verbum
2562 3893 2651 3947 Dei
2673 3901 2918 3961 tanquam
2940 3888 3262 3946 seminaliter
3283 3887 3481 3942 mundo

1901 3988 2145 4051 inditam,
2172 4001 2293 4040 cum
2335 3985 2534 4039 creavit
2570 3981 2746 4037 omnia
2791 3981 2971 4055 simul,
2999 3996 3029 4034 a
3057 3979 3249 4050 quibus
3297 3978 3349 4033 in
3394 3978 3482 4033 die

1900 4082 2126 4150 septimo
2153 4078 2429 4149 requievit,
2458 4093 2522 4133 ex
2555 4076 2745 4145 quibus
2764 4075 2940 4129 omnia
2966 4074 3075 4127 suis
3093 4088 3317 4141 quaeque
3344 4080 3483 4126 tem-

1901 4173 2121 4243 poribus
2159 4171 2266 4239 jam
2319 4187 2412 4238 per
2453 4169 2768 4235 saeculorum
2808 4166 3046 4220 ordinem
3097 4164 3309 4227 lierent;
3342 4177 3484 4217 nunc

1904 4275 2079 4319 autem
2119 4261 2411 4319 secundum
2448 4260 2809 4331 operationem
2848 4253 3183 4326 prmbcudam
3233 4253 3485 4323 tempori-

1906 4361 2023 4424 bus,
2052 4377 2151 4431 qua
2179 4377 2347 4431 usque
2374 4375 2512 4414 nunc
2539 4367 2803 4429 operatur,
2837 4364 2889 4411 ct
2913 4355 3188 4427 oportebat
3209 4355 3316 4430 jam
3346 4365 3484 4423 tem-

1908 4467 2038 4522 pore
2067 4444 2164 4505 suo
2190 4451 2301 4506 fieri
2329 4450 2496 4507 Adam
2525 4449 2592 4505 de
2621 4448 2748 4503 limo
2775 4456 2950 4513 terrm,
2970 4446 3189 4519 ejusque
3210 4447 3486 4502 mulierem

1908 4559 1971 4599 ex
2014 4544 2110 4596 viri
2142 4543 2326 4599 latere.

1909 4632 2133 4707 CAPUT
2168 4632 2253 4686 γι.
2282 4661 2357 4674 -
2383 4630 2695 4699 Sententiam
2720 4647 2866 4695 suam
2894 4629 3139 4703 liquidius
3162 4630 3401 4702 explicat,
3425 4645 3490 4685 ne

2452 4722 2584 4777 male
2612 4723 2938 4795 intelligatur.

1982 4815 2036 4873 9.
2065 4815 2121 4870 ln
2150 4830 2249 4886 qua
2277 4813 2649 4885 distributione
2672 4831 2891 4886 operum
2923 4815 3037 4883 Dei,
3061 4816 3255 4884 partim
3279 4814 3345 4869 ad
3373 4813 3491 4869 illos

1912 4908 2028 4964 dies
2072 4906 2363 4961 invisibiles
2404 4906 2798 4975 pertinentium,
2842 4906 3035 4978 quibus
3075 4908 3275 4961 creavit
3314 4905 3491 4958 omnia

1913 4997 2069 5053 simul
2088 5039 2103 5063 ,
2142 4997 2333 5067 partim
2363 4996 2429 5050 ad
2462 4995 2593 5059 istos
2616 4997 2903 5066 appositas,
2945 4997 2997 5051 in
3025 4997 3216 5065 quibus
3244 5001 3493 5063 operatur

1916 5088 2154 5158 quotidie
2177 5087 2429 5157 quidquid
2456 5103 2521 5143 ex
2552 5089 2657 5143 illis
2683 5098 2930 5159 tauquam
2959 5087 3241 5140 involucris
3269 5085 3497 5153 primor-

1918 5178 2144 5251 dialibus
2176 5180 2226 5233 in
2250 5190 2487 5251 tempore
2508 5180 2787 5245 evolvitur,
2810 5180 2852 5234 si
2886 5193 2988 5233 non
3018 5179 3311 5247 importune
3340 5184 3498 5246 atque

1921 5270 2149 5325 absurde
2171 5272 2456 5339 Scriptura;
2489 5272 2647 5333 verba
2689 5254 2863 5341 secuti,
2899 5284 3117 5337 sumus,
3164 5285 3281 5339 qurc
3310 5284 3407 5322 nos
3432 5270 3499 5324 ad

1926 5363 2038 5418 bare
2056 5364 2425 5436 distinguenda
2444 5365 2737 5433 duxerunt;
2766 5362 3057 5429 cavendum
3085 5370 3167 5418 est
3195 5377 3260 5416 ne
3286 5369 3504 5430 prepter

1927 5457 2160 5529 ipsarum
2208 5473 2386 5513 rerum
2435 5458 2705 5527 aliquanto
2741 5454 3009 5531 difﬁcilem
3058 5454 3453 5525 perceptionem
3486 5492 3503 5518 ,

1931 5536 2087 5637 quam
2119 5550 2383 5621 tardiores
2409 5538 2621 5621 aschui
2658 5563 2764 5623 pou
2792 5548 3092 5621 sufficiunt,
3134 5558 3379 5619 putemur
3407 5546 3507 5602 ali-

1932 5641 2067 5713 Quid.
2105 5640 2306 5709 sentire
2331 5655 2394 5703 ac
2420 5641 2620 5717 digere.
2650 5640 2793 5707 auod
2832 5641 3028 5713 scimus
3062 5654 3163 5702 nos
3187 5654 3285 5697 nec
3312 5637 3509 5696 sentire
