  <div class='ocr_page' id='page_1' title='image "/cluster/home/n/w/nwhite01/storage/ocr_20150623/34/uva.x000826574/184.png"; bbox 0 0 3902 6310; ppageno 0'>
   <div class='ocr_carea' id='block_1_1' title="bbox 158 203 247 265">
    <p class='ocr_par' dir='ltr' id='par_1_1' title="bbox 158 203 247 265">
     <span class='ocr_line' id='line_1_1' title="bbox 158 203 247 265; baseline -0.056 0"><span class='ocrx_word' id='word_1_1' title='bbox 158 203 247 265; x_wconf 66' lang='grc'><strong>541</strong></span> 
     </span>
    </p>
   </div>
   <div class='ocr_carea' id='block_1_2' title="bbox 158 295 1736 394">
    <p class='ocr_par' dir='ltr' id='par_1_2' title="bbox 158 295 1736 394">
     <span class='ocr_line' id='line_1_2' title="bbox 158 295 1736 394; baseline -0.02 -11"><span class='ocrx_word' id='word_1_2' title='bbox 158 327 252 385; x_wconf 77' lang='lat' dir='ltr'><strong>hoc</strong></span> <span class='ocrx_word' id='word_1_3' title='bbox 274 320 425 394; x_wconf 89' lang='lat' dir='ltr'><strong>quod</strong></span> <span class='ocrx_word' id='word_1_4' title='bbox 459 317 619 374; x_wconf 85' lang='lat' dir='ltr'><strong>homo</strong></span> <span class='ocrx_word' id='word_1_5' title='bbox 650 309 720 377; x_wconf 88' lang='lat' dir='ltr'><strong>de</strong></span> <span class='ocrx_word' id='word_1_6' title='bbox 753 307 884 365; x_wconf 90' lang='lat' dir='ltr'><strong>limo</strong></span> <span class='ocrx_word' id='word_1_7' title='bbox 912 314 1071 364; x_wconf 73' lang='lat' dir='ltr'><strong>terrm</strong></span> <span class='ocrx_word' id='word_1_8' title='bbox 1098 303 1289 360; x_wconf 84' lang='lat' dir='ltr'><strong>tinctus</strong></span> <span class='ocrx_word' id='word_1_9' title='bbox 1314 308 1417 368; x_wconf 89' lang='lat' dir='ltr'><strong>est,</strong></span> <span class='ocrx_word' id='word_1_10' title='bbox 1443 296 1598 369; x_wconf 85' lang='lat' dir='ltr'><strong>eique</strong></span> <span class='ocrx_word' id='word_1_11' title='bbox 1625 295 1736 352; x_wconf 84' lang='lat' dir='ltr'><strong>for-</strong></span> 
     </span>
    </p>
   </div>
   <div class='ocr_carea' id='block_1_3' title="bbox 159 394 1738 474">
    <p class='ocr_par' dir='ltr' id='par_1_3' title="bbox 159 394 1738 474">
     <span class='ocr_line' id='line_1_3' title="bbox 159 394 1738 474; baseline -0.017 -2"><span class='ocrx_word' id='word_1_12' title='bbox 159 425 290 472; x_wconf 89' lang='lat' dir='ltr'><strong>mata</strong></span> <span class='ocrx_word' id='word_1_13' title='bbox 320 429 456 469; x_wconf 74' lang='lat' dir='ltr'><strong>uxor</strong></span> <span class='ocrx_word' id='word_1_14' title='bbox 490 426 555 466; x_wconf 76' lang='lat' dir='ltr'><strong>ex</strong></span> <span class='ocrx_word' id='word_1_15' title='bbox 596 409 781 471; x_wconf 90' lang='lat' dir='ltr'><strong>latere,</strong></span> <span class='ocrx_word' id='word_1_16' title='bbox 826 403 933 474; x_wconf 85' lang='lat' dir='ltr'><strong>jam</strong></span> <span class='ocrx_word' id='word_1_17' title='bbox 977 414 1081 455; x_wconf 91' lang='lat' dir='ltr'><strong>non</strong></span> <span class='ocrx_word' id='word_1_18' title='bbox 1122 397 1188 453; x_wconf 91' lang='lat' dir='ltr'><strong>ad</strong></span> <span class='ocrx_word' id='word_1_19' title='bbox 1231 394 1589 453; x_wconf 89' lang='lat' dir='ltr'><strong>conditionem</strong></span> <span class='ocrx_word' id='word_1_20' title='bbox 1632 403 1738 461; x_wconf 90' lang='lat' dir='ltr'><strong>qua</strong></span> 
     </span>
    </p>
   </div>
   <div class='ocr_carea' id='block_1_4' title="bbox 158 483 1740 566">
    <p class='ocr_par' dir='ltr' id='par_1_4' title="bbox 158 483 1740 566">
     <span class='ocr_line' id='line_1_4' title="bbox 158 483 1740 566; baseline -0.019 0"><span class='ocrx_word' id='word_1_21' title='bbox 158 506 311 566; x_wconf 87' lang='lat' dir='ltr'><strong>simul</strong></span> <span class='ocrx_word' id='word_1_22' title='bbox 353 503 530 557; x_wconf 76' lang='lat' dir='ltr'><strong>ottinia</strong></span> <span class='ocrx_word' id='word_1_23' title='bbox 571 500 704 554; x_wconf 89' lang='lat' dir='ltr'><strong>facta</strong></span> <span class='ocrx_word' id='word_1_24' title='bbox 734 506 883 561; x_wconf 91' lang='lat' dir='ltr'><strong>sunt,</strong></span> <span class='ocrx_word' id='word_1_25' title='bbox 928 493 1229 565; x_wconf 90' lang='lat' dir='ltr'><strong>pertinere,</strong></span> <span class='ocrx_word' id='word_1_26' title='bbox 1258 489 1452 559; x_wconf 87' lang='lat' dir='ltr'><strong>quibus</strong></span> <span class='ocrx_word' id='word_1_27' title='bbox 1487 483 1740 558; x_wconf 78' lang='lat' dir='ltr'><strong>perfectis</strong></span> 
     </span>
    </p>
   </div>
   <div class='ocr_carea' id='block_1_5' title="bbox 158 579 1737 670">
    <p class='ocr_par' dir='ltr' id='par_1_5' title="bbox 158 579 1737 670">
     <span class='ocr_line' id='line_1_5' title="bbox 158 579 1737 670; baseline -0.016 -12"><span class='ocrx_word' id='word_1_28' title='bbox 158 597 414 670; x_wconf 86' lang='lat' dir='ltr'><strong>requievit</strong></span> <span class='ocrx_word' id='word_1_29' title='bbox 442 596 610 656; x_wconf 85' lang='lat' dir='ltr'><strong>Deus;</strong></span> <span class='ocrx_word' id='word_1_30' title='bbox 642 590 735 649; x_wconf 91' lang='lat' dir='ltr'><strong>sed</strong></span> <span class='ocrx_word' id='word_1_31' title='bbox 759 589 824 645; x_wconf 90' lang='lat' dir='ltr'><strong>ad</strong></span> <span class='ocrx_word' id='word_1_32' title='bbox 846 606 962 647; x_wconf 91' lang='lat' dir='ltr'><strong>eam</strong></span> <span class='ocrx_word' id='word_1_33' title='bbox 991 586 1379 658; x_wconf 83' lang='lat' dir='ltr'><strong>Operationem,</strong></span> <span class='ocrx_word' id='word_1_34' title='bbox 1406 599 1524 654; x_wconf 72' lang='lat' dir='ltr'><strong>qum</strong></span> <span class='ocrx_word' id='word_1_35' title='bbox 1543 580 1601 637; x_wconf 88' lang='lat' dir='ltr'><strong>lit</strong></span> <span class='ocrx_word' id='word_1_36' title='bbox 1624 579 1737 661; x_wconf 83' lang='lat' dir='ltr'><strong>jam</strong></span> 
     </span>
    </p>
   </div>
   <div class='ocr_carea' id='block_1_6' title="bbox 159 683 1736 766">
    <p class='ocr_par' dir='ltr' id='par_1_6' title="bbox 159 683 1736 766">
     <span class='ocr_line' id='line_1_6' title="bbox 159 683 1736 766; baseline -0.011 -20"><span class='ocrx_word' id='word_1_37' title='bbox 159 708 247 766; x_wconf 89' lang='lat' dir='ltr'><strong>per</strong></span> <span class='ocrx_word' id='word_1_38' title='bbox 271 687 536 743; x_wconf 87' lang='lat' dir='ltr'><strong>volumina</strong></span> <span class='ocrx_word' id='word_1_39' title='bbox 571 683 909 747; x_wconf 73' lang='lat' dir='ltr'><strong>szeculorum,</strong></span> <span class='ocrx_word' id='word_1_40' title='bbox 940 694 1043 750; x_wconf 93' lang='lat' dir='ltr'><strong>qua</strong></span> <span class='ocrx_word' id='word_1_41' title='bbox 1082 694 1248 750; x_wconf 87' lang='lat' dir='ltr'><strong>usque</strong></span> <span class='ocrx_word' id='word_1_42' title='bbox 1285 691 1425 731; x_wconf 90' lang='lat' dir='ltr'><strong>nunc</strong></span> <span class='ocrx_word' id='word_1_43' title='bbox 1466 683 1736 744; x_wconf 80' lang='lat' dir='ltr'><strong>operatur.</strong></span> 
     </span>
    </p>
   </div>
   <div class='ocr_carea' id='block_1_7' title="bbox 228 768 1741 849">
    <p class='ocr_par' dir='ltr' id='par_1_7' title="bbox 228 768 1741 849">
     <span class='ocr_line' id='line_1_7' title="bbox 228 768 1741 849; baseline -0.012 -11"><span class='ocrx_word' id='word_1_44' title='bbox 228 784 281 845; x_wconf 80' lang='lat'><strong>5.</strong></span> <span class='ocrx_word' id='word_1_45' title='bbox 309 782 427 838; x_wconf 75' lang='lat' dir='ltr'><strong>[lue</strong></span> <span class='ocrx_word' id='word_1_46' title='bbox 452 777 656 835; x_wconf 91' lang='lat' dir='ltr'><strong>accedit</strong></span> <span class='ocrx_word' id='word_1_47' title='bbox 692 774 833 849; x_wconf 90' lang='lat' dir='ltr'><strong>quod</strong></span> <span class='ocrx_word' id='word_1_48' title='bbox 871 773 983 845; x_wconf 89' lang='lat' dir='ltr'><strong>ipsa</strong></span> <span class='ocrx_word' id='word_1_49' title='bbox 1027 772 1185 827; x_wconf 88' lang='lat' dir='ltr'><strong>etiam</strong></span> <span class='ocrx_word' id='word_1_50' title='bbox 1214 768 1373 825; x_wconf 92' lang='lat' dir='ltr'><strong>verba</strong></span> <span class='ocrx_word' id='word_1_51' title='bbox 1398 768 1588 839; x_wconf 84' lang='lat' dir='ltr'><strong>quibus</strong></span> <span class='ocrx_word' id='word_1_52' title='bbox 1613 781 1741 821; x_wconf 88' lang='lat' dir='ltr'><strong>nar-</strong></span> 
     </span>
    </p>
   </div>
   <div class='ocr_carea' id='block_1_8' title="bbox 162 860 1741 945">
    <p class='ocr_par' dir='ltr' id='par_1_8' title="bbox 162 860 1741 945">
     <span class='ocr_line' id='line_1_8' title="bbox 162 860 1741 945; baseline -0.011 -11"><span class='ocrx_word' id='word_1_53' title='bbox 162 886 300 934; x_wconf 81' lang='lat' dir='ltr'><strong>ratur</strong></span> <span class='ocrx_word' id='word_1_54' title='bbox 322 870 593 945; x_wconf 89' lang='lat' dir='ltr'><strong>quomodo</strong></span> <span class='ocrx_word' id='word_1_55' title='bbox 624 867 764 923; x_wconf 87' lang='lat' dir='ltr'><strong>Deus</strong></span> <span class='ocrx_word' id='word_1_56' title='bbox 790 865 1089 937; x_wconf 77' lang='lat' dir='ltr'><strong>paradisum</strong></span> <span class='ocrx_word' id='word_1_57' title='bbox 1116 861 1453 937; x_wconf 88' lang='lat' dir='ltr'><strong>plantaverit,</strong></span> <span class='ocrx_word' id='word_1_58' title='bbox 1484 860 1537 916; x_wconf 92' lang='lat' dir='ltr'><strong>in</strong></span> <span class='ocrx_word' id='word_1_59' title='bbox 1568 870 1741 931; x_wconf 77' lang='lat' dir='ltr'><strong>eoque</strong></span> 
     </span>
    </p>
   </div>
   <div class='ocr_carea' id='block_1_9' title="bbox 164 952 1742 1033">
    <p class='ocr_par' dir='ltr' id='par_1_9' title="bbox 164 952 1742 1033">
     <span class='ocr_line' id='line_1_9' title="bbox 164 952 1742 1033; baseline -0.012 -7"><span class='ocrx_word' id='word_1_60' title='bbox 164 968 426 1026; x_wconf 82' lang='lat' dir='ltr'><strong>hominem</strong></span> <span class='ocrx_word' id='word_1_61' title='bbox 454 978 609 1033; x_wconf 84' lang='lat' dir='ltr'><strong>quem</strong></span> <span class='ocrx_word' id='word_1_62' title='bbox 634 958 833 1016; x_wconf 73' lang='lat' dir='ltr'><strong>fecerat</strong></span> <span class='ocrx_word' id='word_1_63' title='bbox 856 954 1148 1019; x_wconf 85' lang='lat' dir='ltr'><strong>collocarit,</strong></span> <span class='ocrx_word' id='word_1_64' title='bbox 1171 952 1235 1007; x_wconf 89' lang='lat' dir='ltr'><strong>ad</strong></span> <span class='ocrx_word' id='word_1_65' title='bbox 1258 968 1485 1021; x_wconf 91' lang='lat' dir='ltr'><strong>eumque</strong></span> <span class='ocrx_word' id='word_1_66' title='bbox 1508 952 1742 1007; x_wconf 77' lang='lat' dir='ltr'><strong>adduve-</strong></span> 
     </span>
    </p>
   </div>
   <div class='ocr_carea' id='block_1_10' title="bbox 166 1043 1740 1125">
    <p class='ocr_par' dir='ltr' id='par_1_10' title="bbox 166 1043 1740 1125">
     <span class='ocr_line' id='line_1_10' title="bbox 166 1043 1740 1125; baseline -0.015 -6"><span class='ocrx_word' id='word_1_67' title='bbox 166 1062 227 1119; x_wconf 88' lang='lat' dir='ltr'><strong>rit</strong></span> <span class='ocrx_word' id='word_1_68' title='bbox 246 1056 513 1119; x_wconf 89' lang='lat' dir='ltr'><strong>animalia,</strong></span> <span class='ocrx_word' id='word_1_69' title='bbox 542 1052 733 1125; x_wconf 90' lang='lat' dir='ltr'><strong>quibus</strong></span> <span class='ocrx_word' id='word_1_70' title='bbox 756 1050 969 1104; x_wconf 87' lang='lat' dir='ltr'><strong>nomina</strong></span> <span class='ocrx_word' id='word_1_71' title='bbox 993 1048 1308 1116; x_wconf 84' lang='lat' dir='ltr'><strong>imponeret,</strong></span> <span class='ocrx_word' id='word_1_72' title='bbox 1334 1043 1598 1115; x_wconf 81' lang='lat' dir='ltr'><strong>inquibus</strong></span> <span class='ocrx_word' id='word_1_73' title='bbox 1618 1056 1740 1096; x_wconf 89' lang='lat' dir='ltr'><strong>cum</strong></span> 
     </span>
    </p>
   </div>
   <div class='ocr_carea' id='block_1_11' title="bbox 166 1133 1743 1225">
    <p class='ocr_par' dir='ltr' id='par_1_11' title="bbox 166 1133 1743 1225">
     <span class='ocr_line' id='line_1_11' title="bbox 166 1133 1743 1225; baseline -0.013 -14"><span class='ocrx_word' id='word_1_74' title='bbox 166 1152 475 1225; x_wconf 74' lang='lat' dir='ltr'><strong>adiutorium</strong></span> <span class='ocrx_word' id='word_1_75' title='bbox 504 1147 678 1203; x_wconf 83' lang='lat' dir='ltr'><strong>simile</strong></span> <span class='ocrx_word' id='word_1_76' title='bbox 721 1143 797 1198; x_wconf 92' lang='lat' dir='ltr'><strong>illi</strong></span> <span class='ocrx_word' id='word_1_77' title='bbox 841 1158 945 1198; x_wconf 89' lang='lat' dir='ltr'><strong>non</strong></span> <span class='ocrx_word' id='word_1_78' title='bbox 990 1140 1173 1195; x_wconf 89' lang='lat' dir='ltr'><strong>luisset</strong></span> <span class='ocrx_word' id='word_1_79' title='bbox 1218 1138 1508 1204; x_wconf 70' lang='lat' dir='ltr'><strong>inventura,</strong></span> <span class='ocrx_word' id='word_1_80' title='bbox 1540 1145 1664 1191; x_wconf 90' lang='lat' dir='ltr'><strong>tunc</strong></span> <span class='ocrx_word' id='word_1_81' title='bbox 1689 1133 1743 1217; x_wconf 74' lang='lat' dir='ltr'><strong>ei</strong></span> 
     </span>
    </p>
   </div>
   <div class='ocr_carea' id='block_1_12' title="bbox 167 1229 1744 1311">
    <p class='ocr_par' dir='ltr' id='par_1_12' title="bbox 167 1229 1744 1311">
     <span class='ocr_line' id='line_1_12' title="bbox 167 1229 1744 1311; baseline -0.014 -7"><span class='ocrx_word' id='word_1_82' title='bbox 167 1248 431 1304; x_wconf 86' lang='lat' dir='ltr'><strong>mulierem</strong></span> <span class='ocrx_word' id='word_1_83' title='bbox 466 1249 614 1296; x_wconf 89' lang='lat' dir='ltr'><strong>costa</strong></span> <span class='ocrx_word' id='word_1_84' title='bbox 667 1237 784 1311; x_wconf 83' lang='lat' dir='ltr'><strong>ejus</strong></span> <span class='ocrx_word' id='word_1_85' title='bbox 820 1234 1057 1290; x_wconf 88' lang='lat' dir='ltr'><strong>detracta</strong></span> <span class='ocrx_word' id='word_1_86' title='bbox 1104 1230 1428 1294; x_wconf 74' lang='lat' dir='ltr'><strong>formaverit,</strong></span> <span class='ocrx_word' id='word_1_87' title='bbox 1478 1229 1607 1284; x_wconf 86' lang='lat' dir='ltr'><strong>satis</strong></span> <span class='ocrx_word' id='word_1_88' title='bbox 1644 1242 1744 1283; x_wconf 84' lang='lat' dir='ltr'><strong>nos</strong></span> 
     </span>
    </p>
   </div>
   <div class='ocr_carea' id='block_1_13' title="bbox 169 1320 1744 1393">
    <p class='ocr_par' dir='ltr' id='par_1_13' title="bbox 169 1320 1744 1393">
     <span class='ocr_line' id='line_1_13' title="bbox 169 1320 1744 1393; baseline -0.012 0"><span class='ocrx_word' id='word_1_89' title='bbox 169 1339 444 1393; x_wconf 84' lang='lat' dir='ltr'><strong>admonent</strong></span> <span class='ocrx_word' id='word_1_90' title='bbox 476 1333 589 1389; x_wconf 80' lang='lat' dir='ltr'><strong>luce</strong></span> <span class='ocrx_word' id='word_1_91' title='bbox 627 1326 732 1384; x_wconf 86' lang='lat' dir='ltr'><strong>non</strong></span> <span class='ocrx_word' id='word_1_92' title='bbox 778 1325 845 1381; x_wconf 89' lang='lat' dir='ltr'><strong>ad</strong></span> <span class='ocrx_word' id='word_1_93' title='bbox 888 1326 1030 1380; x_wconf 85' lang='lat' dir='ltr'><strong>illam</strong></span> <span class='ocrx_word' id='word_1_94' title='bbox 1061 1322 1422 1392; x_wconf 81' lang='lat' dir='ltr'><strong>operationem</strong></span> <span class='ocrx_word' id='word_1_95' title='bbox 1455 1321 1545 1377; x_wconf 89' lang='lat' dir='ltr'><strong>Dei</strong></span> <span class='ocrx_word' id='word_1_96' title='bbox 1577 1320 1744 1392; x_wconf 78' lang='lat' dir='ltr'><strong>perti-</strong></span> 
     </span>
    </p>
   </div>
   <div class='ocr_carea' id='block_1_14' title="bbox 169 1411 1743 1492">
    <p class='ocr_par' dir='ltr' id='par_1_14' title="bbox 169 1411 1743 1492">
     <span class='ocr_line' id='line_1_14' title="bbox 169 1411 1743 1492; baseline -0.014 -7"><span class='ocrx_word' id='word_1_97' title='bbox 169 1442 305 1491; x_wconf 83' lang='lat' dir='ltr'><strong>nere,</strong></span> <span class='ocrx_word' id='word_1_98' title='bbox 336 1423 478 1479; x_wconf 90' lang='lat' dir='ltr'><strong>unde</strong></span> <span class='ocrx_word' id='word_1_99' title='bbox 522 1419 783 1492; x_wconf 74' lang='lat' dir='ltr'><strong>requievit</strong></span> <span class='ocrx_word' id='word_1_100' title='bbox 824 1416 876 1471; x_wconf 91' lang='lat' dir='ltr'><strong>in</strong></span> <span class='ocrx_word' id='word_1_101' title='bbox 924 1415 1012 1471; x_wconf 86' lang='lat' dir='ltr'><strong>die</strong></span> <span class='ocrx_word' id='word_1_102' title='bbox 1049 1414 1298 1484; x_wconf 88' lang='lat' dir='ltr'><strong>septimo,</strong></span> <span class='ocrx_word' id='word_1_103' title='bbox 1340 1411 1432 1465; x_wconf 77' lang='lat' dir='ltr'><strong>sed</strong></span> <span class='ocrx_word' id='word_1_104' title='bbox 1477 1411 1542 1465; x_wconf 88' lang='lat' dir='ltr'><strong>ad</strong></span> <span class='ocrx_word' id='word_1_105' title='bbox 1588 1411 1743 1465; x_wconf 91' lang='lat' dir='ltr'><strong>istam</strong></span> 
     </span>
    </p>
   </div>
   <div class='ocr_carea' id='block_1_15' title="bbox 172 1494 1744 1589">
    <p class='ocr_par' dir='ltr' id='par_1_15' title="bbox 172 1494 1744 1589">
     <span class='ocr_line' id='line_1_15' title="bbox 172 1494 1744 1589; baseline -0.01 -18"><span class='ocrx_word' id='word_1_106' title='bbox 172 1518 331 1589; x_wconf 86' lang='lat' dir='ltr'><strong>potius</strong></span> <span class='ocrx_word' id='word_1_107' title='bbox 358 1530 462 1586; x_wconf 87' lang='lat' dir='ltr'><strong>qua</strong></span> <span class='ocrx_word' id='word_1_108' title='bbox 509 1494 603 1584; x_wconf 88' lang='lat' dir='ltr'><strong>per</strong></span> <span class='ocrx_word' id='word_1_109' title='bbox 639 1521 939 1579; x_wconf 90' lang='lat' dir='ltr'><strong>tcmpormn</strong></span> <span class='ocrx_word' id='word_1_110' title='bbox 970 1521 1157 1561; x_wconf 83' lang='lat' dir='ltr'><strong>cursus</strong></span> <span class='ocrx_word' id='word_1_111' title='bbox 1190 1520 1357 1575; x_wconf 76' lang='lat' dir='ltr'><strong>usque</strong></span> <span class='ocrx_word' id='word_1_112' title='bbox 1385 1518 1525 1556; x_wconf 90' lang='lat' dir='ltr'><strong>nunc</strong></span> <span class='ocrx_word' id='word_1_113' title='bbox 1551 1516 1744 1573; x_wconf 83' lang='lat' dir='ltr'><strong>cpera-</strong></span> 
     </span>
    </p>
   </div>
   <div class='ocr_carea' id='block_1_16' title="bbox 173 1592 1746 1674">
    <p class='ocr_par' dir='ltr' id='par_1_16' title="bbox 173 1592 1746 1674">
     <span class='ocr_line' id='line_1_16' title="bbox 173 1592 1746 1674; baseline -0.011 -11"><span class='ocrx_word' id='word_1_114' title='bbox 173 1620 265 1663; x_wconf 91' lang='lat' dir='ltr'><strong>tnr.</strong></span> <span class='ocrx_word' id='word_1_115' title='bbox 291 1606 423 1662; x_wconf 90' lang='lat' dir='ltr'><strong>Cum</strong></span> <span class='ocrx_word' id='word_1_116' title='bbox 454 1605 596 1658; x_wconf 89' lang='lat' dir='ltr'><strong>enim</strong></span> <span class='ocrx_word' id='word_1_117' title='bbox 629 1601 906 1674; x_wconf 70' lang='lat' dir='ltr'><strong>paradisus</strong></span> <span class='ocrx_word' id='word_1_118' title='bbox 938 1598 1286 1670; x_wconf 86' lang='lat' dir='ltr'><strong>plantarctnr,</strong></span> <span class='ocrx_word' id='word_1_119' title='bbox 1319 1597 1388 1649; x_wconf 90' lang='lat' dir='ltr'><strong>ita</strong></span> <span class='ocrx_word' id='word_1_120' title='bbox 1422 1606 1603 1649; x_wconf 89' lang='lat' dir='ltr'><strong>narrat</strong></span> <span class='ocrx_word' id='word_1_121' title='bbox 1632 1611 1645 1647; x_wconf 91' lang='lat'><strong>:</strong></span> <span class='ocrx_word' id='word_1_122' title='bbox 1677 1592 1746 1671; x_wconf 80' lang='lat' dir='ltr'><strong>Et</strong></span> 
     </span>
    </p>
   </div>
   <div class='ocr_carea' id='block_1_17' title="bbox 174 1689 1744 1772">
    <p class='ocr_par' dir='ltr' id='par_1_17' title="bbox 174 1689 1744 1772">
     <span class='ocr_line' id='line_1_17' title="bbox 174 1689 1744 1772; baseline -0.01 -17"><span class='ocrx_word' id='word_1_123' title='bbox 174 1699 399 1772; x_wconf 73' lang='lat' dir='ltr'><strong>plantavit</strong></span> <span class='ocrx_word' id='word_1_124' title='bbox 432 1696 569 1751; x_wconf 80' lang='lat' dir='ltr'><strong>Deus</strong></span> <span class='ocrx_word' id='word_1_125' title='bbox 598 1694 889 1767; x_wconf 86' lang='lat' dir='ltr'><strong>paradisum</strong></span> <span class='ocrx_word' id='word_1_126' title='bbox 921 1692 973 1746; x_wconf 86' lang='lat' dir='ltr'><strong>in</strong></span> <span class='ocrx_word' id='word_1_127' title='bbox 1006 1689 1150 1745; x_wconf 79' lang='lat' dir='ltr'><strong>Edcn</strong></span> <span class='ocrx_word' id='word_1_128' title='bbox 1181 1689 1249 1742; x_wconf 80' lang='lat' dir='ltr'><strong>ad</strong></span> <span class='ocrx_word' id='word_1_129' title='bbox 1278 1690 1539 1753; x_wconf 78' lang='lat' dir='ltr'><strong>orientem,</strong></span> <span class='ocrx_word' id='word_1_130' title='bbox 1566 1698 1613 1742; x_wconf 86' lang='lat' dir='ltr'><strong>et</strong></span> <span class='ocrx_word' id='word_1_131' title='bbox 1648 1703 1744 1758; x_wconf 85' lang='lat' dir='ltr'><strong>po-</strong></span> 
     </span>
    </p>
   </div>
   <div class='ocr_carea' id='block_1_18' title="bbox 173 1780 1748 1863">
    <p class='ocr_par' dir='ltr' id='par_1_18' title="bbox 173 1780 1748 1863">
     <span class='ocr_line' id='line_1_18' title="bbox 173 1780 1748 1863; baseline -0.008 -17"><span class='ocrx_word' id='word_1_132' title='bbox 173 1794 258 1848; x_wconf 87' lang='lat' dir='ltr'><strong>suit</strong></span> <span class='ocrx_word' id='word_1_133' title='bbox 285 1791 350 1843; x_wconf 96' lang='lat' dir='ltr'><strong>ibi</strong></span> <span class='ocrx_word' id='word_1_134' title='bbox 379 1788 633 1843; x_wconf 79' lang='lat' dir='ltr'><strong>hominem</strong></span> <span class='ocrx_word' id='word_1_135' title='bbox 676 1802 825 1863; x_wconf 84' lang='lat' dir='ltr'><strong>quem</strong></span> <span class='ocrx_word' id='word_1_136' title='bbox 864 1784 1099 1854; x_wconf 73' lang='lat' dir='ltr'><strong>ﬁnxerat.</strong></span> <span class='ocrx_word' id='word_1_137' title='bbox 1132 1780 1197 1837; x_wconf 85' lang='lat' dir='ltr'><strong>Et</strong></span> <span class='ocrx_word' id='word_1_138' title='bbox 1223 1782 1365 1852; x_wconf 86' lang='lat' dir='ltr'><strong>cjccit</strong></span> <span class='ocrx_word' id='word_1_139' title='bbox 1409 1780 1543 1833; x_wconf 78' lang='lat' dir='ltr'><strong>Deus</strong></span> <span class='ocrx_word' id='word_1_140' title='bbox 1580 1781 1748 1834; x_wconf 80' lang='lat' dir='ltr'><strong>adhuc</strong></span> 
     </span>
    </p>
   </div>
   <div class='ocr_carea' id='block_1_19' title="bbox 176 1873 1749 1953">
    <p class='ocr_par' dir='ltr' id='par_1_19' title="bbox 176 1873 1749 1953">
     <span class='ocr_line' id='line_1_19' title="bbox 176 1873 1749 1953; baseline -0.009 -14"><span class='ocrx_word' id='word_1_141' title='bbox 176 1885 229 1939; x_wconf 84' lang='lat' dir='ltr'><strong>de</strong></span> <span class='ocrx_word' id='word_1_142' title='bbox 251 1895 374 1938; x_wconf 80' lang='lat' dir='ltr'><strong>terra</strong></span> <span class='ocrx_word' id='word_1_143' title='bbox 405 1898 555 1935; x_wconf 85' lang='lat' dir='ltr'><strong>omne</strong></span> <span class='ocrx_word' id='word_1_144' title='bbox 583 1880 775 1948; x_wconf 78' lang='lat' dir='ltr'><strong>lignum</strong></span> <span class='ocrx_word' id='word_1_145' title='bbox 805 1876 1071 1953; x_wconf 70' lang='lat' dir='ltr'><strong>pulcltrum</strong></span> <span class='ocrx_word' id='word_1_146' title='bbox 1098 1874 1165 1949; x_wconf 81' lang='lat' dir='ltr'><strong>ad</strong></span> <span class='ocrx_word' id='word_1_147' title='bbox 1194 1883 1469 1947; x_wconf 83' lang='lat' dir='ltr'><strong>aspectant,</strong></span> <span class='ocrx_word' id='word_1_148' title='bbox 1494 1882 1539 1925; x_wconf 88' lang='lat' dir='ltr'><strong>ct</strong></span> <span class='ocrx_word' id='word_1_149' title='bbox 1563 1873 1749 1926; x_wconf 85' lang='lat' dir='ltr'><strong>bonum</strong></span> 
     </span>
    </p>
   </div>
   <div class='ocr_carea' id='block_1_20' title="bbox 176 1968 870 2043">
    <p class='ocr_par' dir='ltr' id='par_1_20' title="bbox 176 1968 870 2043">
     <span class='ocr_line' id='line_1_20' title="bbox 176 1968 870 2043; baseline -0.014 -12"><span class='ocrx_word' id='word_1_150' title='bbox 176 1977 234 2031; x_wconf 85' lang='lat' dir='ltr'><strong>ad</strong></span> <span class='ocrx_word' id='word_1_151' title='bbox 259 1992 417 2032; x_wconf 79' lang='lat' dir='ltr'><strong>escam</strong></span> <span class='ocrx_word' id='word_1_152' title='bbox 448 1971 599 2043; x_wconf 80' lang='lat' dir='ltr'><strong>(Gen.</strong></span> <span class='ocrx_word' id='word_1_153' title='bbox 625 1986 683 2036; x_wconf 89' lang='lat' dir='ltr'><strong>ll,</strong></span> <span class='ocrx_word' id='word_1_154' title='bbox 707 1970 760 2032; x_wconf 85' lang='lat'><strong>8,</strong></span> <span class='ocrx_word' id='word_1_155' title='bbox 790 1968 870 2038; x_wconf 82' lang='lat'><strong>9).</strong></span> 
     </span>
    </p>
   </div>
   <div class='ocr_carea' id='block_1_21' title="bbox 235 2056 1673 2132">
    <p class='ocr_par' dir='ltr' id='par_1_21' title="bbox 235 2056 1673 2132">
     <span class='ocr_line' id='line_1_21' title="bbox 235 2056 1673 2132; baseline -0.012 -6"><span class='ocrx_word' id='word_1_156' title='bbox 235 2067 454 2125; x_wconf 69' lang='lat' dir='ltr'><strong>CAPUT</strong></span> <span class='ocrx_word' id='word_1_157' title='bbox 494 2064 581 2120; x_wconf 79' lang='lat' dir='ltr'><strong>IV.</strong></span> <span class='ocrx_word' id='word_1_158' title='bbox 614 2094 690 2106; x_wconf 93' lang='lat'>—</span> <span class='ocrx_word' id='word_1_159' title='bbox 715 2063 861 2118; x_wconf 80' lang='lat' dir='ltr'><strong>Idem</strong></span> <span class='ocrx_word' id='word_1_160' title='bbox 888 2061 1187 2132; x_wconf 70' lang='lat' dir='ltr'><strong>expendilur</strong></span> <span class='ocrx_word' id='word_1_161' title='bbox 1204 2058 1275 2113; x_wconf 81' lang='lat' dir='ltr'><strong>att&#39;</strong></span> <span class='ocrx_word' id='word_1_162' title='bbox 1300 2056 1427 2113; x_wconf 83' lang='lat' dir='ltr'><strong>Cen.</strong></span> <span class='ocrx_word' id='word_1_163' title='bbox 1450 2074 1507 2124; x_wconf 86' lang='lat' dir='ltr'><strong>tt,</strong></span> <span class='ocrx_word' id='word_1_164' title='bbox 1539 2057 1591 2119; x_wconf 82' lang='lat'><strong>8.</strong></span> <span class='ocrx_word' id='word_1_165' title='bbox 1619 2057 1673 2113; x_wconf 87' lang='lat'><strong>9.</strong></span> 
     </span>
    </p>
   </div>
   <div class='ocr_carea' id='block_1_22' title="bbox 236 2151 1750 2229">
    <p class='ocr_par' dir='ltr' id='par_1_22' title="bbox 236 2151 1750 2229">
     <span class='ocr_line' id='line_1_22' title="bbox 236 2151 1750 2229; baseline -0.008 -13"><span class='ocrx_word' id='word_1_166' title='bbox 236 2160 359 2216; x_wconf 87' lang='lat' dir='ltr'><strong>Cum</strong></span> <span class='ocrx_word' id='word_1_167' title='bbox 388 2158 521 2214; x_wconf 89' lang='lat' dir='ltr'><strong>dicit</strong></span> <span class='ocrx_word' id='word_1_168' title='bbox 548 2172 705 2229; x_wconf 78' lang='lat' dir='ltr'><strong>ergo,</strong></span> <span class='ocrx_word' id='word_1_169' title='bbox 739 2154 901 2227; x_wconf 78' lang='lat' dir='ltr'><strong>chcit</strong></span> <span class='ocrx_word' id='word_1_170' title='bbox 937 2154 1103 2206; x_wconf 82' lang='lat' dir='ltr'><strong>adhuc</strong></span> <span class='ocrx_word' id='word_1_171' title='bbox 1128 2152 1191 2205; x_wconf 85' lang='lat' dir='ltr'><strong>de</strong></span> <span class='ocrx_word' id='word_1_172' title='bbox 1216 2162 1348 2205; x_wconf 76' lang='lat' dir='ltr'><strong>terra</strong></span> <span class='ocrx_word' id='word_1_173' title='bbox 1374 2168 1520 2205; x_wconf 88' lang='lat' dir='ltr'><strong>oume</strong></span> <span class='ocrx_word' id='word_1_174' title='bbox 1557 2151 1750 2220; x_wconf 80' lang='lat' dir='ltr'><strong>lignum</strong></span> 
     </span>
    </p>
   </div>
   <div class='ocr_carea' id='block_1_23' title="bbox 180 2242 1751 2326">
    <p class='ocr_par' dir='ltr' id='par_1_23' title="bbox 180 2242 1751 2326">
     <span class='ocr_line' id='line_1_23' title="bbox 180 2242 1751 2326; baseline -0.007 -18"><span class='ocrx_word' id='word_1_175' title='bbox 180 2254 425 2326; x_wconf 67' lang='lat' dir='ltr'><strong>pulchrum</strong></span> <span class='ocrx_word' id='word_1_176' title='bbox 453 2250 523 2303; x_wconf 81' lang='lat' dir='ltr'><strong>ad</strong></span> <span class='ocrx_word' id='word_1_177' title='bbox 546 2260 839 2319; x_wconf 76' lang='lat' dir='ltr'><strong>aspectum;</strong></span> <span class='ocrx_word' id='word_1_178' title='bbox 874 2245 1171 2300; x_wconf 79' lang='lat' dir='ltr'><strong>manifestat</strong></span> <span class='ocrx_word' id='word_1_179' title='bbox 1199 2245 1377 2311; x_wconf 88' lang='lat' dir='ltr'><strong>tttiqne</strong></span> <span class='ocrx_word' id='word_1_180' title='bbox 1414 2242 1553 2315; x_wconf 86' lang='lat' dir='ltr'><strong>quod</strong></span> <span class='ocrx_word' id='word_1_181' title='bbox 1598 2243 1751 2297; x_wconf 84' lang='lat' dir='ltr'><strong>aliter</strong></span> 
     </span>
    </p>
   </div>
   <div class='ocr_carea' id='block_1_24' title="bbox 180 2333 1752 2413">
    <p class='ocr_par' dir='ltr' id='par_1_24' title="bbox 180 2333 1752 2413">
     <span class='ocr_line' id='line_1_24' title="bbox 180 2333 1752 2413; baseline -0.008 -12"><span class='ocrx_word' id='word_1_182' title='bbox 180 2360 303 2401; x_wconf 82' lang='lat' dir='ltr'><strong>nunc</strong></span> <span class='ocrx_word' id='word_1_183' title='bbox 334 2343 551 2413; x_wconf 87' lang='lat' dir='ltr'><strong>ejcccril</strong></span> <span class='ocrx_word' id='word_1_184' title='bbox 580 2342 647 2413; x_wconf 89' lang='lat' dir='ltr'><strong>de</strong></span> <span class='ocrx_word' id='word_1_185' title='bbox 678 2350 813 2395; x_wconf 81' lang='lat' dir='ltr'><strong>term</strong></span> <span class='ocrx_word' id='word_1_186' title='bbox 845 2338 1063 2411; x_wconf 80' lang='lat' dir='ltr'><strong>lignum,</strong></span> <span class='ocrx_word' id='word_1_187' title='bbox 1093 2336 1247 2390; x_wconf 84' lang='lat' dir='ltr'><strong>aliter</strong></span> <span class='ocrx_word' id='word_1_188' title='bbox 1286 2345 1410 2389; x_wconf 88' lang='lat' dir='ltr'><strong>tunc</strong></span> <span class='ocrx_word' id='word_1_189' title='bbox 1447 2349 1564 2387; x_wconf 87' lang='lat' dir='ltr'><strong>cum</strong></span> <span class='ocrx_word' id='word_1_190' title='bbox 1595 2333 1752 2389; x_wconf 89' lang='lat' dir='ltr'><strong>tertio</strong></span> 
     </span>
    </p>
   </div>
   <div class='ocr_carea' id='block_1_25' title="bbox 182 2414 1752 2507">
    <p class='ocr_par' dir='ltr' id='par_1_25' title="bbox 182 2414 1752 2507">
     <span class='ocr_line' id='line_1_25' title="bbox 182 2414 1752 2507; baseline -0.009 -13"><span class='ocrx_word' id='word_1_191' title='bbox 182 2437 256 2495; x_wconf 90' lang='lat' dir='ltr'><strong>die</strong></span> <span class='ocrx_word' id='word_1_192' title='bbox 280 2438 523 2507; x_wconf 73' lang='lat' dir='ltr'><strong>produxit</strong></span> <span class='ocrx_word' id='word_1_193' title='bbox 555 2443 691 2489; x_wconf 90' lang='lat' dir='ltr'><strong>terra</strong></span> <span class='ocrx_word' id='word_1_194' title='bbox 732 2414 949 2487; x_wconf 85' lang='lat' dir='ltr'><strong>herbam</strong></span> <span class='ocrx_word' id='word_1_195' title='bbox 979 2427 1176 2499; x_wconf 88' lang='lat' dir='ltr'><strong>pabuli,</strong></span> <span class='ocrx_word' id='word_1_196' title='bbox 1199 2426 1549 2483; x_wconf 85' lang='lat' dir='ltr'><strong>setninantem</strong></span> <span class='ocrx_word' id='word_1_197' title='bbox 1568 2439 1752 2480; x_wconf 89' lang='lat' dir='ltr'><strong>semen</strong></span> 
     </span>
    </p>
   </div>
   <div class='ocr_carea' id='block_1_26' title="bbox 181 2518 1752 2598">
    <p class='ocr_par' dir='ltr' id='par_1_26' title="bbox 181 2518 1752 2598">
     <span class='ocr_line' id='line_1_26' title="bbox 181 2518 1752 2598; baseline -0.01 -14"><span class='ocrx_word' id='word_1_198' title='bbox 181 2529 453 2584; x_wconf 85' lang='lat' dir='ltr'><strong>secundum</strong></span> <span class='ocrx_word' id='word_1_199' title='bbox 483 2541 650 2598; x_wconf 77' lang='lat' dir='ltr'><strong>genus</strong></span> <span class='ocrx_word' id='word_1_200' title='bbox 677 2539 853 2589; x_wconf 89' lang='lat' dir='ltr'><strong>suum,</strong></span> <span class='ocrx_word' id='word_1_201' title='bbox 884 2530 938 2579; x_wconf 85' lang='lat' dir='ltr'><strong>et</strong></span> <span class='ocrx_word' id='word_1_202' title='bbox 968 2521 1165 2592; x_wconf 82' lang='lat' dir='ltr'><strong>lignum</strong></span> <span class='ocrx_word' id='word_1_203' title='bbox 1200 2518 1523 2574; x_wconf 78' lang='lat' dir='ltr'><strong>fructuosum</strong></span> <span class='ocrx_word' id='word_1_204' title='bbox 1556 2530 1752 2571; x_wconf 86' lang='lat' dir='ltr'><strong>secun-</strong></span> 
     </span>
    </p>
   </div>
   <div class='ocr_carea' id='block_1_27' title="bbox 184 2608 1755 2688">
    <p class='ocr_par' dir='ltr' id='par_1_27' title="bbox 184 2608 1755 2688">
     <span class='ocr_line' id='line_1_27' title="bbox 184 2608 1755 2688; baseline -0.011 -13"><span class='ocrx_word' id='word_1_205' title='bbox 184 2619 293 2675; x_wconf 90' lang='lat' dir='ltr'><strong>dum</strong></span> <span class='ocrx_word' id='word_1_206' title='bbox 318 2636 471 2677; x_wconf 89' lang='lat' dir='ltr'><strong>suum</strong></span> <span class='ocrx_word' id='word_1_207' title='bbox 499 2634 685 2688; x_wconf 70' lang='lat' dir='ltr'><strong>genus.</strong></span> <span class='ocrx_word' id='word_1_208' title='bbox 716 2616 831 2672; x_wconf 88' lang='lat' dir='ltr'><strong>lloc</strong></span> <span class='ocrx_word' id='word_1_209' title='bbox 856 2623 936 2670; x_wconf 89' lang='lat' dir='ltr'><strong>est</strong></span> <span class='ocrx_word' id='word_1_210' title='bbox 964 2614 1125 2675; x_wconf 87' lang='lat' dir='ltr'><strong>enim,</strong></span> <span class='ocrx_word' id='word_1_211' title='bbox 1156 2608 1320 2680; x_wconf 68' lang='lat' dir='ltr'><strong>lz&#39;jccit</strong></span> <span class='ocrx_word' id='word_1_212' title='bbox 1348 2610 1516 2662; x_wconf 85' lang='lat' dir='ltr'><strong>adhuc</strong></span> <span class='ocrx_word' id='word_1_213' title='bbox 1536 2649 1552 2674; x_wconf 95' lang='lat'><strong>,</strong></span> <span class='ocrx_word' id='word_1_214' title='bbox 1593 2623 1755 2680; x_wconf 83' lang='lat' dir='ltr'><strong>Sttpcr</strong></span> 
     </span>
    </p>
   </div>
   <div class='ocr_carea' id='block_1_28' title="bbox 184 2692 1754 2781">
    <p class='ocr_par' dir='ltr' id='par_1_28' title="bbox 184 2692 1754 2781">
     <span class='ocr_line' id='line_1_28' title="bbox 184 2692 1754 2781; baseline -0.008 -12"><span class='ocrx_word' id='word_1_215' title='bbox 184 2714 294 2772; x_wconf 86' lang='lat' dir='ltr'><strong>illud</strong></span> <span class='ocrx_word' id='word_1_216' title='bbox 336 2692 543 2769; x_wconf 79' lang='lat' dir='ltr'><strong>scilicet</strong></span> <span class='ocrx_word' id='word_1_217' title='bbox 571 2710 711 2781; x_wconf 87' lang='lat' dir='ltr'><strong>quod</strong></span> <span class='ocrx_word' id='word_1_218' title='bbox 746 2709 854 2781; x_wconf 86' lang='lat' dir='ltr'><strong>jam</strong></span> <span class='ocrx_word' id='word_1_219' title='bbox 884 2708 1115 2777; x_wconf 68' lang='lat' dir='ltr'><strong>eiecerat</strong></span> <span class='ocrx_word' id='word_1_220' title='bbox 1144 2725 1159 2764; x_wconf 90' lang='lat'><strong>:</strong></span> <span class='ocrx_word' id='word_1_221' title='bbox 1193 2714 1317 2758; x_wconf 90' lang='lat' dir='ltr'><strong>tunc</strong></span> <span class='ocrx_word' id='word_1_222' title='bbox 1359 2703 1536 2773; x_wconf 74' lang='lat' dir='ltr'><strong>utique</strong></span> <span class='ocrx_word' id='word_1_223' title='bbox 1566 2712 1754 2772; x_wconf 85' lang='lat' dir='ltr'><strong>poten-</strong></span> 
     </span>
    </p>
   </div>
   <div class='ocr_carea' id='block_1_29' title="bbox 187 2796 1755 2871">
    <p class='ocr_par' dir='ltr' id='par_1_29' title="bbox 187 2796 1755 2871">
     <span class='ocr_line' id='line_1_29' title="bbox 187 2796 1755 2871; baseline -0.008 -14"><span class='ocrx_word' id='word_1_224' title='bbox 187 2808 357 2864; x_wconf 82' lang='lat' dir='ltr'><strong>tialiter</strong></span> <span class='ocrx_word' id='word_1_225' title='bbox 393 2815 449 2867; x_wconf 82' lang='lat' dir='ltr'><strong>et</strong></span> <span class='ocrx_word' id='word_1_226' title='bbox 496 2804 777 2863; x_wconf 84' lang='lat' dir='ltr'><strong>causaliter</strong></span> <span class='ocrx_word' id='word_1_227' title='bbox 816 2801 868 2859; x_wconf 92' lang='lat' dir='ltr'><strong>in</strong></span> <span class='ocrx_word' id='word_1_228' title='bbox 907 2816 1068 2871; x_wconf 87' lang='lat' dir='ltr'><strong>opere</strong></span> <span class='ocrx_word' id='word_1_229' title='bbox 1099 2799 1395 2870; x_wconf 86' lang='lat' dir='ltr'><strong>pertinente</strong></span> <span class='ocrx_word' id='word_1_230' title='bbox 1432 2798 1497 2853; x_wconf 85' lang='lat' dir='ltr'><strong>ad</strong></span> <span class='ocrx_word' id='word_1_231' title='bbox 1527 2796 1755 2853; x_wconf 76' lang='lat' dir='ltr'><strong>creanda</strong></span> 
     </span>
    </p>
   </div>
   <div class='ocr_carea' id='block_1_30' title="bbox 186 2891 1755 2965">
    <p class='ocr_par' dir='ltr' id='par_1_30' title="bbox 186 2891 1755 2965">
     <span class='ocr_line' id='line_1_30' title="bbox 186 2891 1755 2965; baseline -0.006 -11"><span class='ocrx_word' id='word_1_232' title='bbox 186 2900 339 2955; x_wconf 85' lang='lat' dir='ltr'><strong>omnia</strong></span> <span class='ocrx_word' id='word_1_233' title='bbox 370 2896 567 2961; x_wconf 89' lang='lat' dir='ltr'><strong>simul,</strong></span> <span class='ocrx_word' id='word_1_234' title='bbox 603 2895 856 2965; x_wconf 88' lang='lat' dir='ltr'><strong>aquibus</strong></span> <span class='ocrx_word' id='word_1_235' title='bbox 895 2892 1277 2948; x_wconf 85' lang='lat' dir='ltr'><strong>consummatis</strong></span> <span class='ocrx_word' id='word_1_236' title='bbox 1312 2892 1362 2946; x_wconf 90' lang='lat' dir='ltr'><strong>in</strong></span> <span class='ocrx_word' id='word_1_237' title='bbox 1399 2891 1487 2948; x_wconf 89' lang='lat' dir='ltr'><strong>die</strong></span> <span class='ocrx_word' id='word_1_238' title='bbox 1529 2891 1755 2959; x_wconf 82' lang='lat' dir='ltr'><strong>septimo</strong></span> 
     </span>
    </p>
   </div>
   <div class='ocr_carea' id='block_1_31' title="bbox 186 2974 1757 3063">
    <p class='ocr_par' dir='ltr' id='par_1_31' title="bbox 186 2974 1757 3063">
     <span class='ocr_line' id='line_1_31' title="bbox 186 2974 1757 3063; baseline -0.006 -16"><span class='ocrx_word' id='word_1_239' title='bbox 186 2974 465 3063; x_wconf 78' lang='lat' dir='ltr'><strong>requievit;</strong></span> <span class='ocrx_word' id='word_1_240' title='bbox 502 3002 640 3044; x_wconf 89' lang='lat' dir='ltr'><strong>nunc</strong></span> <span class='ocrx_word' id='word_1_241' title='bbox 673 2997 849 3042; x_wconf 91' lang='lat' dir='ltr'><strong>autem</strong></span> <span class='ocrx_word' id='word_1_242' title='bbox 878 2985 1153 3041; x_wconf 87' lang='lat' dir='ltr'><strong>visibiliter</strong></span> <span class='ocrx_word' id='word_1_243' title='bbox 1180 2983 1231 3039; x_wconf 91' lang='lat' dir='ltr'><strong>in</strong></span> <span class='ocrx_word' id='word_1_244' title='bbox 1260 2998 1421 3052; x_wconf 82' lang='lat' dir='ltr'><strong>opere</strong></span> <span class='ocrx_word' id='word_1_245' title='bbox 1460 2983 1757 3052; x_wconf 82' lang='lat' dir='ltr'><strong>pertinente</strong></span> 
     </span>
    </p>
   </div>
   <div class='ocr_carea' id='block_1_32' title="bbox 187 3077 1646 3155">
    <p class='ocr_par' dir='ltr' id='par_1_32' title="bbox 187 3077 1646 3155">
     <span class='ocr_line' id='line_1_32' title="bbox 187 3077 1646 3155; baseline -0.008 -18"><span class='ocrx_word' id='word_1_246' title='bbox 187 3083 243 3151; x_wconf 86' lang='lat' dir='ltr'><strong>ad</strong></span> <span class='ocrx_word' id='word_1_247' title='bbox 274 3094 571 3155; x_wconf 85' lang='lat' dir='ltr'><strong>temporum</strong></span> <span class='ocrx_word' id='word_1_248' title='bbox 591 3094 824 3142; x_wconf 90' lang='lat' dir='ltr'><strong>cursum,</strong></span> <span class='ocrx_word' id='word_1_249' title='bbox 854 3077 989 3132; x_wconf 89' lang='lat' dir='ltr'><strong>sicut</strong></span> <span class='ocrx_word' id='word_1_250' title='bbox 1017 3090 1185 3148; x_wconf 91' lang='lat' dir='ltr'><strong>usque</strong></span> <span class='ocrx_word' id='word_1_251' title='bbox 1214 3089 1352 3130; x_wconf 89' lang='lat' dir='ltr'><strong>nunc</strong></span> <span class='ocrx_word' id='word_1_252' title='bbox 1377 3081 1646 3144; x_wconf 87' lang='lat' dir='ltr'><strong>operatur.</strong></span> 
     </span>
    </p>
   </div>
   <div class='ocr_carea' id='block_1_33' title="bbox 257 3162 1758 3243">
    <p class='ocr_par' dir='ltr' id='par_1_33' title="bbox 257 3162 1758 3243">
     <span class='ocr_line' id='line_1_33' title="bbox 257 3162 1758 3243; baseline -0.01 -10"><span class='ocrx_word' id='word_1_253' title='bbox 257 3176 306 3233; x_wconf 82' lang='lat'><strong>6.</strong></span> <span class='ocrx_word' id='word_1_254' title='bbox 332 3176 439 3232; x_wconf 67' lang='lat' dir='ltr'><strong>Nisi</strong></span> <span class='ocrx_word' id='word_1_255' title='bbox 472 3173 609 3230; x_wconf 91' lang='lat' dir='ltr'><strong>forte</strong></span> <span class='ocrx_word' id='word_1_256' title='bbox 638 3173 754 3243; x_wconf 87' lang='lat' dir='ltr'><strong>quis</strong></span> <span class='ocrx_word' id='word_1_257' title='bbox 780 3170 922 3241; x_wconf 81' lang='lat' dir='ltr'><strong>dicat</strong></span> <span class='ocrx_word' id='word_1_258' title='bbox 945 3185 1048 3223; x_wconf 89' lang='lat' dir='ltr'><strong>non</strong></span> <span class='ocrx_word' id='word_1_259' title='bbox 1077 3182 1235 3222; x_wconf 90' lang='lat' dir='ltr'><strong>omne</strong></span> <span class='ocrx_word' id='word_1_260' title='bbox 1262 3165 1386 3238; x_wconf 79' lang='lat' dir='ltr'><strong>ligni</strong></span> <span class='ocrx_word' id='word_1_261' title='bbox 1409 3180 1575 3238; x_wconf 80' lang='lat' dir='ltr'><strong>genus</strong></span> <span class='ocrx_word' id='word_1_262' title='bbox 1598 3162 1758 3218; x_wconf 91' lang='lat' dir='ltr'><strong>tertio</strong></span> 
     </span>
    </p>
   </div>
   <div class='ocr_carea' id='block_1_34' title="bbox 190 3262 1755 3336">
    <p class='ocr_par' dir='ltr' id='par_1_34' title="bbox 190 3262 1755 3336">
     <span class='ocr_line' id='line_1_34' title="bbox 190 3262 1755 3336; baseline -0.011 -7"><span class='ocrx_word' id='word_1_263' title='bbox 190 3271 264 3331; x_wconf 86' lang='lat' dir='ltr'><strong>die</strong></span> <span class='ocrx_word' id='word_1_264' title='bbox 279 3286 537 3334; x_wconf 77' lang='lat' dir='ltr'><strong>creatum,</strong></span> <span class='ocrx_word' id='word_1_265' title='bbox 560 3269 651 3325; x_wconf 87' lang='lat' dir='ltr'><strong>sed</strong></span> <span class='ocrx_word' id='word_1_266' title='bbox 669 3267 886 3323; x_wconf 91' lang='lat' dir='ltr'><strong>dilatum</strong></span> <span class='ocrx_word' id='word_1_267' title='bbox 911 3264 1108 3336; x_wconf 91' lang='lat' dir='ltr'><strong>aliquid</strong></span> <span class='ocrx_word' id='word_1_268' title='bbox 1126 3262 1263 3335; x_wconf 88' lang='lat' dir='ltr'><strong>qttod</strong></span> <span class='ocrx_word' id='word_1_269' title='bbox 1290 3273 1440 3317; x_wconf 81' lang='lat' dir='ltr'><strong>sexto</strong></span> <span class='ocrx_word' id='word_1_270' title='bbox 1460 3268 1755 3331; x_wconf 84' lang='lat' dir='ltr'><strong>crearetur,</strong></span> 
     </span>
    </p>
   </div>
   <div class='ocr_carea' id='block_1_35' title="bbox 192 3352 1754 3428">
    <p class='ocr_par' dir='ltr' id='par_1_35' title="bbox 192 3352 1754 3428">
     <span class='ocr_line' id='line_1_35' title="bbox 192 3352 1754 3428; baseline -0.009 -10"><span class='ocrx_word' id='word_1_271' title='bbox 192 3378 294 3420; x_wconf 86' lang='lat' dir='ltr'><strong>cum</strong></span> <span class='ocrx_word' id='word_1_272' title='bbox 338 3358 505 3417; x_wconf 75' lang='lat' dir='ltr'><strong>liomo</strong></span> <span class='ocrx_word' id='word_1_273' title='bbox 548 3359 717 3416; x_wconf 90' lang='lat' dir='ltr'><strong>factus</strong></span> <span class='ocrx_word' id='word_1_274' title='bbox 746 3366 827 3414; x_wconf 90' lang='lat' dir='ltr'><strong>est</strong></span> <span class='ocrx_word' id='word_1_275' title='bbox 853 3365 1013 3428; x_wconf 90' lang='lat' dir='ltr'><strong>atque</strong></span> <span class='ocrx_word' id='word_1_276' title='bbox 1044 3356 1097 3411; x_wconf 92' lang='lat' dir='ltr'><strong>in</strong></span> <span class='ocrx_word' id='word_1_277' title='bbox 1127 3354 1371 3425; x_wconf 80' lang='lat' dir='ltr'><strong>paradiso</strong></span> <span class='ocrx_word' id='word_1_278' title='bbox 1414 3352 1754 3407; x_wconf 86' lang='lat' dir='ltr'><strong>constitutus.</strong></span> 
     </span>
    </p>
   </div>
   <div class='ocr_carea' id='block_1_36' title="bbox 192 3437 1758 3527">
    <p class='ocr_par' dir='ltr' id='par_1_36' title="bbox 192 3437 1758 3527">
     <span class='ocr_line' id='line_1_36' title="bbox 192 3437 1758 3527; baseline -0.01 -15"><span class='ocrx_word' id='word_1_279' title='bbox 192 3437 279 3512; x_wconf 81' lang='lat' dir='ltr'><strong>Sed</strong></span> <span class='ocrx_word' id='word_1_280' title='bbox 305 3472 418 3527; x_wconf 81' lang='lat' dir='ltr'><strong>qua:</strong></span> <span class='ocrx_word' id='word_1_281' title='bbox 445 3462 604 3509; x_wconf 77' lang='lat' dir='ltr'><strong>sexto</strong></span> <span class='ocrx_word' id='word_1_282' title='bbox 631 3452 716 3506; x_wconf 90' lang='lat' dir='ltr'><strong>die</strong></span> <span class='ocrx_word' id='word_1_283' title='bbox 741 3459 915 3506; x_wconf 89' lang='lat' dir='ltr'><strong>creata</strong></span> <span class='ocrx_word' id='word_1_284' title='bbox 943 3456 1087 3512; x_wconf 87' lang='lat' dir='ltr'><strong>sunt,</strong></span> <span class='ocrx_word' id='word_1_285' title='bbox 1117 3445 1453 3517; x_wconf 85' lang='lat' dir='ltr'><strong>apertissime</strong></span> <span class='ocrx_word' id='word_1_286' title='bbox 1486 3443 1758 3510; x_wconf 88' lang='lat' dir='ltr'><strong>Scriptura</strong></span> 
     </span>
    </p>
   </div>
   <div class='ocr_carea' id='block_1_37' title="bbox 194 3534 1761 3614">
    <p class='ocr_par' dir='ltr' id='par_1_37' title="bbox 194 3534 1761 3614">
     <span class='ocr_line' id='line_1_37' title="bbox 194 3534 1761 3614; baseline -0.011 -10"><span class='ocrx_word' id='word_1_287' title='bbox 194 3548 434 3614; x_wconf 84' lang='lat' dir='ltr'><strong>declarat;</strong></span> <span class='ocrx_word' id='word_1_288' title='bbox 462 3547 639 3601; x_wconf 84' lang='lat' dir='ltr'><strong>anima</strong></span> <span class='ocrx_word' id='word_1_289' title='bbox 659 3544 775 3598; x_wconf 87' lang='lat' dir='ltr'><strong>viva</strong></span> <span class='ocrx_word' id='word_1_290' title='bbox 805 3543 1011 3599; x_wconf 84' lang='lat' dir='ltr'><strong>scilicet</strong></span> <span class='ocrx_word' id='word_1_291' title='bbox 1035 3539 1324 3596; x_wconf 85' lang='lat' dir='ltr'><strong>secundum</strong></span> <span class='ocrx_word' id='word_1_292' title='bbox 1349 3534 1761 3608; x_wconf 83' lang='lat' dir='ltr'><strong>unumquodque</strong></span> 
     </span>
    </p>
   </div>
   <div class='ocr_carea' id='block_1_38' title="bbox 193 3631 1763 3715">
    <p class='ocr_par' dir='ltr' id='par_1_38' title="bbox 193 3631 1763 3715">
     <span class='ocr_line' id='line_1_38' title="bbox 193 3631 1763 3715; baseline -0.008 -20"><span class='ocrx_word' id='word_1_293' title='bbox 193 3654 363 3715; x_wconf 70' lang='lat' dir='ltr'><strong>genus,</strong></span> <span class='ocrx_word' id='word_1_294' title='bbox 394 3637 799 3711; x_wconf 86' lang='lat' dir='ltr'><strong>quadrupedum</strong></span> <span class='ocrx_word' id='word_1_295' title='bbox 845 3643 899 3691; x_wconf 89' lang='lat' dir='ltr'><strong>et</strong></span> <span class='ocrx_word' id='word_1_296' title='bbox 944 3634 1239 3701; x_wconf 82' lang='lat' dir='ltr'><strong>repentium</strong></span> <span class='ocrx_word' id='word_1_297' title='bbox 1268 3638 1322 3686; x_wconf 91' lang='lat' dir='ltr'><strong>et</strong></span> <span class='ocrx_word' id='word_1_298' title='bbox 1349 3631 1673 3692; x_wconf 87' lang='lat' dir='ltr'><strong>bestiarum,</strong></span> <span class='ocrx_word' id='word_1_299' title='bbox 1707 3636 1763 3685; x_wconf 90' lang='lat' dir='ltr'><strong>et</strong></span> 
     </span>
    </p>
   </div>
   <div class='ocr_carea' id='block_1_39' title="bbox 195 3722 1757 3801">
    <p class='ocr_par' dir='ltr' id='par_1_39' title="bbox 195 3722 1757 3801">
     <span class='ocr_line' id='line_1_39' title="bbox 195 3722 1757 3801; baseline -0.01 -15"><span class='ocrx_word' id='word_1_300' title='bbox 195 3730 294 3801; x_wconf 86' lang='lat' dir='ltr'><strong>ipse</strong></span> <span class='ocrx_word' id='word_1_301' title='bbox 327 3730 491 3786; x_wconf 90' lang='lat' dir='ltr'><strong>bomo</strong></span> <span class='ocrx_word' id='word_1_302' title='bbox 543 3728 611 3783; x_wconf 91' lang='lat' dir='ltr'><strong>ad</strong></span> <span class='ocrx_word' id='word_1_303' title='bbox 660 3729 939 3796; x_wconf 81' lang='lat' dir='ltr'><strong>imaginem</strong></span> <span class='ocrx_word' id='word_1_304' title='bbox 989 3725 1077 3780; x_wconf 90' lang='lat' dir='ltr'><strong>Dei</strong></span> <span class='ocrx_word' id='word_1_305' title='bbox 1131 3723 1396 3783; x_wconf 79' lang='lat' dir='ltr'><strong>masculus</strong></span> <span class='ocrx_word' id='word_1_306' title='bbox 1442 3730 1497 3777; x_wconf 90' lang='lat' dir='ltr'><strong>et</strong></span> <span class='ocrx_word' id='word_1_307' title='bbox 1545 3722 1757 3775; x_wconf 75' lang='lat' dir='ltr'><strong>femina.</strong></span> 
     </span>
    </p>
   </div>
   <div class='ocr_carea' id='block_1_40' title="bbox 196 3802 1760 3893">
    <p class='ocr_par' dir='ltr' id='par_1_40' title="bbox 196 3802 1760 3893">
     <span class='ocr_line' id='line_1_40' title="bbox 196 3802 1760 3893; baseline -0.005 -17"><span class='ocrx_word' id='word_1_308' title='bbox 196 3802 400 3891; x_wconf 58' lang='lat' dir='ltr'><strong>Proinde</strong></span> <span class='ocrx_word' id='word_1_309' title='bbox 427 3821 602 3893; x_wconf 86' lang='lat' dir='ltr'><strong>potuit</strong></span> <span class='ocrx_word' id='word_1_310' title='bbox 641 3818 1041 3889; x_wconf 74' lang='lat' dir='ltr'><strong>prmtermittcre</strong></span> <span class='ocrx_word' id='word_1_311' title='bbox 1070 3813 1336 3885; x_wconf 89' lang='lat' dir='ltr'><strong>quomodo</strong></span> <span class='ocrx_word' id='word_1_312' title='bbox 1370 3814 1434 3868; x_wconf 84' lang='lat' dir='ltr'><strong>sit</strong></span> <span class='ocrx_word' id='word_1_313' title='bbox 1480 3812 1639 3867; x_wconf 81' lang='lat' dir='ltr'><strong>homo</strong></span> <span class='ocrx_word' id='word_1_314' title='bbox 1683 3812 1760 3869; x_wconf 85' lang='lat' dir='ltr'><strong>fa-</strong></span> 
     </span>
    </p>
   </div>
   <div class='ocr_carea' id='block_1_41' title="bbox 195 3894 1759 3987">
    <p class='ocr_par' dir='ltr' id='par_1_41' title="bbox 195 3894 1759 3987">
     <span class='ocr_line' id='line_1_41' title="bbox 195 3894 1759 3987; baseline -0.005 -20"><span class='ocrx_word' id='word_1_315' title='bbox 195 3894 316 3976; x_wconf 79' lang='lat' dir='ltr'><strong>ctus,</strong></span> <span class='ocrx_word' id='word_1_316' title='bbox 341 3928 499 3987; x_wconf 87' lang='lat' dir='ltr'><strong>quem</strong></span> <span class='ocrx_word' id='word_1_317' title='bbox 528 3920 703 3967; x_wconf 89' lang='lat' dir='ltr'><strong>t:nnen</strong></span> <span class='ocrx_word' id='word_1_318' title='bbox 730 3912 844 3979; x_wconf 91' lang='lat' dir='ltr'><strong>ipso</strong></span> <span class='ocrx_word' id='word_1_319' title='bbox 870 3907 955 3962; x_wconf 82' lang='lat' dir='ltr'><strong>die</strong></span> <span class='ocrx_word' id='word_1_320' title='bbox 982 3906 1176 3961; x_wconf 85' lang='lat' dir='ltr'><strong>factum</strong></span> <span class='ocrx_word' id='word_1_321' title='bbox 1196 3920 1313 3961; x_wconf 84' lang='lat' dir='ltr'><strong>esse</strong></span> <span class='ocrx_word' id='word_1_322' title='bbox 1336 3906 1586 3971; x_wconf 86' lang='lat' dir='ltr'><strong>narravit,</strong></span> <span class='ocrx_word' id='word_1_323' title='bbox 1605 3912 1759 3959; x_wconf 87' lang='lat' dir='ltr'><strong>utre-</strong></span> 
     </span>
    </p>
   </div>
   <div class='ocr_carea' id='block_1_42' title="bbox 198 3997 1766 4076">
    <p class='ocr_par' dir='ltr' id='par_1_42' title="bbox 198 3997 1766 4076">
     <span class='ocr_line' id='line_1_42' title="bbox 198 3997 1766 4076; baseline -0.006 -15"><span class='ocrx_word' id='word_1_324' title='bbox 198 4007 521 4076; x_wconf 84' lang='lat' dir='ltr'><strong>capitulando</strong></span> <span class='ocrx_word' id='word_1_325' title='bbox 544 4015 747 4076; x_wconf 88' lang='lat' dir='ltr'><strong>postea,</strong></span> <span class='ocrx_word' id='word_1_326' title='bbox 772 3999 1217 4072; x_wconf 83' lang='lat' dir='ltr'><strong>quemadmodum</strong></span> <span class='ocrx_word' id='word_1_327' title='bbox 1238 3998 1396 4053; x_wconf 89' lang='lat' dir='ltr'><strong>etiam</strong></span> <span class='ocrx_word' id='word_1_328' title='bbox 1416 3998 1582 4052; x_wconf 89' lang='lat' dir='ltr'><strong>factus</strong></span> <span class='ocrx_word' id='word_1_329' title='bbox 1609 3997 1766 4052; x_wconf 86' lang='lat' dir='ltr'><strong>fuerit</strong></span> 
     </span>
    </p>
   </div>
   <div class='ocr_carea' id='block_1_43' title="bbox 200 4089 1765 4167">
    <p class='ocr_par' dir='ltr' id='par_1_43' title="bbox 200 4089 1765 4167">
     <span class='ocr_line' id='line_1_43' title="bbox 200 4089 1765 4167; baseline -0.007 -13"><span class='ocrx_word' id='word_1_330' title='bbox 200 4100 473 4167; x_wconf 74' lang='lat' dir='ltr'><strong>intimaret,</strong></span> <span class='ocrx_word' id='word_1_331' title='bbox 504 4100 608 4154; x_wconf 82' lang='lat' dir='ltr'><strong>ltoe</strong></span> <span class='ocrx_word' id='word_1_332' title='bbox 634 4106 717 4153; x_wconf 44' lang='lat' dir='ltr'><strong>est</strong></span> <span class='ocrx_word' id='word_1_333' title='bbox 746 4097 813 4152; x_wconf 89' lang='lat' dir='ltr'><strong>de</strong></span> <span class='ocrx_word' id='word_1_334' title='bbox 841 4106 994 4148; x_wconf 75' lang='lat' dir='ltr'><strong>terra:</strong></span> <span class='ocrx_word' id='word_1_335' title='bbox 1036 4092 1274 4162; x_wconf 75' lang='lat' dir='ltr'><strong>pulvere,</strong></span> <span class='ocrx_word' id='word_1_336' title='bbox 1306 4098 1359 4144; x_wconf 89' lang='lat' dir='ltr'><strong>et</strong></span> <span class='ocrx_word' id='word_1_337' title='bbox 1386 4090 1575 4143; x_wconf 84' lang='lat' dir='ltr'><strong>mulier</strong></span> <span class='ocrx_word' id='word_1_338' title='bbox 1600 4089 1671 4142; x_wconf 74' lang='lat' dir='ltr'><strong>ifli</strong></span> <span class='ocrx_word' id='word_1_339' title='bbox 1700 4089 1765 4143; x_wconf 91' lang='lat' dir='ltr'><strong>de</strong></span> 
     </span>
    </p>
   </div>
   <div class='ocr_carea' id='block_1_44' title="bbox 200 4184 1768 4267">
    <p class='ocr_par' dir='ltr' id='par_1_44' title="bbox 200 4184 1768 4267">
     <span class='ocr_line' id='line_1_44' title="bbox 200 4184 1768 4267; baseline -0.008 -19"><span class='ocrx_word' id='word_1_340' title='bbox 200 4192 379 4267; x_wconf 81' lang='lat' dir='ltr'><strong>latere;</strong></span> <span class='ocrx_word' id='word_1_341' title='bbox 406 4209 517 4251; x_wconf 82' lang='lat' dir='ltr'><strong>non</strong></span> <span class='ocrx_word' id='word_1_342' title='bbox 543 4201 719 4251; x_wconf 88' lang='lat' dir='ltr'><strong>tamen</strong></span> <span class='ocrx_word' id='word_1_343' title='bbox 744 4186 954 4259; x_wconf 79' lang='lat' dir='ltr'><strong>aliquod</strong></span> <span class='ocrx_word' id='word_1_344' title='bbox 974 4195 1232 4241; x_wconf 78' lang='lat' dir='ltr'><strong>creatura:</strong></span> <span class='ocrx_word' id='word_1_345' title='bbox 1261 4198 1427 4253; x_wconf 78' lang='lat' dir='ltr'><strong>genus</strong></span> <span class='ocrx_word' id='word_1_346' title='bbox 1452 4184 1768 4253; x_wconf 74' lang='lat' dir='ltr'><strong>pra-termit-</strong></span> 
     </span>
    </p>
   </div>
   <div class='ocr_carea' id='block_1_45' title="bbox 202 4276 1763 4351">
    <p class='ocr_par' dir='ltr' id='par_1_45' title="bbox 202 4276 1763 4351">
     <span class='ocr_line' id='line_1_45' title="bbox 202 4276 1763 4351; baseline -0.007 -11"><span class='ocrx_word' id='word_1_347' title='bbox 202 4290 319 4351; x_wconf 67' lang='grc' dir='ltr'><strong>ιω,</strong></span> <span class='ocrx_word' id='word_1_348' title='bbox 346 4286 429 4340; x_wconf 63' lang='lat' dir='ltr'><strong>vel</strong></span> <span class='ocrx_word' id='word_1_349' title='bbox 459 4285 511 4339; x_wconf 92' lang='lat' dir='ltr'><strong>in</strong></span> <span class='ocrx_word' id='word_1_350' title='bbox 542 4298 607 4339; x_wconf 89' lang='lat' dir='ltr'><strong>co</strong></span> <span class='ocrx_word' id='word_1_351' title='bbox 634 4281 773 4350; x_wconf 86' lang='lat' dir='ltr'><strong>quod</strong></span> <span class='ocrx_word' id='word_1_352' title='bbox 803 4280 936 4334; x_wconf 76' lang='lat' dir='ltr'><strong>dixit</strong></span> <span class='ocrx_word' id='word_1_353' title='bbox 957 4280 1116 4345; x_wconf 88' lang='lat' dir='ltr'><strong>Deus,</strong></span> <span class='ocrx_word' id='word_1_354' title='bbox 1142 4276 1279 4340; x_wconf 82' lang='lat' dir='ltr'><strong>Fiat,</strong></span> <span class='ocrx_word' id='word_1_355' title='bbox 1306 4277 1450 4351; x_wconf 73' lang='lat' dir='ltr'><strong>sive,</strong></span> <span class='ocrx_word' id='word_1_356' title='bbox 1470 4276 1763 4343; x_wconf 77' lang='lat' dir='ltr'><strong>Faciamus,</strong></span> 
     </span>
    </p>
   </div>
   <div class='ocr_carea' id='block_1_46' title="bbox 203 4367 1768 4449">
    <p class='ocr_par' dir='ltr' id='par_1_46' title="bbox 203 4367 1768 4449">
     <span class='ocr_line' id='line_1_46' title="bbox 203 4367 1768 4449; baseline -0.005 -19"><span class='ocrx_word' id='word_1_357' title='bbox 203 4376 279 4449; x_wconf 74' lang='lat' dir='ltr'><strong>vel</strong></span> <span class='ocrx_word' id='word_1_358' title='bbox 302 4376 351 4432; x_wconf 89' lang='lat' dir='ltr'><strong>in</strong></span> <span class='ocrx_word' id='word_1_359' title='bbox 391 4391 460 4432; x_wconf 87' lang='lat' dir='ltr'><strong>eo</strong></span> <span class='ocrx_word' id='word_1_360' title='bbox 496 4374 636 4446; x_wconf 90' lang='lat' dir='ltr'><strong>quod</strong></span> <span class='ocrx_word' id='word_1_361' title='bbox 674 4372 895 4438; x_wconf 73' lang='lat' dir='ltr'><strong>dicitur,</strong></span> <span class='ocrx_word' id='word_1_362' title='bbox 929 4371 1019 4426; x_wconf 82' lang='lat' dir='ltr'><strong>Sic</strong></span> <span class='ocrx_word' id='word_1_363' title='bbox 1054 4380 1125 4425; x_wconf 86' lang='lat' dir='ltr'><strong>est</strong></span> <span class='ocrx_word' id='word_1_364' title='bbox 1162 4373 1353 4442; x_wconf 75' lang='lat' dir='ltr'><strong>factum</strong></span> <span class='ocrx_word' id='word_1_365' title='bbox 1376 4410 1390 4432; x_wconf 91' lang='lat'><strong>,</strong></span> <span class='ocrx_word' id='word_1_366' title='bbox 1440 4369 1580 4435; x_wconf 86' lang='lat' dir='ltr'><strong>sive,</strong></span> <span class='ocrx_word' id='word_1_367' title='bbox 1627 4367 1768 4422; x_wconf 77' lang='lat' dir='ltr'><strong>Fecit</strong></span> 
     </span>
    </p>
   </div>
   <div class='ocr_carea' id='block_1_47' title="bbox 205 4460 1769 4541">
    <p class='ocr_par' dir='ltr' id='par_1_47' title="bbox 205 4460 1769 4541">
     <span class='ocr_line' id='line_1_47' title="bbox 205 4460 1769 4541; baseline -0.006 -18"><span class='ocrx_word' id='word_1_368' title='bbox 370 4466 615 4541; x_wconf 72' lang='lat' dir='ltr'><strong>Alinqnin</strong></span> <span class='ocrx_word' id='word_1_369' title='bbox 634 4465 824 4520; x_wconf 87' lang='lat' dir='ltr'><strong>frustra</strong></span> <span class='ocrx_word' id='word_1_370' title='bbox 854 4479 949 4534; x_wconf 87' lang='lat' dir='ltr'><strong>per</strong></span> <span class='ocrx_word' id='word_1_371' title='bbox 971 4463 1205 4533; x_wconf 80' lang='lat' dir='ltr'><strong>singulos</strong></span> <span class='ocrx_word' id='word_1_372' title='bbox 1228 4460 1341 4517; x_wconf 87' lang='lat' dir='ltr'><strong>dies</strong></span> <span class='ocrx_word' id='word_1_373' title='bbox 1362 4468 1467 4516; x_wconf 88' lang='lat' dir='ltr'><strong>tam</strong></span> <span class='ocrx_word' id='word_1_374' title='bbox 1489 4461 1769 4529; x_wconf 64' lang='lat' dir='ltr'><strong>dingenter</strong></span> 
     </span>
    </p>
   </div>
   <div class='ocr_carea' id='block_1_48' title="bbox 205 4552 1773 4633">
    <p class='ocr_par' dir='ltr' id='par_1_48' title="bbox 205 4552 1773 4633">
     <span class='ocr_line' id='line_1_48' title="bbox 205 4552 1773 4633; baseline -0.003 -22"><span class='ocrx_word' id='word_1_375' title='bbox 205 4555 433 4633; x_wconf 45' lang='lat' dir='ltr'><strong>distincta</strong></span> <span class='ocrx_word' id='word_1_376' title='bbox 482 4566 607 4633; x_wconf 75' lang='lat' dir='ltr'><strong>sunt</strong></span> <span class='ocrx_word' id='word_1_377' title='bbox 643 4557 843 4629; x_wconf 84' lang='lat' dir='ltr'><strong>omnia,</strong></span> <span class='ocrx_word' id='word_1_378' title='bbox 872 4555 917 4629; x_wconf 83' lang='lat' dir='ltr'><strong>si</strong></span> <span class='ocrx_word' id='word_1_379' title='bbox 961 4553 1325 4623; x_wconf 77' lang='lat' dir='ltr'><strong>perutixlionis</strong></span> <span class='ocrx_word' id='word_1_380' title='bbox 1362 4552 1564 4607; x_wconf 85' lang='lat' dir='ltr'><strong>dierum</strong></span> <span class='ocrx_word' id='word_1_381' title='bbox 1598 4558 1773 4622; x_wconf 89' lang='lat' dir='ltr'><strong>potest</strong></span> 
     </span>
    </p>
   </div>
   <div class='ocr_carea' id='block_1_49' title="bbox 207 4632 1771 4723">
    <p class='ocr_par' dir='ltr' id='par_1_49' title="bbox 207 4632 1771 4723">
     <span class='ocr_line' id='line_1_49' title="bbox 207 4632 1771 4723; baseline -0.008 -15"><span class='ocrx_word' id='word_1_382' title='bbox 336 4632 571 4723; x_wconf 74' lang='lat' dir='ltr'><strong>suspicio</strong></span> <span class='ocrx_word' id='word_1_383' title='bbox 612 4647 864 4711; x_wconf 82' lang='lat' dir='ltr'><strong>residere,</strong></span> <span class='ocrx_word' id='word_1_384' title='bbox 898 4655 956 4701; x_wconf 89' lang='lat' dir='ltr'><strong>ut</strong></span> <span class='ocrx_word' id='word_1_385' title='bbox 981 4661 1101 4700; x_wconf 90' lang='lat' dir='ltr'><strong>eum</strong></span> <span class='ocrx_word' id='word_1_386' title='bbox 1134 4643 1296 4698; x_wconf 86' lang='lat' dir='ltr'><strong>berba</strong></span> <span class='ocrx_word' id='word_1_387' title='bbox 1325 4652 1382 4698; x_wconf 91' lang='lat' dir='ltr'><strong>et</strong></span> <span class='ocrx_word' id='word_1_388' title='bbox 1421 4643 1617 4713; x_wconf 79' lang='lat' dir='ltr'><strong>lignum</strong></span> <span class='ocrx_word' id='word_1_389' title='bbox 1665 4641 1771 4697; x_wconf 90' lang='lat' dir='ltr'><strong>diei</strong></span> 
     </span>
    </p>
   </div>
   <div class='ocr_carea' id='block_1_50' title="bbox 212 4732 1773 4813">
    <p class='ocr_par' dir='ltr' id='par_1_50' title="bbox 212 4732 1773 4813">
     <span class='ocr_line' id='line_1_50' title="bbox 212 4732 1773 4813; baseline -0.003 -21"><span class='ocrx_word' id='word_1_390' title='bbox 212 4738 353 4809; x_wconf 80' lang='lat' dir='ltr'><strong>tertio</strong></span> <span class='ocrx_word' id='word_1_391' title='bbox 396 4741 469 4813; x_wconf 71' lang='lat' dir='ltr'><strong>sit</strong></span> <span class='ocrx_word' id='word_1_392' title='bbox 504 4737 855 4803; x_wconf 89' lang='lat' dir='ltr'><strong>attributum,</strong></span> <span class='ocrx_word' id='word_1_393' title='bbox 903 4736 1078 4806; x_wconf 86' lang='lat' dir='ltr'><strong>aliqua</strong></span> <span class='ocrx_word' id='word_1_394' title='bbox 1121 4734 1262 4804; x_wconf 83' lang='lat' dir='ltr'><strong>ligna</strong></span> <span class='ocrx_word' id='word_1_395' title='bbox 1307 4734 1465 4801; x_wconf 85' lang='lat' dir='ltr'><strong>etiam</strong></span> <span class='ocrx_word' id='word_1_396' title='bbox 1508 4744 1658 4801; x_wconf 77' lang='lat' dir='ltr'><strong>sexto</strong></span> <span class='ocrx_word' id='word_1_397' title='bbox 1686 4732 1773 4789; x_wconf 88' lang='lat' dir='ltr'><strong>die</strong></span> 
     </span>
    </p>
   </div>
   <div class='ocr_carea' id='block_1_51' title="bbox 211 4824 1772 4904">
    <p class='ocr_par' dir='ltr' id='par_1_51' title="bbox 211 4824 1772 4904">
     <span class='ocr_line' id='line_1_51' title="bbox 211 4824 1772 4904; baseline -0.002 -21"><span class='ocrx_word' id='word_1_398' title='bbox 211 4838 372 4893; x_wconf 76' lang='lat' dir='ltr'><strong>creata</strong></span> <span class='ocrx_word' id='word_1_399' title='bbox 542 4828 858 4895; x_wconf 84' lang='lat' dir='ltr'><strong>credamus,</strong></span> <span class='ocrx_word' id='word_1_400' title='bbox 893 4843 1010 4897; x_wconf 81' lang='lat' dir='ltr'><strong>qua:</strong></span> <span class='ocrx_word' id='word_1_401' title='bbox 1048 4828 1164 4896; x_wconf 91' lang='lat' dir='ltr'><strong>ipso</strong></span> <span class='ocrx_word' id='word_1_402' title='bbox 1201 4836 1354 4881; x_wconf 74' lang='lat' dir='ltr'><strong>sexto</strong></span> <span class='ocrx_word' id='word_1_403' title='bbox 1380 4824 1468 4880; x_wconf 91' lang='lat' dir='ltr'><strong>die</strong></span> <span class='ocrx_word' id='word_1_404' title='bbox 1500 4824 1772 4895; x_wconf 76' lang='lat' dir='ltr'><strong>Scriptura</strong></span> 
     </span>
    </p>
   </div>
   <div class='ocr_carea' id='block_1_52' title="bbox 216 4921 439 4978">
    <p class='ocr_par' dir='ltr' id='par_1_52' title="bbox 216 4921 439 4978">
     <span class='ocr_line' id='line_1_52' title="bbox 216 4921 439 4978; baseline 0.013 -6"><span class='ocrx_word' id='word_1_405' title='bbox 216 4921 439 4978; x_wconf 82' lang='lat' dir='ltr'><strong>tacuerit.</strong></span> 
     </span>
    </p>
   </div>
   <div class='ocr_carea' id='block_1_53' title="bbox 567 4988 1401 5067">
    <p class='ocr_par' dir='ltr' id='par_1_53' title="bbox 567 4988 1401 5067">
     <span class='ocr_line' id='line_1_53' title="bbox 567 4988 1401 5067; baseline -0.006 -19"><span class='ocrx_word' id='word_1_406' title='bbox 567 4989 795 5067; x_wconf 63' lang='lat' dir='ltr'><strong>CAPUT</strong></span> <span class='ocrx_word' id='word_1_407' title='bbox 830 4988 895 5045; x_wconf 67' lang='grc' dir='ltr'><strong>ν.</strong></span> <span class='ocrx_word' id='word_1_408' title='bbox 922 5019 996 5031; x_wconf 94' lang='lat'><strong>—</strong></span> <span class='ocrx_word' id='word_1_409' title='bbox 1021 4988 1100 5045; x_wconf 89' lang='lat' dir='ltr'><strong>De</strong></span> <span class='ocrx_word' id='word_1_410' title='bbox 1124 4988 1296 5043; x_wconf 83' lang='lat' dir='ltr'><strong>eadem</strong></span> <span class='ocrx_word' id='word_1_411' title='bbox 1324 5005 1401 5061; x_wconf 80' lang='lat' dir='ltr'><strong>re.</strong></span> 
     </span>
    </p>
   </div>
   <div class='ocr_carea' id='block_1_54' title="bbox 277 5080 1777 5161">
    <p class='ocr_par' dir='ltr' id='par_1_54' title="bbox 277 5080 1777 5161">
     <span class='ocr_line' id='line_1_54' title="bbox 277 5080 1777 5161; baseline 0.001 -25"><span class='ocrx_word' id='word_1_412' title='bbox 277 5081 329 5153; x_wconf 82' lang='lat'><strong>7.</strong></span> <span class='ocrx_word' id='word_1_413' title='bbox 350 5082 627 5161; x_wconf 72' lang='lat' dir='ltr'><strong>Postremo</strong></span> <span class='ocrx_word' id='word_1_414' title='bbox 656 5082 779 5155; x_wconf 90' lang='lat' dir='ltr'><strong>quid</strong></span> <span class='ocrx_word' id='word_1_415' title='bbox 806 5081 1246 5153; x_wconf 88' lang='lat' dir='ltr'><strong>respondebimus</strong></span> <span class='ocrx_word' id='word_1_416' title='bbox 1269 5080 1335 5136; x_wconf 92' lang='lat' dir='ltr'><strong>de</strong></span> <span class='ocrx_word' id='word_1_417' title='bbox 1356 5080 1536 5137; x_wconf 88' lang='lat' dir='ltr'><strong>bestiis</strong></span> <span class='ocrx_word' id='word_1_418' title='bbox 1559 5082 1691 5154; x_wconf 82' lang='lat' dir='ltr'><strong>agri,</strong></span> <span class='ocrx_word' id='word_1_419' title='bbox 1721 5090 1777 5137; x_wconf 91' lang='lat' dir='ltr'><strong>et</strong></span> 
     </span>
    </p>
   </div>
   <div class='ocr_carea' id='block_1_55' title="bbox 221 5172 1778 5253">
    <p class='ocr_par' dir='ltr' id='par_1_55' title="bbox 221 5172 1778 5253">
     <span class='ocr_line' id='line_1_55' title="bbox 221 5172 1778 5253; baseline 0.004 -31"><span class='ocrx_word' id='word_1_420' title='bbox 221 5172 502 5251; x_wconf 80' lang='lat' dir='ltr'><strong>volatilibus</strong></span> <span class='ocrx_word' id='word_1_421' title='bbox 529 5174 675 5253; x_wconf 59' lang='lat' dir='ltr'><strong>coeli,</strong></span> <span class='ocrx_word' id='word_1_422' title='bbox 700 5190 817 5251; x_wconf 75' lang='lat' dir='ltr'><strong>qua:</strong></span> <span class='ocrx_word' id='word_1_423' title='bbox 842 5172 1060 5229; x_wconf 86' lang='lat' dir='ltr'><strong>adduxit</strong></span> <span class='ocrx_word' id='word_1_424' title='bbox 1104 5174 1244 5229; x_wconf 89' lang='lat' dir='ltr'><strong>Deus</strong></span> <span class='ocrx_word' id='word_1_425' title='bbox 1285 5173 1351 5228; x_wconf 87' lang='lat' dir='ltr'><strong>ad</strong></span> <span class='ocrx_word' id='word_1_426' title='bbox 1396 5173 1585 5246; x_wconf 76' lang='lat' dir='ltr'><strong>Adam,</strong></span> <span class='ocrx_word' id='word_1_427' title='bbox 1615 5185 1669 5227; x_wconf 93' lang='lat' dir='ltr'><strong>ut</strong></span> <span class='ocrx_word' id='word_1_428' title='bbox 1695 5174 1778 5228; x_wconf 82' lang='lat' dir='ltr'><strong>vi-</strong></span> 
     </span>
    </p>
   </div>
   <div class='ocr_carea' id='block_1_56' title="bbox 225 5260 1779 5342">
    <p class='ocr_par' dir='ltr' id='par_1_56' title="bbox 225 5260 1779 5342">
     <span class='ocr_line' id='line_1_56' title="bbox 225 5260 1779 5342; baseline 0.005 -28"><span class='ocrx_word' id='word_1_429' title='bbox 225 5260 490 5337; x_wconf 87' lang='lat' dir='ltr'><strong>deretquid</strong></span> <span class='ocrx_word' id='word_1_430' title='bbox 511 5283 572 5322; x_wconf 89' lang='lat' dir='ltr'><strong>ea</strong></span> <span class='ocrx_word' id='word_1_431' title='bbox 596 5265 846 5342; x_wconf 80' lang='lat' dir='ltr'><strong>vocaret?</strong></span> <span class='ocrx_word' id='word_1_432' title='bbox 871 5265 1020 5333; x_wconf 87' lang='lat' dir='ltr'><strong>Quod</strong></span> <span class='ocrx_word' id='word_1_433' title='bbox 1047 5266 1117 5321; x_wconf 91' lang='lat' dir='ltr'><strong>ita</strong></span> <span class='ocrx_word' id='word_1_434' title='bbox 1142 5266 1397 5337; x_wconf 88' lang='lat' dir='ltr'><strong>scriptum</strong></span> <span class='ocrx_word' id='word_1_435' title='bbox 1418 5275 1500 5322; x_wconf 88' lang='lat' dir='ltr'><strong>est</strong></span> <span class='ocrx_word' id='word_1_436' title='bbox 1523 5284 1536 5321; x_wconf 91' lang='lat'><strong>:</strong></span> <span class='ocrx_word' id='word_1_437' title='bbox 1566 5266 1631 5321; x_wconf 85' lang='lat' dir='ltr'><strong>Et</strong></span> <span class='ocrx_word' id='word_1_438' title='bbox 1652 5268 1779 5321; x_wconf 77' lang='lat' dir='ltr'><strong>dixit</strong></span> 
     </span>
    </p>
   </div>
   <div class='ocr_carea' id='block_1_57' title="bbox 228 5351 1780 5431">
    <p class='ocr_par' dir='ltr' id='par_1_57' title="bbox 228 5351 1780 5431">
     <span class='ocr_line' id='line_1_57' title="bbox 228 5351 1780 5431; baseline 0.003 -23"><span class='ocrx_word' id='word_1_439' title='bbox 228 5351 452 5421; x_wconf 73' lang='lat' dir='ltr'><strong>Dominus</strong></span> <span class='ocrx_word' id='word_1_440' title='bbox 488 5359 656 5430; x_wconf 81' lang='lat' dir='ltr'><strong>Deus;</strong></span> <span class='ocrx_word' id='word_1_441' title='bbox 684 5358 805 5431; x_wconf 81' lang='lat' dir='ltr'><strong>Non</strong></span> <span class='ocrx_word' id='word_1_442' title='bbox 841 5367 915 5415; x_wconf 87' lang='lat' dir='ltr'><strong>est</strong></span> <span class='ocrx_word' id='word_1_443' title='bbox 956 5358 1139 5413; x_wconf 86' lang='lat' dir='ltr'><strong>bonum</strong></span> <span class='ocrx_word' id='word_1_444' title='bbox 1163 5375 1272 5415; x_wconf 86' lang='lat' dir='ltr'><strong>esse</strong></span> <span class='ocrx_word' id='word_1_445' title='bbox 1299 5358 1555 5416; x_wconf 83' lang='lat' dir='ltr'><strong>hominem</strong></span> <span class='ocrx_word' id='word_1_446' title='bbox 1575 5358 1780 5426; x_wconf 87' lang='lat' dir='ltr'><strong>solum;</strong></span> 
     </span>
    </p>
   </div>
   <div class='ocr_carea' id='block_1_58' title="bbox 233 5446 1783 5526">
    <p class='ocr_par' dir='ltr' id='par_1_58' title="bbox 233 5446 1783 5526">
     <span class='ocr_line' id='line_1_58' title="bbox 233 5446 1783 5526; baseline 0.001 -19"><span class='ocrx_word' id='word_1_447' title='bbox 233 5446 455 5510; x_wconf 81' lang='lat' dir='ltr'><strong>faciamus</strong></span> <span class='ocrx_word' id='word_1_448' title='bbox 494 5451 573 5525; x_wconf 78' lang='lat' dir='ltr'><strong>illi</strong></span> <span class='ocrx_word' id='word_1_449' title='bbox 625 5452 935 5526; x_wconf 78' lang='lat' dir='ltr'><strong>adjutorium</strong></span> <span class='ocrx_word' id='word_1_450' title='bbox 975 5451 1251 5509; x_wconf 81' lang='lat' dir='ltr'><strong>secundum</strong></span> <span class='ocrx_word' id='word_1_451' title='bbox 1290 5452 1476 5524; x_wconf 85' lang='lat' dir='ltr'><strong>ipsum.</strong></span> <span class='ocrx_word' id='word_1_452' title='bbox 1521 5452 1588 5507; x_wconf 87' lang='lat' dir='ltr'><strong>Et</strong></span> <span class='ocrx_word' id='word_1_453' title='bbox 1635 5453 1783 5523; x_wconf 72' lang='lat' dir='ltr'><strong>ﬁnxit</strong></span> 
     </span>
    </p>
   </div>
   <div class='ocr_carea' id='block_1_59' title="bbox 232 5536 1783 5621">
    <p class='ocr_par' dir='ltr' id='par_1_59' title="bbox 232 5536 1783 5621">
     <span class='ocr_line' id='line_1_59' title="bbox 232 5536 1783 5621; baseline 0.003 -24"><span class='ocrx_word' id='word_1_454' title='bbox 232 5536 362 5616; x_wconf 55' lang='lat' dir='ltr'><strong><em>Qqu</em></strong></span> <span class='ocrx_word' id='word_1_455' title='bbox 386 5542 548 5621; x_wconf 54' lang='lat' dir='ltr'><strong>adhuc</strong></span> <span class='ocrx_word' id='word_1_456' title='bbox 581 5545 646 5621; x_wconf 79' lang='lat' dir='ltr'><strong>tle</strong></span> <span class='ocrx_word' id='word_1_457' title='bbox 668 5554 804 5601; x_wconf 84' lang='lat' dir='ltr'><strong>terra</strong></span> <span class='ocrx_word' id='word_1_458' title='bbox 827 5560 996 5615; x_wconf 82' lang='lat' dir='ltr'><strong>omnes</strong></span> <span class='ocrx_word' id='word_1_459' title='bbox 1023 5543 1203 5617; x_wconf 83' lang='lat' dir='ltr'><strong>bestias</strong></span> <span class='ocrx_word' id='word_1_460' title='bbox 1222 5544 1350 5619; x_wconf 81' lang='lat' dir='ltr'><strong>agri,</strong></span> <span class='ocrx_word' id='word_1_461' title='bbox 1379 5554 1428 5601; x_wconf 85' lang='lat' dir='ltr'><strong>et</strong></span> <span class='ocrx_word' id='word_1_462' title='bbox 1451 5545 1621 5619; x_wconf 81' lang='lat' dir='ltr'><strong>omnia</strong></span> <span class='ocrx_word' id='word_1_463' title='bbox 1639 5544 1783 5603; x_wconf 73' lang='lat' dir='ltr'><strong>cola-</strong></span> 
     </span>
    </p>
   </div>
   <div class='ocr_carea' id='block_1_60' title="bbox 232 5630 1786 5723">
    <p class='ocr_par' dir='ltr' id='par_1_60' title="bbox 232 5630 1786 5723">
     <span class='ocr_line' id='line_1_60' title="bbox 232 5630 1786 5723; baseline -0.005 -10"><span class='ocrx_word' id='word_1_464' title='bbox 371 5638 520 5714; x_wconf 63' lang='lat' dir='ltr'><strong>cdi.</strong></span> <span class='ocrx_word' id='word_1_465' title='bbox 554 5648 611 5717; x_wconf 58' lang='grc' dir='ltr'><strong>ξε</strong></span> <span class='ocrx_word' id='word_1_466' title='bbox 905 5637 1002 5697; x_wconf 69' lang='lat' dir='ltr'><strong>illa</strong></span> <span class='ocrx_word' id='word_1_467' title='bbox 1036 5637 1109 5711; x_wconf 63' lang='lat' dir='ltr'><strong>ad</strong></span> <span class='ocrx_word' id='word_1_468' title='bbox 1149 5636 1338 5711; x_wconf 66' lang='lat' dir='ltr'><strong>Adam.</strong></span> <span class='ocrx_word' id='word_1_469' title='bbox 1366 5638 1634 5707; x_wconf 58' lang='lat' dir='ltr'><strong>strideret</strong></span> <span class='ocrx_word' id='word_1_470' title='bbox 1659 5639 1786 5723; x_wconf 66' lang='lat' dir='ltr'><strong>quid</strong></span> 
     </span>
    </p>
   </div>
   <div class='ocr_carea' id='block_1_61' title="bbox 1546 176 2074 242">
    <p class='ocr_par' dir='ltr' id='par_1_61' title="bbox 1546 176 2074 242">
     <span class='ocr_line' id='line_1_61' title="bbox 1546 176 2074 242; baseline 0.009 -5"><span class='ocrx_word' id='word_1_471' title='bbox 1546 176 1754 237; x_wconf 77' lang='lat' dir='ltr'><strong>LIBER</strong></span> <span class='ocrx_word' id='word_1_472' title='bbox 1785 176 2074 242; x_wconf 79' lang='lat' dir='ltr'><strong>SEXTUS.</strong></span> 
     </span>
    </p>
   </div>
   <div class='ocr_carea' id='block_1_62' title="bbox 3318 194 3430 253">
    <p class='ocr_par' dir='ltr' id='par_1_62' title="bbox 3318 194 3430 253">
     <span class='ocr_line' id='line_1_62' title="bbox 3318 194 3430 253; baseline -0.009 0"><span class='ocrx_word' id='word_1_473' title='bbox 3318 194 3430 253; x_wconf 64' lang='grc'><strong>512</strong></span> 
     </span>
    </p>
   </div>
   <div class='ocr_carea' id='block_1_63' title="bbox 1842 315 3419 396">
    <p class='ocr_par' dir='ltr' id='par_1_63' title="bbox 1842 315 3419 396">
     <span class='ocr_line' id='line_1_63' title="bbox 1842 315 3419 396; baseline 0.008 -25"><span class='ocrx_word' id='word_1_474' title='bbox 1842 324 2040 373; x_wconf 77' lang='lat' dir='ltr'><strong>vocaret</strong></span> <span class='ocrx_word' id='word_1_475' title='bbox 2074 315 2168 373; x_wconf 85' lang='lat' dir='ltr'><strong>illa</strong></span> <span class='ocrx_word' id='word_1_476' title='bbox 2193 332 2216 375; x_wconf 91' lang='lat'><strong><em>:</em></strong></span> <span class='ocrx_word' id='word_1_477' title='bbox 2239 325 2289 379; x_wconf 81' lang='lat' dir='ltr'><strong>et</strong></span> <span class='ocrx_word' id='word_1_478' title='bbox 2314 334 2463 381; x_wconf 80' lang='lat' dir='ltr'><strong>omne</strong></span> <span class='ocrx_word' id='word_1_479' title='bbox 2482 320 2827 396; x_wconf 78' lang='lat' dir='ltr'><strong>quodcumque</strong></span> <span class='ocrx_word' id='word_1_480' title='bbox 2862 322 2995 379; x_wconf 81' lang='lat' dir='ltr'><strong>illud</strong></span> <span class='ocrx_word' id='word_1_481' title='bbox 3016 326 3208 382; x_wconf 74' lang='lat' dir='ltr'><strong>vocavit</strong></span> <span class='ocrx_word' id='word_1_482' title='bbox 3250 326 3419 384; x_wconf 79' lang='lat' dir='ltr'><strong>Adam</strong></span> 
     </span>
    </p>
   </div>
   <div class='ocr_carea' id='block_1_64' title="bbox 1842 410 3431 485">
    <p class='ocr_par' dir='ltr' id='par_1_64' title="bbox 1842 410 3431 485">
     <span class='ocr_line' id='line_1_64' title="bbox 1842 410 3431 485; baseline 0.008 -22"><span class='ocrx_word' id='word_1_483' title='bbox 1842 410 2066 464; x_wconf 85' lang='lat' dir='ltr'><strong>animam</strong></span> <span class='ocrx_word' id='word_1_484' title='bbox 2110 412 2291 479; x_wconf 73' lang='lat' dir='ltr'><strong>vivam,</strong></span> <span class='ocrx_word' id='word_1_485' title='bbox 2338 413 2432 467; x_wconf 80' lang='lat' dir='ltr'><strong>hoc</strong></span> <span class='ocrx_word' id='word_1_486' title='bbox 2458 431 2639 470; x_wconf 83' lang='lat' dir='ltr'><strong>nomen</strong></span> <span class='ocrx_word' id='word_1_487' title='bbox 2665 425 2736 472; x_wconf 85' lang='lat' dir='ltr'><strong>est</strong></span> <span class='ocrx_word' id='word_1_488' title='bbox 2766 416 2921 471; x_wconf 86' lang='lat' dir='ltr'><strong>illius.</strong></span> <span class='ocrx_word' id='word_1_489' title='bbox 2954 414 3016 469; x_wconf 83' lang='lat' dir='ltr'><strong>Et</strong></span> <span class='ocrx_word' id='word_1_490' title='bbox 3043 419 3231 472; x_wconf 78' lang='lat' dir='ltr'><strong>vocarit</strong></span> <span class='ocrx_word' id='word_1_491' title='bbox 3260 419 3431 485; x_wconf 16' lang='lat' dir='ltr'><strong>Adam,</strong></span> 
     </span>
    </p>
   </div>
   <div class='ocr_carea' id='block_1_65' title="bbox 1844 492 3433 577">
    <p class='ocr_par' dir='ltr' id='par_1_65' title="bbox 1844 492 3433 577">
     <span class='ocr_line' id='line_1_65' title="bbox 1844 492 3433 577; baseline 0.008 -22"><span class='ocrx_word' id='word_1_492' title='bbox 1844 503 2049 556; x_wconf 84' lang='lat' dir='ltr'><strong>nomina</strong></span> <span class='ocrx_word' id='word_1_493' title='bbox 2077 503 2306 558; x_wconf 86' lang='lat' dir='ltr'><strong>omnibus</strong></span> <span class='ocrx_word' id='word_1_494' title='bbox 2336 504 2595 576; x_wconf 79' lang='lat' dir='ltr'><strong>pecoribus</strong></span> <span class='ocrx_word' id='word_1_495' title='bbox 2622 514 2669 562; x_wconf 81' lang='lat' dir='ltr'><strong>ct</strong></span> <span class='ocrx_word' id='word_1_496' title='bbox 2692 506 2921 562; x_wconf 86' lang='lat' dir='ltr'><strong>omnibus</strong></span> <span class='ocrx_word' id='word_1_497' title='bbox 2954 507 3247 565; x_wconf 74' lang='lat' dir='ltr'><strong>tolatilibus</strong></span> <span class='ocrx_word' id='word_1_498' title='bbox 3272 511 3383 566; x_wconf 73' lang='grc' dir='ltr'><strong>ια’ιὶ</strong></span> <span class='ocrx_word' id='word_1_499' title='bbox 3404 492 3433 577; x_wconf 12' lang='grc' dir='ltr'><em>,ν</em></span> 
     </span>
    </p>
   </div>
   <div class='ocr_carea' id='block_1_66' title="bbox 1843 586 3433 669">
    <p class='ocr_par' dir='ltr' id='par_1_66' title="bbox 1843 586 3433 669">
     <span class='ocr_line' id='line_1_66' title="bbox 1843 586 3433 669; baseline 0.006 -22"><span class='ocrx_word' id='word_1_500' title='bbox 1843 602 1890 647; x_wconf 85' lang='lat' dir='ltr'><strong>et</strong></span> <span class='ocrx_word' id='word_1_501' title='bbox 1925 595 2155 649; x_wconf 83' lang='lat' dir='ltr'><strong>omnibus</strong></span> <span class='ocrx_word' id='word_1_502' title='bbox 2205 596 2371 650; x_wconf 82' lang='lat' dir='ltr'><strong>bestiis</strong></span> <span class='ocrx_word' id='word_1_503' title='bbox 2403 596 2534 669; x_wconf 84' lang='lat' dir='ltr'><strong>agri.</strong></span> <span class='ocrx_word' id='word_1_504' title='bbox 2584 597 2706 653; x_wconf 73' lang='lat' dir='ltr'><strong>Atla:</strong></span> <span class='ocrx_word' id='word_1_505' title='bbox 2731 608 2897 654; x_wconf 88' lang='lat' dir='ltr'><strong>autem</strong></span> <span class='ocrx_word' id='word_1_506' title='bbox 2943 615 3044 655; x_wconf 85' lang='lat' dir='ltr'><strong>non</strong></span> <span class='ocrx_word' id='word_1_507' title='bbox 3088 609 3162 655; x_wconf 84' lang='lat' dir='ltr'><strong>est</strong></span> <span class='ocrx_word' id='word_1_508' title='bbox 3201 586 3433 669; x_wconf 54' lang='lat' dir='ltr'><strong>inventus:</strong></span> 
     </span>
    </p>
   </div>
   <div class='ocr_carea' id='block_1_67' title="bbox 1844 672 3435 763">
    <p class='ocr_par' dir='ltr' id='par_1_67' title="bbox 1844 672 3435 763">
     <span class='ocr_line' id='line_1_67' title="bbox 1844 672 3435 763; baseline 0.005 -23"><span class='ocrx_word' id='word_1_509' title='bbox 1844 686 2051 763; x_wconf 83' lang='lat' dir='ltr'><strong>adjutor</strong></span> <span class='ocrx_word' id='word_1_510' title='bbox 2100 689 2279 744; x_wconf 85' lang='lat' dir='ltr'><strong>similis</strong></span> <span class='ocrx_word' id='word_1_511' title='bbox 2330 689 2447 763; x_wconf 77' lang='lat' dir='ltr'><strong>ipsi.</strong></span> <span class='ocrx_word' id='word_1_512' title='bbox 2498 687 2565 744; x_wconf 83' lang='lat' dir='ltr'><strong>Et</strong></span> <span class='ocrx_word' id='word_1_513' title='bbox 2606 689 2777 762; x_wconf 77' lang='lat' dir='ltr'><strong>injecit</strong></span> <span class='ocrx_word' id='word_1_514' title='bbox 2836 688 2975 746; x_wconf 87' lang='lat' dir='ltr'><strong>Deus</strong></span> <span class='ocrx_word' id='word_1_515' title='bbox 3016 694 3193 747; x_wconf 85' lang='lat' dir='ltr'><strong>mentis</strong></span> <span class='ocrx_word' id='word_1_516' title='bbox 3235 672 3435 748; x_wconf 39' lang='lat' dir='ltr'><strong>aliena;</strong></span> 
     </span>
    </p>
   </div>
   <div class='ocr_carea' id='block_1_68' title="bbox 1846 778 3435 854">
    <p class='ocr_par' dir='ltr' id='par_1_68' title="bbox 1846 778 3435 854">
     <span class='ocr_line' id='line_1_68' title="bbox 1846 778 3435 854; baseline 0.004 -21"><span class='ocrx_word' id='word_1_517' title='bbox 1846 778 2029 833; x_wconf 83' lang='lat' dir='ltr'><strong>tionem</strong></span> <span class='ocrx_word' id='word_1_518' title='bbox 2055 796 2206 849; x_wconf 82' lang='lat' dir='ltr'><strong>super</strong></span> <span class='ocrx_word' id='word_1_519' title='bbox 2228 780 2413 842; x_wconf 84' lang='lat' dir='ltr'><strong>Adam.</strong></span> <span class='ocrx_word' id='word_1_520' title='bbox 2442 790 2487 835; x_wconf 90' lang='lat' dir='ltr'><strong>et</strong></span> <span class='ocrx_word' id='word_1_521' title='bbox 2516 779 2811 835; x_wconf 85' lang='lat' dir='ltr'><strong>obdormivit</strong></span> <span class='ocrx_word' id='word_1_522' title='bbox 2828 821 2844 846; x_wconf 94' lang='lat'><strong>,</strong></span> <span class='ocrx_word' id='word_1_523' title='bbox 2866 791 2913 835; x_wconf 86' lang='lat' dir='ltr'><strong>et</strong></span> <span class='ocrx_word' id='word_1_524' title='bbox 2946 783 3157 854; x_wconf 82' lang='lat' dir='ltr'><strong>sumpsit</strong></span> <span class='ocrx_word' id='word_1_525' title='bbox 3179 800 3333 837; x_wconf 89' lang='lat' dir='ltr'><strong>unam</strong></span> <span class='ocrx_word' id='word_1_526' title='bbox 3369 784 3435 839; x_wconf 84' lang='lat' dir='ltr'><strong>de</strong></span> 
     </span>
    </p>
   </div>
   <div class='ocr_carea' id='block_1_69' title="bbox 1846 870 3434 943">
    <p class='ocr_par' dir='ltr' id='par_1_69' title="bbox 1846 870 3434 943">
     <span class='ocr_line' id='line_1_69' title="bbox 1846 870 3434 943; baseline 0.003 -20"><span class='ocrx_word' id='word_1_527' title='bbox 1846 870 1996 923; x_wconf 81' lang='lat' dir='ltr'><strong>costis</strong></span> <span class='ocrx_word' id='word_1_528' title='bbox 2021 871 2153 941; x_wconf 83' lang='lat' dir='ltr'><strong>ejus,</strong></span> <span class='ocrx_word' id='word_1_529' title='bbox 2187 882 2232 925; x_wconf 83' lang='lat' dir='ltr'><strong>et</strong></span> <span class='ocrx_word' id='word_1_530' title='bbox 2262 872 2551 941; x_wconf 72' lang='lat' dir='ltr'><strong>atlinqilcvit</strong></span> <span class='ocrx_word' id='word_1_531' title='bbox 2572 888 2774 927; x_wconf 89' lang='lat' dir='ltr'><strong>carnem</strong></span> <span class='ocrx_word' id='word_1_532' title='bbox 2799 872 2850 925; x_wconf 87' lang='lat' dir='ltr'><strong>in</strong></span> <span class='ocrx_word' id='word_1_533' title='bbox 2874 872 3041 927; x_wconf 87' lang='lat' dir='ltr'><strong>locum</strong></span> <span class='ocrx_word' id='word_1_534' title='bbox 3068 874 3197 943; x_wconf 80' lang='lat' dir='ltr'><strong>ejus,</strong></span> <span class='ocrx_word' id='word_1_535' title='bbox 3234 885 3279 927; x_wconf 88' lang='lat' dir='ltr'><strong>et</strong></span> <span class='ocrx_word' id='word_1_536' title='bbox 3305 874 3434 929; x_wconf 76' lang='lat' dir='ltr'><strong>tedi—</strong></span> 
     </span>
    </p>
   </div>
   <div class='ocr_carea' id='block_1_70' title="bbox 1847 961 3431 1033">
    <p class='ocr_par' dir='ltr' id='par_1_70' title="bbox 1847 961 3431 1033">
     <span class='ocr_line' id='line_1_70' title="bbox 1847 961 3431 1033; baseline 0.002 -19"><span class='ocrx_word' id='word_1_537' title='bbox 1847 961 2015 1032; x_wconf 79' lang='lat' dir='ltr'><strong>ﬁcarit</strong></span> <span class='ocrx_word' id='word_1_538' title='bbox 2046 962 2293 1015; x_wconf 85' lang='lat' dir='ltr'><strong>Dominus</strong></span> <span class='ocrx_word' id='word_1_539' title='bbox 2320 963 2452 1018; x_wconf 72' lang='lat' dir='ltr'><strong>Deus</strong></span> <span class='ocrx_word' id='word_1_540' title='bbox 2477 973 2687 1027; x_wconf 88' lang='lat' dir='ltr'><strong>costam,</strong></span> <span class='ocrx_word' id='word_1_541' title='bbox 2716 980 2865 1033; x_wconf 84' lang='lat' dir='ltr'><strong>quant</strong></span> <span class='ocrx_word' id='word_1_542' title='bbox 2902 964 3113 1033; x_wconf 82' lang='lat' dir='ltr'><strong>sumpsit</strong></span> <span class='ocrx_word' id='word_1_543' title='bbox 3142 964 3205 1016; x_wconf 77' lang='lat' dir='ltr'><strong>tle</strong></span> <span class='ocrx_word' id='word_1_544' title='bbox 3226 964 3431 1032; x_wconf 83' lang='lat' dir='ltr'><strong>Adam,</strong></span> 
     </span>
    </p>
   </div>
   <div class='ocr_carea' id='block_1_71' title="bbox 1845 1052 3430 1125">
    <p class='ocr_par' dir='ltr' id='par_1_71' title="bbox 1845 1052 3430 1125">
     <span class='ocr_line' id='line_1_71' title="bbox 1845 1052 3430 1125; baseline 0.003 -19"><span class='ocrx_word' id='word_1_545' title='bbox 1845 1052 1897 1106; x_wconf 82' lang='lat' dir='ltr'><strong>in</strong></span> <span class='ocrx_word' id='word_1_546' title='bbox 1923 1053 2177 1107; x_wconf 66' lang='lat' dir='ltr'><strong>mulierem</strong></span> <span class='ocrx_word' id='word_1_547' title='bbox 2208 1052 2358 1119; x_wconf 81' lang='lat' dir='ltr'><strong>(Cen.</strong></span> <span class='ocrx_word' id='word_1_548' title='bbox 2391 1070 2459 1121; x_wconf 88' lang='lat' dir='ltr'><strong>tl,</strong></span> <span class='ocrx_word' id='word_1_549' title='bbox 2494 1054 2696 1123; x_wconf 73' lang='lat' dir='ltr'><strong>l8-2‘2).</strong></span> <span class='ocrx_word' id='word_1_550' title='bbox 2733 1054 2787 1110; x_wconf 89' lang='lat' dir='ltr'><strong>Si</strong></span> <span class='ocrx_word' id='word_1_551' title='bbox 2836 1071 2963 1125; x_wconf 81' lang='lat' dir='ltr'><strong>ergo</strong></span> <span class='ocrx_word' id='word_1_552' title='bbox 3000 1065 3390 1125; x_wconf 81' lang='lat' dir='ltr'><strong>eonseqnemer</strong></span> <span class='ocrx_word' id='word_1_553' title='bbox 3412 1097 3430 1121; x_wconf 95' lang='lat'><strong>,</strong></span> 
     </span>
    </p>
   </div>
   <div class='ocr_carea' id='block_1_72' title="bbox 1847 1134 3435 1222">
    <p class='ocr_par' dir='ltr' id='par_1_72' title="bbox 1847 1134 3435 1222">
     <span class='ocr_line' id='line_1_72' title="bbox 1847 1134 3435 1222; baseline 0.001 -16"><span class='ocrx_word' id='word_1_554' title='bbox 1847 1164 1967 1206; x_wconf 91' lang='lat' dir='ltr'><strong>cum</strong></span> <span class='ocrx_word' id='word_1_555' title='bbox 2015 1152 2066 1204; x_wconf 92' lang='lat' dir='ltr'><strong>in</strong></span> <span class='ocrx_word' id='word_1_556' title='bbox 2117 1152 2396 1222; x_wconf 89' lang='lat' dir='ltr'><strong>pecoribus</strong></span> <span class='ocrx_word' id='word_1_557' title='bbox 2439 1162 2492 1207; x_wconf 90' lang='lat' dir='ltr'><strong>et</strong></span> <span class='ocrx_word' id='word_1_558' title='bbox 2533 1144 2713 1206; x_wconf 81' lang='lat' dir='ltr'><strong>bestiis</strong></span> <span class='ocrx_word' id='word_1_559' title='bbox 2742 1152 2853 1219; x_wconf 74' lang='lat' dir='ltr'><strong>agri</strong></span> <span class='ocrx_word' id='word_1_560' title='bbox 2882 1161 2934 1205; x_wconf 91' lang='lat' dir='ltr'><strong>et</strong></span> <span class='ocrx_word' id='word_1_561' title='bbox 2963 1151 3262 1206; x_wconf 86' lang='lat' dir='ltr'><strong>volatilibus</strong></span> <span class='ocrx_word' id='word_1_562' title='bbox 3308 1134 3435 1207; x_wconf 76' lang='lat' dir='ltr'><strong>cceli</strong></span> 
     </span>
    </p>
   </div>
   <div class='ocr_carea' id='block_1_73' title="bbox 1847 1243 3435 1313">
    <p class='ocr_par' dir='ltr' id='par_1_73' title="bbox 1847 1243 3435 1313">
     <span class='ocr_line' id='line_1_73' title="bbox 1847 1243 3435 1313; baseline -0.001 -13"><span class='ocrx_word' id='word_1_563' title='bbox 1847 1260 1956 1300; x_wconf 89' lang='lat' dir='ltr'><strong>non</strong></span> <span class='ocrx_word' id='word_1_564' title='bbox 1982 1254 2123 1301; x_wconf 88' lang='lat' dir='ltr'><strong>esset</strong></span> <span class='ocrx_word' id='word_1_565' title='bbox 2153 1245 2422 1299; x_wconf 90' lang='lat' dir='ltr'><strong>inventum</strong></span> <span class='ocrx_word' id='word_1_566' title='bbox 2452 1245 2772 1313; x_wconf 69' lang='lat' dir='ltr'><strong>adiutorium</strong></span> <span class='ocrx_word' id='word_1_567' title='bbox 2813 1244 2989 1298; x_wconf 88' lang='lat' dir='ltr'><strong>simile</strong></span> <span class='ocrx_word' id='word_1_568' title='bbox 3037 1243 3258 1307; x_wconf 79' lang='lat' dir='ltr'><strong>ltomini,</strong></span> <span class='ocrx_word' id='word_1_569' title='bbox 3308 1243 3435 1309; x_wconf 77' lang='lat' dir='ltr'><strong>fecit</strong></span> 
     </span>
    </p>
   </div>
   <div class='ocr_carea' id='block_1_74' title="bbox 1847 1318 3435 1408">
    <p class='ocr_par' dir='ltr' id='par_1_74' title="bbox 1847 1318 3435 1408">
     <span class='ocr_line' id='line_1_74' title="bbox 1847 1318 3435 1408; baseline 0.001 -17"><span class='ocrx_word' id='word_1_570' title='bbox 1847 1337 1895 1391; x_wconf 89' lang='lat' dir='ltr'><strong>ei</strong></span> <span class='ocrx_word' id='word_1_571' title='bbox 1929 1337 2068 1391; x_wconf 82' lang='lat' dir='ltr'><strong>Deus</strong></span> <span class='ocrx_word' id='word_1_572' title='bbox 2097 1336 2412 1408; x_wconf 87' lang='lat' dir='ltr'><strong>adjutorium</strong></span> <span class='ocrx_word' id='word_1_573' title='bbox 2442 1336 2615 1391; x_wconf 90' lang='lat' dir='ltr'><strong>simile</strong></span> <span class='ocrx_word' id='word_1_574' title='bbox 2644 1336 2710 1391; x_wconf 90' lang='lat' dir='ltr'><strong>de</strong></span> <span class='ocrx_word' id='word_1_575' title='bbox 2739 1345 2885 1391; x_wconf 92' lang='lat' dir='ltr'><strong>costa</strong></span> <span class='ocrx_word' id='word_1_576' title='bbox 2925 1336 3105 1391; x_wconf 88' lang='lat' dir='ltr'><strong>lateris</strong></span> <span class='ocrx_word' id='word_1_577' title='bbox 3135 1336 3282 1407; x_wconf 69' lang='lat' dir='ltr'><strong>ejus;</strong></span> <span class='ocrx_word' id='word_1_578' title='bbox 3328 1318 3435 1392; x_wconf 75' lang='lat' dir='ltr'><strong>hoc</strong></span> 
     </span>
    </p>
   </div>
   <div class='ocr_carea' id='block_1_75' title="bbox 1846 1410 3433 1499">
    <p class='ocr_par' dir='ltr' id='par_1_75' title="bbox 1846 1410 3433 1499">
     <span class='ocr_line' id='line_1_75' title="bbox 1846 1410 3433 1499; baseline 0.001 -16"><span class='ocrx_word' id='word_1_579' title='bbox 1846 1438 2021 1484; x_wconf 88' lang='lat' dir='ltr'><strong>autem</strong></span> <span class='ocrx_word' id='word_1_580' title='bbox 2068 1427 2259 1483; x_wconf 73' lang='lat' dir='ltr'><strong>factum</strong></span> <span class='ocrx_word' id='word_1_581' title='bbox 2297 1439 2377 1485; x_wconf 90' lang='lat' dir='ltr'><strong>est</strong></span> <span class='ocrx_word' id='word_1_582' title='bbox 2404 1444 2523 1484; x_wconf 92' lang='lat' dir='ltr'><strong>eum</strong></span> <span class='ocrx_word' id='word_1_583' title='bbox 2552 1428 2765 1485; x_wconf 91' lang='lat' dir='ltr'><strong>easdem</strong></span> <span class='ocrx_word' id='word_1_584' title='bbox 2796 1427 2993 1484; x_wconf 89' lang='lat' dir='ltr'><strong>bestias</strong></span> <span class='ocrx_word' id='word_1_585' title='bbox 3021 1431 3130 1499; x_wconf 80' lang='lat' dir='ltr'><strong>agri</strong></span> <span class='ocrx_word' id='word_1_586' title='bbox 3161 1441 3211 1484; x_wconf 91' lang='lat' dir='ltr'><strong>et</strong></span> <span class='ocrx_word' id='word_1_587' title='bbox 3242 1410 3433 1494; x_wconf 40' lang='lat' dir='ltr'><strong>volatié</strong></span> 
     </span>
    </p>
   </div>
   <div class='ocr_carea' id='block_1_76' title="bbox 1848 1502 3433 1586">
    <p class='ocr_par' dir='ltr' id='par_1_76' title="bbox 1848 1502 3433 1586">
     <span class='ocr_line' id='line_1_76' title="bbox 1848 1502 3433 1586; baseline 0.001 -12"><span class='ocrx_word' id='word_1_588' title='bbox 1848 1519 1916 1574; x_wconf 87' lang='lat' dir='ltr'><strong>lia</strong></span> <span class='ocrx_word' id='word_1_589' title='bbox 1964 1521 2086 1575; x_wconf 75' lang='lat' dir='ltr'><strong>cmli</strong></span> <span class='ocrx_word' id='word_1_590' title='bbox 2135 1520 2307 1576; x_wconf 88' lang='lat' dir='ltr'><strong>adlmc</strong></span> <span class='ocrx_word' id='word_1_591' title='bbox 2335 1521 2402 1576; x_wconf 90' lang='lat' dir='ltr'><strong>de</strong></span> <span class='ocrx_word' id='word_1_592' title='bbox 2432 1530 2572 1575; x_wconf 87' lang='lat' dir='ltr'><strong>terra</strong></span> <span class='ocrx_word' id='word_1_593' title='bbox 2614 1521 2891 1586; x_wconf 74' lang='lat' dir='ltr'><strong>ﬁnxisset,</strong></span> <span class='ocrx_word' id='word_1_594' title='bbox 2930 1529 2986 1574; x_wconf 90' lang='lat' dir='ltr'><strong>et</strong></span> <span class='ocrx_word' id='word_1_595' title='bbox 3024 1502 3090 1573; x_wconf 79' lang='lat' dir='ltr'><strong>ad</strong></span> <span class='ocrx_word' id='word_1_596' title='bbox 3139 1521 3285 1573; x_wconf 91' lang='lat' dir='ltr'><strong>illum</strong></span> <span class='ocrx_word' id='word_1_597' title='bbox 3332 1520 3433 1576; x_wconf 86' lang='lat' dir='ltr'><strong>ad-</strong></span> 
     </span>
    </p>
   </div>
   <div class='ocr_carea' id='block_1_77' title="bbox 1848 1610 3433 1681">
    <p class='ocr_par' dir='ltr' id='par_1_77' title="bbox 1848 1610 3433 1681">
     <span class='ocr_line' id='line_1_77' title="bbox 1848 1610 3433 1681; baseline -0.001 -14"><span class='ocrx_word' id='word_1_598' title='bbox 1848 1610 2086 1667; x_wconf 77' lang='lat' dir='ltr'><strong>duxisset</strong></span> <span class='ocrx_word' id='word_1_599' title='bbox 2116 1630 2130 1667; x_wconf 90' lang='lat'><strong>:</strong></span> <span class='ocrx_word' id='word_1_600' title='bbox 2157 1611 2421 1681; x_wconf 85' lang='lat' dir='ltr'><strong>quomodo</strong></span> <span class='ocrx_word' id='word_1_601' title='bbox 2447 1621 2603 1666; x_wconf 72' lang='lat' dir='ltr'><strong>sexto</strong></span> <span class='ocrx_word' id='word_1_602' title='bbox 2629 1610 2713 1666; x_wconf 90' lang='lat' dir='ltr'><strong>die</strong></span> <span class='ocrx_word' id='word_1_603' title='bbox 2741 1611 2934 1665; x_wconf 87' lang='lat' dir='ltr'><strong>factum</strong></span> <span class='ocrx_word' id='word_1_604' title='bbox 2957 1610 3055 1664; x_wconf 87' lang='lat' dir='ltr'><strong>hoc</strong></span> <span class='ocrx_word' id='word_1_605' title='bbox 3081 1621 3252 1681; x_wconf 79' lang='lat' dir='ltr'><strong>potest</strong></span> <span class='ocrx_word' id='word_1_606' title='bbox 3275 1611 3433 1679; x_wconf 48' lang='lat' dir='ltr'><strong>intelg</strong></span> 
     </span>
    </p>
   </div>
   <div class='ocr_carea' id='block_1_78' title="bbox 1849 1686 3431 1779">
    <p class='ocr_par' dir='ltr' id='par_1_78' title="bbox 1849 1686 3431 1779">
     <span class='ocr_line' id='line_1_78' title="bbox 1849 1686 3431 1779; baseline 0.001 -21"><span class='ocrx_word' id='word_1_607' title='bbox 1849 1704 1937 1774; x_wconf 76' lang='lat' dir='ltr'><strong>ligi</strong></span> <span class='ocrx_word' id='word_1_608' title='bbox 1964 1745 1979 1769; x_wconf 88' lang='lat'><strong>,</strong></span> <span class='ocrx_word' id='word_1_609' title='bbox 2030 1705 2455 1777; x_wconf 85' lang='lat' dir='ltr'><strong>quandoquidem</strong></span> <span class='ocrx_word' id='word_1_610' title='bbox 2504 1705 2593 1759; x_wconf 91' lang='lat' dir='ltr'><strong>illo</strong></span> <span class='ocrx_word' id='word_1_611' title='bbox 2622 1704 2707 1758; x_wconf 84' lang='lat' dir='ltr'><strong>die</strong></span> <span class='ocrx_word' id='word_1_612' title='bbox 2745 1704 2987 1775; x_wconf 75' lang='lat' dir='ltr'><strong>produxit</strong></span> <span class='ocrx_word' id='word_1_613' title='bbox 3022 1686 3160 1759; x_wconf 82' lang='lat' dir='ltr'><strong>terra</strong></span> <span class='ocrx_word' id='word_1_614' title='bbox 3200 1705 3431 1779; x_wconf 85' lang='lat' dir='ltr'><strong>animam</strong></span> 
     </span>
    </p>
   </div>
   <div class='ocr_carea' id='block_1_79' title="bbox 1848 1796 3435 1872">
    <p class='ocr_par' dir='ltr' id='par_1_79' title="bbox 1848 1796 3435 1872">
     <span class='ocr_line' id='line_1_79' title="bbox 1848 1796 3435 1872; baseline -0.001 -20"><span class='ocrx_word' id='word_1_615' title='bbox 1848 1799 2022 1854; x_wconf 72' lang='lat' dir='ltr'><strong>vivam</strong></span> <span class='ocrx_word' id='word_1_616' title='bbox 2054 1798 2342 1853; x_wconf 80' lang='lat' dir='ltr'><strong>secandum</strong></span> <span class='ocrx_word' id='word_1_617' title='bbox 2371 1798 2591 1853; x_wconf 86' lang='lat' dir='ltr'><strong>verbum</strong></span> <span class='ocrx_word' id='word_1_618' title='bbox 2637 1798 2761 1861; x_wconf 86' lang='lat' dir='ltr'><strong>Dei;</strong></span> <span class='ocrx_word' id='word_1_619' title='bbox 2806 1796 3037 1850; x_wconf 82' lang='lat' dir='ltr'><strong>volatilia</strong></span> <span class='ocrx_word' id='word_1_620' title='bbox 3084 1812 3211 1851; x_wconf 88' lang='lat' dir='ltr'><strong>vero</strong></span> <span class='ocrx_word' id='word_1_621' title='bbox 3249 1797 3435 1872; x_wconf 84' lang='lat' dir='ltr'><strong>quinto</strong></span> 
     </span>
    </p>
   </div>
   <div class='ocr_carea' id='block_1_80' title="bbox 1849 1887 3435 1963">
    <p class='ocr_par' dir='ltr' id='par_1_80' title="bbox 1849 1887 3435 1963">
     <span class='ocr_line' id='line_1_80' title="bbox 1849 1887 3435 1963; baseline -0.003 -18"><span class='ocrx_word' id='word_1_622' title='bbox 1849 1888 1935 1945; x_wconf 85' lang='lat' dir='ltr'><strong>die</strong></span> <span class='ocrx_word' id='word_1_623' title='bbox 1989 1888 2351 1958; x_wconf 72' lang='lat' dir='ltr'><strong>produxerunt</strong></span> <span class='ocrx_word' id='word_1_624' title='bbox 2389 1904 2541 1960; x_wconf 72' lang='lat' dir='ltr'><strong>aqua:</strong></span> <span class='ocrx_word' id='word_1_625' title='bbox 2580 1888 2823 1942; x_wconf 88' lang='lat' dir='ltr'><strong>similiter</strong></span> <span class='ocrx_word' id='word_1_626' title='bbox 2874 1887 3165 1941; x_wconf 87' lang='lat' dir='ltr'><strong>secundum</strong></span> <span class='ocrx_word' id='word_1_627' title='bbox 3214 1888 3435 1963; x_wconf 79' lang='lat' dir='ltr'><strong>verbum</strong></span> 
     </span>
    </p>
   </div>
   <div class='ocr_carea' id='block_1_81' title="bbox 1856 1977 3434 2056">
    <p class='ocr_par' dir='ltr' id='par_1_81' title="bbox 1856 1977 3434 2056">
     <span class='ocr_line' id='line_1_81' title="bbox 1856 1977 3434 2056; baseline -0.002 -21"><span class='ocrx_word' id='word_1_628' title='bbox 1856 1981 1985 2036; x_wconf 87' lang='lat' dir='ltr'><strong>Dei?</strong></span> <span class='ocrx_word' id='word_1_629' title='bbox 2011 1980 2124 2035; x_wconf 88' lang='lat' dir='ltr'><strong>Non</strong></span> <span class='ocrx_word' id='word_1_630' title='bbox 2156 1981 2331 2051; x_wconf 88' lang='lat' dir='ltr'><strong>itaque</strong></span> <span class='ocrx_word' id='word_1_631' title='bbox 2359 1981 2442 2034; x_wconf 81' lang='lat' dir='ltr'><strong>bie</strong></span> <span class='ocrx_word' id='word_1_632' title='bbox 2473 1982 2770 2045; x_wconf 87' lang='lat' dir='ltr'><strong>diceretur,</strong></span> <span class='ocrx_word' id='word_1_633' title='bbox 2806 1979 2871 2033; x_wconf 83' lang='lat' dir='ltr'><strong>Et</strong></span> <span class='ocrx_word' id='word_1_634' title='bbox 2911 1979 3057 2048; x_wconf 78' lang='lat' dir='ltr'><strong>ﬁnxit</strong></span> <span class='ocrx_word' id='word_1_635' title='bbox 3105 1977 3238 2033; x_wconf 74' lang='lat' dir='ltr'><strong>Deus</strong></span> <span class='ocrx_word' id='word_1_636' title='bbox 3265 1980 3434 2056; x_wconf 74' lang='lat' dir='ltr'><strong>(Ill/tth</strong></span> 
     </span>
    </p>
   </div>
   <div class='ocr_carea' id='block_1_82' title="bbox 1851 2070 3434 2153">
    <p class='ocr_par' dir='ltr' id='par_1_82' title="bbox 1851 2070 3434 2153">
     <span class='ocr_line' id='line_1_82' title="bbox 1851 2070 3434 2153; baseline -0.003 -27"><span class='ocrx_word' id='word_1_637' title='bbox 1851 2071 1917 2127; x_wconf 88' lang='lat' dir='ltr'><strong>de</strong></span> <span class='ocrx_word' id='word_1_638' title='bbox 1955 2083 2087 2126; x_wconf 83' lang='lat' dir='ltr'><strong>terra</strong></span> <span class='ocrx_word' id='word_1_639' title='bbox 2127 2088 2298 2127; x_wconf 83' lang='lat' dir='ltr'><strong>omnes</strong></span> <span class='ocrx_word' id='word_1_640' title='bbox 2336 2070 2518 2126; x_wconf 82' lang='lat' dir='ltr'><strong>bestias</strong></span> <span class='ocrx_word' id='word_1_641' title='bbox 2556 2071 2701 2143; x_wconf 88' lang='lat' dir='ltr'><strong>agri,</strong></span> <span class='ocrx_word' id='word_1_642' title='bbox 2749 2082 2795 2124; x_wconf 89' lang='lat' dir='ltr'><strong>ct</strong></span> <span class='ocrx_word' id='word_1_643' title='bbox 2836 2071 3004 2124; x_wconf 86' lang='lat' dir='ltr'><strong>omnia</strong></span> <span class='ocrx_word' id='word_1_644' title='bbox 3034 2070 3255 2125; x_wconf 78' lang='lat' dir='ltr'><strong>volatilia</strong></span> <span class='ocrx_word' id='word_1_645' title='bbox 3283 2070 3434 2153; x_wconf 59' lang='lat' dir='ltr'><strong>caeli,</strong></span> 
     </span>
    </p>
   </div>
   <div class='ocr_carea' id='block_1_83' title="bbox 1852 2164 3437 2239">
    <p class='ocr_par' dir='ltr' id='par_1_83' title="bbox 1852 2164 3437 2239">
     <span class='ocr_line' id='line_1_83' title="bbox 1852 2164 3437 2239; baseline -0.004 -18"><span class='ocrx_word' id='word_1_646' title='bbox 1852 2166 1953 2221; x_wconf 92' lang='lat' dir='ltr'><strong>nisi</strong></span> <span class='ocrx_word' id='word_1_647' title='bbox 1976 2166 2094 2237; x_wconf 89' lang='lat' dir='ltr'><strong>quia</strong></span> <span class='ocrx_word' id='word_1_648' title='bbox 2121 2165 2230 2235; x_wconf 84' lang='lat' dir='ltr'><strong>jam</strong></span> <span class='ocrx_word' id='word_1_649' title='bbox 2252 2174 2388 2219; x_wconf 87' lang='lat' dir='ltr'><strong>terra</strong></span> <span class='ocrx_word' id='word_1_650' title='bbox 2410 2164 2725 2232; x_wconf 75' lang='lat' dir='ltr'><strong>produxerat</strong></span> <span class='ocrx_word' id='word_1_651' title='bbox 2743 2164 3141 2237; x_wconf 12' lang='lat' dir='ltr'><strong>omncs‘bestias</strong></span> <span class='ocrx_word' id='word_1_652' title='bbox 3157 2164 3263 2234; x_wconf 81' lang='lat' dir='ltr'><strong>agri</strong></span> <span class='ocrx_word' id='word_1_653' title='bbox 3283 2173 3437 2239; x_wconf 71' lang='lat' dir='ltr'><strong>sextq</strong></span> 
     </span>
    </p>
   </div>
   <div class='ocr_carea' id='block_1_84' title="bbox 1854 2254 3440 2327">
    <p class='ocr_par' dir='ltr' id='par_1_84' title="bbox 1854 2254 3440 2327">
     <span class='ocr_line' id='line_1_84' title="bbox 1854 2254 3440 2327; baseline -0.004 -14"><span class='ocrx_word' id='word_1_654' title='bbox 1854 2258 1963 2324; x_wconf 85' lang='lat' dir='ltr'><strong>(lie,</strong></span> <span class='ocrx_word' id='word_1_655' title='bbox 1994 2269 2047 2313; x_wconf 87' lang='lat' dir='ltr'><strong>ct</strong></span> <span class='ocrx_word' id='word_1_656' title='bbox 2082 2274 2216 2327; x_wconf 88' lang='lat' dir='ltr'><strong>aqua</strong></span> <span class='ocrx_word' id='word_1_657' title='bbox 2261 2257 2439 2312; x_wconf 89' lang='lat' dir='ltr'><strong>omnia</strong></span> <span class='ocrx_word' id='word_1_658' title='bbox 2483 2256 2712 2310; x_wconf 86' lang='lat' dir='ltr'><strong>volatilia</strong></span> <span class='ocrx_word' id='word_1_659' title='bbox 2756 2255 2877 2311; x_wconf 81' lang='lat' dir='ltr'><strong>cmli</strong></span> <span class='ocrx_word' id='word_1_660' title='bbox 2923 2255 3106 2327; x_wconf 87' lang='lat' dir='ltr'><strong>quinto</strong></span> <span class='ocrx_word' id='word_1_661' title='bbox 3134 2254 3240 2308; x_wconf 88' lang='lat' dir='ltr'><strong>die.</strong></span> <span class='ocrx_word' id='word_1_662' title='bbox 3270 2256 3440 2327; x_wconf 77' lang='lat' dir='ltr'><strong>Aliter</strong></span> 
     </span>
    </p>
   </div>
   <div class='ocr_carea' id='block_1_85' title="bbox 1854 2324 3442 2419">
    <p class='ocr_par' dir='ltr' id='par_1_85' title="bbox 1854 2324 3442 2419">
     <span class='ocr_line' id='line_1_85' title="bbox 1854 2324 3442 2419; baseline -0.003 -12"><span class='ocrx_word' id='word_1_663' title='bbox 1854 2366 1982 2417; x_wconf 70' lang='lat' dir='ltr'><strong>ergo</strong></span> <span class='ocrx_word' id='word_1_664' title='bbox 2005 2360 2150 2416; x_wconf 86' lang='lat' dir='ltr'><strong>tune,</strong></span> <span class='ocrx_word' id='word_1_665' title='bbox 2184 2350 2233 2403; x_wconf 92' lang='lat' dir='ltr'><strong>id</strong></span> <span class='ocrx_word' id='word_1_666' title='bbox 2264 2360 2346 2402; x_wconf 90' lang='lat' dir='ltr'><strong>est</strong></span> <span class='ocrx_word' id='word_1_667' title='bbox 2375 2348 2734 2419; x_wconf 86' lang='lat' dir='ltr'><strong>potentialiter</strong></span> <span class='ocrx_word' id='word_1_668' title='bbox 2762 2358 2918 2417; x_wconf 89' lang='lat' dir='ltr'><strong>atque</strong></span> <span class='ocrx_word' id='word_1_669' title='bbox 2943 2347 3226 2401; x_wconf 81' lang='lat' dir='ltr'><strong>causaliter</strong></span> <span class='ocrx_word' id='word_1_670' title='bbox 3245 2388 3259 2409; x_wconf 94' lang='lat'><strong>,</strong></span> <span class='ocrx_word' id='word_1_671' title='bbox 3302 2324 3442 2402; x_wconf 77' lang='lat' dir='ltr'><strong>sicut</strong></span> 
     </span>
    </p>
   </div>
   <div class='ocr_carea' id='block_1_86' title="bbox 1856 2436 3438 2509">
    <p class='ocr_par' dir='ltr' id='par_1_86' title="bbox 1856 2436 3438 2509">
     <span class='ocr_line' id='line_1_86' title="bbox 1856 2436 3438 2509; baseline -0.001 -16"><span class='ocrx_word' id='word_1_672' title='bbox 1856 2440 1928 2493; x_wconf 91' lang='lat' dir='ltr'><strong>illi</strong></span> <span class='ocrx_word' id='word_1_673' title='bbox 1958 2442 2103 2509; x_wconf 82' lang='lat' dir='ltr'><strong>operi</strong></span> <span class='ocrx_word' id='word_1_674' title='bbox 2135 2440 2612 2508; x_wconf 86' lang='lat' dir='ltr'><strong>competebat,qno</strong></span> <span class='ocrx_word' id='word_1_675' title='bbox 2638 2440 2836 2493; x_wconf 88' lang='lat' dir='ltr'><strong>ereavit</strong></span> <span class='ocrx_word' id='word_1_676' title='bbox 2859 2439 3031 2509; x_wconf 81' lang='lat' dir='ltr'><strong>omnia</strong></span> <span class='ocrx_word' id='word_1_677' title='bbox 3061 2437 3237 2498; x_wconf 85' lang='lat' dir='ltr'><strong>simul,</strong></span> <span class='ocrx_word' id='word_1_678' title='bbox 3268 2454 3295 2489; x_wconf 93' lang='lat' dir='ltr'><strong>a</strong></span> <span class='ocrx_word' id='word_1_679' title='bbox 3318 2436 3438 2507; x_wconf 54' lang='lat' dir='ltr'><strong>qui:</strong></span> 
     </span>
    </p>
   </div>
   <div class='ocr_carea' id='block_1_87' title="bbox 1855 2529 3443 2600">
    <p class='ocr_par' dir='ltr' id='par_1_87' title="bbox 1855 2529 3443 2600">
     <span class='ocr_line' id='line_1_87' title="bbox 1855 2529 3443 2600; baseline 0 -15"><span class='ocrx_word' id='word_1_680' title='bbox 1855 2530 1955 2585; x_wconf 87' lang='lat' dir='ltr'><strong>bus</strong></span> <span class='ocrx_word' id='word_1_681' title='bbox 1978 2531 2029 2584; x_wconf 92' lang='lat' dir='ltr'><strong>in</strong></span> <span class='ocrx_word' id='word_1_682' title='bbox 2060 2529 2143 2584; x_wconf 88' lang='lat' dir='ltr'><strong>die</strong></span> <span class='ocrx_word' id='word_1_683' title='bbox 2173 2534 2399 2599; x_wconf 88' lang='lat' dir='ltr'><strong>septimo</strong></span> <span class='ocrx_word' id='word_1_684' title='bbox 2427 2530 2683 2600; x_wconf 85' lang='lat' dir='ltr'><strong>requievit</strong></span> <span class='ocrx_word' id='word_1_685' title='bbox 2710 2547 2722 2581; x_wconf 93' lang='lat'><strong>:</strong></span> <span class='ocrx_word' id='word_1_686' title='bbox 2747 2530 2900 2582; x_wconf 89' lang='lat' dir='ltr'><strong>aliter</strong></span> <span class='ocrx_word' id='word_1_687' title='bbox 2916 2539 3089 2582; x_wconf 85' lang='lat' dir='ltr'><strong>autem</strong></span> <span class='ocrx_word' id='word_1_688' title='bbox 3120 2544 3278 2592; x_wconf 90' lang='lat' dir='ltr'><strong>nunc,</strong></span> <span class='ocrx_word' id='word_1_689' title='bbox 3304 2529 3443 2585; x_wconf 82' lang='lat' dir='ltr'><strong>sicut</strong></span> 
     </span>
    </p>
   </div>
   <div class='ocr_carea' id='block_1_88' title="bbox 1857 2620 3443 2691">
    <p class='ocr_par' dir='ltr' id='par_1_88' title="bbox 1857 2620 3443 2691">
     <span class='ocr_line' id='line_1_88' title="bbox 1857 2620 3443 2691; baseline -0.003 -13"><span class='ocrx_word' id='word_1_690' title='bbox 1857 2639 1918 2678; x_wconf 87' lang='lat' dir='ltr'><strong>ea</strong></span> <span class='ocrx_word' id='word_1_691' title='bbox 1947 2623 2185 2676; x_wconf 87' lang='lat' dir='ltr'><strong>videmus</strong></span> <span class='ocrx_word' id='word_1_692' title='bbox 2206 2662 2220 2682; x_wconf 90' lang='lat'><strong>,</strong></span> <span class='ocrx_word' id='word_1_693' title='bbox 2248 2638 2365 2691; x_wconf 75' lang='lat' dir='ltr'><strong>qnze</strong></span> <span class='ocrx_word' id='word_1_694' title='bbox 2398 2637 2490 2690; x_wconf 90' lang='lat' dir='ltr'><strong>per</strong></span> <span class='ocrx_word' id='word_1_695' title='bbox 2526 2621 2832 2690; x_wconf 86' lang='lat' dir='ltr'><strong>temporalia</strong></span> <span class='ocrx_word' id='word_1_696' title='bbox 2872 2621 3039 2688; x_wconf 87' lang='lat' dir='ltr'><strong>spatia</strong></span> <span class='ocrx_word' id='word_1_697' title='bbox 3084 2628 3257 2681; x_wconf 78' lang='lat' dir='ltr'><strong>creat,</strong></span> <span class='ocrx_word' id='word_1_698' title='bbox 3303 2620 3443 2674; x_wconf 88' lang='lat' dir='ltr'><strong>sicut</strong></span> 
     </span>
    </p>
   </div>
   <div class='ocr_carea' id='block_1_89' title="bbox 1859 2710 3441 2787">
    <p class='ocr_par' dir='ltr' id='par_1_89' title="bbox 1859 2710 3441 2787">
     <span class='ocr_line' id='line_1_89' title="bbox 1859 2710 3441 2787; baseline -0.003 -17"><span class='ocrx_word' id='word_1_699' title='bbox 1859 2731 2027 2787; x_wconf 84' lang='lat' dir='ltr'><strong>usque</strong></span> <span class='ocrx_word' id='word_1_700' title='bbox 2057 2729 2196 2768; x_wconf 90' lang='lat' dir='ltr'><strong>nunc</strong></span> <span class='ocrx_word' id='word_1_701' title='bbox 2217 2724 2488 2782; x_wconf 84' lang='lat' dir='ltr'><strong>operatur.</strong></span> <span class='ocrx_word' id='word_1_702' title='bbox 2514 2714 2587 2766; x_wconf 82' lang='lat' dir='ltr'><strong>Ac</strong></span> <span class='ocrx_word' id='word_1_703' title='bbox 2609 2728 2704 2783; x_wconf 91' lang='lat' dir='ltr'><strong>per</strong></span> <span class='ocrx_word' id='word_1_704' title='bbox 2731 2710 2832 2765; x_wconf 84' lang='lat' dir='ltr'><strong>hoc</strong></span> <span class='ocrx_word' id='word_1_705' title='bbox 2856 2715 2963 2779; x_wconf 84' lang='lat' dir='ltr'><strong>jam</strong></span> <span class='ocrx_word' id='word_1_706' title='bbox 2992 2727 3086 2781; x_wconf 91' lang='lat' dir='ltr'><strong>per</strong></span> <span class='ocrx_word' id='word_1_707' title='bbox 3113 2710 3241 2765; x_wconf 72' lang='lat' dir='ltr'><strong>istos</strong></span> <span class='ocrx_word' id='word_1_708' title='bbox 3272 2712 3441 2765; x_wconf 89' lang='lat' dir='ltr'><strong>notis-</strong></span> 
     </span>
    </p>
   </div>
   <div class='ocr_carea' id='block_1_90' title="bbox 1858 2803 3436 2877">
    <p class='ocr_par' dir='ltr' id='par_1_90' title="bbox 1858 2803 3436 2877">
     <span class='ocr_line' id='line_1_90' title="bbox 1858 2803 3436 2877; baseline -0.004 -14"><span class='ocrx_word' id='word_1_709' title='bbox 1858 2809 2023 2863; x_wconf 80' lang='lat' dir='ltr'><strong>simos</strong></span> <span class='ocrx_word' id='word_1_710' title='bbox 2069 2807 2199 2860; x_wconf 86' lang='lat' dir='ltr'><strong>lueis</strong></span> <span class='ocrx_word' id='word_1_711' title='bbox 2227 2804 2680 2877; x_wconf 71' lang='lat' dir='ltr'><strong>Cttt&#39;piit&#39;:tli51iit‘s,</strong></span> <span class='ocrx_word' id='word_1_712' title='bbox 2725 2805 2812 2873; x_wconf 91' lang='lat' dir='ltr'><strong>qui</strong></span> <span class='ocrx_word' id='word_1_713' title='bbox 2860 2804 3081 2858; x_wconf 71' lang='lat' dir='ltr'><strong>circuitu</strong></span> <span class='ocrx_word' id='word_1_714' title='bbox 3113 2803 3240 2855; x_wconf 79' lang='lat' dir='ltr'><strong>solis</strong></span> <span class='ocrx_word' id='word_1_715' title='bbox 3266 2803 3436 2870; x_wconf 89' lang='lat' dir='ltr'><strong>linnt,</strong></span> 
     </span>
    </p>
   </div>
   <div class='ocr_carea' id='block_1_91' title="bbox 1859 2878 3440 2963">
    <p class='ocr_par' dir='ltr' id='par_1_91' title="bbox 1859 2878 3440 2963">
     <span class='ocr_line' id='line_1_91' title="bbox 1859 2878 3440 2963; baseline -0.006 -11"><span class='ocrx_word' id='word_1_716' title='bbox 1859 2898 1967 2953; x_wconf 76' lang='lat' dir='ltr'><strong>Eva</strong></span> <span class='ocrx_word' id='word_1_717' title='bbox 1997 2896 2130 2951; x_wconf 80' lang='lat' dir='ltr'><strong>facta</strong></span> <span class='ocrx_word' id='word_1_718' title='bbox 2152 2907 2227 2950; x_wconf 84' lang='lat' dir='ltr'><strong>est</strong></span> <span class='ocrx_word' id='word_1_719' title='bbox 2255 2896 2319 2950; x_wconf 88' lang='lat' dir='ltr'><strong>de</strong></span> <span class='ocrx_word' id='word_1_720' title='bbox 2341 2897 2503 2951; x_wconf 67' lang='lat' dir='ltr'><strong>latere</strong></span> <span class='ocrx_word' id='word_1_721' title='bbox 2520 2896 2613 2949; x_wconf 83' lang='lat' dir='ltr'><strong>viri</strong></span> <span class='ocrx_word' id='word_1_722' title='bbox 2636 2895 2735 2949; x_wconf 92' lang='lat' dir='ltr'><strong>sui.</strong></span> <span class='ocrx_word' id='word_1_723' title='bbox 2755 2878 2903 2950; x_wconf 79' lang='lat' dir='ltr'><strong>Tune</strong></span> <span class='ocrx_word' id='word_1_724' title='bbox 2931 2894 3069 2949; x_wconf 90' lang='lat' dir='ltr'><strong>enim</strong></span> <span class='ocrx_word' id='word_1_725' title='bbox 3103 2896 3239 2947; x_wconf 86' lang='lat' dir='ltr'><strong>Deus</strong></span> <span class='ocrx_word' id='word_1_726' title='bbox 3265 2894 3440 2963; x_wconf 75' lang='lat' dir='ltr'><strong>adhuc</strong></span> 
     </span>
    </p>
   </div>
   <div class='ocr_carea' id='block_1_92' title="bbox 1862 2984 3441 3054">
    <p class='ocr_par' dir='ltr' id='par_1_92' title="bbox 1862 2984 3441 3054">
     <span class='ocr_line' id='line_1_92' title="bbox 1862 2984 3441 3054; baseline -0.003 -12"><span class='ocrx_word' id='word_1_727' title='bbox 1862 2988 2009 3042; x_wconf 81' lang='lat' dir='ltr'><strong>finxit</strong></span> <span class='ocrx_word' id='word_1_728' title='bbox 2034 2988 2101 3042; x_wconf 90' lang='lat' dir='ltr'><strong>de</strong></span> <span class='ocrx_word' id='word_1_729' title='bbox 2129 2996 2265 3042; x_wconf 87' lang='lat' dir='ltr'><strong>terra</strong></span> <span class='ocrx_word' id='word_1_730' title='bbox 2297 2986 2490 3041; x_wconf 74' lang='lat' dir='ltr'><strong>bestias</strong></span> <span class='ocrx_word' id='word_1_731' title='bbox 2528 2993 2584 3041; x_wconf 91' lang='lat' dir='ltr'><strong>et</strong></span> <span class='ocrx_word' id='word_1_732' title='bbox 2624 2986 2872 3047; x_wconf 84' lang='lat' dir='ltr'><strong>volatilia,</strong></span> <span class='ocrx_word' id='word_1_733' title='bbox 2903 2985 2953 3038; x_wconf 91' lang='lat' dir='ltr'><strong>in</strong></span> <span class='ocrx_word' id='word_1_734' title='bbox 2981 2986 3170 3054; x_wconf 88' lang='lat' dir='ltr'><strong>quibus</strong></span> <span class='ocrx_word' id='word_1_735' title='bbox 3190 3000 3309 3038; x_wconf 90' lang='lat' dir='ltr'><strong>eum</strong></span> <span class='ocrx_word' id='word_1_736' title='bbox 3340 2984 3441 3038; x_wconf 86' lang='lat' dir='ltr'><strong>ad-</strong></span> 
     </span>
    </p>
   </div>
   <div class='ocr_carea' id='block_1_93' title="bbox 1854 3074 3441 3150">
    <p class='ocr_par' dir='ltr' id='par_1_93' title="bbox 1854 3074 3441 3150">
     <span class='ocr_line' id='line_1_93' title="bbox 1854 3074 3441 3150; baseline -0.002 -19"><span class='ocrx_word' id='word_1_737' title='bbox 1854 3078 2111 3150; x_wconf 72' lang='lat' dir='ltr'><strong>iutorium</strong></span> <span class='ocrx_word' id='word_1_738' title='bbox 2154 3078 2325 3135; x_wconf 89' lang='lat' dir='ltr'><strong>simile</strong></span> <span class='ocrx_word' id='word_1_739' title='bbox 2368 3078 2464 3146; x_wconf 91' lang='lat' dir='ltr'><strong>ipsi</strong></span> <span class='ocrx_word' id='word_1_740' title='bbox 2510 3076 2677 3130; x_wconf 83' lang='lat' dir='ltr'><strong>Adam</strong></span> <span class='ocrx_word' id='word_1_741' title='bbox 2711 3093 2813 3130; x_wconf 91' lang='lat' dir='ltr'><strong>non</strong></span> <span class='ocrx_word' id='word_1_742' title='bbox 2846 3085 2988 3130; x_wconf 90' lang='lat' dir='ltr'><strong>esset</strong></span> <span class='ocrx_word' id='word_1_743' title='bbox 3019 3076 3319 3149; x_wconf 82' lang='lat' dir='ltr'><strong>inventum,</strong></span> <span class='ocrx_word' id='word_1_744' title='bbox 3352 3074 3441 3129; x_wconf 88' lang='lat' dir='ltr'><strong>illa</strong></span> 
     </span>
    </p>
   </div>
   <div class='ocr_carea' id='block_1_94' title="bbox 1862 3165 3444 3240">
    <p class='ocr_par' dir='ltr' id='par_1_94' title="bbox 1862 3165 3444 3240">
     <span class='ocr_line' id='line_1_94' title="bbox 1862 3165 3444 3240; baseline -0.003 -15"><span class='ocrx_word' id='word_1_745' title='bbox 1862 3166 2087 3237; x_wconf 85' lang='lat' dir='ltr'><strong>formata</strong></span> <span class='ocrx_word' id='word_1_746' title='bbox 2136 3180 2235 3224; x_wconf 81' lang='lat' dir='ltr'><strong>est.</strong></span> <span class='ocrx_word' id='word_1_747' title='bbox 2284 3167 2339 3223; x_wconf 84' lang='lat' dir='ltr'><strong>lu</strong></span> <span class='ocrx_word' id='word_1_748' title='bbox 2372 3168 2563 3224; x_wconf 90' lang='lat' dir='ltr'><strong>talibus</strong></span> <span class='ocrx_word' id='word_1_749' title='bbox 2589 3183 2717 3240; x_wconf 80' lang='lat' dir='ltr'><strong>ergo</strong></span> <span class='ocrx_word' id='word_1_750' title='bbox 2754 3167 2942 3224; x_wconf 87' lang='lat' dir='ltr'><strong>diebus</strong></span> <span class='ocrx_word' id='word_1_751' title='bbox 2977 3167 3138 3222; x_wconf 87' lang='lat' dir='ltr'><strong>etiam</strong></span> <span class='ocrx_word' id='word_1_752' title='bbox 3176 3166 3349 3235; x_wconf 89' lang='lat' dir='ltr'><strong>ipsum</strong></span> <span class='ocrx_word' id='word_1_753' title='bbox 3375 3165 3444 3221; x_wconf 84' lang='lat' dir='ltr'><strong>de</strong></span> 
     </span>
    </p>
   </div>
   <div class='ocr_carea' id='block_1_95' title="bbox 1861 3260 2351 3317">
    <p class='ocr_par' dir='ltr' id='par_1_95' title="bbox 1861 3260 2351 3317">
     <span class='ocr_line' id='line_1_95' title="bbox 1861 3260 2351 3317; baseline -0.004 -1"><span class='ocrx_word' id='word_1_754' title='bbox 1861 3260 1990 3316; x_wconf 87' lang='lat' dir='ltr'><strong>limo</strong></span> <span class='ocrx_word' id='word_1_755' title='bbox 2017 3261 2164 3316; x_wconf 78' lang='lat' dir='ltr'><strong>linxit</strong></span> <span class='ocrx_word' id='word_1_756' title='bbox 2192 3261 2351 3317; x_wconf 87' lang='lat' dir='ltr'><strong>Deus.</strong></span> 
     </span>
    </p>
   </div>
   <div class='ocr_carea' id='block_1_96' title="bbox 1933 3348 3446 3425">
    <p class='ocr_par' dir='ltr' id='par_1_96' title="bbox 1933 3348 3446 3425">
     <span class='ocr_line' id='line_1_96' title="bbox 1933 3348 3446 3425; baseline -0.003 -16"><span class='ocrx_word' id='word_1_757' title='bbox 1933 3352 1986 3409; x_wconf 90' lang='lat'><strong>8.</strong></span> <span class='ocrx_word' id='word_1_758' title='bbox 2020 3353 2198 3423; x_wconf 85' lang='lat' dir='ltr'><strong>Neque</strong></span> <span class='ocrx_word' id='word_1_759' title='bbox 2237 3352 2378 3407; x_wconf 86' lang='lat' dir='ltr'><strong>enim</strong></span> <span class='ocrx_word' id='word_1_760' title='bbox 2418 3351 2700 3408; x_wconf 89' lang='lat' dir='ltr'><strong>dicendum</strong></span> <span class='ocrx_word' id='word_1_761' title='bbox 2730 3359 2848 3416; x_wconf 90' lang='lat' dir='ltr'><strong>est,</strong></span> <span class='ocrx_word' id='word_1_762' title='bbox 2894 3350 3189 3421; x_wconf 87' lang='lat' dir='ltr'><strong>masculum</strong></span> <span class='ocrx_word' id='word_1_763' title='bbox 3230 3348 3446 3425; x_wconf 89' lang='lat' dir='ltr'><strong>quidem</strong></span> 
     </span>
    </p>
   </div>
   <div class='ocr_carea' id='block_1_97' title="bbox 1864 3438 3443 3517">
    <p class='ocr_par' dir='ltr' id='par_1_97' title="bbox 1864 3438 3443 3517">
     <span class='ocr_line' id='line_1_97' title="bbox 1864 3438 3443 3517; baseline -0.004 -19"><span class='ocrx_word' id='word_1_764' title='bbox 1864 3455 2017 3517; x_wconf 82' lang='lat' dir='ltr'><strong>sexto</strong></span> <span class='ocrx_word' id='word_1_765' title='bbox 2046 3444 2131 3497; x_wconf 92' lang='lat' dir='ltr'><strong>die</strong></span> <span class='ocrx_word' id='word_1_766' title='bbox 2160 3441 2376 3506; x_wconf 89' lang='lat' dir='ltr'><strong>factum,</strong></span> <span class='ocrx_word' id='word_1_767' title='bbox 2398 3442 2645 3498; x_wconf 86' lang='lat' dir='ltr'><strong>feminam</strong></span> <span class='ocrx_word' id='word_1_768' title='bbox 2679 3456 2803 3495; x_wconf 91' lang='lat' dir='ltr'><strong>vero</strong></span> <span class='ocrx_word' id='word_1_769' title='bbox 2824 3440 3203 3511; x_wconf 79' lang='lat' dir='ltr'><strong>posterioribus</strong></span> <span class='ocrx_word' id='word_1_770' title='bbox 3228 3438 3443 3504; x_wconf 84' lang='lat' dir='ltr'><strong>diebus;</strong></span> 
     </span>
    </p>
   </div>
   <div class='ocr_carea' id='block_1_98' title="bbox 1864 3530 3447 3603">
    <p class='ocr_par' dir='ltr' id='par_1_98' title="bbox 1864 3530 3447 3603">
     <span class='ocr_line' id='line_1_98' title="bbox 1864 3530 3447 3603; baseline -0.003 -14"><span class='ocrx_word' id='word_1_771' title='bbox 1864 3549 1984 3589; x_wconf 89' lang='lat' dir='ltr'><strong>cum</strong></span> <span class='ocrx_word' id='word_1_772' title='bbox 2016 3534 2130 3603; x_wconf 88' lang='lat' dir='ltr'><strong>ipso</strong></span> <span class='ocrx_word' id='word_1_773' title='bbox 2164 3544 2314 3589; x_wconf 80' lang='lat' dir='ltr'><strong>sexto</strong></span> <span class='ocrx_word' id='word_1_774' title='bbox 2340 3534 2426 3588; x_wconf 88' lang='lat' dir='ltr'><strong>die</strong></span> <span class='ocrx_word' id='word_1_775' title='bbox 2452 3534 2784 3603; x_wconf 76' lang='lat' dir='ltr'><strong>apertissime</strong></span> <span class='ocrx_word' id='word_1_776' title='bbox 2811 3531 3008 3585; x_wconf 88' lang='lat' dir='ltr'><strong>dictum</strong></span> <span class='ocrx_word' id='word_1_777' title='bbox 3038 3531 3128 3596; x_wconf 88' lang='lat' dir='ltr'><strong>sit,</strong></span> <span class='ocrx_word' id='word_1_778' title='bbox 3160 3530 3447 3585; x_wconf 80' lang='lat' dir='ltr'><strong>Masculum</strong></span> 
     </span>
    </p>
   </div>
   <div class='ocr_carea' id='block_1_99' title="bbox 1863 3622 3446 3697">
    <p class='ocr_par' dir='ltr' id='par_1_99' title="bbox 1863 3622 3446 3697">
     <span class='ocr_line' id='line_1_99' title="bbox 1863 3622 3446 3697; baseline -0.004 -17"><span class='ocrx_word' id='word_1_779' title='bbox 1863 3634 1909 3680; x_wconf 88' lang='lat' dir='ltr'><strong>et</strong></span> <span class='ocrx_word' id='word_1_780' title='bbox 1951 3626 2191 3697; x_wconf 77' lang='lat' dir='ltr'><strong>feniiuam</strong></span> <span class='ocrx_word' id='word_1_781' title='bbox 2221 3624 2336 3694; x_wconf 77' lang='lat' dir='ltr'><strong>fecit</strong></span> <span class='ocrx_word' id='word_1_782' title='bbox 2362 3640 2446 3679; x_wconf 87' lang='lat' dir='ltr'><strong>eos</strong></span> <span class='ocrx_word' id='word_1_783' title='bbox 2470 3665 2485 3689; x_wconf 94' lang='lat'><strong>,</strong></span> <span class='ocrx_word' id='word_1_784' title='bbox 2517 3634 2562 3676; x_wconf 82' lang='lat' dir='ltr'><strong>et</strong></span> <span class='ocrx_word' id='word_1_785' title='bbox 2592 3622 2843 3676; x_wconf 81' lang='lat' dir='ltr'><strong>benediin</strong></span> <span class='ocrx_word' id='word_1_786' title='bbox 2868 3637 2971 3686; x_wconf 84' lang='lat' dir='ltr'><strong>eos,</strong></span> <span class='ocrx_word' id='word_1_787' title='bbox 3004 3630 3058 3675; x_wconf 93' lang='lat' dir='ltr'><strong>et</strong></span> <span class='ocrx_word' id='word_1_788' title='bbox 3084 3628 3296 3682; x_wconf 68' lang='lat' dir='ltr'><strong>cartera,</strong></span> <span class='ocrx_word' id='word_1_789' title='bbox 3328 3635 3446 3687; x_wconf 66' lang='lat' dir='ltr'><strong>qua:</strong></span> 
     </span>
    </p>
   </div>
   <div class='ocr_carea' id='block_1_100' title="bbox 1864 3712 3449 3781">
    <p class='ocr_par' dir='ltr' id='par_1_100' title="bbox 1864 3712 3449 3781">
     <span class='ocr_line' id='line_1_100' title="bbox 1864 3712 3449 3781; baseline -0.003 -10"><span class='ocrx_word' id='word_1_790' title='bbox 1864 3716 1931 3771; x_wconf 87' lang='lat' dir='ltr'><strong>de</strong></span> <span class='ocrx_word' id='word_1_791' title='bbox 1958 3716 2216 3770; x_wconf 90' lang='lat' dir='ltr'><strong>ambobtts</strong></span> <span class='ocrx_word' id='word_1_792' title='bbox 2243 3726 2296 3771; x_wconf 93' lang='lat' dir='ltr'><strong>et</strong></span> <span class='ocrx_word' id='word_1_793' title='bbox 2324 3715 2388 3768; x_wconf 91' lang='lat' dir='ltr'><strong>ad</strong></span> <span class='ocrx_word' id='word_1_794' title='bbox 2417 3716 2604 3768; x_wconf 84' lang='lat' dir='ltr'><strong>ambos</strong></span> <span class='ocrx_word' id='word_1_795' title='bbox 2649 3714 2916 3769; x_wconf 86' lang='lat' dir='ltr'><strong>dicuntur.</strong></span> <span class='ocrx_word' id='word_1_796' title='bbox 2962 3712 3131 3767; x_wconf 84' lang='lat' dir='ltr'><strong>Aliter</strong></span> <span class='ocrx_word' id='word_1_797' title='bbox 3164 3728 3290 3781; x_wconf 84' lang='lat' dir='ltr'><strong>ergo</strong></span> <span class='ocrx_word' id='word_1_798' title='bbox 3321 3721 3449 3767; x_wconf 87' lang='lat' dir='ltr'><strong>tunc</strong></span> 
     </span>
    </p>
   </div>
   <div class='ocr_carea' id='block_1_101' title="bbox 1865 3804 3448 3875">
    <p class='ocr_par' dir='ltr' id='par_1_101' title="bbox 1865 3804 3448 3875">
     <span class='ocr_line' id='line_1_101' title="bbox 1865 3804 3448 3875; baseline -0.003 -12"><span class='ocrx_word' id='word_1_799' title='bbox 1865 3810 2043 3875; x_wconf 89' lang='lat' dir='ltr'><strong>ambo,</strong></span> <span class='ocrx_word' id='word_1_800' title='bbox 2091 3818 2145 3863; x_wconf 91' lang='lat' dir='ltr'><strong>et</strong></span> <span class='ocrx_word' id='word_1_801' title='bbox 2180 3822 2319 3862; x_wconf 90' lang='lat' dir='ltr'><strong>nunc</strong></span> <span class='ocrx_word' id='word_1_802' title='bbox 2344 3806 2499 3861; x_wconf 83' lang='lat' dir='ltr'><strong>aliter</strong></span> <span class='ocrx_word' id='word_1_803' title='bbox 2526 3805 2682 3860; x_wconf 88' lang='lat' dir='ltr'><strong>ambo</strong></span> <span class='ocrx_word' id='word_1_804' title='bbox 2714 3824 2727 3859; x_wconf 94' lang='lat'><strong>:</strong></span> <span class='ocrx_word' id='word_1_805' title='bbox 2759 3813 2885 3859; x_wconf 91' lang='lat' dir='ltr'><strong>tunc</strong></span> <span class='ocrx_word' id='word_1_806' title='bbox 2913 3804 3118 3858; x_wconf 84' lang='lat' dir='ltr'><strong>scilicet</strong></span> <span class='ocrx_word' id='word_1_807' title='bbox 3154 3804 3448 3859; x_wconf 89' lang='lat' dir='ltr'><strong>secundum</strong></span> 
     </span>
    </p>
   </div>
   <div class='ocr_carea' id='block_1_102' title="bbox 1867 3894 3449 3971">
    <p class='ocr_par' dir='ltr' id='par_1_102' title="bbox 1867 3894 3449 3971">
     <span class='ocr_line' id='line_1_102' title="bbox 1867 3894 3449 3971; baseline -0.001 -19"><span class='ocrx_word' id='word_1_808' title='bbox 1867 3900 2154 3971; x_wconf 87' lang='lat' dir='ltr'><strong>potentiam</strong></span> <span class='ocrx_word' id='word_1_809' title='bbox 2180 3916 2274 3967; x_wconf 80' lang='lat' dir='ltr'><strong>per</strong></span> <span class='ocrx_word' id='word_1_810' title='bbox 2290 3899 2507 3953; x_wconf 89' lang='lat' dir='ltr'><strong>verbum</strong></span> <span class='ocrx_word' id='word_1_811' title='bbox 2530 3898 2619 3952; x_wconf 90' lang='lat' dir='ltr'><strong>Dei</strong></span> <span class='ocrx_word' id='word_1_812' title='bbox 2640 3906 2886 3965; x_wconf 86' lang='lat' dir='ltr'><strong>tanquam</strong></span> <span class='ocrx_word' id='word_1_813' title='bbox 2908 3894 3231 3952; x_wconf 87' lang='lat' dir='ltr'><strong>seminaliter</strong></span> <span class='ocrx_word' id='word_1_814' title='bbox 3251 3894 3449 3950; x_wconf 85' lang='lat' dir='ltr'><strong>mutulo</strong></span> 
     </span>
    </p>
   </div>
   <div class='ocr_carea' id='block_1_103' title="bbox 1869 3985 3450 4057">
    <p class='ocr_par' dir='ltr' id='par_1_103' title="bbox 1869 3985 3450 4057">
     <span class='ocr_line' id='line_1_103' title="bbox 1869 3985 3450 4057; baseline -0.003 -13"><span class='ocrx_word' id='word_1_815' title='bbox 1869 3990 2112 4054; x_wconf 90' lang='lat' dir='ltr'><strong>inditam,</strong></span> <span class='ocrx_word' id='word_1_816' title='bbox 2141 4004 2260 4044; x_wconf 88' lang='lat' dir='ltr'><strong>cum</strong></span> <span class='ocrx_word' id='word_1_817' title='bbox 2303 3989 2501 4043; x_wconf 82' lang='lat' dir='ltr'><strong>creavit</strong></span> <span class='ocrx_word' id='word_1_818' title='bbox 2537 3987 2713 4041; x_wconf 90' lang='lat' dir='ltr'><strong>omnia</strong></span> <span class='ocrx_word' id='word_1_819' title='bbox 2758 3987 2937 4054; x_wconf 90' lang='lat' dir='ltr'><strong>simul,</strong></span> <span class='ocrx_word' id='word_1_820' title='bbox 2967 4002 2997 4041; x_wconf 73' lang='grc' dir='ltr'><strong>τι</strong></span> <span class='ocrx_word' id='word_1_821' title='bbox 3025 3985 3217 4057; x_wconf 89' lang='lat' dir='ltr'><strong>quibus</strong></span> <span class='ocrx_word' id='word_1_822' title='bbox 3265 3986 3316 4040; x_wconf 89' lang='lat' dir='ltr'><strong>in</strong></span> <span class='ocrx_word' id='word_1_823' title='bbox 3362 3985 3450 4041; x_wconf 83' lang='lat' dir='ltr'><strong>die</strong></span> 
     </span>
    </p>
   </div>
   <div class='ocr_carea' id='block_1_104' title="bbox 1869 4080 3450 4152">
    <p class='ocr_par' dir='ltr' id='par_1_104' title="bbox 1869 4080 3450 4152">
     <span class='ocr_line' id='line_1_104' title="bbox 1869 4080 3450 4152; baseline -0.003 -14"><span class='ocrx_word' id='word_1_824' title='bbox 1869 4084 2094 4152; x_wconf 86' lang='lat' dir='ltr'><strong>septimo</strong></span> <span class='ocrx_word' id='word_1_825' title='bbox 2121 4081 2396 4152; x_wconf 84' lang='lat' dir='ltr'><strong>requievit,</strong></span> <span class='ocrx_word' id='word_1_826' title='bbox 2426 4097 2490 4136; x_wconf 77' lang='lat' dir='ltr'><strong>ex</strong></span> <span class='ocrx_word' id='word_1_827' title='bbox 2522 4081 2712 4149; x_wconf 88' lang='lat' dir='ltr'><strong>quibus</strong></span> <span class='ocrx_word' id='word_1_828' title='bbox 2732 4081 2907 4134; x_wconf 90' lang='lat' dir='ltr'><strong>omnia</strong></span> <span class='ocrx_word' id='word_1_829' title='bbox 2934 4080 3042 4134; x_wconf 91' lang='lat' dir='ltr'><strong>suis</strong></span> <span class='ocrx_word' id='word_1_830' title='bbox 3061 4095 3284 4148; x_wconf 68' lang='lat' dir='ltr'><strong>quicque</strong></span> <span class='ocrx_word' id='word_1_831' title='bbox 3311 4087 3450 4134; x_wconf 86' lang='lat' dir='ltr'><strong>tem-</strong></span> 
     </span>
    </p>
   </div>
   <div class='ocr_carea' id='block_1_105' title="bbox 1870 4172 3450 4244">
    <p class='ocr_par' dir='ltr' id='par_1_105' title="bbox 1870 4172 3450 4244">
     <span class='ocr_line' id='line_1_105' title="bbox 1870 4172 3450 4244; baseline 0 -20"><span class='ocrx_word' id='word_1_832' title='bbox 1870 4174 2088 4244; x_wconf 85' lang='lat' dir='ltr'><strong>poribus</strong></span> <span class='ocrx_word' id='word_1_833' title='bbox 2126 4174 2233 4242; x_wconf 84' lang='lat' dir='ltr'><strong>jam</strong></span> <span class='ocrx_word' id='word_1_834' title='bbox 2287 4190 2378 4241; x_wconf 90' lang='lat' dir='ltr'><strong>per</strong></span> <span class='ocrx_word' id='word_1_835' title='bbox 2421 4173 2735 4241; x_wconf 63' lang='lat' dir='ltr'><strong>saeculorum</strong></span> <span class='ocrx_word' id='word_1_836' title='bbox 2776 4172 3013 4227; x_wconf 87' lang='lat' dir='ltr'><strong>ordinem</strong></span> <span class='ocrx_word' id='word_1_837' title='bbox 3064 4172 3276 4233; x_wconf 75' lang='lat' dir='ltr'><strong>lict-ent;</strong></span> <span class='ocrx_word' id='word_1_838' title='bbox 3310 4185 3450 4224; x_wconf 92' lang='lat' dir='ltr'><strong>nunc</strong></span> 
     </span>
    </p>
   </div>
   <div class='ocr_carea' id='block_1_106' title="bbox 1871 4260 3451 4335">
    <p class='ocr_par' dir='ltr' id='par_1_106' title="bbox 1871 4260 3451 4335">
     <span class='ocr_line' id='line_1_106' title="bbox 1871 4260 3451 4335; baseline -0.003 -16"><span class='ocrx_word' id='word_1_839' title='bbox 1871 4277 2046 4321; x_wconf 87' lang='lat' dir='ltr'><strong>autem</strong></span> <span class='ocrx_word' id='word_1_840' title='bbox 2086 4263 2377 4320; x_wconf 85' lang='lat' dir='ltr'><strong>secundum</strong></span> <span class='ocrx_word' id='word_1_841' title='bbox 2415 4264 2776 4335; x_wconf 89' lang='lat' dir='ltr'><strong>operationem</strong></span> <span class='ocrx_word' id='word_1_842' title='bbox 2815 4260 3150 4331; x_wconf 74' lang='lat' dir='ltr'><strong>prmbendam</strong></span> <span class='ocrx_word' id='word_1_843' title='bbox 3199 4260 3451 4327; x_wconf 86' lang='lat' dir='ltr'><strong>tempori-</strong></span> 
     </span>
    </p>
   </div>
   <div class='ocr_carea' id='block_1_107' title="bbox 1873 4362 3451 4436">
    <p class='ocr_par' dir='ltr' id='par_1_107' title="bbox 1873 4362 3451 4436">
     <span class='ocr_line' id='line_1_107' title="bbox 1873 4362 3451 4436; baseline -0.001 -19"><span class='ocrx_word' id='word_1_844' title='bbox 1873 4363 1990 4425; x_wconf 89' lang='lat' dir='ltr'><strong>bus,</strong></span> <span class='ocrx_word' id='word_1_845' title='bbox 2019 4379 2119 4434; x_wconf 89' lang='lat' dir='ltr'><strong>qna</strong></span> <span class='ocrx_word' id='word_1_846' title='bbox 2146 4379 2313 4434; x_wconf 92' lang='lat' dir='ltr'><strong>usque</strong></span> <span class='ocrx_word' id='word_1_847' title='bbox 2341 4379 2477 4417; x_wconf 86' lang='lat' dir='ltr'><strong>nunc</strong></span> <span class='ocrx_word' id='word_1_848' title='bbox 2506 4372 2770 4432; x_wconf 89' lang='lat' dir='ltr'><strong>operatur,</strong></span> <span class='ocrx_word' id='word_1_849' title='bbox 2803 4369 2855 4417; x_wconf 90' lang='lat' dir='ltr'><strong>et</strong></span> <span class='ocrx_word' id='word_1_850' title='bbox 2879 4362 3154 4433; x_wconf 81' lang='lat' dir='ltr'><strong>oportebat</strong></span> <span class='ocrx_word' id='word_1_851' title='bbox 3176 4362 3283 4436; x_wconf 87' lang='lat' dir='ltr'><strong>jam</strong></span> <span class='ocrx_word' id='word_1_852' title='bbox 3313 4372 3451 4427; x_wconf 84' lang='lat' dir='ltr'><strong>tem-</strong></span> 
     </span>
    </p>
   </div>
   <div class='ocr_carea' id='block_1_108' title="bbox 1875 4452 3452 4524">
    <p class='ocr_par' dir='ltr' id='par_1_108' title="bbox 1875 4452 3452 4524">
     <span class='ocr_line' id='line_1_108' title="bbox 1875 4452 3452 4524; baseline 0.001 -17"><span class='ocrx_word' id='word_1_853' title='bbox 1875 4470 2004 4524; x_wconf 87' lang='lat' dir='ltr'><strong>pore</strong></span> <span class='ocrx_word' id='word_1_854' title='bbox 2034 4469 2130 4507; x_wconf 90' lang='lat' dir='ltr'><strong>suo</strong></span> <span class='ocrx_word' id='word_1_855' title='bbox 2156 4454 2267 4508; x_wconf 83' lang='lat' dir='ltr'><strong>fieri</strong></span> <span class='ocrx_word' id='word_1_856' title='bbox 2295 4453 2462 4510; x_wconf 83' lang='lat' dir='ltr'><strong>Adam</strong></span> <span class='ocrx_word' id='word_1_857' title='bbox 2492 4452 2559 4508; x_wconf 89' lang='lat' dir='ltr'><strong>de</strong></span> <span class='ocrx_word' id='word_1_858' title='bbox 2587 4452 2715 4509; x_wconf 91' lang='lat' dir='ltr'><strong>limo</strong></span> <span class='ocrx_word' id='word_1_859' title='bbox 2742 4461 2917 4519; x_wconf 68' lang='lat' dir='ltr'><strong>terrm,</strong></span> <span class='ocrx_word' id='word_1_860' title='bbox 2936 4452 3155 4524; x_wconf 83' lang='lat' dir='ltr'><strong>ejusque</strong></span> <span class='ocrx_word' id='word_1_861' title='bbox 3175 4453 3452 4508; x_wconf 83' lang='lat' dir='ltr'><strong>mulierem</strong></span> 
     </span>
    </p>
   </div>
   <div class='ocr_carea' id='block_1_109' title="bbox 1874 4532 2983 4602">
    <p class='ocr_par' dir='ltr' id='par_1_109' title="bbox 1874 4532 2983 4602">
     <span class='ocr_line' id='line_1_109' title="bbox 1874 4532 2983 4602; baseline -0.005 -1"><span class='ocrx_word' id='word_1_862' title='bbox 1874 4561 1938 4601; x_wconf 78' lang='lat' dir='ltr'><strong>ex</strong></span> <span class='ocrx_word' id='word_1_863' title='bbox 1980 4547 2076 4599; x_wconf 80' lang='lat' dir='ltr'><strong>viri</strong></span> <span class='ocrx_word' id='word_1_864' title='bbox 2107 4546 2292 4602; x_wconf 82' lang='lat' dir='ltr'><strong>latere.</strong></span> <span class='ocrx_word' id='word_1_865' title='bbox 2982 4532 2983 4535; x_wconf 8' lang='grc' dir='ltr'><strong>η</strong></span> 
     </span>
    </p>
   </div>
   <div class='ocr_carea' id='block_1_110' title="bbox 1875 4634 3456 4709">
    <p class='ocr_par' dir='ltr' id='par_1_110' title="bbox 1875 4634 3456 4709">
     <span class='ocr_line' id='line_1_110' title="bbox 1875 4634 3456 4709; baseline 0.001 -19"><span class='ocrx_word' id='word_1_866' title='bbox 1875 4634 2099 4709; x_wconf 81' lang='lat' dir='ltr'><strong>CAPUT</strong></span> <span class='ocrx_word' id='word_1_867' title='bbox 2134 4636 2219 4690; x_wconf 75' lang='lat' dir='ltr'><strong>Vl.</strong></span> <span class='ocrx_word' id='word_1_868' title='bbox 2248 4665 2322 4677; x_wconf 95' lang='lat'><strong><em>—</em></strong></span> <span class='ocrx_word' id='word_1_869' title='bbox 2348 4634 2661 4701; x_wconf 86' lang='lat' dir='ltr'><strong>Sententiam</strong></span> <span class='ocrx_word' id='word_1_870' title='bbox 2686 4652 2833 4699; x_wconf 85' lang='lat' dir='ltr'><strong>suam</strong></span> <span class='ocrx_word' id='word_1_871' title='bbox 2859 4635 3103 4707; x_wconf 72' lang='lat' dir='ltr'><strong>liquidius</strong></span> <span class='ocrx_word' id='word_1_872' title='bbox 3128 4636 3367 4708; x_wconf 65' lang='lat' dir='ltr'><strong>explicat,</strong></span> <span class='ocrx_word' id='word_1_873' title='bbox 3391 4652 3456 4692; x_wconf 78' lang='lat' dir='ltr'><strong>ne</strong></span> 
     </span>
    </p>
   </div>
   <div class='ocr_carea' id='block_1_111' title="bbox 2417 4727 2904 4800">
    <p class='ocr_par' dir='ltr' id='par_1_111' title="bbox 2417 4727 2904 4800">
     <span class='ocr_line' id='line_1_111' title="bbox 2417 4727 2904 4800; baseline 0.002 -21"><span class='ocrx_word' id='word_1_874' title='bbox 2417 4727 2549 4782; x_wconf 82' lang='lat' dir='ltr'><strong>male</strong></span> <span class='ocrx_word' id='word_1_875' title='bbox 2576 4727 2904 4800; x_wconf 79' lang='lat' dir='ltr'><strong>intelligatur.</strong></span> 
     </span>
    </p>
   </div>
   <div class='ocr_carea' id='block_1_112' title="bbox 1946 4816 3456 4891">
    <p class='ocr_par' dir='ltr' id='par_1_112' title="bbox 1946 4816 3456 4891">
     <span class='ocr_line' id='line_1_112' title="bbox 1946 4816 3456 4891; baseline 0.002 -18"><span class='ocrx_word' id='word_1_876' title='bbox 1946 4817 2002 4885; x_wconf 71' lang='grc' dir='ltr'><strong>ο.</strong></span> <span class='ocrx_word' id='word_1_877' title='bbox 2030 4817 2086 4873; x_wconf 91' lang='lat' dir='ltr'><strong>In</strong></span> <span class='ocrx_word' id='word_1_878' title='bbox 2114 4833 2214 4889; x_wconf 88' lang='lat' dir='ltr'><strong>qua</strong></span> <span class='ocrx_word' id='word_1_879' title='bbox 2242 4816 2615 4891; x_wconf 80' lang='lat' dir='ltr'><strong>distributione</strong></span> <span class='ocrx_word' id='word_1_880' title='bbox 2637 4835 2856 4890; x_wconf 80' lang='lat' dir='ltr'><strong>operum</strong></span> <span class='ocrx_word' id='word_1_881' title='bbox 2889 4820 3002 4888; x_wconf 90' lang='lat' dir='ltr'><strong>Dei,</strong></span> <span class='ocrx_word' id='word_1_882' title='bbox 3027 4823 3220 4889; x_wconf 90' lang='lat' dir='ltr'><strong>partim</strong></span> <span class='ocrx_word' id='word_1_883' title='bbox 3244 4821 3312 4876; x_wconf 88' lang='lat' dir='ltr'><strong>ad</strong></span> <span class='ocrx_word' id='word_1_884' title='bbox 3339 4820 3456 4876; x_wconf 90' lang='lat' dir='ltr'><strong>illos</strong></span> 
     </span>
    </p>
   </div>
   <div class='ocr_carea' id='block_1_113' title="bbox 1876 4909 3456 4983">
    <p class='ocr_par' dir='ltr' id='par_1_113' title="bbox 1876 4909 3456 4983">
     <span class='ocr_line' id='line_1_113' title="bbox 1876 4909 3456 4983; baseline -0.001 -18"><span class='ocrx_word' id='word_1_885' title='bbox 1876 4909 1992 4966; x_wconf 89' lang='lat' dir='ltr'><strong>dies</strong></span> <span class='ocrx_word' id='word_1_886' title='bbox 2036 4909 2327 4964; x_wconf 90' lang='lat' dir='ltr'><strong>invisibiles</strong></span> <span class='ocrx_word' id='word_1_887' title='bbox 2369 4910 2763 4979; x_wconf 77' lang='lat' dir='ltr'><strong>pertinentium,</strong></span> <span class='ocrx_word' id='word_1_888' title='bbox 2807 4912 3000 4983; x_wconf 88' lang='lat' dir='ltr'><strong>quibus</strong></span> <span class='ocrx_word' id='word_1_889' title='bbox 3040 4914 3241 4967; x_wconf 86' lang='lat' dir='ltr'><strong>creavit</strong></span> <span class='ocrx_word' id='word_1_890' title='bbox 3280 4913 3456 4965; x_wconf 91' lang='lat' dir='ltr'><strong>omnia</strong></span> 
     </span>
    </p>
   </div>
   <div class='ocr_carea' id='block_1_114' title="bbox 1878 4999 3458 5071">
    <p class='ocr_par' dir='ltr' id='par_1_114' title="bbox 1878 4999 3458 5071">
     <span class='ocr_line' id='line_1_114' title="bbox 1878 4999 3458 5071; baseline -0.001 -16"><span class='ocrx_word' id='word_1_891' title='bbox 1878 4999 2033 5069; x_wconf 83' lang='lat' dir='ltr'><strong>simul</strong></span> <span class='ocrx_word' id='word_1_892' title='bbox 2051 5042 2067 5066; x_wconf 86' lang='lat'><strong>,</strong></span> <span class='ocrx_word' id='word_1_893' title='bbox 2106 5000 2298 5070; x_wconf 89' lang='lat' dir='ltr'><strong>partim</strong></span> <span class='ocrx_word' id='word_1_894' title='bbox 2327 5000 2393 5054; x_wconf 92' lang='lat' dir='ltr'><strong>ad</strong></span> <span class='ocrx_word' id='word_1_895' title='bbox 2426 4999 2557 5065; x_wconf 81' lang='lat' dir='ltr'><strong>istos</strong></span> <span class='ocrx_word' id='word_1_896' title='bbox 2580 5002 2868 5071; x_wconf 83' lang='lat' dir='ltr'><strong>appositas,</strong></span> <span class='ocrx_word' id='word_1_897' title='bbox 2909 5002 2962 5057; x_wconf 91' lang='lat' dir='ltr'><strong>in</strong></span> <span class='ocrx_word' id='word_1_898' title='bbox 2990 5004 3182 5071; x_wconf 89' lang='lat' dir='ltr'><strong>quibus</strong></span> <span class='ocrx_word' id='word_1_899' title='bbox 3210 5008 3458 5069; x_wconf 88' lang='lat' dir='ltr'><strong>operatur</strong></span> 
     </span>
    </p>
   </div>
   <div class='ocr_carea' id='block_1_115' title="bbox 1879 5090 3461 5164">
    <p class='ocr_par' dir='ltr' id='par_1_115' title="bbox 1879 5090 3461 5164">
     <span class='ocr_line' id='line_1_115' title="bbox 1879 5090 3461 5164; baseline 0.003 -23"><span class='ocrx_word' id='word_1_900' title='bbox 1879 5090 2117 5160; x_wconf 87' lang='lat' dir='ltr'><strong>quotidie</strong></span> <span class='ocrx_word' id='word_1_901' title='bbox 2142 5091 2392 5161; x_wconf 86' lang='lat' dir='ltr'><strong>quidquid</strong></span> <span class='ocrx_word' id='word_1_902' title='bbox 2420 5107 2485 5147; x_wconf 76' lang='lat' dir='ltr'><strong>ex</strong></span> <span class='ocrx_word' id='word_1_903' title='bbox 2516 5094 2621 5147; x_wconf 81' lang='lat' dir='ltr'><strong>illis</strong></span> <span class='ocrx_word' id='word_1_904' title='bbox 2648 5104 2893 5164; x_wconf 89' lang='lat' dir='ltr'><strong>tanquam</strong></span> <span class='ocrx_word' id='word_1_905' title='bbox 2923 5093 3207 5148; x_wconf 88' lang='lat' dir='ltr'><strong>involucris</strong></span> <span class='ocrx_word' id='word_1_906' title='bbox 3234 5092 3461 5161; x_wconf 82' lang='lat' dir='ltr'><strong>primor-</strong></span> 
     </span>
    </p>
   </div>
   <div class='ocr_carea' id='block_1_116' title="bbox 1882 5180 3462 5255">
    <p class='ocr_par' dir='ltr' id='par_1_116' title="bbox 1882 5180 3462 5255">
     <span class='ocr_line' id='line_1_116' title="bbox 1882 5180 3462 5255; baseline 0.004 -22"><span class='ocrx_word' id='word_1_907' title='bbox 1882 5180 2107 5253; x_wconf 74' lang='lat' dir='ltr'><strong>dialibus</strong></span> <span class='ocrx_word' id='word_1_908' title='bbox 2140 5183 2189 5236; x_wconf 91' lang='lat' dir='ltr'><strong>in</strong></span> <span class='ocrx_word' id='word_1_909' title='bbox 2214 5194 2452 5255; x_wconf 85' lang='lat' dir='ltr'><strong>tempore</strong></span> <span class='ocrx_word' id='word_1_910' title='bbox 2472 5186 2751 5251; x_wconf 87' lang='lat' dir='ltr'><strong>evolvitur,</strong></span> <span class='ocrx_word' id='word_1_911' title='bbox 2774 5185 2815 5240; x_wconf 94' lang='lat' dir='ltr'><strong>si</strong></span> <span class='ocrx_word' id='word_1_912' title='bbox 2850 5198 2952 5239; x_wconf 91' lang='lat' dir='ltr'><strong>non</strong></span> <span class='ocrx_word' id='word_1_913' title='bbox 2982 5185 3276 5254; x_wconf 81' lang='lat' dir='ltr'><strong>importune</strong></span> <span class='ocrx_word' id='word_1_914' title='bbox 3305 5192 3462 5253; x_wconf 89' lang='lat' dir='ltr'><strong>atque</strong></span> 
     </span>
    </p>
   </div>
   <div class='ocr_carea' id='block_1_117' title="bbox 1884 5262 3463 5346">
    <p class='ocr_par' dir='ltr' id='par_1_117' title="bbox 1884 5262 3463 5346">
     <span class='ocr_line' id='line_1_117' title="bbox 1884 5262 3463 5346; baseline 0.003 -20"><span class='ocrx_word' id='word_1_915' title='bbox 1884 5273 2113 5328; x_wconf 84' lang='lat' dir='ltr'><strong>absurde</strong></span> <span class='ocrx_word' id='word_1_916' title='bbox 2134 5274 2419 5342; x_wconf 65' lang='lat' dir='ltr'><strong>Scriptura:</strong></span> <span class='ocrx_word' id='word_1_917' title='bbox 2453 5278 2611 5335; x_wconf 82' lang='lat' dir='ltr'><strong>verba</strong></span> <span class='ocrx_word' id='word_1_918' title='bbox 2653 5262 2827 5341; x_wconf 40' lang='lat' dir='ltr'><strong>secuti,</strong></span> <span class='ocrx_word' id='word_1_919' title='bbox 2862 5290 3082 5343; x_wconf 11' lang='lat' dir='ltr'><strong>sumius,</strong></span> <span class='ocrx_word' id='word_1_920' title='bbox 3129 5291 3245 5346; x_wconf 71' lang='lat' dir='ltr'><strong>quae</strong></span> <span class='ocrx_word' id='word_1_921' title='bbox 3274 5291 3371 5329; x_wconf 89' lang='lat' dir='ltr'><strong>nos</strong></span> <span class='ocrx_word' id='word_1_922' title='bbox 3397 5277 3463 5330; x_wconf 88' lang='lat' dir='ltr'><strong>ad</strong></span> 
     </span>
    </p>
   </div>
   <div class='ocr_carea' id='block_1_118' title="bbox 1890 5365 3467 5441">
    <p class='ocr_par' dir='ltr' id='par_1_118' title="bbox 1890 5365 3467 5441">
     <span class='ocr_line' id='line_1_118' title="bbox 1890 5365 3467 5441; baseline 0.001 -22"><span class='ocrx_word' id='word_1_923' title='bbox 1890 5365 2001 5441; x_wconf 75' lang='lat' dir='ltr'><strong>lucc</strong></span> <span class='ocrx_word' id='word_1_924' title='bbox 2020 5366 2389 5440; x_wconf 78' lang='lat' dir='ltr'><strong>distinguenda</strong></span> <span class='ocrx_word' id='word_1_925' title='bbox 2408 5369 2700 5435; x_wconf 79' lang='lat' dir='ltr'><strong>duxerunt;</strong></span> <span class='ocrx_word' id='word_1_926' title='bbox 2730 5367 3021 5433; x_wconf 76' lang='lat' dir='ltr'><strong>cavendum</strong></span> <span class='ocrx_word' id='word_1_927' title='bbox 3049 5377 3130 5424; x_wconf 80' lang='lat' dir='ltr'><strong>est</strong></span> <span class='ocrx_word' id='word_1_928' title='bbox 3158 5383 3223 5422; x_wconf 90' lang='lat' dir='ltr'><strong>ne</strong></span> <span class='ocrx_word' id='word_1_929' title='bbox 3250 5376 3467 5437; x_wconf 87' lang='lat' dir='ltr'><strong>propter</strong></span> 
     </span>
    </p>
   </div>
   <div class='ocr_carea' id='block_1_119' title="bbox 1892 5459 3466 5537">
    <p class='ocr_par' dir='ltr' id='par_1_119' title="bbox 1892 5459 3466 5537">
     <span class='ocr_line' id='line_1_119' title="bbox 1892 5459 3466 5537; baseline 0 -23"><span class='ocrx_word' id='word_1_930' title='bbox 1892 5459 2123 5531; x_wconf 81' lang='lat' dir='ltr'><strong>ipsarum</strong></span> <span class='ocrx_word' id='word_1_931' title='bbox 2172 5477 2349 5517; x_wconf 88' lang='lat' dir='ltr'><strong>rerum</strong></span> <span class='ocrx_word' id='word_1_932' title='bbox 2398 5462 2668 5530; x_wconf 85' lang='lat' dir='ltr'><strong>aliquanto</strong></span> <span class='ocrx_word' id='word_1_933' title='bbox 2704 5460 2973 5537; x_wconf 79' lang='lat' dir='ltr'><strong>difﬁcilem</strong></span> <span class='ocrx_word' id='word_1_934' title='bbox 3022 5460 3416 5531; x_wconf 80' lang='lat' dir='ltr'><strong>perceptionem</strong></span> <span class='ocrx_word' id='word_1_935' title='bbox 3448 5500 3466 5525; x_wconf 93' lang='lat'><strong>,</strong></span> 
     </span>
    </p>
   </div>
   <div class='ocr_carea' id='block_1_120' title="bbox 1894 5536 3470 5639">
    <p class='ocr_par' dir='ltr' id='par_1_120' title="bbox 1894 5536 3470 5639">
     <span class='ocr_line' id='line_1_120' title="bbox 1894 5536 3470 5639; baseline 0.001 -32"><span class='ocrx_word' id='word_1_936' title='bbox 1894 5540 2050 5639; x_wconf 61' lang='lat' dir='ltr'><strong>quam</strong></span> <span class='ocrx_word' id='word_1_937' title='bbox 2082 5553 2346 5623; x_wconf 69' lang='lat' dir='ltr'><strong>tardiores</strong></span> <span class='ocrx_word' id='word_1_938' title='bbox 2372 5536 2583 5621; x_wconf 77' lang='lat' dir='ltr'><strong>assequi</strong></span> <span class='ocrx_word' id='word_1_939' title='bbox 2621 5566 2726 5623; x_wconf 78' lang='lat' dir='ltr'><strong>non</strong></span> <span class='ocrx_word' id='word_1_940' title='bbox 2754 5536 3054 5621; x_wconf 79' lang='lat' dir='ltr'><strong>sufﬁciunt,</strong></span> <span class='ocrx_word' id='word_1_941' title='bbox 3097 5561 3342 5622; x_wconf 88' lang='lat' dir='ltr'><strong>putemur</strong></span> <span class='ocrx_word' id='word_1_942' title='bbox 3371 5552 3470 5608; x_wconf 87' lang='lat' dir='ltr'><strong>ali-</strong></span> 
     </span>
    </p>
   </div>
   <div class='ocr_carea' id='block_1_121' title="bbox 1895 5642 3474 5716">
    <p class='ocr_par' dir='ltr' id='par_1_121' title="bbox 1895 5642 3474 5716">
     <span class='ocr_line' id='line_1_121' title="bbox 1895 5642 3474 5716; baseline -0.001 -13"><span class='ocrx_word' id='word_1_943' title='bbox 1895 5644 2030 5716; x_wconf 42' lang='lat' dir='ltr'><strong>quid,</strong></span> <span class='ocrx_word' id='word_1_944' title='bbox 2068 5642 2269 5711; x_wconf 72' lang='lat' dir='ltr'><strong>sentire</strong></span> <span class='ocrx_word' id='word_1_945' title='bbox 2294 5659 2357 5705; x_wconf 78' lang='lat' dir='ltr'><strong>ac</strong></span> <span class='ocrx_word' id='word_1_946' title='bbox 2383 5644 2582 5713; x_wconf 66' lang='lat' dir='ltr'><strong>(lin</strong></span> <span class='ocrx_word' id='word_1_947' title='bbox 2612 5643 2755 5711; x_wconf 82' lang='lat' dir='ltr'><strong>auod</strong></span> <span class='ocrx_word' id='word_1_948' title='bbox 2794 5646 2991 5715; x_wconf 71' lang='lat' dir='ltr'><strong>Scimus</strong></span> <span class='ocrx_word' id='word_1_949' title='bbox 3024 5657 3125 5705; x_wconf 84' lang='lat' dir='ltr'><strong>nos</strong></span> <span class='ocrx_word' id='word_1_950' title='bbox 3149 5656 3248 5699; x_wconf 86' lang='lat' dir='ltr'><strong>nec</strong></span> <span class='ocrx_word' id='word_1_951' title='bbox 3276 5643 3474 5702; x_wconf 76' lang='lat' dir='ltr'><strong>sentire</strong></span> 
     </span>
    </p>
   </div>
  </div>
