3902 6302
463 245 572 305 843

462 373 568 416 nec
603 357 803 413 dicere.
828 354 1141 425 Quanquam
1170 353 1310 409 enim
1337 350 1761 422 praecedentibus
1785 347 2047 406 sermoni-

461 452 586 517 bus,
615 457 870 520 quantum
894 447 1180 518 potuerim,
1198 446 1450 501 lectorem
1478 442 1906 515 prtestruxcrim;
1934 441 2053 512 plu-

461 558 552 598 res
592 551 767 596 tamen
807 540 1035 595 arbitror
1059 539 1287 609 caligare
1314 537 1364 592 in
1392 537 1475 592 his
1503 537 1654 597 locis,
1684 545 1739 592 et
1763 544 1948 605 putare
1980 535 2050 590 ita

463 633 628 688 fuisse
668 634 812 701 prius
851 632 1118 686 hominem
1152 629 1203 682 iu
1235 629 1326 682 illo
1355 629 1446 684 Dei
1473 643 1634 698 opere
1655 668 1673 694 ,
1721 643 1828 698 quo
1861 636 2050 682 cuncta

461 726 619 782 simul
663 734 842 780 creata
879 732 1018 784 sunt,
1055 731 1114 776 ut
1142 723 1373 792 aliquam
1400 721 1562 774 vitam
1587 720 1840 785 duceret,
1870 728 1928 774 ut
1957 717 2052 774 Dei

463 819 785 872 locutionem
813 815 877 870 ad
908 829 966 870 se
991 814 1267 877 directam,
1292 829 1412 868 ctun
1440 813 1573 866 dixit
1600 811 1757 875 Deus,
1783 809 1915 864 Ecce
1933 808 2053 863 dedi

463 911 599 964 vobis
625 925 771 964 antae
800 906 1038 975 pabulum
1063 905 1323 971 semiuale,
1351 905 1678 960 discerneret
1700 943 1715 968 ,
1761 903 2004 958 crederet
2031 944 2046 970 ,

464 1003 804 1072 intelligeret.
829 1000 1044 1056 Noverit
1071 1014 1198 1069 ergo
1224 999 1314 1069 qui
1347 998 1450 1053 hoc
1482 1004 1650 1068 putat,
1679 1010 1786 1050 non
1826 994 1928 1050 hoc
1965 1009 2052 1050 me

463 1093 718 1155 sensisse,
747 1105 916 1161 neque
951 1090 1166 1144 dixisse.

483 1235 487 1239 .
536 1183 621 1238 l0.
655 1181 760 1238 Sed
796 1196 981 1236 rursus
1003 1222 1020 1245 ,
1061 1181 1103 1234 si
1131 1179 1316 1234 dixero
1346 1194 1449 1234 non
1476 1179 1546 1234 ita
1581 1179 1744 1234 fuisse
1772 1177 2048 1234 hominem

464 1275 518 1330 in
565 1275 649 1327 illa
697 1273 862 1342 pritna
909 1287 1086 1327 rerum
1132 1271 1471 1333 conditione,
1518 1285 1621 1340 qua
1671 1271 1871 1324 creavit
1910 1270 2050 1325 Deus

462 1367 642 1421 omnia
669 1366 844 1430 simul,
893 1365 1047 1418 sicuti
1077 1373 1162 1420 est
1203 1379 1310 1417 non
1352 1371 1555 1417 tantum
1590 1361 1840 1432 perfecta:
1880 1363 2053 1418 :etatis

464 1457 647 1518 homo,
677 1456 769 1510 sed
800 1471 868 1510 ne
895 1455 1069 1510 infans
1095 1455 1329 1523 quidem,
1363 1470 1460 1510 nec
1486 1463 1688 1510 tantum
1718 1453 1922 1523 infans,
1956 1455 2052 1512 sed

467 1564 536 1604 ne
576 1548 916 1617 puerperium
945 1547 1158 1616 quidem
1200 1547 1251 1600 in
1281 1556 1430 1601 utero
1462 1546 1646 1601 matris
1668 1587 1686 1613 ,
1723 1563 1820 1602 nec
1849 1558 2051 1602 tantum

465 1639 591 1704 hoc,
619 1637 711 1692 sed
737 1653 834 1692 uec
857 1653 1039 1692 scmcn
1067 1638 1281 1706 quidem
1311 1638 1520 1693 visibile
1551 1638 1815 1704 hominis;
1849 1641 2055 1710 putabit

465 1730 684 1784 omnino
711 1745 816 1782 non
849 1729 1028 1783 fuisse.
1074 1728 1276 1783 Redeat
1304 1745 1432 1798 ergo
1457 1730 1523 1784 ad
1551 1728 1876 1799 Scripturam
1901 1749 1916 1798 ;
1968 1733 2051 1787 in-

465 1821 645 1875 veniet
679 1828 830 1874 sexto
864 1818 952 1874 die
996 1819 1266 1873 hominem
1296 1820 1488 1873 factum
1514 1819 1580 1874 ad
1624 1821 1906 1890 imaginem
1937 1822 2046 1888 Dei,

463 1910 633 1966 factos
687 1920 865 1966 autem
915 1910 1208 1965 masculum
1249 1920 1304 1966 et
1345 1909 1616 1966 feminam.
1675 1911 1803 1967 ltcm
1851 1924 2054 1984 quaerat

466 2004 680 2075 quando
709 2003 841 2058 facta
865 2005 933 2057 sit
958 2002 1152 2058 femina
1176 2019 1190 2064 ;
1221 2003 1449 2058 inveniet
1468 2013 1614 2058 extra
1641 2004 1758 2059 illos
1783 2021 1877 2060 sex
1903 2006 2049 2061 dies:

464 2106 592 2150 tunc
628 2096 768 2149 enim
803 2093 940 2149 facta
966 2103 1081 2160 est,
1109 2095 1322 2163 quando
1354 2095 1494 2150 Deus
1520 2095 1585 2149 de
1613 2104 1749 2150 terra
1780 2095 1936 2152 ﬁnxit
1961 2099 2053 2153 ad-

462 2185 568 2240 huc
595 2186 790 2242 bestias
815 2190 926 2255 agri
964 2194 1020 2240 et
1055 2184 1288 2239 volatilia
1325 2185 1477 2250 cteli;
1529 2200 1632 2240 non
1661 2187 1874 2256 quando
1902 2189 2052 2241 vola-

462 2279 574 2333 tilia
605 2277 970 2347 pruduserunt
996 2292 1148 2347 aqua:
1168 2318 1184 2343 ,
1219 2285 1272 2330 et
1294 2278 1526 2331 animam
1553 2278 1746 2342 vivam,
1792 2279 1842 2332 in
1874 2294 1976 2349 qua
2001 2289 2054 2335 et

465 2367 653 2423 bestiae
679 2375 841 2433 sunt,
886 2367 1134 2436 produxit
1177 2379 1334 2422 terra.
1369 2367 1516 2422 Tunc
1554 2377 1731 2423 autem
1773 2369 1940 2424 factus
1970 2380 2054 2426 est

465 2457 630 2514 homo
659 2466 714 2512 et
735 2457 1001 2511 masculus
1025 2466 1078 2512 et
1101 2456 1295 2512 femina
1333 2474 1346 2511 ε
1380 2472 1507 2528 ergo
1531 2467 1584 2512 et
1615 2467 1738 2513 tunc
1762 2469 1814 2514 et
1844 2471 2049 2530 postea.

464 2550 650 2621 Neque
672 2549 813 2604 enim
844 2557 968 2604 tunc
986 2590 1001 2612 ,
1028 2559 1082 2604 et
1115 2565 1220 2604 non
1250 2559 1467 2620 postea;
1495 2560 1584 2605 aut
1613 2567 1740 2604 vero
1768 2563 1970 2620 postea,
1999 2562 2055 2608 et

466 2657 575 2698 non
609 2651 732 2696 tunc
764 2659 777 2694 :
813 2656 910 2695 nec
934 2641 1022 2695 alii
1055 2650 1260 2710 postea,
1287 2640 1382 2696 sed
1411 2641 1570 2696 iidem
1601 2641 1700 2712 ipsi
1723 2642 1878 2698 aliter
1905 2653 2049 2712 tunc,

465 2733 622 2788 aliter
647 2741 848 2802 postea.
898 2732 1112 2799 Quaeret
1138 2747 1204 2787 ex
1230 2747 1317 2788 me
1343 2733 1628 2802 quomodo.
1677 2733 2049 2804 Respondebo,

467 2823 660 2880 Postea
689 2823 984 2891 visibiliter,
1009 2823 1147 2879 sicut
1171 2823 1376 2893 species
1401 2825 1644 2879 humana:
1664 2829 2052 2883 constitutionis

467 2923 597 2970 nota
633 2915 785 2969 nobis
823 2922 933 2980 est;
977 2930 1083 2969 non
1112 2922 1287 2970 tamen
1323 2916 1629 2985 parentibus
1653 2919 2048 2986 generantihus,

467 3004 563 3061 sed
591 3005 679 3061 ille
701 3005 769 3060 de
797 3005 944 3072 limo,
988 3005 1076 3060 illa
1105 3005 1172 3060 de
1201 3015 1348 3060 costa
1375 3009 1508 3075 ejus.
1540 3007 1751 3073 QIILBI'CI.
1772 3018 1896 3062 huic
1922 3025 2053 3080 quo-

468 3097 651 3154 modo.
684 3097 1076 3168 Respondebo,
1107 3097 1480 3164 lnvisibiliter,
1511 3099 1899 3168 potentialiter,
1929 3117 2055 3156 cau-

470 3191 656 3247 saliter
676 3233 691 3258 ,
716 3191 980 3262 quomodo
1009 3192 1143 3245 fiunt
1170 3191 1340 3246 futura
1368 3206 1475 3246 non
1507 3192 1661 3247 facta.

461 3310 466 3322 ι
543 3285 630 3340 ll.
674 3283 772 3338 llic
800 3282 936 3339 forte
971 3299 1077 3338 non
1107 3284 1380 3355 intelliget.
1411 3283 1805 3341 Subtrahuntur
1833 3288 1975 3342 enim
2003 3288 2052 3344 ei

468 3383 658 3429 cuncta
683 3389 801 3445 qua:
825 3374 986 3439 novit,
1019 3389 1186 3444 usque
1205 3374 1270 3428 ad
1296 3375 1460 3444 ipsam
1489 3376 1749 3429 seminum
1775 3380 2055 3446 corpulen-

471 3466 621 3521 tiam.
650 3465 833 3535 Neque
851 3465 993 3520 enim
1018 3465 1098 3520 vel
1127 3465 1230 3520 tale
1250 3466 1444 3534 aliquid
1472 3467 1630 3521 homo
1647 3467 1755 3536 jam
1778 3477 1910 3532 erat,
1933 3485 2054 3524 cum

471 3555 526 3610 in
555 3554 723 3626 prima
759 3555 848 3610 illa
891 3570 986 3610 sex
1009 3554 1214 3610 dierum
1244 3554 1547 3610 conditione
1579 3557 1745 3611 factus
1770 3568 1902 3612 erat.
1948 3560 2053 3614 Da-

471 3657 558 3702 tur
582 3647 795 3718 quidem
816 3645 881 3701 de
910 3646 1202 3702 seminibus
1223 3647 1289 3701 ad
1320 3645 1456 3702 hanc
1483 3663 1594 3703 rem
1617 3650 1870 3704 nonnulla
1900 3651 2053 3706 simi-

472 3736 639 3792 litudo
665 3779 678 3802 ,
721 3744 940 3807 propter
979 3736 1065 3791 illa
1093 3754 1211 3807 qua:
1239 3737 1290 3792 in
1319 3739 1397 3794 eis
1423 3738 1590 3794 futura
1617 3751 1861 3816 gonserta
1891 3752 2014 3798 sunt
2037 3761 2052 3811 ;

476 3837 842 3884 verumtamen
887 3838 1010 3882 ante
1051 3829 1228 3882 omnia
1273 3829 1498 3883 visibilia
1541 3832 1742 3885 semina
1783 3841 1906 3887 sunt
1953 3833 2056 3889 illa:

473 3933 648 3972 causa:
681 3935 694 3970 :
729 3917 822 3972 sed
861 3933 966 3972 non
1011 3919 1277 3988 intelligit.
1327 3919 1463 3986 Quid
1490 3936 1618 3991 ergo
1659 3921 1883 3990 faciam,
1929 3925 2051 3991 nisi,

471 4016 728 4078 quantum
772 4023 983 4077 possum
1007 4049 1022 4074 ,
1075 4009 1359 4064 salubriter
1399 4026 1645 4067 moneam
1685 4023 1742 4066 ιιι
1771 4015 2056 4086 Scriptum

475 4101 570 4156 Dei
599 4099 784 4156 credat
811 4110 865 4156 et
901 4111 1026 4156 tunc
1065 4101 1261 4156 factum
1304 4103 1571 4158 hominem
1596 4145 1609 4169 ,
1657 4107 1865 4175 quando
1895 4109 2052 4176 Deus,

472 4207 594 4246 cum
625 4190 793 4247 factus
820 4201 902 4247 est
940 4192 1054 4248 dies
1078 4234 1092 4258 ,
1134 4192 1258 4248 fecit
1282 4193 1477 4248 etelum
1505 4205 1557 4248 et
1587 4203 1810 4263 terram,
1861 4199 1928 4253 de
1950 4216 2054 4270 quo

471 4284 598 4341 alibi
614 4284 884 4355 Scriptura
905 4284 1055 4352 dicit,
1083 4283 1182 4351 Qui
1201 4285 1314 4338 vivit
1335 4285 1386 4338 in
1403 4295 1663 4352 aalernum,
1687 4289 1871 4342 creavit
1888 4290 2055 4343 omnia

470 4377 624 4433 simul
650 4376 834 4450 (Eccli.
866 4394 1020 4446 XVIII,
1053 4376 1106 4451 l)
1132 4395 1145 4444 ;
1169 4387 1222 4432 et
1245 4387 1369 4432 tunc
1389 4377 1599 4448 quando
1616 4378 1726 4450 jam
1744 4395 1849 4436 non
1872 4381 2050 4446 simul,

472 4469 568 4524 sed
609 4468 719 4524 suis
763 4484 984 4540 quaeque
1025 4468 1352 4539 temporibus
1387 4483 1610 4536 creatzs,
1655 4469 1808 4525 finxit
1838 4487 1957 4526 eum
1986 4473 2054 4528 de

473 4560 604 4615 limo
634 4570 791 4615 terra:
811 4603 826 4626 ,
852 4570 906 4616 et
932 4576 996 4616 ex
1027 4561 1144 4630 ejus
1173 4576 1295 4616 osse
1320 4561 1596 4616 mulierem
1624 4563 1646 4614 ?
1677 4578 1796 4616 nam
1824 4578 1924 4618 nec
1952 4563 2053 4618 isto

474 4651 634 4706 modo
653 4666 747 4706 eos
768 4651 856 4707 illo
871 4660 1022 4707 sexto
1041 4653 1126 4706 die
1139 4651 1326 4718 factos,
1355 4667 1453 4708 nec
1477 4661 1651 4708 tamen
1679 4669 1772 4708 eos
1791 4654 1883 4710 illo
1902 4666 2054 4711 sexto

475 4741 561 4796 die
590 4757 694 4796 non
719 4741 884 4796 factos
908 4741 1200 4811 intelligere
1223 4741 1493 4813 Scriptura
1523 4743 1796 4813 permittit.

511 4829 736 4887 CAPUT
763 4829 874 4885 νη.
903 4860 975 4870 -
1002 4831 1117 4884 Dici
1149 4847 1246 4886 non
1271 4849 1417 4903 posse
1437 4834 1632 4888 animos
1655 4835 1795 4906 prius
1822 4845 2016 4891 creatas

1056 4939 1206 4992 quam
1231 4938 1464 4994 corpora.

548 5014 635 5070 12.
685 5013 844 5069 Forte
885 5029 1014 5084 ergo
1056 5015 1250 5069 anima:
1275 5029 1462 5070 eorum
1494 5027 1644 5072 sexto
1671 5017 1757 5073 die
1787 5018 1878 5072 illo
1902 5016 2052 5074 facta:

473 5112 627 5161 erant
647 5144 664 5168 ,
713 5103 798 5159 ubi
825 5113 879 5158 et
902 5103 1014 5173 ipsa
1042 5103 1213 5174 imago
1243 5104 1335 5159 Dei
1363 5116 1506 5161 recte
1531 5107 1838 5178 intelligitur
1864 5109 1915 5163 in
1941 5110 2052 5179 spi-

472 5200 576 5250 ritu
606 5195 799 5250 mentis
831 5209 1046 5260 eorum,
1095 5205 1152 5249 ut
1198 5204 1379 5265 postea
1404 5212 1626 5266 corpora
1664 5196 2052 5254 formarentur?

471 5289 577 5344 Sed
624 5305 794 5359 neque
834 5289 936 5344 hoc
984 5289 1203 5344 credere
1239 5288 1422 5344 eadem
1465 5289 1732 5360 Scriptura
1776 5291 2047 5361 permittit.

476 5381 655 5435 Pnitno
681 5391 899 5453 propter
939 5382 1081 5437 illam
1109 5397 1331 5452 operum
1355 5383 1899 5447 consummationem;
1933 5399 2051 5454 qua:

477 5490 582 5526 non
622 5473 775 5528 video
819 5475 1083 5545 quomodo
1111 5475 1279 5545 possit
1308 5475 1562 5548 intelligi,
1591 5476 1635 5530 si
1664 5476 1831 5532 defuit
1853 5476 2048 5546 aliquid

479 5574 604 5615 tunc
630 5578 732 5616 non
764 5565 1047 5619 causaliter
1071 5567 1365 5633 conditum,
1397 5566 1536 5638 quod
1567 5576 1748 5638 postea
1775 5567 2052 5624 visibiliter

476 5652 815 5708 conderetur.
851 5654 1050 5712 Deinde
1065 5657 1186 5726 quia
1205 5672 1363 5714 sexus
1388 5659 1502 5728 ipse
1519 5658 1740 5717 masculi
1758 5666 1814 5716 et
1839 5647 2050 5718 femina

1411 233 1500 290 DE
1538 229 1783 291 (:ENESI
1821 229 1912 285 AD
1942 225 2317 297 LITTERAM,
2357 226 2414 285 S.
2454 224 2828 286 AUGUSTINI

3656 232 3755 292 344

2161 347 2262 402 nisi
2293 347 2346 403 in
2374 347 2690 419 corporibus
2715 362 2834 404 esse
2859 361 2964 402 non
2993 357 3186 418 potest.
3213 347 3365 418 Quod
3394 348 3442 405 si
3474 349 3749 420 quisquam

2159 437 2454 494 secundum
2487 438 2810 493 intellectum
2831 449 2884 494 et
2903 440 3166 494 actionem
3197 449 3454 510 tanquam
3473 449 3751 511 utrumque

2161 544 2350 586 sexum
2400 529 2453 586 in
2500 545 2602 585 una
2643 531 2819 585 anima
2862 531 3230 600 accipiendum
3278 532 3584 602 putaverit;
3631 533 3749 602 quid

2159 621 2314 677 faciet
2339 621 2407 677 de
2446 621 2528 676 his
2554 637 2671 692 quee
2716 621 2782 676 ad
2829 637 3006 678 escam
3036 622 3176 677 Deus
3215 623 3329 692 ipso
3369 623 3463 678 die
3506 623 3654 679 dedit
3687 623 3750 680 de

2160 715 2430 787 lignorum
2460 713 2717 770 fructibus
2739 757 2755 781 ,
2797 730 2916 786 qua:
2956 716 3055 770 nisi
3088 716 3288 771 homini
3321 717 3544 773 habenti
3565 733 3750 787 corpus

2157 820 2264 861 non
2296 807 2480 876 utique
2501 821 2733 878 congrua
2761 806 2879 862 est?
2924 806 3058 862 Nam
3087 808 3130 862 si
3156 818 3211 863 et
3236 807 3372 864 hanc
3401 823 3589 863 escam
3621 810 3749 880 ligu-

2157 904 2272 952 rate
2323 897 2568 966 accipere
2622 896 2903 966 quisquam
2957 897 3223 964 voluerit,
3279 899 3497 954 recedet
3545 914 3574 952 a
3630 915 3746 969 pro-

2157 988 2379 1058 prietate
2409 1003 2586 1044 rerum
2613 997 2902 1059 gestarum,
2935 1005 3055 1060 quae
3091 989 3336 1060 primitus
3363 990 3417 1045 in
3445 991 3746 1061 hujusmodi

2157 1079 2554 1134 narrationibus
2581 1079 2725 1134 omni
2747 1079 3122 1136 observatione
3152 1081 3419 1137 fundanda
3447 1091 3554 1138 est.

2155 1168 2382 1226 CAPUT
2407 1169 2541 1226 Vill.
2586 1199 2658 1212 —
2709 1170 2992 1242 Difﬁcultas
3032 1172 3095 1227 de
3119 1189 3234 1227 voce
3271 1171 3368 1228 Dei
3395 1173 3468 1228 ad
3497 1173 3745 1228 hominem

2706 1274 2844 1318 sexto
2871 1265 2954 1318 die
2979 1264 3187 1320 directa.

2231 1355 2317 1410 15.
2345 1354 2625 1422 Quomodo
2653 1370 2781 1426 ergo
2809 1356 3143 1425 loquebatur,
3175 1357 3364 1428 inquit,
3395 1357 3480 1412 eis
3507 1357 3599 1427 qui
3621 1373 3746 1411 non-

2157 1445 2281 1501 dum
2311 1447 2614 1511 audiebant,
2649 1463 2747 1504 nec
2775 1448 3169 1519 intelligehant;
3197 1450 3317 1520 quia
3347 1465 3454 1505 nec
3483 1450 3742 1518 erantqui

2157 1538 2318 1594 verba
2349 1540 2714 1610 perciperent?
2745 1541 2961 1596 Possem
2989 1543 3313 1610 reSpondere
3339 1544 3419 1600 sic
3441 1559 3539 1598 eos
3554 1544 3743 1598 allocu-

2158 1640 2270 1686 tum
2317 1632 2480 1688 Deum
2507 1675 2521 1698 ,
2567 1635 3012 1704 quemadmodum
3063 1636 3310 1695 Christus
3357 1654 3460 1693 nos
3508 1638 3736 1693 nondum

2158 1733 2331 1784 natos,
2358 1723 2517 1778 etiam
2545 1725 2699 1796 longe
2728 1735 2844 1794 post
2869 1725 3073 1782 futuros
3092 1767 3108 1792 ,
3137 1743 3238 1782 nec
3268 1733 3476 1783 tantum
3510 1745 3629 1793 nos,
3653 1731 3740 1785 sed

2158 1813 2316 1868 etiam
2346 1829 2442 1870 eos
2465 1829 2651 1870 omnes
2675 1816 2763 1886 qui
2793 1815 2955 1872 futuri
2997 1827 3120 1872 sunt
3163 1829 3282 1887 post
3321 1834 3445 1874 nos.
3494 1818 3741 1875 Omnibus

2157 1902 2300 1957 enim
2325 1903 2552 1968 dicebat,
2585 1921 2720 1975 quos
2744 1921 2870 1962 suos
2891 1905 3096 1962 futuros
3120 1906 3354 1974 videbat,
3389 1907 3526 1963 Ecce
3548 1927 3636 1980 ego
3663 1926 3742 1964 vo-

2158 1991 2349 2047 biscum
2389 2011 2500 2048 sum
2525 2012 2679 2066 usque
2715 1998 2770 2051 in
2807 1999 3286 2054 consummationem
3322 2000 3503 2055 steculi
3535 2001 3737 2072 (Matt/1.

2161 2099 2333 2138 xxvtu
2353 2125 2367 2150 ,
2395 2084 2488 2156 20)
2526 2103 2539 2142 :
2567 2087 2703 2142 sicut
2733 2088 2841 2143 Deo
2872 2101 3030 2144 notus
3053 2099 3168 2145 erat
3193 2091 3455 2161 propheta
3485 2093 3570 2148 cui
3595 2093 3737 2158 dixit,

2160 2171 2464 2245 Priusquam
2489 2186 2537 2230 te
2560 2181 2831 2248 formarem
2859 2179 2912 2234 in
2939 2193 3100 2247 utero,
3128 2182 3244 2236 noui
3268 2191 3315 2236 te
3338 2181 3554 2254 (Jerem.
3584 2199 3622 2246 ι,
3652 2183 3734 2254 5);

2158 2264 2296 2318 sicut
2334 2266 2625 2321 decimatus
2654 2280 2735 2322 est
2773 2268 2898 2323 Levi
2935 2285 3056 2326 cum
3084 2280 3229 2327 esset
3255 2272 3307 2327 in
3344 2273 3546 2330 lumbis
3577 2275 3735 2330 Abra-

2159 2355 2280 2409 ham
2316 2355 2496 2427 (llebr.
2521 2374 2612 2424 vn,
2643 2359 2697 2425 9,
2727 2359 2837 2430 10).
2863 2361 2971 2416 Cur
2993 2361 3135 2416 enim
3153 2379 3258 2418 non
3275 2364 3345 2418 ita
3365 2375 3423 2419 ct
3447 2367 3561 2435 ipse
3579 2365 3737 2421 Abra-

2157 2444 2280 2499 ham
2299 2447 2350 2499 in
2376 2447 2566 2514 Adam,
2589 2458 2638 2503 et
2667 2451 2776 2520 ipse
2801 2449 2966 2506 Adam
2989 2451 3040 2505 in
3073 2453 3256 2522 primis
3271 2455 3526 2524 operibus
3543 2455 3732 2520 tnundi,

2105 2546 2109 2547 '
2159 2555 2276 2610 quae
2324 2541 2460 2595 Deus
2488 2542 2686 2596 creavit
2715 2543 2893 2598 omnia
2933 2545 3132 2599 simul?
3182 2544 3288 2601 Sed
3334 2547 3501 2602 verba
3543 2547 3734 2602 Domini

2157 2646 2253 2701 per
2275 2647 2338 2686 os
2362 2633 2538 2687 carnis
2581 2635 2697 2702 ejus
2720 2676 2736 2700 ,
2786 2645 2841 2689 et
2865 2636 3026 2690 verba
3056 2637 3147 2692 Dei
3195 2653 3290 2708 per
3323 2655 3420 2693 ora
3458 2639 3735 2708 Pmpheta-

2157 2741 2276 2780 rum
2310 2726 2584 2794 temporali
2614 2727 2854 2796 corporis
2884 2743 3015 2784 voce
3041 2728 3396 2798 proferuntur,
3428 2741 3485 2788 et
3504 2731 3735 2787 omnibus

2159 2815 2381 2886 syllabis
2409 2817 2520 2870 suis
2548 2832 2809 2887 congruas
2837 2828 3135 2888 temporum
3165 2836 3342 2876 moras
3370 2832 3622 2889 sumunt,
3659 2830 3733 2878 at-

2158 2921 2262 2975 que
2289 2916 2610 2962 consumunt
2643 2926 2655 2963 :
2688 2924 2810 2964 cum
2853 2925 2980 2965 vero
3007 2910 3146 2966 Deus
3190 2912 3399 2969 dicebat
3419 2956 3435 2981 ,
3475 2914 3733 2969 Faciamus

2159 2997 2409 3053 hominem
2437 2999 2506 3052 ad
2528 3001 2794 3072 imaginem
2822 3012 2869 3056 et
2893 3003 3271 3059 similitudinem
3297 3017 3544 3072 nostram,
3576 3016 3620 3061 et
3646 3006 3732 3060 Ita-

2157 3088 2269 3143 beat
2313 3099 2608 3160 potestatem
2657 3093 2871 3163 piscium
2911 3095 3065 3148 maris
3112 3105 3157 3149 et
3205 3097 3488 3152 voluti/ium
3529 3100 3652 3161 caeli,
3693 3106 3732 3152 et

2159 3185 2383 3239 omnium
2406 3201 2647 3256 pecorum
2669 3227 2684 3251 ,
2710 3196 2758 3241 el
2778 3188 2940 3241 omnis
2964 3198 3132 3256 terrae,
3163 3199 3209 3243 ct
3235 3191 3464 3244 omnium
3494 3191 3731 3260 reptilium

2157 3293 2270 3347 quae
2291 3288 2473 3348 repunt
2491 3294 2642 3348 super
2659 3287 2840 3333 terram
2860 3295 2880 3343 ;
2904 3288 2976 3348 et,
2999 3279 3232 3345 Crescite,
3251 3292 3296 3336 et
3321 3283 3728 3355 multiplicamini,

2159 3376 2207 3420 et
2231 3367 2415 3438 replete
2437 3377 2620 3422 terram
2643 3409 2658 3435 ,
2703 3379 2748 3423 et
2776 3369 3106 3425 dominamini
3145 3374 3288 3442 ejus;
3329 3384 3373 3427 et
3398 3375 3576 3430 habete
3600 3383 3729 3444 pote-

2159 3470 2338 3513 statem
2367 3461 2578 3530 piscium
2617 3462 2773 3516 maris
2797 3503 2812 3528 ,
2861 3473 2906 3516 et
2953 3464 3228 3518 rolatilinm
3257 3467 3368 3520 αειὶ
3391 3509 3405 3532 ,
3451 3479 3498 3521 et
3525 3466 3730 3521 euntium

2161 3569 2416 3622 pecorum,
2445 3562 2490 3607 et
2511 3557 2672 3608 omnis
2697 3565 2864 3622 terrae,
2893 3567 2940 3610 et
2979 3558 3198 3611 omnium
3229 3561 3508 3628 repentium
3531 3576 3637 3632 qua:
3660 3574 3730 3611 re-

2161 3653 2285 3715 punt
2313 3661 2466 3716 super
2493 3654 2718 3711 terram;
2754 3656 2838 3712 et,
2866 3647 2998 3702 Ecce
3029 3650 3144 3702 dedi
3169 3651 3307 3704 vobis
3331 3667 3484 3708 omne
3507 3650 3729 3720 pabulum

2159 3735 2416 3800 seminale,
2443 3737 2696 3792 seminans
2715 3755 2878 3792 semen
2904 3741 3038 3810 quod
3058 3751 3130 3793 est
3152 3757 3303 3809 super
3317 3758 3515 3798 omnem
3538 3753 3723 3802 terram,

2159 3835 2205 3879 et
2236 3843 2381 3880 omne
2418 3827 2610 3897 lignum
2639 3828 2954 3898 fructifera»:
2973 3871 2987 3895 ,
3018 3831 3154 3902 quod
3178 3833 3323 3886 habet
3356 3835 3410 3888 iu
3440 3851 3496 3890 se
3521 3835 3727 3904 fructum

2161 3917 2362 3970 seminis
2409 3918 2668 3972 seminalis
2691 3958 2708 3983 ,
2747 3920 2882 3989 quod
2920 3921 3011 3974 erit
3050 3923 3183 3977 vobis
3216 3924 3285 3976 ad
3327 3941 3493 3980 escam
3520 3923 3662 3999 (Gen.
3692 3938 3725 3985 ι,

2160 4007 2542 4078 26-29);ipse
2584 4024 2763 4064 sermo
2810 4009 2924 4079 ejus
2961 4021 3082 4066 ante
3120 4028 3332 4067 omnem
3362 4016 3506 4072 aeris
3529 4027 3724 4077 sonum,

2160 4107 2283 4153 ante
2326 4113 2539 4153 omnem
2569 4100 2744 4154 carnis
2773 4109 2825 4154 et
2853 4099 3008 4155 nubis
3051 4118 3235 4158 vocem
3260 4143 3275 4168 ,
3323 4105 3374 4159 in
3419 4105 3507 4160 illa
3536 4117 3724 4159 summa

2161 4190 2277 4258 ejus
2307 4189 2600 4259 Sapientia,
2633 4206 2729 4261 per
2751 4207 2907 4260 quam
2933 4189 3070 4248 facta
3096 4203 3219 4249 sunt
3241 4196 3440 4262 omnia,
3463 4213 3565 4253 non
3589 4192 3725 4266 ςυδεί

2162 4281 2407 4338 humanis
2434 4283 2650 4338 auribus
2677 4284 3020 4354 instrepebat,
3059 4287 3154 4342 sed
3192 4289 3351 4344 rebus
3389 4291 3540 4345 factis
3561 4299 3722 4344 rerum

2160 4373 2522 4428 faciendarum
2539 4389 2728 4430 causas
2754 4376 3042 4444 inserebat,
3061 4387 3115 4434 et
3135 4380 3481 4449 omnipotenti
3507 4375 3721 4453 potentia

2161 4468 2334 4522 futura
2360 4468 2600 4534 faciebat,
2619 4468 2996 4541 hominemque
3015 4487 3112 4526 suo
3126 4482 3366 4543 tempore
3381 4471 3720 4532 formandum,

2160 4562 2212 4616 in
2259 4571 2556 4631 temporum
2601 4570 2848 4632 tanquam
2896 4565 3098 4619 semine
3138 4565 3221 4620 vel
3269 4573 3517 4636 tanquam
3559 4561 3722 4620 radice

2159 4651 2420 4708 condebat
2443 4693 2456 4717 ,
2485 4652 2696 4722 quando
2722 4653 2985 4708 condebat
3023 4655 3162 4710 unde
3202 4655 3496 4725 inciperent
3521 4650 3717 4712 satcula,

2159 4745 2226 4798 ab
2256 4744 2346 4797 illo
2373 4745 2584 4800 condita
2613 4743 2702 4814 qui
2730 4753 2814 4798 est
2838 4755 2962 4798 ante
2988 4745 3206 4800 saecula.
3243 4745 3512 4804 Creatune
3539 4743 3718 4815 quippe

2158 4837 2278 4891 alite
2305 4848 2579 4892 creaturas
2604 4837 2756 4900 alias,
2789 4837 3027 4905 qutedam
3056 4848 3313 4907 tempore,
3339 4840 3574 4910 quaedam
3602 4847 3717 4889 cau-

2159 4929 2234 4983 sis
2263 4927 2567 4998 praecedunt
2601 4945 2612 4979 :
2646 4926 2734 4981 ille
2773 4936 2950 4982 autem
2978 4930 3155 4983 omnia
3183 4945 3300 5000 qute
3330 4930 3484 4998 fecit,
3513 4943 3610 4984 non
3634 4937 3713 4977 so-

2159 5019 2266 5073 lutn
2313 5017 2663 5085 excellentia,
2715 5034 2816 5088 qua
2860 5019 3019 5074 etiam
3065 5035 3344 5076 causarum
3383 5021 3597 5076 effector
3622 5022 3712 5075 est.
3763 5053 3768 5062 -

2157 5125 2342 5165 verum
2363 5109 2520 5164 etiam
2551 5110 2846 5164 aeternitate
2874 5112 3142 5179 praecedit.
3180 5113 3282 5168 Sed
3320 5114 3388 5169 de
3412 5114 3510 5168 hoc
3535 5119 3712 5180 oppor-

2159 5201 2453 5256 tunioribus
2478 5201 2670 5257 deinde
2698 5201 3086 5273 Seripturarum
3108 5204 3239 5259 locis
3261 5203 3498 5262 fortassis
3525 5199 3710 5276 plenius

2157 5292 2525 5347 disserendum
2553 5304 2650 5348 est.

2157 5381 2380 5439 CAPUT
2422 5382 2511 5440 IX.
2542 5413 2613 5424 —
2637 5383 2882 5440 Jeremias
2909 5388 3156 5456 quomodo
3177 5386 3284 5443 Deo
3300 5401 3446 5445 notus
3470 5395 3707 5455 antequam

2427 5475 2691 5544 formatus.
2743 5475 2926 5532 Merita
2955 5479 3178 5534 nondum
3205 5491 3455 5536 natorum.

2232 5568 2317 5624 l4.
2349 5566 2499 5624 Nunc
2522 5569 2589 5623 de
2629 5567 2842 5624 homine
2869 5571 3008 5642 quod
3033 5580 3262 5642 coeptum
3285 5580 3366 5627 est
3397 5570 3700 5628 terminetur.

2157 5675 2222 5718 ea
2267 5658 2628 5716 moderatione
2668 5669 2905 5733 servata,
2963 5670 3018 5718 ut
3055 5662 3106 5719 in
3149 5645 3410 5734 profundo
3446 5660 3702 5731 Scriptura
