3902 6306
198 323 356 367 sensu
384 307 555 379 magis
580 316 895 379 prmstemus
917 306 1243 378 diligentiam
1263 304 1591 376 requirendi,
1618 320 1780 377 quam

200 399 499 457 afﬁrmandi
523 400 898 455 temeritatem.
934 397 1065 464 Quia
1086 397 1228 454 enim
1256 405 1474 453 noverat
1495 396 1782 453 Jeremiam

200 491 338 548 Deus
369 490 677 561 priusquam
704 505 825 543 eum
858 489 1111 543 formarct
1139 488 1191 543 in
1220 497 1403 552 utero,
1434 487 1678 543 dubitare
1701 488 1781 544 fas

197 597 301 640 non
326 590 408 639 est
444 599 459 636 :
512 579 850 652 apertissime
871 578 1067 650 quippe
1093 579 1240 643 dicit,
1274 577 1581 650 Priusquam
1606 589 1653 633 te
1676 582 1782 651 for-

198 689 382 729 marem
417 673 473 727 in
500 680 661 737 utero,
692 671 804 725 noui
831 680 897 724 te.
928 669 1025 725 Ubi
1049 679 1226 725 autem
1257 669 1404 724 illum
1433 681 1613 724 nosset
1631 678 1784 724 ante-

198 779 352 835 quam
381 762 453 817 ita
497 760 818 828 formasset,
863 760 962 814 etsi
1001 767 1198 814 nostra:
1237 758 1527 814 inﬁrmitati
1568 758 1781 829 assequi

196 854 279 912 vel
303 852 517 909 difﬁcile
546 853 632 907 vel
678 850 1006 921 impossibile
1040 858 1159 916 est;
1205 860 1385 905 utrum
1426 850 1479 906 in
1517 850 1781 919 aliquibus

201 943 665 1017 propinquioribus
692 943 869 998 causis
887 984 903 1010 ,
935 943 1072 997 sicut
1100 942 1227 997 Levi
1248 942 1301 995 in
1328 941 1522 997 lumbis
1551 941 1780 997 Abrahze

197 1038 489 1093 decimatas
512 1042 597 1089 est
619 1051 633 1099 ;
663 1049 730 1088 an
752 1034 806 1089 in
833 1034 949 1104 ipso
974 1033 1164 1099 Adam,
1194 1032 1246 1087 in
1274 1047 1379 1102 quo
1401 1047 1571 1104 genus
1596 1033 1774 1088 huma-

200 1146 323 1186 num
347 1139 597 1201 tanquam
624 1128 928 1183 radicaliter
954 1127 1250 1181 institutum
1275 1135 1357 1182 est
1380 1144 1394 1192 ;
1418 1136 1472 1183 et
1500 1127 1551 1183 in
1578 1144 1643 1183 eo
1665 1128 1780 1199 ipso

198 1230 369 1275 utrum
394 1220 505 1290 jam
537 1234 658 1274 cum
685 1219 750 1275 de
779 1218 907 1273 limo
937 1218 1191 1274 formatus
1218 1226 1394 1286 esset,
1426 1233 1492 1274 an
1514 1234 1632 1275 cum
1655 1235 1779 1275 cau-

197 1314 373 1369 saliter
395 1313 451 1368 in
468 1313 552 1367 his
570 1312 819 1383 operibus
846 1310 1013 1367 factus
1033 1327 1153 1383 quin
1172 1312 1374 1367 creavit
1393 1311 1570 1367 omnia
1590 1312 1745 1367 simul
1762 1329 1776 1378 ;

194 1423 260 1462 an
290 1421 421 1461 vero
465 1414 589 1460 ante
632 1418 844 1459 omnem
878 1404 1052 1475 potius
1080 1413 1377 1459 creaturam
1398 1445 1412 1469 ,
1459 1404 1596 1458 sicut
1622 1404 1781 1473 elegit

197 1510 247 1557 et
267 1498 669 1571 praedestinavit
696 1507 910 1553 sanctos
929 1512 1056 1552 suos
1085 1505 1210 1552 ante
1233 1497 1413 1552 mundi
1443 1497 1779 1552 constitutio-

199 1607 319 1647 nem
352 1589 569 1663 (Eplies.
592 1605 633 1653 ι,
661 1587 754 1661 4);
782 1603 848 1643 an
874 1588 1051 1658 potius
1081 1588 1133 1642 in
1165 1589 1411 1644 omnibus
1434 1587 1780 1659 praecedenti-

200 1683 294 1737 bus
320 1682 500 1737 causis
521 1723 535 1746 ,
568 1684 680 1736 sive
705 1695 840 1751 quas
876 1680 1289 1735 commemoravi
1317 1721 1331 1746 ,
1365 1680 1479 1735 sive
1516 1696 1646 1750 quas
1674 1696 1778 1736 non

197 1772 646 1838 commemoravi,
679 1771 988 1840 priusquam
1016 1770 1068 1824 in
1100 1779 1251 1825 utero
1275 1770 1626 1836 formaretnr;
1672 1786 1776 1826 non

200 1864 428 1919 arbitror
453 1864 816 1934 scrupulosius
845 1862 1010 1933 quaeri
1036 1871 1301 1933 Oportere,
1330 1862 1616 1918 dummodo
1641 1862 1782 1917 Jere-

198 1957 357 2011 miam
384 1965 629 2020 constet,
676 1971 740 2011 ex
767 1971 873 2026 quo
898 1963 980 2010 est
1018 1956 1070 2009 in
1112 1954 1209 2009 hac
1256 1954 1372 2009 luce
1409 1970 1439 2008 a
1476 1954 1780 2024 parentibus

198 2048 388 2114 editus,
418 2064 483 2103 ex
503 2049 591 2102 illo
612 2049 784 2118 egisse
803 2049 964 2102 vitam
990 2048 1281 2118 propriam,
1306 2062 1406 2118 qua
1425 2048 1781 2118 grandescens

202 2141 377 2195 artatis
416 2156 636 2196 accessu
660 2184 675 2207 ,
714 2150 894 2211 posset
920 2141 1104 2197 vivere
1139 2141 1251 2196 sive
1291 2141 1429 2195 male
1456 2140 1570 2196 sive
1601 2142 1732 2197 beve
1760 2160 1774 2208 ;

197 2223 352 2289 antea
375 2250 503 2289 vero
521 2234 669 2289 nullo
691 2234 871 2297 modo,
902 2250 1005 2289 non
1029 2233 1198 2289 solum
1228 2234 1532 2303 priusquam
1554 2234 1605 2288 in
1632 2244 1781 2289 utero

198 2329 533 2395 formaretur,
563 2329 657 2384 sed
685 2344 783 2383 nec
808 2328 917 2397 jam
948 2328 1015 2382 ibi
1047 2327 1327 2392 formatus,
1371 2337 1657 2395 antequam
1684 2342 1779 2381 na-

198 2430 296 2475 tus.
342 2419 527 2490 Neque
568 2420 708 2473 enim
756 2420 915 2473 habet
956 2420 1112 2473 ullam
1149 2418 1542 2473 cunctationem
1570 2429 1783 2488 aposto-

202 2510 293 2565 lica
332 2511 422 2565 illa
463 2510 723 2565 sententia
755 2511 821 2563 de
846 2510 1070 2580 geminis
1104 2511 1155 2563 in
1184 2510 1442 2564 Rebecca:
1473 2518 1622 2565 utero
1646 2526 1781 2564 non-

196 2596 313 2651 dum
346 2596 627 2665 agentibus
653 2595 847 2662 aliquid
877 2595 1002 2649 boni
1029 2604 1119 2648 aut
1148 2594 1273 2648 mali
1308 2593 1480 2666 (Rom.
1514 2611 1567 2649 rx
1588 2637 1601 2657 ,
1633 2595 1743 2666 ll).

263 2688 357 2743 15.
385 2686 497 2742 Nec
527 2696 701 2741 tamen
731 2685 925 2740 frustra
954 2688 1208 2756 scriptum
1247 2695 1329 2742 est
1348 2728 1363 2754 ,
1401 2703 1499 2742 nec
1529 2686 1780 2742 infantem

197 2780 452 2837 mundum
479 2794 599 2835 esse
626 2797 652 2833 a
684 2789 902 2849 peccato
923 2821 937 2845 ,
969 2779 1122 2845 cujus
1150 2790 1229 2833 est
1252 2781 1408 2835 unius
1435 2780 1539 2834 diei
1568 2780 1672 2834 vita
1702 2796 1784 2835 su-

199 2883 504 2943 perterram
527 2869 666 2943 (Job.
689 2886 798 2937 xiv,
830 2871 884 2935 4,
913 2886 1011 2924 ser.
1032 2870 1232 2941 LXX);
1262 2881 1317 2927 et
1337 2871 1463 2925 illud
1483 2871 1534 2925 in
1547 2871 1779 2937 Psalmo,

200 2963 302 3037 Ego
333 2964 389 3017 in
417 2961 762 3032 iniquitatibus
786 2972 1052 3031 conceptus
1076 2979 1207 3027 sum,
1235 2973 1280 3015 et
1304 2964 1357 3015 in
1380 2962 1595 3033 peccatis
1626 2972 1786 3016 mater

200 3074 299 3111 mea
330 3054 503 3127 (Psal.
529 3071 560 3110 ι.
582 3096 597 3120 ,
626 3053 681 3125 7)
709 3071 786 3108 me
813 3055 867 3108 in
897 3063 1039 3109 utero
1076 3056 1235 3121 aluit;
1283 3065 1335 3110 ct
1361 3056 1499 3127 quod
1532 3057 1582 3111 in
1615 3057 1783 3113 Adam

198 3166 384 3205 omnes
413 3148 740 3214 moriuntur,
783 3149 834 3203 iu
877 3164 983 3220 quo
1009 3164 1193 3204 omnes
1225 3160 1574 3219 peccaverunt
1608 3150 1780 3223 (Rom.

200 3259 248 3308 v,
279 3242 396 3315 l2).
418 3242 570 3298 Nunc
595 3252 771 3297 autem
796 3242 996 3312 liquido
1022 3251 1315 3305 teneamus,
1334 3242 1581 3311 quaelibet
1602 3258 1780 3311 paren-

206 3344 306 3389 tum
348 3334 536 3390 merita
565 3333 895 3402 trajiciantur
922 3333 973 3387 in
996 3332 1220 3402 prolem,
1251 3346 1595 3401 quaeemnquc
1620 3334 1786 3402 gratia

206 3428 310 3493 Dei,
344 3436 630 3498 antequam
650 3433 916 3489 nascatur,
948 3438 1212 3493 quemque
1232 3421 1543 3487 sanctiﬁcet,
1573 3424 1786 3477 necini—

206 3520 461 3589 quitatem
502 3531 622 3572 esse
666 3515 805 3586 apud
855 3516 1058 3580 Deum,
1106 3528 1206 3568 nec
1249 3513 1375 3568 boni
1404 3513 1592 3567 malive
1629 3529 1787 3584 agere

204 3624 522 3681 quemquam
566 3607 707 3678 quod
755 3606 820 3661 ad
868 3606 1133 3677 pr0priam
1176 3620 1456 3676 personam
1506 3607 1784 3677 pertineat,

206 3712 487 3773 antequam
532 3709 690 3755 natus
724 3707 846 3753 est:
880 3698 1132 3768 illamque
1171 3697 1487 3752 sententiam
1527 3713 1628 3768 qua
1658 3714 1789 3753 non-

207 3796 330 3851 nulli
357 3804 548 3865 putant
568 3791 693 3848 alibi
720 3806 970 3862 peccasse
991 3791 1158 3861 magis
1184 3790 1462 3859 minusque
1481 3791 1703 3855 animas,
1734 3799 1790 3846 et

207 3902 297 3955 pro
316 3886 654 3941 diversorum
676 3883 879 3938 meritis
906 3892 1242 3952 peccaturum
1268 3882 1318 3936 in
1339 3881 1547 3936 diversa
1566 3897 1788 3951 corpora

210 3994 322 4034 esse
347 3978 599 4033 detrusas
622 4016 637 4039 ,
684 3974 987 4044 apostolicae
1017 3988 1121 4027 non
1154 3972 1442 4027 convenire
1470 3973 1747 4027 sententia:
1771 3989 1786 4037 ;

209 4086 323 4127 cum
344 4069 684 4141 apertissime
710 4066 910 4122 dictum
941 4065 1028 4132 sit,
1061 4064 1195 4121 nihil
1218 4065 1390 4136 egisse
1427 4063 1662 4119 nondum
1691 4080 1789 4120 na-

213 4175 289 4219 tos
317 4178 411 4218 seu
441 4160 562 4216 boni
589 4173 685 4215 seu
714 4157 857 4213 mali.

278 4257 367 4312 16.
406 4254 485 4309 Ac
509 4268 605 4323 per
641 4250 743 4307 hoc
770 4251 944 4321 aliqua
970 4248 1193 4320 qnmstio
1217 4255 1301 4304 est
1345 4262 1442 4302 suo
1482 4246 1602 4302 loco
1626 4255 1793 4302 retra-

219 4349 429 4413 ctanda,
453 4345 579 4417 quid
606 4344 672 4401 de
700 4352 915 4415 peccato
937 4344 1228 4413 primorum
1259 4352 1556 4411 parentum,
1578 4341 1667 4413 qui
1688 4341 1793 4396 duo

214 4440 306 4494 soli
334 4439 569 4503 fuerunt,
595 4434 803 4506 generis
826 4434 1037 4487 humani
1060 4434 1383 4489 contraxerit
1402 4434 1643 4489 universa
1667 4449 1795 4489 con-

219 4538 421 4602 sparsio
450 4532 467 4563 ¹
504 4549 517 4584 :
551 4530 681 4585 nihil
713 4541 888 4584 tamen
916 4527 1099 4581 talium
1132 4527 1439 4583 meritorum
1471 4528 1669 4583 habere
1697 4544 1794 4599 po-

218 4628 380 4682 tuisse
423 4625 694 4679 hominem
738 4632 1021 4693 antequam
1052 4620 1119 4675 de
1158 4630 1314 4674 terra:
1357 4620 1573 4691 pulvere
1603 4621 1796 4675 ﬁnctus

220 4728 375 4782 esset,
425 4726 706 4786 antequam
736 4730 835 4768 suo
862 4722 1100 4783 tempore
1127 4711 1362 4777 viveret,
1393 4711 1537 4765 nulla
1575 4712 1796 4781 quaestio

218 4818 316 4864 est.
376 4810 527 4863 Sicut
553 4808 692 4862 enim
722 4806 862 4861 Esau
896 4815 951 4860 et
974 4803 1139 4859 Jacob
1162 4844 1177 4869 ,
1213 4817 1348 4873 quos
1385 4803 1618 4858 nondum
1646 4812 1797 4857 natos

219 4899 351 4955 dixit
374 4899 664 4970 Apostolus
688 4897 818 4952 nihil
840 4896 1011 4967 egisse
1037 4894 1161 4949 boni
1182 4902 1274 4948 aut
1297 4894 1420 4948 mali
1449 4891 1557 4964 (Id.
1578 4909 1653 4960 ix,
1683 4893 1796 4964 ll),

224 5006 325 5046 non
347 5005 627 5062 possemus
647 4988 828 5043 dicere
850 4987 1075 5041 traxisse
1098 4984 1295 5055 aliquid
1325 4984 1500 5040 meriti
1524 4983 1593 5040 de
1619 5000 1800 5055 paren-

222 5082 358 5137 tibus
378 5124 394 5148 ,
437 5082 483 5137 si
513 5096 612 5136 nec
644 5081 743 5151 ipsi
783 5088 1031 5148 parentes
1065 5078 1298 5149 egissent
1321 5077 1520 5148 aliquid
1548 5077 1672 5132 boni
1710 5086 1801 5132 aut

225 5176 381 5240 mali;
408 5190 507 5231 nec
532 5189 699 5245 genus
725 5173 1012 5229 humanum
1042 5186 1290 5242 peccasse
1317 5172 1367 5225 in
1396 5171 1587 5238 Adam,
1620 5173 1663 5226 si
1688 5172 1800 5241 ipse

229 5281 329 5321 non
367 5276 637 5338 peccasset
676 5266 881 5332 Adam;
930 5280 1036 5319 non
1077 5274 1253 5319 autem
1299 5273 1569 5334 peccasset
1607 5263 1797 5328 Adam,

232 5361 324 5416 nisi
346 5361 455 5431 jam
481 5375 578 5416 suo
607 5369 845 5431 tempore
883 5358 1102 5423 viveret,
1140 5372 1246 5427 quo
1278 5365 1456 5426 posset
1481 5356 1663 5412 vivere
1689 5356 1803 5412 sive

230 5449 363 5508 bene
390 5454 500 5508 sive
529 5453 665 5509 male
696 5470 709 5507 :
738 5452 810 5506 ita
835 5448 1027 5505 frustra
1053 5455 1326 5519 peccatum
1348 5447 1465 5517 ejus
1490 5490 1503 5512 ,
1535 5462 1630 5502 seu
1657 5462 1801 5503 recte

230 5541 421 5597 factum
446 5544 729 5615 requiritur
750 5583 767 5609 ,
813 5558 931 5597 cum
959 5540 1132 5595 adhuc
1162 5540 1215 5593 in
1240 5540 1397 5594 rebus
1424 5538 1581 5593 simul
1609 5539 1801 5595 creatis

291 5658 306 5688 ί
333 5662 407 5705 Er.
429 5656 572 5719 Lugd.
596 5663 716 5707 Ven.
742 5660 795 5706 et
812 5660 922 5705 Lov.
948 5649 1439 5715 legtmt,conspersio.
1506 5655 1562 5698 at.

1570 190 1775 247 LIBER
1810 189 2097 250 SEXTUS.

3359 193 3469 253 546

1892 307 2175 364 causaliter
2193 307 2459 375 conditus,
2482 323 2584 366 nec
2606 310 2712 366 vita
2740 312 2955 382 propria
2976 312 3085 383 jam
3103 313 3337 380 vivebat,
3371 327 3472 373 nec

1888 400 1941 456 in
1967 401 2273 472 parentibus
2300 402 2377 458 sic
2399 402 2695 459 viventibus
2720 414 2854 460 erat.
2910 404 2967 460 in
3007 405 3092 461 illa
3127 407 3267 462 enim
3296 409 3467 478 prima

1887 493 2193 549 conditione
2236 493 2452 559 mundi,
2501 510 2622 550 cum
2668 496 2809 551 Deus
2845 496 3021 551 omnia
3050 497 3206 553 simul
3244 500 3467 567 creavit,

1886 584 2048 639 homo
2077 584 2245 641 factus
2269 595 2351 642 est
2379 586 2469 657 qui
2509 597 2653 643 esset
2688 585 2911 654 futurus,
2956 589 3093 644 ratio
3125 590 3339 647 creandi
3368 591 3470 647 ho-

1885 678 2045 733 minis
2070 720 2084 743 ,
2116 695 2221 733 non
2248 678 2388 734 actio
2415 680 2598 734 creati.

2065 768 2297 825 CAPUT
2325 768 2395 824 Χ.
2427 799 2498 809 ——
2527 769 2628 824 Res
2653 771 2804 824 variis
2824 772 2985 828 modis
3012 773 3291 830 existentes.

1956 864 2046 918 17.
2075 862 2179 919 Sed
2210 862 2325 917 ιιωο
2349 863 2505 917 aliter
2532 863 2584 917 in
2608 863 2781 919 Verbo
2801 864 2916 929 Dei,
2939 865 3028 920 ubi
3057 866 3155 923 ista
3177 882 3282 922 non
3308 866 3465 934 facta,

1886 953 1980 1009 sed
2029 963 2230 1008 aeterna
2284 964 2440 1019 sunt;
2497 953 2653 1010 aliter
2704 955 2757 1010 in
2800 956 3078 1013 elementis
3122 959 3340 1027 mundi,
3382 961 3469 1017 ubi

1884 1048 2063 1102 omnia
2103 1047 2263 1103 simul
2314 1046 2450 1103 facta
2497 1048 2669 1103 futura
2696 1057 2855 1115 sunt;
2902 1049 3056 1105 aliter
3080 1050 3131 1105 in
3162 1052 3321 1107 rebus
3355 1069 3473 1122 qua:

1883 1138 2177 1194 secundum
2216 1153 2406 1194 causas
2434 1139 2590 1195 simul
2627 1148 2866 1206 creatas,
2895 1155 3002 1195 non
3042 1140 3153 1210 jam
3193 1143 3350 1198 simul
3378 1143 3472 1200 sed

1884 1245 1982 1287 suo
2016 1246 2241 1301 quaeque
2283 1239 2523 1301 tempore
2557 1240 2821 1298 creantur,
2854 1233 2906 1286 in
2936 1233 3129 1302 quibus
3157 1235 3325 1289 Adam
3348 1235 3460 1305 jam

1884 1321 2144 1378 formatus
2172 1338 2237 1376 ex
2266 1322 2423 1388 limo,
2451 1332 2506 1377 et
2534 1322 2625 1376 Dei
2649 1320 2775 1376 flatu
2800 1322 3067 1378 animatus
3087 1364 3102 1388 ,
3133 1325 3271 1380 sicut
3295 1325 3470 1383 fenum

1885 1421 2166 1478 exortum;
2200 1413 2357 1468 aliter
2386 1413 2440 1466 in
2467 1413 2782 1477 seminibus,
2813 1413 2865 1467 in
2895 1413 3085 1483 quibus
3110 1430 3292 1470 rursus
3321 1416 3471 1486 quasi

1884 1503 2255 1575 primordiales
2284 1520 2458 1559 causa:
2483 1513 2814 1574 repetuntur,
2861 1504 2929 1560 de
2964 1505 3123 1561 rebus
3151 1505 3323 1562 ducta:
3352 1524 3472 1578 quae

1885 1595 2175 1651 secundum
2203 1611 2410 1661 causas,
2438 1611 2571 1666 quas
2599 1596 2824 1665 primum
2852 1596 3106 1661 condidit,
3134 1598 3470 1666 exstiterunt,

1885 1687 2030 1742 velut
2046 1686 2208 1741 herba
2234 1703 2298 1740 ex
2320 1695 2480 1753 terra,
2500 1701 2682 1741 semen
2708 1701 2770 1740 ex
2801 1685 2985 1741 herba.
3018 1686 3071 1740 In
3095 1687 3283 1757 quibus
3303 1690 3473 1745 omni—

1886 1780 1986 1836 bus
2012 1796 2075 1836 ea
2100 1781 2209 1851 jam
2242 1779 2381 1834 facta
2421 1779 2609 1834 modus
2634 1788 2687 1834 et
2715 1788 2864 1834 actus
2908 1780 2987 1833 sui
3032 1781 3285 1851 temporis
3322 1796 3473 1838 acceo

1887 1880 2099 1945 perunt,
2128 1886 2246 1942 quae
2274 1886 2339 1926 ex
2363 1871 2587 1926 occultis
2607 1879 2765 1939 atque
2791 1870 3142 1926 inuisibilibus
3161 1872 3471 1939 rationibus,

1883 1983 2001 2039 quae
2030 1966 2084 2022 in
2112 1973 2357 2020 creatura
2396 1963 2687 2019 causaliter
2717 1962 2905 2025 latent,
2950 1962 3003 2018 in
3035 1964 3338 2018 manifestas
3366 1964 3473 2020 for-

1886 2076 1999 2116 mas
2030 2070 2353 2127 naturasque
2383 2056 2695 2125 prodierunt
2723 2072 2736 2108 :
2765 2054 2906 2109 sicut
2934 2053 3095 2109 herba
3114 2064 3295 2109 exorta
3313 2070 3473 2124 super

1884 2160 2107 2215 terram,
2136 2157 2190 2203 et
2217 2149 2378 2202 homo
2407 2145 2577 2201 factus
2618 2145 2669 2199 in
2700 2144 2931 2199 animam
2959 2145 3130 2199 vivam
3156 2186 3171 2211 ,
3202 2153 3254 2200 et
3279 2154 3473 2200 caetera

1886 2239 2212 2309 hujusmodi.
2246 2239 2359 2293 sive
2384 2239 2574 2292 frutcta
2602 2236 2713 2291 sive
2741 2235 3049 2303 animantia,
3075 2234 3142 2290 ad
3172 2235 3315 2290 illam
3340 2250 3471 2306 ope-

1884 2334 2151 2388 rationem
2181 2332 2271 2386 Dei
2296 2329 2611 2401 pertinentia
2633 2370 2649 2395 ,
2683 2344 2804 2399 quae
2842 2342 3012 2399 usque
3038 2342 3177 2384 nunc
3200 2336 3468 2399 Operatur.

1883 2426 1989 2483 Sed
2018 2425 2180 2479 etiam
2208 2425 2306 2478 ista
2349 2438 2532 2477 secum
2563 2430 2755 2490 gerunt
2782 2429 3031 2490 tanquam
3069 2420 3260 2476 iterum
3299 2423 3472 2492 seipsa

1885 2520 2220 2576 invisibiliter
2248 2518 2300 2572 in
2335 2516 2542 2571 occulta
2587 2514 2814 2583 quadam
2851 2513 2901 2568 vi
2940 2513 3268 2583 generandi,
3312 2530 3469 2584 quam

1883 2618 2228 2669 extraxerunt
2254 2609 2323 2664 de
2356 2607 2461 2662 illis
2488 2605 2793 2677 primordiis
2829 2619 3108 2659 causarum
3149 2619 3386 2669 suarum,
3418 2606 3472 2661 in

1885 2704 2080 2774 quibus
2107 2710 2287 2757 creato
2325 2698 2523 2753 tnundo
2549 2712 2668 2752 cum
2699 2695 2867 2750 factus
2895 2704 2979 2749 est
3008 2694 3124 2749 dies
3144 2736 3160 2761 ,
3191 2703 3470 2764 antequam

1886 2798 1942 2853 in
1978 2796 2308 2852 manifestam
2348 2791 2579 2862 speciem
2607 2788 2691 2844 sui
2735 2787 2946 2858 generis
2975 2786 3344 2852 exorirentur,
3393 2787 3475 2842 in-

1885 2899 2026 2944 serta
2057 2897 2199 2942 Slllll.

1884 2978 2109 3037 CAPUT
2140 2975 2229 3033 XI.
2263 3007 2332 3017 ——
2368 2974 2535 3046 Opera
2572 2973 2837 3028 creationis
2876 2973 2957 3027 die
2983 2982 3122 3027 sexto
3149 2972 3397 3042 quomodo
3426 2982 3473 3027 et

2144 3072 2260 3143 jam
2288 3076 2655 3132 consummata,
2682 3076 2730 3120 et
2757 3066 2924 3120 adhuc
2952 3066 3207 3121 inchoata.

1959 3164 2045 3219 18.
2086 3162 2141 3218 Si
2171 3159 2312 3217 enim
2344 3159 2510 3230 prima
2536 3158 2623 3212 illa
2648 3172 2811 3228 opera
2835 3156 2949 3223 Dei,
2972 3171 3092 3211 cum
3117 3156 3273 3211 simul
3298 3157 3472 3211 omnia

1886 3255 2113 3317 creavit,
2146 3253 2198 3308 in
2228 3265 2325 3307 suo
2354 3249 2512 3305 modo
2541 3249 2775 3319 perlecta
2810 3263 2913 3301 non
2943 3255 3159 3313 essent,
3199 3262 3259 3301 ea
3290 3248 3473 3317 procul

1887 3345 2049 3400 dubio
2087 3353 2205 3413 post
2236 3342 2561 3398 adderentur
2597 3356 2714 3410 qua:
2754 3339 2857 3394 illis
2894 3337 3236 3409 perliciendis
3272 3338 3473 3394 defuis-

1887 3447 2038 3502 sent;
2068 3444 2127 3489 nt
2167 3434 2407 3505 qutcdam
2448 3432 2804 3488 universitatis
2849 3430 3103 3503 perfectio
3139 3447 3205 3485 ex
3242 3431 3476 3501 utrisque

1887 3536 2155 3583 constaret
2194 3526 2416 3597 singulis
2458 3524 2607 3595 quasi
2646 3523 2837 3586 semis,
2870 3523 3014 3577 velut
3052 3521 3272 3589 alicujus
3314 3522 3475 3575 totius

1887 3628 2071 3692 partes
2099 3627 2307 3683 essent,
2335 3632 2555 3685 quarum
2583 3614 2959 3683 conjunctione
2988 3613 3157 3681 ipsum
3187 3621 3351 3666 totum
3378 3627 3475 3665 cu-

1886 3711 1974 3781 jus
2002 3718 2179 3780 partes
2208 3708 2436 3769 fuerant,
2467 3706 2844 3772 compleretur.
2876 3702 3095 3765 Rursus,
3125 3702 3168 3755 si
3200 3701 3268 3755 ita
3297 3711 3477 3755 essent

1892 3802 1979 3856 illa
2002 3799 2255 3871 perfecta,
2280 3798 2415 3852 sicut
2438 3796 2801 3867 perﬁciuntur,
2824 3809 2943 3850 cum
2968 3792 3077 3848 suis
3097 3808 3319 3863 qumque
3344 3801 3476 3848 tem-

1892 3896 2107 3968 poribus
2141 3896 2191 3949 in
2224 3890 2530 3947 manifestas
2568 3890 2765 3945 formas
2802 3898 3056 3956 actusque
3092 3894 3472 3958 procreantur;

1891 3986 2127 4059 profecto
2154 3994 2246 4040 aut
2282 3983 2410 4039 nihil
2440 3999 2505 4039 ex
2533 3982 2613 4038 eis
2654 3991 2834 4051 postea
2881 3995 2975 4049 per
3020 3988 3258 4049 tempora
3302 3978 3473 4043 ﬁeret,

1892 4090 1983 4136 aut
2004 4081 2104 4135 hoc
2128 4079 2298 4144 ﬁeret,
2324 4075 2466 4146 quod
2492 4092 2557 4131 ex
2584 4075 2697 4130 istis
2720 4088 2838 4144 quae
2858 4087 2955 4128 suo
2974 4087 3196 4143 qumque
3210 4071 3319 4140 jam
3345 4079 3480 4126 tem-

1894 4188 2023 4244 pore
2051 4170 2295 4226 oriuntur
2313 4211 2328 4235 ,
2358 4169 2498 4224 Deus
2527 4182 2631 4221 non
2660 4172 2834 4221 cessat
2858 4163 3085 4235 operari.
3127 4162 3276 4218 Nunc
3302 4172 3475 4218 autem

1895 4265 2015 4335 quia
2052 4262 2160 4334 jam
2191 4271 2245 4317 et
2271 4267 2636 4317 consummata
2673 4254 3097 4327 quodammodo,
3137 4264 3192 4309 et
3217 4253 3477 4325 quodam-

1896 4356 2057 4411 modo
2083 4352 2326 4409 inchoata
2355 4360 2479 4406 sunt
2500 4366 2562 4404 ea
2591 4351 2701 4419 ipsa
2726 4364 2843 4418 qua:
2868 4347 3315 4417 consequentibus
3337 4348 3480 4402 evol-

1896 4444 2066 4501 venda
2097 4442 2422 4512 temporibus
2447 4439 2692 4511 primitus
2715 4437 2854 4492 Deus
2878 4438 3052 4491 omnia
3079 4436 3236 4491 simul
3258 4436 3475 4502 creavit,

1898 4553 2020 4592 cum
2043 4535 2241 4590 faceret
2260 4532 2511 4587 mundum
2538 4549 2550 4584 :
2577 4537 2941 4584 consummata
2967 4528 3181 4599 quidem
3205 4528 3325 4598 quia
3352 4528 3481 4584 nihil

1900 4629 2103 4684 habent
2132 4627 2218 4682 illa
2250 4627 2303 4680 in
2333 4625 2531 4679 naturis
2560 4623 2821 4694 propriis,
2865 4622 3055 4693 quibus
3090 4637 3305 4678 suorum
3345 4632 3479 4679 tem-

1900 4734 2089 4789 porum
2133 4731 2319 4772 cursus
2359 4723 2555 4785 agunt,
2599 4711 2742 4784 quod
2791 4726 2895 4768 non
2946 4711 3001 4766 in
3046 4712 3161 4767 istis
3202 4715 3486 4768 causaliter

1901 4810 2097 4865 factum
2126 4808 2228 4873 sit;
2272 4806 2518 4861 inchoata
2554 4820 2717 4870 vero,
2757 4804 3005 4874 quoniam
3051 4804 3292 4874 quaedam
3332 4815 3483 4858 erant

1900 4901 2053 4971 quasi
2093 4898 2293 4954 semina
2335 4882 2629 4950 futurorum
2650 4936 2665 4963 ,
2696 4910 2793 4966 per
2820 4894 2999 4949 smculi
3038 4903 3262 4949 tractum
3302 4909 3365 4949 ex
3396 4910 3484 4946 oe-

1903 4994 2046 5048 culto
2073 4992 2126 5046 in
2154 4989 2490 5045 manifestum
2519 4989 2649 5043 locis
2677 4989 2926 5059 congruis
2950 4988 3244 5043 exserenda
3276 5005 3288 5040 :
3321 4986 3485 5056 ipsius

1903 5087 2063 5142 etiam
2091 5083 2377 5153 Scriptura:
2404 5080 2563 5136 verba
2595 5081 2724 5134 satis
2756 5080 2823 5135 ad
2856 5079 2956 5135 hoc
2984 5075 3375 5133 admonendum
3408 5077 3486 5129 in-

1904 5179 2123 5250 signiter
2153 5176 2363 5247 vigent,
2402 5175 2448 5230 si
2486 5175 2603 5245 quis
2640 5173 2694 5227 in
2728 5174 2807 5229 eis
2837 5171 3068 5241 evigilet.
3096 5168 3227 5224 Nam
3268 5178 3321 5224 et
3353 5184 3483 5222 con-

1904 5279 2165 5326 summata
2192 5282 2254 5323 ea
2281 5266 2409 5322 dicit
2435 5274 2489 5321 et
2514 5266 2759 5320 inchoata
2785 5281 2798 5317 :
2822 5263 2922 5319 nisi
2951 5260 3093 5316 enim
3121 5271 3485 5315 consummata

1905 5372 2103 5428 essent,
2132 5376 2238 5416 non
2260 5361 2512 5429 scriptum
2535 5369 2694 5422 esset,
2723 5358 2790 5412 Et
2808 5367 3154 5412 consummata
3172 5367 3287 5413 sunt
3307 5358 3486 5412 castum

1906 5465 1951 5507 et
1981 5464 2113 5508 terra
2132 5493 2146 5518 ,
2178 5461 2225 5506 et
2254 5452 2414 5506 omnis
2441 5450 2735 5518 compositio
2774 5448 2980 5503 illorum
3006 5463 3026 5503 :
3054 5458 3101 5504 et
3125 5452 3487 5504 consummavit

1906 5545 2044 5601 Deus
2063 5546 2117 5599 in
2136 5544 2218 5598 die
2239 5552 2379 5598 sexto
2399 5557 2552 5612 Opera
2573 5556 2685 5608 sua,
2712 5554 2825 5609 qua:
2847 5541 2961 5610 fecit
2987 5555 3005 5594 :
3026 5550 3073 5596 et
3092 5541 3326 5612 requievit
3344 5538 3486 5595 Deus

1906 5639 1961 5691 in
1987 5635 2067 5690 die
2094 5633 2302 5705 septimo
2330 5633 2391 5687 ab
2418 5629 2645 5686 omnibus
2674 5631 2908 5702 operibus
2936 5631 3039 5687 suis
3057 5664 3075 5699 ,ι
3110 5648 3223 5704 qua:
3250 5632 3364 5703 [erit
3393 5647 3412 5687 :
3438 5642 3487 5688 et
