3902 6302
382 169 481 226 547
1314 151 1407 211 DE
1443 144 1692 208 CENESI
1732 142 1821 197 Al)
1863 140 2226 208 LITTERAM,
2267 139 2326 196 S.
2367 140 2733 199 AUGUSTI.“
3534 149 3651 213 δη

382 280 632 337 benedixi:
668 275 808 345 De“;
848 274 982 345 diem
1018 268 1321 345 septimum,
1366 273 1419 341 et
1450 258 1779 335 sanctiﬁcorit
1807 268 1960 319 eum;
2063 252 2185 333 Ιςοη¹
2206 254 2365 329 igitur
2391 256 2493 312 hoc
2528 255 2581 311 in
2606 254 2863 335 honorem
2891 255 3122 314 hominis
3146 256 3459 337 deputetur,
3492 262 3651 327 velutl

382 345 670 445 rursusque
709 342 810 445 pisi
853 339 1095 419 inchoata
1136 339 1346 419 essent,
1389 339 1495 409 non
1527 353 1597 406 ita
1628 356 1959 427 sequeretur,
2065 357 2260 403 crrtera
2288 347 2426 403 Deus
2452 346 2674 415 dixerit,
2708 358 2763 405 ct
2801 349 2935 404 facta
2975 350 3115 414 sint,
3144 349 3286 407 hunc
3313 362 3487 410 autem
3525 356 3650 425 ipsa

381 437 502 535 quia
534 437 621 517 illa
652 437 737 516 die
782 454 1019 526 requievit
1058 450 1122 506 ab
1163 448 1391 509 omnibus
1433 443 1665 515 operibus
1706 440 1809 509 suis
1851 450 1965 508 qua:
2068 438 2280 505 fecerit;
2311 449 2403 497 aut
2429 440 2593 497 verbo
2620 450 2840 509 extera,
2884 441 3026 496 hunc
3062 450 3243 498 autem
3286 445 3527 501 manibus
3566 444 3649 505 (es
3692 448 3718 535 ς

457 491 502 518 ω
534 491 621 517 tua
652 491 737 516 un:
784 491 1016 511 vuum-ru
1058 491 1119 506 κν
1163 491 1389 509 v-wv-v—v
1435 491 1662 515 vrv-ww—
1709 491 1803 509 την
1864 491 1876 508 ο
2069 491 2280 505 “““’⁷“*1
2314 491 2321 493 ~
2351 491 2401 497 νη
2441 491 2589 497 -~-—-
2625 491 2840 509 ν-τ-ν--ν
2885 491 3023 496 -τ---ν
3066 491 3243 498 -μνηκ
3287 491 3526 501 ---κ--.-η
3566 491 3647 505 ,νη

382 491 631 611 iiii/want
660 551 796 611 Deus
825 491 1007 620 firme.
2068 534 2221 595 cerit.
2248 533 2353 590 Sed
2380 534 2482 592 hoc
2505 534 2717 592 excellit
2741 535 2793 589 in
2818 534 3061 601 homine,
3087 536 3209 605 quia
3237 535 3377 597 Dens
3414 538 3481 593 ad
3514 539 3652 597 ima—

454 646 539 701 19.
575 645 671 699 Hie
698 643 853 712 igitur
880 622 924 691 si
948 636 1067 705 quis
1091 631 1321 703 inquirat
1346 625 1609 701 quomodo
1630 635 1967 683 censumma-

2070 626 2244 697 ginem
2268 641 2417 685 suam
2447 626 2713 685 hominem
2742 626 2881 691 fecit,
2906 638 3124 698 propter
3143 627 3246 687 hoc
3266 629 3410 698 quod
3431 632 3479 684 ei
3501 630 3657 689 dedit.
3695 616 3707 653 θ

382 737 535 792 vitet
563 731 828 805 quomodo
852 725 1113 801 inchoavit
1149 743 1161 779 :
1192 736 1363 791 neque
1399 719 1541 775 enim
1583 716 1684 771 alia
1718 727 1969 805 consum-

384 804 591 893 mavit,
628 825 731 879 alia
780 818 1077 891 inchoavit,
1106 814 1202 872 sed
1228 812 1415 869 eadem
1446 811 1555 879 ipsa
1588 807 1765 878 utique
1793 821 1823 859 a
1848 804 1967 876 qui-

382 908 481 981 bus
507 920 558 974 in
580 910 671 973 die
691 915 918 984 septimo
940 907 1215 979 requievit,
1246 920 1308 957 ex
1332 904 1398 956 iis
1424 915 1540 969 qua:
1561 912 1717 968 supra
1739 895 1970 965 diximus

382 1013 585 1070 clarum
636 1016 736 1063 est.
791 1005 1199 1060 Consummasse
1244 991 1438 1064 quippe
1485 991 1584 1045 ista
1631 986 1970 1067 intelligimus

387 1094 573 1164 Deum,
604 1112 725 1153 eum
752 1091 953 1148 creavit
981 1088 1155 1143 omnia
1184 1084 1339 1138 simul
1368 1087 1435 1135 ita
1465 1078 1695 1150 perfecte
1715 1119 1728 1140 ,
1760 1085 1818 1131 ut
1842 1072 1971 1164 nihil

384 1162 433 1248 ei
462 1162 636 1245 adhuc
666 1187 718 1241 in
745 1182 931 1238 ordine
962 1190 1259 1247 temporum
1301 1170 1587 1227 creandum
1629 1174 1799 1231 esset,
1832 1162 1972 1243 quod

387 1256 491 1336 non
519 1280 601 1333 hic
630 1277 697 1331 ab
720 1290 784 1329 eo
805 1273 916 1342 jam
945 1270 997 1323 in
1022 1267 1206 1321 ordine
1228 1276 1507 1318 causarum
1535 1267 1767 1313 creatum
1791 1262 1971 1309 esset:

386 1352 667 1425 inchoasse
692 1374 891 1428 autem,
924 1368 979 1413 ut
1006 1356 1147 1429 quod
1177 1355 1262 1409 hic
1292 1354 1587 1424 pnefixcrat
1618 1347 1792 1403 causis
1811 1388 1824 1412 ,
1857 1350 1976 1415 post

388 1462 633 1532 impleret
658 1453 876 1511 efl‘cetis.
908 1447 1136 1505 Proinde
1162 1443 1393 1516 {armavit
1424 1441 1558 1494 Deus
1584 1439 1831 1492 hominem
1861 1433 1976 1505 pul-

387 1526 548 1609 verem
580 1560 743 1611 teme,
778 1546 857 1600 vel
889 1544 1068 1596 limum
1103 1550 1285 1600 teme,
1322 1536 1419 1589 hoc
1446 1542 1529 1587 est
1556 1532 1621 1585 de
1650 1530 1867 1609 pulvere
1893 1526 1977 1581 vel

390 1620 519 1699 lituo
547 1652 734 1702 terrm;
766 1647 811 1690 et
839 1632 1099 1703 inspiravit
1127 1630 1237 1682 sive
1265 1624 1549 1679 insnfﬂavit
1583 1623 1633 1674 in
1664 1622 1771 1690 ejus
1797 1618 1978 1691 facient

389 1733 621 1807 spiritum
648 1730 781 1793 vim,
804 1733 849 1777 et
878 1723 1041 1794 factus
1066 1728 1136 1772 est
1162 1718 1310 1770 homo
1336 1717 1386 1767 in
1412 1714 1632 1766 animum
1660 1711 1839 1764 vivam.
1864 1707 1979 1762 Non

392 1800 516 1879 tunc
548 1816 987 1891 praedestinatus;
1020 1811 1121 1865 hoc
1155 1808 1295 1862 enim
1329 1815 1451 1859 ante
1478 1802 1730 1857 sreeulum
1763 1800 1813 1852 in
1846 1813 1978 1866 pra:-

392 1912 612 1970 scieutia
636 1906 906 1964 Creatoris
930 1921 945 1957 :
972 1915 1142 1972 neque
1169 1907 1295 1951 tunc
1315 1895 1597 1950 causaliter
1623 1891 1704 1945 vel
1730 1902 1981 1943 consum-

394 1982 534 2061 mate
562 2000 858 2063 inchoatus,
884 1993 969 2049 vel
996 1990 1238 2047 inchoate
1263 1992 1693 2045 consummatus;
1718 1980 1818 2034 hoc
1839 1978 1980 2032 enim

394 2112 424 2151 a
468 2094 665 2150 smculo
713 2091 764 2143 in
812 2083 1105 2141 rationibus
1148 2074 1611 2150 primordialibus,
1662 2086 1781 2125 eum
1826 2067 1981 2121 simul

394 2188 570 2243 omnia
598 2166 911 2239 crearentur
941 2194 957 2231 :
986 2172 1079 2228 sed
1106 2180 1315 2225 creatus
1345 2167 1398 2220 in
1427 2175 1665 2233 tempore
1692 2176 1788 2215 suo
1808 2202 1821 2224 ,
1852 2159 1977 2212 visi-

396 2277 571 2332 biliter
600 2274 654 2325 in
683 2282 929 2340 corpore,
958 2261 1292 2317 invisibiliter
1320 2260 1371 2311 in
1399 2253 1572 2308 anima
1593 2294 1608 2317 ,
1641 2260 1890 2306 constans
1916 2262 1983 2302 ex

396 2369 570 2424 anima
601 2372 655 2418 et
680 2372 921 2430 corpore.

396 2440 624 2517 CAPUT
666 2455 780 2509 Xll.
812 2481 883 2492 -—
919 2447 1114 2518 Corpus
1154 2440 1370 2497 hominis
1399 2455 1463 2491 an
1492 2432 1739 2507 singulari
1777 2430 1924 2485 modo
1952 2445 1986 2483 α

552 2532 553 2535 η
970 2539 1080 2593 Deo
1110 2542 1403 2610 formatum.

468 2644 559 2701 20.
589 2641 705 2698 Jam
728 2651 855 2708 ergo
876 2632 1151 2688 videamus
1175 2623 1444 2697 quomodo
1470 2634 1591 2675 enm
1619 2616 1801 2672 fecerit
1823 2614 1983 2708 Deus,

400 2708 627 2812 primum
660 2732 728 2787 de
771 2706 908 2783 terra
948 2736 1142 2792 corpus
1172 2719 1319 2787 ejus;
1358 2721 1475 2785 post
1503 2712 1661 2767 etiam
1703 2708 1769 2761 de
1811 2706 1989 2812 anima

399 2798 734 2889 ridebimus,
768 2820 809 2875 si
851 2816 979 2889 quid
1017 2812 1332 2868 valebimus.
1378 2803 1528 2872 Quod
1571 2802 1712 2857 enim
1745 2798 1990 2889 manibus

398 2915 762 2989 corporalibus
790 2888 929 2964 Deus
950 2904 1016 2961 de
1042 2905 1170 2958 limo
1203 2897 1415 2953 tinxerit
1443 2894 1735 2949 hominem.
1764 2888 1989 2989 nimium

402 2977 620 3083 pne-ritis
645 3001 894 3074 cogitatio
919 3004 1031 3061 est,
1064 2995 1133 3048 ita
1163 3001 1219 3045 ut
1245 2990 1287 3044 si
1318 2988 1417 3041 hoc
1448 2985 1718 3053 Scriptura
1748 2977 1987 3083 dixisset,

402 3066 575 3173 inagis
605 3066 737 3165 eum
756 3091 845 3163 qui
875 3085 1089 3156 scripsit
1115 3081 1368 3137 translato
1404 3076 1564 3129 vcrho
1594 3085 1744 3125 nsunt
1772 3066 1994 3173 credere

402 3157 718 3252 deberemus
738 3228 753 3253 ,
777 3157 954 3253 'quam
1002 3176 1167 3232 Deum
1211 3170 1407 3225 talibus
1438 3165 1797 3220 membrorum
1826 3157 1993 3253 linea-

404 3249 596 3343 mentis
636 3249 1044 3335 determinatam
1087 3266 1258 3338 qualia
1302 3261 1544 3315 videmus
1590 3256 1640 3309 in
1684 3249 1997 3343 corporibus

403 3340 620 3434 nostris.
651 3372 855 3425 Dictum
885 3372 966 3419 est
991 3360 1155 3421 enim,
1192 3355 1375 3409 Munus
1411 3361 1495 3403 tua
1537 3355 1704 3419 gentes
1742 3340 1995 3412 disperdi-

405 3452 477 3525 dit
496 3465 663 3541 (Psal.
694 3476 842 3523 XLIII,
870 3456 924 3528 5)
948 3470 963 3519 ;
991 3463 1072 3517 et,
1104 3445 1339 3503 Eduxiin
1368 3441 1612 3513 populum
1639 3434 1860 3541 tuunt‘iu
1890 3448 1999 3541 ma:

500 3523 627 3633 \forti
651 3564 698 3609 et
731 3523 931 3607 brachio
959 3543 1153 3600 excelso
1184 3535 1353 3633 (νεαρ.
1386 3547 1586 3633 cxsxv,
1612 3530 1697 3592 Η,
1733 3526 1820 3633 12?
1840 3543 1875 3633 7;,
1904 3523 1999 3633 sed

408 3618 779 3727 pro'potcstate
802 3650 857 3698 et
880 3639 1075 3693 virtute
1096 3632 1188 3687 Dei
1218 3628 1445 3699 positum
1470 3618 1879 3727 hujus-membri
1905 3630 2002 3667 no-

408 3710 537 3802 ineli
556 3742 673 3813 quis
703 3750 869 3806 usque
893 3731 1026 3785 adeo
1051 3724 1263 3793 desipit,
1289 3729 1348 3774 ut
1372 3733 1475 3772 non
1489 3710 1795 3813 intelligat?

479 3805 586 3892 2i.
606 3832 714 3889 Nec
741 3805 869 3883 illud
897 3818 1215 3877 audiendum
1239 3821 1341 3877 est,
1364 3808 1503 3881 quod
1531 3805 1767 3862 nonnulli
1793 3807 1998 3873 potant,

413 3932 534 3989 ideo
560 3924 880 3998 przccipnnm
907 3915 999 3969 Dei
1027 3925 1160 3981 opus
1188 3921 1307 3961 esse
1338 3903 1628 3960 hominem,
1660 3896 1780 3967 quia
1805 3903 2001 3998 emit-ara

413 3986 577 4083 dixit:
606 4028 661 4072 et
686 3986 819 4068 facta
846 4016 1001 4071 sunt;
1031 4005 1172 4057 hunc
1197 4005 1372 4053 autem
1403 3996 1516 4066 ipse
1547 3992 1669 4046 fecit
1705 4009 1719 4043 :
1758 3987 1852 4083 sed
1885 3986 2005 4083 ideo

415 4079 627 4189 potius,
670 4106 792 4178 quia
833 4103 973 4156 hunc
1000 4096 1065 4151 ad
1096 4094 1377 4162 imaginem
1408 4100 1557 4142 suam
1586 4083 1728 4137 fecit.
1761 4080 1903 4189 Nati;
1917 4079 2006 4189 illa

415 4168 533 4281 qua:
562 4168 702 4257 dixit
723 4208 777 4253 et
812 4195 945 4249 facta
985 4196 1108 4243 sunt
1127 4227 1141 4249 ,
1179 4183 1300 4239 ideo
1337 4179 1414 4234 sic
1438 4177 1692 4281 scriptum
1722 4182 1803 4225 est
1833 4168 2004 4281 (Ρξαιἰ

416 4261 615 4356 ἐχιγιιι
638 4336 653 4360 ,
680 4272 770 4362 ὕ).
801 4285 924 4358 quia
966 4296 1060 4353 per
1093 4276 1322 4331 \‘erhum
1358 4269 1473 4340 ejus
1516 4266 1648 4321 facta
1690 4271 1844 4327 sunt,
1872 4261 2010 4315 sicut

420 4406 514 4462 per
536 4355 805 4441 hominem
821 4355 1144 4432 hominibus
1171 4364 1276 4421 dici
1307 4355 1699 4462 potuitverbis,
1730 4368 1847 4462 qua:
1876 4360 2009 4455 tern-

420 4444 671 4555 poraliter
714 4472 1050 4541 cogitantur,
1093 4470 1149 4517 et
1192 4470 1324 4512 voce
1369 4448 1738 4555 proferuntur:
1775 4444 1890 4498 Non
1932 4444 2013 4498 sic

421 4538 597 4631 autem
628 4538 863 4637 loquitur
888 4544 1063 4621 Deus,
1094 4552 1195 4609 nisi
1221 4564 1341 4604 cum
1377 4559 1473 4617 per
1500 4538 1828 4640 corporalem
1856 4550 2011 4590 crea-

424 4679 597 4726 turam
624 4631 888 4731 loqnitnr,
916 4651 1053 4708 sicut
1083 4644 1341 4706 Abrahre,
1372 4641 1508 4695 sicut
1536 4631 1723 4705 Moysi,
1756 4631 1890 4685 sicut
1918 4643 2014 4731 per

424 4725 618 4817 nubem
649 4725 717 4808 de
742 4746 876 4804 Filio
902 4756 1023 4797 suo.
1050 4738 1191 4794 Ante
1215 4746 1347 4789 vero
1370 4742 1582 4785 omnem
1609 4732 1933 4817 creaturam,
1956 4725 2016 4817 ut

770 4844 1050 4896 creatura,
1096 4841 1164 4882 co
1206 4822 1381 4879 Verbo
1415 4818 1623 4917 dictum.
1647 4817 1759 4875 est,
1791 4806 2016 4917 quod—

425 4936 688 5017 principio
725 4937 841 4988 erat
869 4929 1007 4982 Deus
1035 4917 1184 5017 apud
1204 4918 1370 5017 Deum
1397 4929 1416 5017 ,ς
1447 4917 1503 4965 et
1531 4914 2019 5017 quiane'rqm‘amper

430 4992 762 5107 ipsuin't‘acta
784 5028 927 5084 sunt,
955 5024 1010 5072 et
1032 5015 1149 5071 sine
1171 5010 1286 5080 ipso
1307 5008 1501 5061 factum
1510 5008 1603 5107 est
1626 4996 1752 5051 nihil
1776 4992 2015 5107 (10:22.11,

640 5098 820 5191 urique
860 5120 917 5169 et
957 5109 1119 5163 homo
1162 5116 1258 5174 per
1295 5098 1469 5198 ipsum
1505 5092 1820 5198 factus'est.
1861 5085 2021 5198 Certe

433 5180 813 5277 intimabit
857 5201 1022 5264 verbo
1065 5195 1221 5259 fecit,
1259 5189 1383 5263 quia
1411 5186 1546 5243 dixit
1583 5190 1637 5239 et
1675 5180 1867 5235 factum
1898 5185 2019 5277 este

435 5274 691 5379 scriptum
719 5308 802 5377 est
836 5308 1046 5357 tamen,
1080 5287 1148 5365 Et
1189 5298 1343 5379 aperti
1383 5289 1623 5375 manuum
1650 5280 1865 5379 tuarum
1907 5274 2025 5379 sunt

437 5356 747 5481 ξξέιῖζῇέαι.
773 5372 846 5465 et,
1017 5356 1083 5437 Et
1106 5360 1172 5434 de
1196 5376 1299 5430 hoc
1328 5371 1436 5426 imo
1458 5364 1611 5439 quasi
1648 5360 1813 5473 fundo

440 5456 694 5583 sgrip‘tnm
721 5462 851 5571 est;
881 5464 1130 5561 Quoniam
1164 5476 1323 5550 ipsius
1363 5478 1435 5555 est
1475 5480 1647 5583 mare:
1683 5470 1731 5583 et
1767 5461 1876 5529 ipse
1912 5456 2029 5583 [erit

439 5550 599 5655 iiii},
614 5550 685 5645 ii
703 5550 919 5639 α’ἑὲἆάηί
939 5550 1116 5632 tam;
1144 5572 1253 5644 ejus
1278 5552 1529 5637 finxerunt
1563 5556 1730 5631 (etut.
1758 5567 1911 5619 XCIV,
1944 5550 2024 5620 5).

2071 727 2302 783 mentem
2332 718 2763 783 intellectualem,
2792 733 2893 789 qua
2923 727 3139 787 praestat
3161 719 3471 788 pecoribus;
3509 722 3661 789 unde

2069 808 2177 879 iam
2206 813 2483 879 superiore
2512 809 2628 875 loco
2653 809 3022 867 disseruimus.
3059 809 3118 865 ln
3145 824 3253 880 quo
3279 810 3479 868 honore
3505 814 3657 881 posi-

2075 909 2194 969 tus,
2234 902 2285 959 si
2322 916 2428 959 non
2469 901 2822 965 intellexerit,
2854 912 2911 958 ut
2939 900 3077 958 bene
3101 910 3253 971 agat,
3283 902 3495 964 eisdem
3524 904 3658 973 ipsis

2075 992 2353 1061 pecoribus
2378 992 2569 1062 quibus
2596 992 2845 1061 pra'latus
2885 1001 2969 1049 est
3006 992 3421 1061 comparabitur.
3457 993 3545 1050 Sic
3574 1003 3658 1051 ete

2076 1085 2217 1140 enim
2246 1084 2496 1153 scriptum
2523 1094 2605 1141 est
2631 1101 2645 1138 :
2678 1082 2845 1139 llomo
2872 1085 2924 1137 in
2950 1085 3139 1143 honore
3167 1084 3359 1153 positus
3380 1101 3483 1145 non
3506 1086 3661 1142 inut-

2077 1174 2195 1229 lexit
2212 1191 2231 1239 ;
2270 1184 2593 1243 comparatus
2632 1183 2705 1229 est
2750 1173 3008 1243 pecoribus
3052 1174 3345 1241 iuseusatis,
3388 1184 3436 1230 et
3476 1176 3665 1231 similis

2078 1270 2241 1337 factus
2275 1276 2346 1321 est
2378 1272 2448 1323 eis
2485 1266 2656 1336 (l’sal.
2688 1282 2884 1331 vatn,
2916 1267 3027 1335 15).
3056 1264 3188 1325 Nam
3216 1276 3271 1329 et
3298 1282 3487 1336 pecora
3516 1268 3663 1328 Deus

2080 1355 2223 1421 fecit,
2252 1356 2349 1412 sed
2378 1372 2480 1411 non
2510 1356 2579 1410 ad
2613 1358 2891 1427 imaginem
2922 1372 3094 1411 suam.

2148 1447 2238 1502 29..
2269 1446 2380 1503 Nec
2407 1446 2687 1504 dicendum
2716 1459 2820 1513 est,
2850 1447 3127 1505 linniinem
3158 1446 3271 1517 ipse
3295 1447 3437 1514 fecit,
3466 1463 3665 1517 pecora

2080 1558 2208 1599 vero
2232 1543 2411 1612 jussit,
2430 1552 2482 1598 et
2503 1540 2637 1596 facta
2654 1551 2808 1595 sunt:
2829 1550 2884 1597 et
2912 1542 3051 1599 hunc
3079 1540 3221 1597 enim
3243 1550 3297 1599 et
3313 1542 3397 1595 illa
3414 1557 3511 1621 per:
3534 1541 3667 1599 Ver-

2080 1635 2207 1691 bum
2224 1652 2376 1691 suum
2396 1637 2533 1698 fecit,
2556 1651 2652 1704 per
2671 1636 2812 1705 quod
2835 1634 2968 1690 facta
2990 1644 3115 1690 sunt
3128 1636 3302 1691 omnia
3321 1635 3500 1707 (Joau.
3521 1652 3561 1702 ι,
3579 1636 3665 1706 5).

2084 1730 2188 1786 Sed
2209 1731 2333 1800 quia
2356 1730 2498 1787 idem
2516 1727 2747 1785 Verbum
2770 1738 2825 1783 et
2842 1728 3113 1798 Sapientia
3130 1738 3184 1784 ct
3210 1727 3392 1783 Virtus
3409 1729 3528 1797 ejus
3541 1736 3667 1795 est;

2084 1820 2274 1877 dicitur
2312 1828 2369 1877 et
2409 1835 2595 1875 manus
2630 1820 2775 1887 ejus,
2809 1834 2914 1877 non
2955 1819 3159 1877 visibile
3196 1819 3523 1879 membrum.
3572 1818 3671 1876 sed

2084 1910 2349 1967 efﬁciendi
2396 1912 2646 1978 potentia.
2696 1909 2828 1965 Nam
2872 1908 2986 1965 luce
3013 1909 3197 1965 eadem
3234 1910 3505 1978 Scriptum
3549 1924 3673 1979 qum

2086 2002 2214 2057 dicit
2238 2001 2378 2071 quod
2408 2003 2548 2057 Deus
2579 2000 2848 2061 hominem
2875 2001 2942 2056 de
2972 2001 3100 2056 limo
3130 2011 3288 2057 terrae
3316 2000 3559 2066 (iunxerit,
3586 1999 3674 2056 di-

2086 2096 2158 2150 cit
2182 2094 2341 2150 etiam
2370 2094 2510 2164 quod
2543 2092 2740 2149 bestias
2778 2095 2888 2163 agri
2925 2094 2992 2149 de
3019 2104 3155 2149 terra
3185 2094 3425 2161 finxerit,
3454 2093 3675 2165 quando

2087 2202 2178 2242 eas
2203 2202 2323 2242 cum
2354 2186 2656 2241 volatilibus
2692 2185 2813 2243 ςαξιὶ
2852 2184 2919 2239 ad
2946 2184 3115 2239 Adam
3142 2184 3362 2239 adduxit
3380 2226 3395 2248 ,
3434 2194 3494 2243 ut
3520 2185 3676 2241 vide—

2089 2287 2171 2335 ret
2197 2278 2321 2349 quid
2348 2294 2411 2335 ea
2438 2287 2671 2333 vocaret.
2703 2278 2793 2333 Sic
2818 2278 2960 2334 enim
2990 2278 3245 2346 scriptum
3273 2284 3357 2334 est
3384 2296 3397 2331 :
3432 2275 3497 2331 Et
3524 2277 3680 2345 ﬁnxit

2092 2371 2225 2426 Deus
2250 2371 2417 2425 adhuc
2441 2370 2505 2425 de
2526 2380 2662 2426 terra
2685 2387 2856 2425 omnes
2877 2369 3060 2425 bestias
3086 2367 3238 2440 (Gen.
3262 2384 3301 2435 ι,
3323 2367 3442 2439 25).
3464 2368 3524 2425 Si
3548 2384 3681 2439 ergo

2090 2475 2145 2522 et
2166 2465 2435 2520 hominem
2456 2462 2525 2520 de
2550 2473 2689 2519 terra
2711 2472 2765 2520 et
2788 2462 2987 2519 bestias
3008 2463 3075 2519 de
3099 2470 3238 2517 terra
3265 2462 3378 2532 ipse
3403 2462 3679 2529 formavit,

2090 2555 2215 2625 quid
2247 2555 2409 2610 habet
2446 2555 2606 2610 homo
2640 2554 2983 2611 excellentius
3026 2552 3079 2609 in
3121 2552 3223 2609 hac
3257 2568 3351 2619 re,
3391 2553 3493 2609 nisi
3536 2554 3684 2623 quod

2095 2646 2208 2715 ipse
2244 2644 2310 2699 ad
2350 2644 2632 2714 imaginem
2663 2644 2757 2701 Dei
2786 2653 2997 2721 creatus
3035 2643 3155 2701 est?
3197 2642 3310 2700 Nec
3351 2653 3533 2700 tamen
3582 2643 3683 2699 hoc

2094 2734 2389 2791 secundum
2417 2748 2643 2804 corpus,
2674 2734 2771 2793 sed
2794 2734 3084 2792 secundum
3110 2734 3433 2791 intellectum
3458 2734 3685 2801 mentis,

2096 2828 2163 2883 de
2188 2842 2295 2898 quo
2322 2836 2441 2895 post
2466 2827 2763 2896 loquemur.
2805 2826 3117 2897 Quanquam
3145 2836 3198 2883 et
3227 2827 3278 2881 in
3310 2826 3426 2899 ipso
3451 2841 3688 2896 corpore

2097 2917 2291 2973 habeat
2311 2916 2593 2987 quamdam
2621 2917 2998 2986 proprietatem
3023 2934 3142 2987 qua:
3168 2916 3273 2975 hoc
3294 2917 3509 2993 indicet,
3537 2917 3689 2987 quod

2097 3022 2275 3069 erecta
2320 3019 2521 3065 statura
2569 3008 2741 3065 factus
2776 3016 2894 3076 est,
2936 3019 2992 3064 ut
3022 3010 3121 3065 hoc
3151 3010 3266 3080 ipso
3303 3010 3693 3069 admoneretur
3728 3002 3732 3009 ’

2100 3118 2206 3159 non
2234 3102 2333 3156 sibi
2364 3111 2572 3159 terrena
2598 3116 2718 3157 esse
2745 3100 3017 3165 sect-inda,
3047 3101 3189 3156 velut
3217 3115 3427 3171 pecora,
3457 3116 3693 3170 quorum

2102 3195 2345 3263 voluptas
2375 3192 2552 3248 omnis
2589 3207 2651 3247 ex
2694 3202 2835 3247 terra
2869 3200 2983 3256 est,
3012 3192 3154 3249 unde
3190 3192 3245 3246 in
3280 3192 3456 3247 alvum
3494 3202 3693 3250 cuncta

2103 3304 2268 3359 prona
2299 3298 2458 3359 atque
2486 3297 2745 3359 prostrata
2771 3299 2917 3345 sunt.
2953 3289 3208 3359 Congruit
3239 3304 3365 3359 ergo
3403 3296 3456 3343 et
3490 3304 3694 3360 corpus

2104 3380 2220 3450 ejus
2245 3380 2440 3435 anima:
2465 3380 2733 3447 rationali,
2762 3397 2866 3437 non
2895 3381 3183 3436 secundum
3214 3381 3528 3435 liummenta
3560 3380 3698 3451 figu-

2105 3487 2299 3542 rasque
2328 3474 2689 3530 membrorum
2707 3517 2721 3537 ,
2754 3474 2845 3535 sed
2876 3473 3049 3543 potius
3074 3472 3361 3531 secundum
3392 3472 3444 3528 id
3466 3474 3617 3544 quod
3644 3474 3695 3529 in

2107 3564 2300 3621 caelum
2322 3575 2559 3621 erectum
2579 3576 2683 3631 est,
2710 3566 2777 3621 ad
2802 3566 3050 3641 intuenda
3072 3582 3190 3635 qum
3212 3566 3261 3620 iu
3282 3580 3504 3634 corpore
3522 3566 3697 3636 ipsius

2109 3656 2291 3710 mundi
2317 3671 2545 3731 superna
2569 3664 2731 3712 sunt:
2760 3658 2899 3713 sicut
2923 3657 3100 3711 anima
3125 3656 3396 3711 rationalis
3423 3656 3477 3710 in
3503 3671 3568 3710 ea
3600 3657 3697 3713 de-

2110 3745 2199 3802 bet
2229 3747 2395 3817 erigi,
2424 3764 2543 3817 quin
2570 3748 2623 3802 in
2646 3748 3004 3817 spiritualibus
3042 3756 3225 3803 natura
3256 3746 3487 3804 maxime
3510 3748 3699 3803 excel-

2110 3839 2259 3904 lunt,
2300 3850 2357 3895 ut
2402 3855 2519 3907 qua:
2564 3854 2776 3894 sursum
2818 3848 2945 3894 sunt
2980 3839 3184 3908 sapiat,
3225 3854 3331 3895 non
3372 3853 3491 3908 qua:
3532 3853 3702 3908 super

2113 3940 2307 3986 terram
2336 3931 2554 4000 (Coloss.
2582 3947 2637 3987 tu
2651 3971 2666 3997 ,
2695 3931 2775 4001 2).

2111 4040 2336 4099 CAPUT
2368 4040 2501 4096 XIII.
2533 4071 2605 4083 --
2644 4042 2765 4108 Qua
2782 4050 2929 4096 (elate
2957 4052 3045 4095 aut
3072 4050 3265 4096 statum
3286 4041 3517 4097 conditus
3541 4042 3701 4113 fuerit

2810 4135 2991 4187 Adam.

2182 4226 2272 4282 23.
2317 4226 2423 4281 Sed
2452 4227 2719 4297 quomodo
2746 4226 2868 4282 fceit
2894 4242 3013 4283 eum
3047 4228 3186 4283 Dens
3225 4225 3294 4284 de
3333 4227 3462 4283 limo
3503 4237 3698 4295 terrte;

2115 4328 2290 4375 utrum
2318 4328 2536 4388 repente
2564 4320 2615 4371 in
2642 4327 2795 4372 :etate
2824 4318 3056 4389 perfecta
3075 4359 3089 4380 .
3132 4318 3241 4375 hoe
3259 4328 3342 4374 est
3367 4318 3503 4373 virili
3536 4329 3703 4391 atque

2111 4410 2352 4481 juvenili,
2391 4425 2459 4463 an
2499 4410 2640 4464 sicut
2674 4426 2814 4464 nunc
2856 4424 3021 4479 usque
3066 4409 3257 4464 format
3296 4410 3349 4464 in
3389 4410 3552 4465 uteris
3580 4427 3702 4464 ma-

2119 4504 2298 4559 trum?
2324 4503 2504 4572 Neque
2528 4503 2669 4559 enim
2693 4503 2829 4557 alius
2849 4502 2965 4558 hate
2986 4503 3125 4567 facit,
3152 4518 3307 4573 quam
3332 4503 3414 4558 ille
3434 4502 3521 4573 qui
3542 4503 3700 4568 dixit,

2120 4595 2427 4663 Priusquam
2451 4604 2498 4647 te
2520 4599 2791 4665 formarem
2819 4596 2870 4647 in
2894 4604 3058 4657 utero,
3089 4596 3199 4647 novi
3225 4605 3275 4648 te
3299 4591 3512 4665 (larem.
3539 4610 3576 4658 t,
3610 4596 3699 4663 5):

2121 4697 2178 4742 ut
2205 4687 2329 4741 illud
2363 4696 2563 4741 tantum
2597 4687 2863 4756 proprium
2906 4686 3148 4741 habuerit
3184 4685 3386 4752 Adam,
3421 4685 3560 4756 quod
3591 4701 3705 4741 non

2120 4796 2187 4836 ex
2214 4780 2519 4850 parentibus
2544 4789 2700 4833 natus
2723 4788 2821 4841 est,
2848 4779 2939 4833 sed
2965 4778 3130 4833 Laetus
3149 4794 3214 4833 ex
3238 4788 3409 4844 term;
3436 4794 3500 4831 eo
3522 4788 3703 4834 tamen

2122 4873 2283 4928 modo
2311 4885 2367 4927 ut
2390 4872 2447 4931 in
2471 4871 2571 4925 hoc
2599 4870 2941 4941 perﬁciendo,
2968 4878 3024 4925 et
3048 4886 3145 4939 per
3166 4878 3352 4924 a-tates
3375 4869 3620 4939 augendo
3650 4867 3704 4923 hi

2123 4974 2423 5036 temporum
2451 4963 2655 5019 numeri
2675 4964 3090 5033 complerentur,
3112 4977 3249 5034 quos
3267 4972 3467 5016 natura:
3488 4959 3705 5015 humani

2124 5056 2335 5129 generis
2374 5056 2657 5112 attributes
2696 5055 2957 5111 videmus.
3002 5057 3082 5110 An
3125 5054 3301 5126 potius
3334 5053 3437 5109 hnc
3477 5070 3582 5107 non
3621 5059 3707 5107 est

2126 5149 2540 5223 requirendum?
2564 5149 2879 5206 Utrumlibet
2900 5150 3041 5205 enim
3064 5148 3267 5215 teneris,
3295 5146 3397 5205 hoc
3414 5145 3542 5203 fceit
3561 5143 3704 5219 quod

2129 5246 2296 5301 Deum
2325 5254 2381 5300 et
2406 5244 2821 5313 omnipotentem
2851 5249 2907 5296 et
2931 5242 3223 5313 sapientem
3252 5254 3408 5310 posse
3440 5253 3505 5293 ac
3534 5238 3707 5292 facem

2128 5336 2471 5407 congruebat.
2513 5335 2589 5390 Ita
2627 5334 2767 5390 enim
2796 5342 2971 5391 certas
2997 5342 3294 5404 temporum
3322 5327 3708 5401 legesgeneri-

2130 5437 2229 5493 bus
2257 5433 2703 5506 qualitatibusque
2738 5444 2918 5486 rerum
2956 5428 3011 5483 in
3045 5424 3387 5482 manifestum
3424 5437 3490 5479 ex
3529 5420 3711 5476 abdito

2132 5530 2486 5606 producendis
2506 5527 2765 5593 attribuit,
2789 5536 2847 5581 ut
2860 5524 2978 5598 ejus
2990 5522 3235 5578 voluntas
3251 5518 3321 5577 sit
3337 5531 3499 5590 super
3511 5515 3707 5573 omnia.
