3902 6306
150 158 247 215 559
1505 180 1705 239 LIBER
1745 181 2039 248 SEXTUS.

148 272 376 327 Potentia
420 274 617 345 quippe
661 292 753 333 sua
798 295 1053 338 numeros
1093 295 1351 344 creatum
1391 272 1585 358 dedit,
1611 310 1719 352 non

146 364 303 434 ipsam
334 366 624 433 potentiam
648 369 849 426 eisdem
873 376 1105 431 numeris
1123 379 1371 448 alligavit.
1399 383 1527 439 Nam
1551 386 1720 457 Spiri-

144 464 221 512 tus
240 457 353 526 ejus
378 457 449 513 ita
478 458 716 515 iaciendo
739 465 935 519 mundo
959 468 1387 537 superferebatur
1413 474 1563 543 (Gen.
1579 494 1615 541 t,
1633 480 1715 551 2),

143 558 191 601 ut
216 559 263 603 et
306 548 448 603 facto
476 554 869 623 superferatur,
900 574 1006 614 non
1036 565 1397 632 corporalibus
1427 568 1556 626 locis
1576 612 1590 635 ,
1620 572 1716 628 sed

1828 288 2134 374 faciendus,
2162 310 2252 382 qui
2278 297 2513 378 simulet
2536 335 2997 405 consummaverat
3020 334 3267 417 inchoata
3289 356 3413 423 ρῳ.

1828 403 1944 423 nlo-
1974 398 2256 423 n-..l‘....3__-
2283 421 2289 423 .
2549 411 2582 423 ι.
2792 421 2800 423 μ
3365 420 3375 423 _

1826 403 1944 461 pter
1974 398 2352 466 perfectionem
2385 411 2675 470 eausaliuni
2706 421 2969 477 rationum
2993 466 3008 491 ,
3040 404 3094 482 et
3124 412 3407 505 income-

1823 494 1905 538 rat
1952 498 2369 552 eonsummamla
2418 513 2632 573 propter
2674 509 2912 567 ordinem
2952 524 3245 587 temporum
3280 526 3317 578 ί.

1824 590 1947 603 ΛιιΑ--ι
1981 580 2027 603 2..
2060 582 2156 603 ειν,
2184 601 2207 603 __
2253 589 2264 600 ο
2325 591 2336 602 .
2736 602 2741 603 ,

138 639 443 705 excellentia
474 645 769 711 potestatis.

198 730 287 785 24.
320 732 450 799 Quis
479 734 624 791 enim
655 737 824 794 nescit
845 753 1034 810 aquam
1059 754 1358 800 concretam
1388 756 1562 815 terrae,
1591 767 1713 810 cum

134 820 194 873 ad
222 822 427 877 radices
456 825 575 879 vitis
603 829 840 894 venerit,
881 830 1002 885 duci
1035 831 1086 885 in
1112 836 1348 904 saginam
1386 840 1509 911 ligni
1548 843 1708 911 illius,

133 920 284 979 atque
313 912 364 965 in
390 927 460 969 eo
484 929 695 971 sumere
719 920 1043 988 qualitatem,
1070 940 1170 993 qua
1199 927 1249 979 in
1280 944 1431 984 uvam
1460 935 1712 1003 procedat

135 1005 378 1070 paulatim
407 1020 811 1075 erumpentem;
853 1024 1012 1083 atque
1044 1017 1092 1069 iit
1124 1033 1185 1071 ea
1219 1023 1599 1089 grandesecntc
1628 1029 1709 1083 vi-

137 1114 249 1150 unm
274 1102 380 1161 tiat,
404 1111 773 1170 maturumque
794 1105 1077 1168 dulcescat,
1099 1112 1236 1179 quod
1260 1114 1430 1169 adlute
1452 1116 1708 1177 fervescat

148 1203 433 1256 :xpressuni
456 1231 468 1249 .
501 1202 555 1245 et
583 1193 807 1262 quadam
857 1207 1115 1255 vetustate
1161 1202 1421 1259 firmatum
1458 1208 1521 1262 atl
1555 1227 1704 1267 usum

140 1278 333 1333 bibendi
387 1281 566 1337 uti'ius
612 1283 1004 1357 jucundinSqnc
1053 1294 1365 1359 perveniat?
1406 1297 1540 1353 Num
1587 1303 1706 1359 ideo

140 1367 377 1424 Dominus
409 1372 605 1437 lignum
637 1377 879 1444 qumsivit
919 1389 1013 1432 aut
1051 1391 1276 1449 terram,
1309 1400 1397 1441 aut
1443 1389 1536 1444 has
1568 1404 1703 1447 tem-

140 1474 306 1525 porum
339 1474 537 1522 moras,
569 1477 689 1516 cum
719 1480 908 1533 aquam
943 1469 1076 1523 miro
1104 1477 1420 1543 compendio
1444 1483 1705 1539 convertit

138 1547 181 1601 ιιι
206 1550 415 1612 vinttnt,
444 1562 499 1605 et
542 1553 645 1608 tale
687 1555 862 1608 vinum
904 1559 1043 1623 qttod
1086 1561 1264 1619 ebrius
1295 1567 1451 1621 ctiam
1482 1573 1701 1629 conviva

134 1637 351 1692 laudaret
384 1639 565 1711 (Joan.
599 1660 662 1707 tt,
696 1646 758 1711 9,
790 1647 916 1717 I0)?
959 1648 1222 1721 Numquid
1262 1656 1524 1724 atljtttorio
1564 1672 1700 1718 tem-

132 1732 261 1800 poris
298 1734 442 1802 eguit
480 1736 726 1791 conditur
764 1744 1053 1810 temporis?
1093 1744 1276 1801 Nonne
1304 1750 1464 1805 certis
1494 1754 1697 1810 dierum

132 1825 352 1876 numeris
375 1838 474 1877 suo
504 1828 697 1895 cuique
721 1834 900 1899 generi
927 1838 1341 1893 accommodatis
1359 1884 1373 1906 ,
1403 1845 1574 1899 onmis
1601 1862 1697 1900 na-

130 1920 230 1967 tum
257 1918 583 1984 serpentium
609 1922 889 1990 coalescit,
925 1925 1212 1992 formatur,
1256 1934 1508 2000 nascitur,
1536 1939 1696 1994 robo-

127 2004 293 2057 ratur?
330 2004 466 2061 Num
502 2013 791 2078 exspectati
822 2026 950 2068 sunt
987 2015 1038 2068 hi
1066 2017 1181 2072 dies
1203 2061 1217 2085 ,
1250 2032 1304 2074 ut
1333 2024 1382 2076 in
1409 2024 1693 2084 draconem

124 2091 252 2162 virga
282 2108 687 2153 converteretur
714 2100 780 2155 de
810 2120 967 2158 manu
998 2105 1161 2178 Moysi
1198 2118 1251 2164 et
1285 2112 1460 2167 Aaron
1500 2116 1691 2185 (Exod.

123 2196 216 2245 vtt.
249 2184 373 2253 £0)?
412 2186 524 2242 Nec
559 2190 656 2243 ista
697 2208 817 2246 cum
862 2196 1025 2261 fiunt,
1057 2210 1240 2254 contra
1272 2214 1513 2261 naturam
1540 2208 1691 2279 fiunt,

121 2272 212 2327 nisi
238 2276 387 2329 nobis
416 2278 611 2346 quibus
641 2282 795 2335 aliter
832 2293 1035 2341 natura:
1071 2302 1256 2344 cursus
1286 2294 1545 2364 innotuit;
1587 2316 1691 2357 non

118 2372 277 2419 autem
309 2365 440 2430 Deo,
468 2370 552 2422 cui
586 2368 687 2426 hoc
712 2382 792 2426 est
820 2385 1003 2429 natura
1033 2379 1171 2446 quod
1203 2379 1405 2439 fecerit.

117 2452 328 2512 CAPUT
383 2457 525 2514 XIV.
560 2491 634 2502 ——
672 2461 915 2519 Rationes
964 2471 1192 2526 causulas
1234 2475 1425 2532 mundo
1472 2481 1691 2550 primum

470 2550 647 2606 inditte
663 2594 679 2618 ,
717 2556 864 2625 cujus
891 2560 1084 2628 generis
1107 2564 1313 2630 fuerint.

174 2633 258 2692 ‘25.
303 2635 479 2703 Qumri
522 2652 699 2696 autem
746 2645 937 2700 tnerito
974 2658 1172 2717 potest,
1203 2654 1442 2713 causalcs
1468 2658 1575 2716 illa:
1604 2679 1691 2717 ra-

114 2724 293 2795 tiones,
324 2746 454 2800 quas
483 2734 682 2790 mundo
707 2736 914 2805 indidit,
941 2755 1061 2795 cum
1088 2745 1315 2813 primum
1334 2750 1488 2805 simul
1507 2756 1685 2812 omnia

111 2820 316 2882 creavit,
364 2823 636 2892 quomodo
681 2827 789 2885 sint
829 2827 1081 2886 instituta:
1127 2851 1140 2887 :
1187 2846 1359 2892 utrum
1396 2849 1681 2912 nt,quem-

109 2910 381 2968 admodum
429 2916 670 2973 videmus
704 2930 896 2977 cuncta
925 2927 1190 2983 nascentia
1218 2932 1297 2984 vel
1325 2932 1573 2991 fruticnm
1603 2941 1683 2995 vel

108 3004 401 3059 attimaliutn
448 3006 499 3061 iit
528 3010 638 3063 suis
662 3011 1170 3071 ennformatimiibtts
1196 3031 1355 3092 atque
1382 3025 1682 3086 incremen-

109 3092 200 3156 tis,
238 3108 328 3149 Sua
372 3110 469 3164 pro
503 3096 810 3155 diversitate
844 3118 1100 3172 generum
1128 3108 1335 3166 diversa
1358 3118 1524 3183 spatia
1558 3136 1680 3187 pcr-

108 3192 311 3251 agercnt
336 3188 668 3253 temporum?
692 3205 757 3243 an
782 3199 859 3257 ut,
883 3196 1325 3262 quemadmodum
1346 3206 1580 3263 Creditur
1600 3210 1678 3263 fa-

109 3283 212 3327 :ttts
250 3274 418 3329 Adam
472 3277 589 3331 sine
620 3278 725 3335 nllo
757 3296 1039 3353 progressu
1069 3287 1514 3351 incrementorum
1543 3302 1679 3356 virili

108 3372 245 3419 tetate
261 3408 275 3428 ,
303 3368 554 3421 continuo
576 3369 1077 3431 conforntarcntur?
1100 3379 1205 3434 Sed
1227 3397 1322 3437 cur
1344 3402 1448 3441 non
1474 3400 1678 3446 utrum-

106 3469 194 3523 que
238 3458 349 3513 illas
391 3459 662 3518 credimus
707 3462 985 3531 habuisse,
1032 3477 1090 3523 ut
1115 3470 1217 3527 hoc
1244 3488 1309 3531 ex
1337 3478 1416 3533 eis
1447 3479 1674 3538 futurum

105 3554 261 3608 esset,
294 3549 435 3617 quod
470 3548 657 3607 factori
689 3553 1010 3621 placuisset?
1038 3558 1092 3615 Si
1120 3563 1262 3618 enim
1292 3566 1382 3622 illo
1408 3572 1565 3626 modo
1592 3575 1673 3629 di-

104 3638 352 3705 xerimus,
387 3641 605 3710 incipiet
633 3655 817 3699 contra
844 3646 985 3716 ipsas
1008 3651 1199 3707 factum
1224 3658 1425 3726 videri,
1455 3678 1559 3717 non
1583 3680 1672 3721 so-

104 3723 195 3780 lum
234 3730 389 3783 etiam
432 3730 557 3786 illud
599 3732 667 3791 de
692 3750 825 3804 aqua
854 3740 1072 3809 vinum,
1103 3745 1196 3798 sed
1224 3758 1278 3802 et
1301 3753 1478 3808 omnia
1505 3758 1670 3812 mira-

102 3804 202 3871 eula
226 3835 338 3887 qua:
364 3830 549 3876 contra
574 3833 775 3881 natura:
804 3828 1055 3887 usitatum
1076 3849 1290 3894 cursum
1317 3840 1486 3899 fiunt:
1515 3848 1557 3901 si
1581 3865 1672 3903 att-

102 3912 192 3960 tem
222 3909 320 3963 isto
351 3913 542 3979 modo,
578 3915 744 3970 multo
770 3920 871 3974 erit
908 3922 1189 3981 ab5nrdios
1216 3928 1356 3998 ipsas
1388 3932 1515 3989 istas
1534 3954 1668 4006 quo-

104 3998 309 4056 tidianas
339 4012 542 4060 natura:
573 4005 773 4063 formas
800 4019 853 4065 et
881 4014 1087 4080 species
1110 4029 1292 4074 contra
1322 4021 1440 4079 illas
1468 4028 1669 4095 prima-

104 4088 193 4143 rias
232 4094 470 4148 omnium
517 4100 845 4155 nascentium
895 4106 1136 4161 causalcs
1178 4111 1413 4168 rationes
1449 4131 1665 4175 suorum

104 4186 375 4250 temporum
404 4200 657 4257 peragere
686 4193 873 4259 Spatia.
907 4194 1089 4251 Restat
1116 4213 1243 4269 ergo
1272 4211 1327 4255 ut
1358 4203 1422 4256 ad
1456 4220 1663 4267 utrum-

103 4284 189 4338 que
228 4275 443 4329 modum
490 4277 694 4334 habiles
733 4293 925 4339 creant:
964 4287 1107 4352 sint;
1140 4292 1255 4346 sive
1280 4294 1345 4346 ad
1375 4294 1529 4353 istum
1560 4317 1665 4370 quo

104 4363 420 4422 llSllﬂlisSilltc
468 4372 777 4438 temporalia
827 4384 1227 4446 transmtrrunt,
1272 4386 1385 4442 sive
1422 4390 1485 4443 ad
1516 4391 1664 4450 illum

103 4464 189 4520 quo
218 4470 329 4509 rara
358 4466 410 4512 ct
444 4459 702 4516 mirabilia
736 4462 888 4532 fiunt,
920 4468 1055 4523 sicut
1087 4470 1195 4527 Deo
1212 4474 1387 4532 facere
1406 4481 1663 4548 placuerit

102 4544 219 4609 quod
250 4549 471 4616 tempori
499 4561 775 4622 congruat.

100 4632 298 4711 CAPUT
336 4637 449 4692 XV.
486 4669 559 4681 --
600 4639 803 4698 Primus
840 4647 989 4703 homo
1036 4667 1136 4707 non
1175 4655 1324 4713 aliter
1359 4676 1512 4730 quam
1552 4669 1659 4735 pri.

1296 4710 1305 4713 -
1362 4710 1455 4730 τη

124 4710 127 4711 ν
280 4730 557 4807 mordiales
574 4749 742 4789 causa:
771 4737 1040 4807 haberent,
1068 4747 1316 4816 formatus
1339 4755 1455 4822 fuit.

552 4800 557 4807 _
1026 4800 1038 4807 ,
1068 4800 1080 4816 ,
1339 4800 1455 4822 ρ.--

273 4818 649 4906 terminatum
688 4829 764 4884 sic
792 4828 960 4890 factus
986 4847 1067 4892 est
1093 4838 1282 4907 homo,
1309 4851 1657 4915 quemadmo-

300 4886 303 4889 ν
882 4886 887 4887 ,
920 4886 955 4890 νὴ
992 4886 1025 4892 _,
1050 4886 1067 4891 -
1093 4886 1282 4907 ---..--,
1310 4886 1656 4915 .,..............u-

88 4886 200 4964 dum
249 4912 351 4967 illze
398 4903 607 4991 prima).
634 4936 808 4989 causa:
857 4926 1121 4987 habebant
1165 4943 1220 4991 ut
1261 4937 1413 4995 fleret
1455 4946 1656 5013 primus

88 5003 236 5059 homo
255 5049 271 5073 ,
299 5024 456 5077 quem
488 5028 591 5068 non
620 5031 685 5071 ex
713 5023 1022 5099 parentibus
1042 5030 1218 5097 nasci,
1242 5034 1330 5102 qui
1362 5038 1489 5095 nulli
1520 5057 1654 5110 pne-

87 5109 371 5166 ccsserant,
404 5104 496 5157 sed
528 5104 597 5162 de
622 5107 748 5164 limo
774 5096 989 5168 formari
1015 5124 1329 5192 oportebat,
1359 5135 1647 5190 secundum

87 5191 335 5246 causalem
361 5196 617 5253 rationem
639 5242 656 5266 ,
685 5200 736 5256 iu
763 5218 865 5275 qua
895 5211 1136 5278 primitus
1163 5212 1333 5275 factus
1361 5233 1491 5277 erat.
1517 5224 1649 5285 Nam

86 5278 121 5332 si
146 5280 292 5335 aliter
318 5282 485 5343 factus
510 5296 631 5359 est,
664 5308 767 5350 non
794 5312 915 5352 eum
948 5302 1083 5357 Deus
1109 5305 1161 5360 in
1190 5308 1397 5367 illorum
1419 5330 1513 5375 sex
1532 5320 1647 5376 dic-

84 5386 187 5425 rum
224 5375 471 5449 operibus
508 5379 709 5439 fecerat
740 5402 756 5441 :
785 5385 839 5447 in
866 5392 1057 5458 quibus
1083 5413 1200 5453 cum
1231 5402 1421 5460 dicitur
1448 5408 1642 5479 factus,

84 5464 241 5559 ipsam
260 5484 470 5551 musam
500 5478 685 5553 utique
708 5478 905 5555 fecerat
925 5486 1065 5544 Deus
1083 5530 1099 5554 ,
1124 5507 1226 5561 qua
1256 5506 1367 5551 erat
1387 5513 1485 5554 suo
1511 5509 1645 5557 tem-

80 5552 375 5643 pore-lgme
402 5552 648 5647 ςυιυιςιιε,
676 5581 739 5643 (ιι
759 5552 1051 5655 secundum

1822 590 1950 648 ergo
1981 580 2029 634 in
2059 582 2161 639 illis
2183 589 2368 655 primis
2394 608 2569 651 rerum
2600 602 2810 670 causis,
2841 620 2975 675 quas
3002 612 3201 667 mundo
3227 600 3411 686 primi-

1822 675 1905 723 tus
1928 670 2151 729 Creator
2174 678 2393 737 inseruit
2414 727 2428 749 ,
2458 702 2563 742 non
2593 699 2797 759 tantum
2828 702 3000 767 posuit
3021 706 3161 772 quod
3187 708 3252 762 de
3275 710 3402 769 limo

1819 757 2140 821 formaturus
2170 782 2283 826 erat
2315 770 2581 834 hominem
2604 823 2620 847 ,
2654 786 2747 839 sed
2774 789 2929 844 etiam
2957 798 3403 865 quemadmodum

1817 848 2140 914 formatnrus
2159 903 2174 927 ,
2200 875 2374 920 utrtnn
2404 871 2541 925 sicut
2565 874 2615 928 in
2645 880 2826 933 matris
2858 892 3006 938 utero
3026 928 3040 951 ,
3068 903 3133 942 au
3159 890 3207 943 in
3233 892 3400 949 forma

1810 939 2070 1011 juvenili;
2116 957 2295 1021 procul
2339 959 2498 1015 dubio
2541 965 2616 1018 sic
2654 966 2777 1023 fecit
2802 1012 2816 1035 ,
2849 984 2903 1041 ut
2932 976 3034 1032 illic
3063 982 3397 1051 pratlixerat;

1816 1050 1986 1107 neque
2031 1044 2171 1097 enim
2216 1058 2397 1103 contra
2446 1053 2845 1126 dispositionem
2893 1080 3042 1122 suam
3085 1070 3281 1130 faceret
3311 1093 3323 1127 :
3353 1079 3395 1132 si

1812 1139 1986 1183 autem
2033 1134 2136 1188 vim
2181 1146 2379 1194 tantum
2426 1145 2494 1199 ibi
2538 1152 2707 1217 posuit
2736 1157 3123 1227 possibilitatis,
3156 1175 3209 1220 ut
3241 1168 3398 1225 homo

1812 1217 1965 1274 ﬁeret
2006 1239 2218 1295 quoquo
2249 1232 2403 1286 modo
2434 1237 2577 1293 fieret
2597 1281 2612 1305 ,
2647 1254 2702 1297 ιιι
2727 1217 2779 1298 et
2808 1247 2884 1315 sic
2911 1259 2966 1305 et
2994 1252 3069 1308 sic
3101 1270 3311 1325 posset,
3345 1262 3395 1316 id

1812 1318 1893 1363 est
1932 1320 1986 1393 ut
2025 1314 2075 1367 id
2105 1334 2311 1388 «μιομιο
2344 1325 2411 1377 ibi
2439 1340 2579 1382 esset
2603 1332 2643 1396 ε,
2673 1334 2791 1403 quia
2819 1314 2871 1391 et
2897 1340 2972 1394 sic
2997 1351 3047 1395 et
3075 1314 3149 1399 sic
3182 1361 3390 1414 posset;

2632 1392 2639 1396 ,
2690 1392 2704 1403 ,
2784 1400 2785 1403 η
2957 1392 2964 1394 .
3003 1392 3046 1395 μ
3076 1392 3149 1399 -ςν
3182 1392 3390 1414 ι-ννυιυν

1811 1392 1983 1454 ιιιιιιιιι
2010 1414 2184 1459 autem
2230 1409 2397 1478 ipsum
2440 1416 2655 1473 modum
2698 1440 2801 1492 quo
2827 1437 2941 1481 erat
2969 1428 3197 1489 facturus
3222 1436 3272 1491 in
3299 1455 3392 1497 sua

1806 1493 2074 1550 voluntate
2100 1515 2273 1554 servm
2291 1504 2348 1570 it,
2376 1524 2476 1561 non
2503 1512 2683 1567 mundi
2706 1517 3065 1583 constitutioni
3088 1532 3388 1585 contexuit:

1808 1586 2147 1646 lttztttersltllll
2191 1605 2272 1649 est
2309 1588 2467 1654 etiam
2509 1605 2587 1659 sic
2620 1621 2723 1660 non
2754 1608 2943 1665 factum
2976 1629 3093 1671 esse
3120 1616 3389 1683 hominem

1803 1688 1985 1731 contra
2026 1696 2181 1750 quam
2218 1697 2330 1742 erat
2360 1688 2409 1743 in
2438 1692 2520 1747 illa
2549 1695 2712 1763 prima
2734 1701 3037 1760 conditione
3062 1724 3336 1765 causarum
3362 1732 3376 1777 ;

1804 1769 1922 1835 quia
1971 1771 2037 1824 ibi
2079 1786 2193 1829 erat
2233 1780 2390 1835 etiam
2436 1784 2513 1839 sic
2550 1785 2659 1841 fieri
2690 1805 2875 1858 posse,
2905 1799 3143 1865 quamvis
3173 1816 3277 1861 tum
3310 1804 3380 1867 ibi

1802 1868 1915 1911 erat
1946 1860 2011 1913 ita
2041 1864 2152 1918 fieri
2181 1885 2397 1926 necesse
2427 1890 2543 1930 esse
2573 1896 2584 1931 :
2618 1878 2716 1934 hoc
2744 1884 2885 1955 enim
2916 1901 3018 1941 non
3047 1901 3162 1944 erat
3187 1892 3237 1947 in
3259 1909 3387 1951 con-

1801 1944 2002 2001 ditione
2033 1965 2291 2009 creaturte
2316 2000 2331 2023 ,
2364 1960 2457 2014 sed
2491 1962 2540 2015 in
2570 1965 2759 2033 placito
2785 1966 3052 2027 Creatoris
3070 2014 3085 2040 ,
3112 1976 3262 2046 cujus
3288 1994 3385 2047 vo-

1800 2034 1977 2090 luntas
2005 2056 2181 2096 rerum
2212 2052 2498 2106 necessitas
2524 2063 2623 2109 cst.
3334 2052 3337 2057 ί

1798 2129 2025 2187 CAPUT
2071 2134 2208 2191 XVI.
2254 2171 2327 2181 —
2366 2141 2431 2197 In
2467 2147 2540 2199 rei
2583 2159 2763 2223 natura
2786 2160 2889 2217 est,
2916 2162 2969 2208 ut
2996 2156 3119 2223 quid
3134 2175 3241 2215 esse
3259 2178 3380 2239 pos-

1962 2228 2025 2279 sit
2048 2243 2068 2290 ;
2093 2240 2146 2282 ut
2174 2236 2398 2301 futurum
2421 2238 2513 2307 sit,
2539 2243 2738 2295 nonnisi
2764 2244 2815 2298 in
2838 2243 2932 2299 Dei
2948 2248 3214 2305 roluntate.

1866 2314 1955 2367 27.
1983 2315 2113 2371 Nam
2146 2331 2194 2375 et
2227 2340 2323 2378 nos
2356 2342 2448 2394 pro
2474 2341 2628 2400 captu
2656 2333 2976 2393 infirmitatis
3003 2342 3243 2399 humanae
3266 2345 3373 2412 jam

1797 2403 1846 2457 in
1876 2406 2002 2475 ipsis
2027 2413 2181 2466 rebus
2205 2424 2442 2487 tempore
2462 2425 2663 2478 exortis
2688 2443 2966 2495 possumus
2991 2449 3146 2488 nosse
3172 2437 3294 2509 quid
3326 2439 3378 2494 in

1793 2499 2047 2569 cujusque
2075 2514 2255 2559 natura
2279 2510 2366 2571 sit,
2389 2513 2528 2580 quod
2552 2518 2915 2585 experimento
2937 2528 3360 2596 perceperiinus;

1794 2589 1886 2644 sed
1938 2602 2110 2648 utrum
2151 2599 2308 2654 etiam
2356 2601 2584 2660 futurum
2613 2610 2680 2664 sit
2710 2589 3027 2681 ignoramus.
3061 2619 3152 2673 Est
3181 2624 3377 2693 quippe

1794 2681 1844 2733 in
1868 2692 2050 2738 natura
2078 2687 2232 2757 hujus
2253 2732 2268 2753 ,
2296 2694 2440 2749 verbi
2466 2699 2652 2768 gratia,
2672 2701 2879 2769 juvenis
2901 2717 2958 2760 ut
2983 2722 3255 2775 senescat;
3281 2716 3374 2785 sed

1793 2780 1968 2827 utrum
2002 2777 2101 2831 hoc
2127 2781 2285 2836 etiam
2316 2784 2385 2838 sit
2413 2786 2461 2839 in
2494 2789 2581 2842 Dei
2616 2792 2917 2863 voluntate,
2951 2800 3232 2857 ιιοεοὶιιιιιδ.
3267 2806 3373 2877 Sed

1791 2880 1888 2918 nec
1912 2867 1961 2920 in
1988 2878 2170 2924 natura
2193 2886 2351 2937 esset.
2382 2879 2480 2932 nisi
2511 2881 2559 2935 in
2588 2881 2679 2937 Dei
2704 2886 2968 2946 voluntate
2993 2894 3137 2962 prius
3164 2894 3369 2967 fuisset,

1788 2957 1875 3027 qui
1919 2961 2151 3015 condidit
2193 2966 2388 3021 omnia.
2422 2970 2484 3024 Iit
2511 2973 2689 3044 utique
2717 2978 2923 3032 OCCttlla
2955 2957 3086 3036 ratio
3111 2995 3193 3040 est
3219 3004 3374 3043 senc-

1787 3050 1945 3102 ctntis
1989 3050 2042 3105 in
2081 3068 2303 3123 corpore
2335 3058 2595 3128 juvenili,
2635 3066 2715 3120 vel
2750 3066 3041 3136 juventutis
3072 3077 3373 3147 incorpore

1786 3141 1973 3209 puerili
2022 3160 2034 3195 :
2080 3160 2253 3215 neque
2295 3151 2435 3203 enim
2479 3154 2647 3209 oculis
2690 3159 2959 3228 cernitur,
3001 3166 3135 3219 sicut
3174 3156 3368 3237 ipsa

1788 3245 1949 3297 puero
1971 3237 2189 3302 pueritia
2213 3281 2225 3297 .
2250 3240 2385 3295 sicut
2404 3244 2653 3311 juventus
2676 3248 2727 3304 in
2744 3252 2937 3319 juvene
2962 3273 2975 3318 ;
2998 3258 3091 3311 sed
3113 3259 3211 3312 alia
3235 3278 3367 3329 qua-

1783 3322 1903 3378 dam
1928 3330 2108 3381 notitia
2139 3334 2398 3403 colligitur
2428 3338 2601 3397 inesse
2624 3343 2674 3396 in
2702 3357 2882 3399 natura
2907 3350 3151 3419 quiddam
3175 3355 3363 3424 latens,

1783 3430 1887 3483 quo
1912 3418 2203 3476 educantur
2233 3425 2281 3477 in
2313 3440 2557 3499 promptu
2589 3435 2794 3489 numeri
2824 3440 3011 3493 occulti
3032 3483 3044 3501 ,
3075 3444 3156 3498 vel
3179 3445 3367 3525 juvcn;

1784 3510 1907 3562 tutis
1929 3526 1955 3562 a
1988 3516 2209 3580 pueritia
2228 3558 2242 3581 ,
2275 3519 2355 3572 vel
2382 3525 2670 3578 senectutis
2691 3542 2717 3577 a
2735 3527 3026 3595 jnventute.
3050 3534 3259 3589 Occulta
3282 3520 3365 3609 est

1780 3612 1906 3666 ergo
1934 3601 2028 3653 ista
2058 3608 2189 3658 ratio
2210 3646 2225 3670 ,
2254 3622 2354 3677 qua
2386 3608 2440 3662 Iit
2471 3619 2523 3665 ut
2555 3612 2653 3667 hoc
2677 3630 2795 3669 esse
2828 3621 3009 3687 possit,
3044 3623 3134 3675 sed
3159 3612 3359 3691 oculis;

1778 3692 1939 3743 menti
1968 3703 2141 3747 autem
2172 3712 2273 3748 non
2302 3709 2380 3751 est
2406 3703 2609 3756 ecettlta
2641 3721 2653 3756 :
2685 3715 2858 3760 utrum
2881 3721 3051 3764 autem
3078 3712 3177 3766 hoc
3200 3715 3357 3770 etiam

1778 3797 1996 3839 necesse
2038 3788 2137 3849 sit,
2186 3792 2399 3845 omnino
2440 3796 2725 3851 nescimus.
2765 3800 2828 3853 Et
2855 3801 2993 3856 illam
3022 3805 3231 3874 quidem
3254 3824 3356 3878 qua

1777 3872 1832 3927 fit
1862 3884 1916 3928 ut
1944 3891 2063 3931 CSsc
2091 3882 2281 3946 possit,
2311 3898 2427 3937 esse
2460 3886 2509 3940 iu
2539 3897 2722 3942 natura
2750 3890 2913 3960 ipsius
2941 3898 3177 3964 corporis
3206 3901 3355 3955 novi-

1774 3982 1891 4023 mus
1937 3986 1949 4023 :
1996 3969 2137 4025 illam
2177 3990 2303 4029 vero
2342 3992 2443 4048 qua
2480 3979 2541 4035 Iit
2564 3990 2620 4036 ut
2644 3999 2861 4042 necesse
2886 3988 2987 4056 sit,
3019 3991 3354 4052 manifestum

1771 4068 1852 4112 est
1880 4060 1987 4114 illic
2018 4079 2119 4116 tton
2151 4080 2288 4120 esse.

1838 4146 2062 4208 CAPUT
2098 4155 2258 4209 XVII.
2290 4188 2358 4198 —
2381 4158 2467 4214 Ex
2493 4165 2675 4232 futuris
2699 4183 2929 4236 quamam
2954 4188 3063 4226 vere
3086 4173 3279 4243 fuittra.

1836 4239 1925 4293 28.
1956 4241 2058 4297 Sed
2092 4244 2328 4304 fortassis
2359 4250 2406 4303 in
2431 4253 2627 4307 mundo
2652 4266 2748 4321 est,
2782 4267 2833 4312 Ill
2868 4276 3081 4316 necesse
3101 4265 3171 4318 sit
3193 4265 3346 4320 istum

1768 4329 2035 4387 hominem
2079 4350 2379 4393 senescere.
2423 4340 2475 4397 Si
2514 4352 2689 4400 autem
2718 4363 2817 4402 nec
2848 4350 2898 4403 in
2930 4353 3127 4407 mundo
3152 4365 3232 4410 est
3254 4398 3268 4420 ,
3296 4358 3350 4412 in

1768 4423 1876 4479 Deo
1913 4436 2013 4481 est.
2061 4428 2171 4483 IIoc
2213 4432 2352 4486 enim
2393 4440 2692 4491 necessario
2732 4439 2961 4495 futurum
2989 4448 3229 4513 estquod
3260 4448 3346 4504 ille

1765 4516 1873 4570 vult
1892 4558 1908 4581 ,
1952 4528 2005 4572 et
2047 4535 2107 4572 ea
2154 4537 2279 4577 vere
2306 4522 2474 4578 futura
2503 4538 2624 4581 sunt
2650 4546 2765 4600 quae
2793 4532 2879 4588 ille
2905 4538 3188 4604 pra-scivit.
3216 4540 3344 4595 Nam

1764 4610 1926 4663 multa
1957 4612 2245 4666 secundum
2275 4615 2551 4672 inferiores
2575 4635 2765 4677 causas
2795 4623 2969 4681 futura
2992 4639 3152 4693 sunt;
3182 4633 3275 4688 sed
3296 4635 3343 4709 si
3390 4696 3393 4699 _

1762 4700 1831 4755 ita
1859 4713 1980 4755 sunt
2005 4716 2051 4758 et
2088 4703 2139 4758 in
2171 4708 2497 4775 prtescicntia
2529 4713 2642 4779 Dei,
2664 4731 2789 4794 vere
2806 4717 2972 4773 futura
3005 4733 3123 4775 sunt
3150 4741 3162 4777 :
3186 4724 3229 4794 si
3251 4706 3344 4780 au;

1762 4800 1865 4846 tein
1917 4794 1983 4847 ibi
2027 4797 2178 4851 aliter
2211 4810 2367 4865 sunt,
2410 4801 2479 4855 ita
2519 4805 2688 4871 potius
2720 4791 2889 4863 futura
2922 4820 3073 4876 sunt,
3106 4791 3240 4869 sicut
3270 4817 3340 4871 ibi

1760 4892 1908 4949 Sunt,
1955 4886 2040 4940 ubi
2072 4888 2159 4957 qui
2194 4893 2398 4959 praescit
2421 4892 2474 4960 ³,
2506 4892 2615 4949 falli
2649 4914 2751 4952 non
2781 4911 2974 4970 potest.
3004 4903 3135 4957 Nam
3166 4904 3339 4960 futura

1822 4998 1845 5088 ἲ.
1863 4998 2005 5088 flii?
2028 5002 2775 5088 RT’li’iEil'ﬁizﬂl".-FFFC‘FS‘Sv
2799 5027 2909 5088 cu"!
2945 5016 3119 5088 ίιτεεεηί
3154 5015 3341 5088 ειρεεοτ

1754 5066 1883 5130 mate
1904 5060 2105 5150 habetqr
2131 5077 2143 5112 :
2179 5065 2424 5150 Quiﬂqml
2439 5076 2487 5150 et
2506 5060 2927 5150 cattsztriutuirerat_,
2956 5060 3339 5150 Itasopers’picuas

1753 5120 1934 5190 species
1954 5120 2239 5206 producen‘s,
2260 5128 2483 5180 inchoata
2505 5120 3055 5206 propter—perfectionem
3064 5120 3345 5192 raumatium

1754 5182 1992 5273 Latiottttit't
2012 5199 2029 5244 ;
2047 5192 2092 5236 et
2115 5182 2434 5253 incubuerat,
2458 5182 2662 5273 nationes
2677 5182 2897 5273 considet;
2911 5198 3180 5273 [iendorunt
3201 5214 3339 5273 man:

1789 5256 1816 5273 η
1839 5257 2115 5273 ,,,,,,,.,,,,η..-
2513 5270 2532 5273 _
2704 5272 2741 5273 ρ
2776 5271 2787 5273 _

1754 5243 2139 5337 do‘itlnpz‘imen's,‘
2159 5243 2532 5337 rmtsurntntanda
2552 5243 2924 5337 premar-ordia;
2931 5274 2979 5337 nt
2992 5268 3298 5337 ’tentpontnt.'_

1814 5308 1833 5401 ἲ
1857 5308 1970 5401 E’ditli
1998 5325 2009 5359 :
2044 5318 2100 5361 tt
2120 5311 2259 5363 homo
2267 5314 2413 5401 [teret
2434 5308 2774 5401 quodnaaa'odo,
2800 5308 2939 5401 uret
3278 5325 3339 5377 id.

1847 5381 1874 5401 ,,
1918 5383 1944 5401 ,,
1972 5384 2026 5401 ,η
2049 5384 2230 5401 ,...,,,...,.
2259 5390 2321 5401 ,η
2357 5387 2473 5401 -..-...
2507 5393 2518 5401 .
2562 5393 2648 5401 .-..

1753 5372 1824 5455 es!
1847 5375 1895 5418 ut
1917 5369 2230 5455 ideoqtcoque
2259 5369 2324 5428 ibi
2352 5369 2473 5455 esset
2502 5369 2799 5455 gladioque
2822 5369 2953 5455 lto-$1.
2967 5382 3029 5455 ἱθεΔ
3053 5369 3141 5436 εῗια
3169 5369 3333 5455 volun:

1748 5434 1843 5507 tate
1865 5433 2079 5507 servavit,
2098 5433 2207 5485 cum
2230 5436 2399 5489 mundi
2410 5433 2779 5492 constiiutione'nt
2794 5433 3046 5497 conmittit.
3057 5433 3187 5507 otios
3204 5444 3331 5502 locos

1747 5492 1933 5563 ad_ittss.
1959 5492 2361 5563 redintegratum.

1810 5553 1991 5668 ws,
2012 5570 2123 5631 alits.
2142 5553 2322 5633 ῦνφδίιι
2342 5562 2509 5633 διεξίαδ
2532 5563 2770 5645 θᾲὲερίὲθδ
2913 5576 2987 5643 ’ξδ’
3010 5577 3065 5645 '9‘
3095 5580 3225 5649 ’Ἦν
3243 5574 3331 5647 ⁸⁸³4
