3902 6304
479 262 579 320 351

477 376 674 434 dicitur
700 379 946 428 senectus
968 370 1023 426 in
1044 367 1269 440 juvene,
1298 368 1392 424 sed
1414 377 1591 424 tamen
1618 368 1788 422 futura
1820 381 1924 422 non
1952 374 2066 434 est,

479 469 524 525 si
551 476 674 522 ante
703 465 992 520 moriturus
1017 472 1136 518 cst:
1166 461 1270 517 hoc
1289 470 1468 516 autem
1490 461 1562 514 ita
1583 459 1684 515 erit
1703 501 1716 525 ,
1741 459 1877 514 sicut
1897 474 1955 514 se
1977 458 2071 512 ha-

479 560 605 616 bent
647 557 764 612 alia:
808 569 983 612 causa:
1004 596 1019 621 ,
1064 554 1178 608 sive
1199 551 1397 607 mundo
1423 561 1720 618 contextae,
1753 551 1864 606 sive
1891 551 1945 604 in
1977 551 2068 605 Dei

481 646 815 719 praescientia
845 652 1150 701 reservata).
1181 642 1314 698 Nam
1340 643 1632 698 secundum
1653 642 1906 712 quasdam
1925 641 2067 696 futu-

479 754 659 796 rerum
685 751 873 793 causas
901 735 1188 790 moriturus
1213 742 1329 789 erat
1354 733 1630 799 Ezechias,
1660 733 1742 788 cui
1762 733 1901 788 Deus
1917 732 2068 786 addi-

480 831 558 885 dit
574 828 872 901 quindecim
893 841 1060 882 annos
1080 826 1145 880 ad
1175 826 1333 880 vitam
1353 823 1504 896 (Isai.
1519 840 1708 887 xxxnt,
1728 824 1807 894 5);
1823 824 1873 879 id
1892 825 2070 894 utique

481 921 681 977 faciens
713 920 854 990 quod
892 927 1015 973 ante
1052 917 1486 972 constitutionem
1521 917 1703 972 mundi
1734 931 1793 972 se
1809 916 2071 972 facturum

480 1027 600 1067 eSSe
624 1011 953 1082 pnesciebat,
976 1019 1032 1065 et
1052 1010 1104 1064 in
1125 1024 1217 1064 sua
1241 1009 1510 1064 voluntate
1524 1007 1789 1064 servabat.
1809 1008 1923 1063 Non
1943 1024 2072 1078 ergo

481 1103 532 1158 id
577 1103 697 1158 fecit
724 1101 862 1173 quod
892 1102 1123 1155 futurum
1153 1115 1258 1154 non
1282 1109 1396 1155 erat
1420 1117 1433 1152 :
1467 1102 1569 1154 hoc
1593 1100 1736 1156 enim
1759 1100 1927 1169 magis
1948 1108 2065 1153 erat

481 1194 734 1260 futurum,
756 1193 896 1264 quod
918 1207 975 1247 se
989 1190 1252 1247 facturum
1275 1206 1395 1246 esse
1418 1191 1749 1260 prmscicbat.
1771 1189 1876 1245 Nec
1897 1199 2073 1245 tamen

480 1284 555 1340 illi
585 1285 706 1338 anui
742 1283 907 1338 additi
946 1291 1090 1337 recte
1129 1281 1464 1348 dicerentur,
1494 1282 1592 1336 nisi
1621 1281 1815 1351 aliquid
1844 1281 2073 1336 addere-

482 1386 569 1431 tttr
595 1376 612 1408 ⁸
633 1416 648 1442 ,
696 1375 838 1446 quod
867 1389 926 1430 se
955 1374 1109 1429 aliter
1136 1374 1188 1428 in
1218 1373 1336 1426 aliis
1361 1373 1537 1428 causis
1566 1372 1842 1427 habuerat.
1869 1371 2073 1427 Secun-

481 1467 606 1524 dum
628 1467 834 1538 aliquas
858 1467 1014 1538 igitur
1033 1481 1220 1521 causas
1240 1466 1519 1521 inferiores
1533 1466 1641 1535 jam
1660 1466 1818 1520 vitam
1832 1465 2070 1521 ﬁnierat:

482 1557 771 1613 secundum
813 1557 931 1612 illas
967 1565 1147 1612 autem
1190 1572 1309 1623 qua:
1335 1565 1460 1610 sunt
1485 1556 1537 1610 in
1566 1556 1838 1611 voluntate
1863 1565 1916 1611 et
1940 1572 2075 1626 pra:-

484 1649 703 1706 scientia
734 1649 825 1704 Dei
848 1689 862 1712 ,
894 1649 983 1718 qui
1012 1665 1078 1703 ex
1103 1649 1401 1703 aeternitate
1428 1656 1651 1702 noverat
1677 1647 1801 1718 quid
1824 1647 1917 1702 illo
1941 1657 2075 1704 tem-

485 1756 615 1812 pore
659 1739 892 1795 facturus
935 1749 1050 1795 erat
1093 1737 1168 1811 (et
1203 1738 1305 1794 hoc
1330 1753 1458 1794 vere
1485 1737 1720 1793 futurum
1749 1738 1884 1809 erat)
1907 1780 1922 1805 ,
1952 1748 2076 1795 tunc

485 1842 602 1890 erat
642 1833 885 1888 ﬁniturus
925 1833 1088 1887 vitam
1130 1831 1343 1902 quando
1381 1830 1549 1885 finivit
1583 1830 1766 1884 vitam.
1808 1830 1939 1898 Quia
1973 1831 2076 1887 etsi

487 1927 660 1981 oranti
689 1939 1003 1980 concessum
1027 1932 1110 1979 est
1129 1963 1146 1989 ,
1177 1923 1335 1977 etiam
1363 1923 1440 1976 sic
1463 1937 1583 1977 eum
1611 1932 1882 1976 oraturum
1909 1933 1964 1976 ut
1985 1923 2075 1977 tali

486 2017 708 2072 orationi
733 2015 950 2072 concedi
972 2023 1239 2084 oporteret
1262 2013 1351 2068 ille
1371 2012 1554 2082 utique
1578 2012 1908 2082 praesciebat,
1926 2013 2077 2081 cujus

487 2111 818 2182 przescientia
844 2109 950 2164 falli
974 2123 1079 2164 non
1103 2115 1308 2178 poterat
1332 2123 1344 2158 :
1369 2116 1422 2161 et
1444 2104 1566 2160 ideo
1584 2104 1724 2175 quod
1743 2105 2072 2176 praesciebat,

489 2202 790 2258 necessario
819 2200 1052 2255 futurum
1079 2207 1213 2254 erat.

487 2294 712 2352 CAPUT
757 2293 940 2350 XVIII.
964 2321 1038 2333 —
1075 2289 1344 2360 Colligitur
1385 2288 1638 2343 Adamum
1671 2306 1773 2344 non
1807 2292 2079 2362 formatum

559 2388 715 2457 fuisse
756 2395 933 2441 contra
973 2398 1123 2454 quam
1150 2391 1257 2436 erat
1285 2381 1336 2455 in
1361 2380 1770 2451 primordialibus
1790 2379 1956 2434 causis
1999 2380 2078 2433 in-

560 2480 808 2534 uitulum.

557 2569 647 2624 29.
672 2569 1024 2638 Quapropter,
1047 2565 1093 2619 si
1113 2564 1352 2620 omnium
1373 2563 1668 2618 futurorum
1688 2577 1862 2617 causa:
1883 2561 2080 2617 mundo

493 2671 618 2717 sunt
661 2660 868 2726 insitae,
915 2673 1036 2713 cum
1085 2656 1174 2711 ille
1213 2653 1382 2711 factus
1415 2663 1499 2710 est
1521 2654 1669 2718 dies,
1700 2653 1910 2724 quando
1941 2652 2082 2708 Deus

487 2753 691 2810 creavit
719 2751 894 2806 omnia
922 2747 1078 2804 simul
1103 2762 1118 2812 ;
1148 2763 1253 2802 non
1275 2746 1431 2801 aliter
1451 2745 1620 2800 Adam
1649 2745 1817 2800 factus
1835 2753 1936 2809 est,
1959 2758 2080 2798 cum

489 2846 558 2901 de
601 2846 728 2899 limo
774 2843 1030 2898 formatus
1071 2847 1184 2904 est,
1217 2839 1354 2894 sicut
1378 2848 1464 2894 est
1499 2837 1932 2904 crcdibiliusJam
1961 2851 2082 2905 per-

490 2938 643 2992 lectae
690 2934 986 3000 virilitatis,
1031 2947 1190 3002 quam
1231 2940 1347 2986 erat
1385 2931 1437 2984 in
1464 2929 1566 2982 illis
1593 2929 1797 2994 causis,
1827 2929 1914 2982 ubi
1943 2929 2084 2982 Deus

490 3027 763 3082 hominem
806 3025 858 3078 in
890 3039 983 3079 sex
1010 3022 1216 3076 dierum
1243 3020 1494 3092 operibus
1523 3018 1667 3073 fecit.
1701 3018 1776 3072 lbi
1801 3019 1943 3074 enim
1969 3026 2084 3073 erat

492 3132 599 3173 non
630 3116 802 3170 solum
831 3123 887 3168 ut
911 3114 982 3168 ita
1014 3112 1128 3168 ﬁeri
1159 3119 1371 3182 posset,
1398 3124 1581 3164 verum
1604 3109 1761 3164 etiam
1791 3117 1847 3162 ut
1871 3108 1942 3162 ita
1962 3123 2083 3163 eum

493 3209 610 3266 ﬁeri
656 3223 875 3264 necesse
908 3213 1070 3262 esset.
1107 3204 1240 3261 Tam
1276 3203 1417 3258 enim
1446 3217 1551 3256 non
1583 3201 1708 3256 fecit
1736 3200 1874 3254 Deus
1899 3209 2083 3254 contra

490 3315 740 3366 causam,
783 3313 942 3370 quam
984 3297 1101 3352 sine
1139 3295 1300 3350 dubio
1337 3293 1522 3349 volens
1564 3291 1882 3363 prmstituit,
1924 3306 2083 3364 quam

491 3401 677 3448 contra
722 3389 1047 3444 voluntatem
1095 3401 1248 3441 suam
1295 3399 1402 3440 non
1449 3383 1591 3440 facit.
1643 3382 1698 3438 Si
1744 3390 1922 3436 autem
1975 3396 2082 3436 non

492 3501 677 3542 omnes
697 3497 884 3538 causas
905 3481 956 3536 in
973 3489 1215 3534 creatura
1226 3479 1470 3551 primitus
1492 3475 1703 3531 condita
1723 3475 1969 3545 praeﬁxit,
1987 3475 2081 3530 scd

491 3581 696 3650 aliquas
737 3577 792 3632 in
837 3589 929 3631 sua
971 3572 1242 3628 voluntate
1279 3569 1541 3630 servavit;
1588 3583 1691 3622 non
1724 3575 1848 3622 sunt
1871 3566 2084 3635 quidem

492 3673 596 3728 illa:
636 3685 767 3742 quas
804 3667 856 3723 in
899 3681 993 3722 sua
1018 3666 1288 3720 voluntate
1315 3662 1572 3727 servavit,
1607 3676 1674 3716 ex
1701 3661 1922 3715 istarum
1953 3675 2084 3728 quas

492 3764 691 3822 creavit
736 3761 1054 3816 necessitate
1101 3756 1394 3828 pendentes
1442 3773 1454 3808 :
1502 3769 1609 3810 non
1656 3761 1830 3807 tamen
1862 3762 2086 3821 possunt

493 3871 615 3913 esse
656 3851 937 3909 contraria:
980 3863 1112 3920 quas
1156 3848 1208 3902 in
1250 3862 1344 3900 sua
1385 3845 1654 3900 voluntate
1683 3842 1945 3906 servavit,
1981 3841 2084 3896 illis

495 3958 627 4016 quas
674 3957 768 3998 sua
814 3941 1083 3995 voluntate
1126 3935 1387 4000 instituit;
1432 3936 1554 4005 quia
1587 3935 1675 3988 Dei
1704 3933 1948 3988 voluntas
1977 3946 2084 3986 non

493 4041 671 4107 potest
713 4032 812 4086 sibi
851 4045 972 4087 esse
1011 4028 1293 4084 contraria.
1321 4025 1454 4080 Istas
1477 4039 1604 4094 ergo
1629 4024 1704 4078 sic
1730 4023 1997 4089 condidit,
2027 4031 2085 4077 ut

495 4141 562 4182 ex
601 4124 703 4180 illis
727 4138 844 4178 esse
875 4121 1036 4187 illud,
1065 4119 1216 4190 cujus
1245 4133 1420 4174 causa:
1444 4125 1597 4183 sunt,
1624 4117 1822 4187 possit;
1855 4115 1948 4170 sed
1977 4130 2083 4168 non

497 4234 720 4278 necesse
763 4218 834 4273 sit
864 4233 878 4270 :
914 4215 1030 4270 illas
1049 4222 1225 4268 autem
1247 4213 1325 4268 sic
1343 4210 1652 4275 abscondit,
1683 4219 1740 4263 ut
1765 4224 1830 4264 ex
1857 4210 1939 4264 eis
1964 4223 2084 4264 esse

495 4327 714 4370 necesse
744 4309 968 4375 sithoc,
997 4305 1138 4378 quod
1164 4321 1231 4360 ex
1258 4304 1372 4360 istis
1396 4303 1522 4360 fecit
1552 4311 1608 4356 ut
1628 4315 1744 4356 esse
1766 4301 1955 4371 possit.

494 4403 718 4462 CAPUT
749 4401 891 4458 XIX.
913 4429 985 4441 —
1003 4398 1199 4453 Adamo
1220 4413 1320 4451 non
1343 4395 1608 4466 spirituale
1627 4391 1713 4447 sed
1732 4391 1953 4446 animale
1971 4408 2084 4446 cor-

905 4508 1000 4563 pus
1025 4508 1058 4544 a
1087 4489 1197 4544 Deo
1223 4491 1496 4561 formatum
1524 4501 1647 4540 esse.

571 4586 660 4641 30.
698 4585 847 4640 Solet
881 4583 1006 4638 item
1035 4580 1201 4652 quaeri
1220 4619 1236 4644 ,
1263 4587 1439 4632 utrum
1467 4575 1694 4630 animale
1717 4591 1910 4646 corpus
1936 4575 2082 4646 prius

497 4676 699 4733 homini
737 4676 1017 4729 formatum
1043 4671 1112 4726 sit
1139 4685 1170 4724 e
1192 4668 1338 4734 limo,
1353 4666 1506 4738 quale
1534 4681 1674 4720 nunc
1698 4665 1981 4733 habemus,
2012 4682 2081 4721 an

496 4766 802 4839 spirituale,
849 4763 1006 4833 quale
1044 4768 1382 4830 resurgentes
1410 4755 1741 4811 habebimus.
1769 4755 2078 4826 Quanquam

496 4861 640 4916 enim
672 4859 771 4913 hoc
801 4857 854 4910 in
883 4853 1012 4910 illud
1047 4851 1372 4916 mutabitur;
1400 4849 1694 4904 seminatur
1717 4847 1858 4903 enim
1888 4863 2081 4917 corpus

494 4951 722 5006 animale
741 4990 757 5016 ,
798 4955 980 5019 surget
1007 4958 1202 5014 corpus
1229 4941 1504 5013 spirituale
1535 4957 1549 4993 :
1581 4948 1757 4996 tamen
1781 4938 1905 5011 quid
1934 4938 2080 5010 prius

497 5047 699 5106 homini
740 5045 931 5100 factum
963 5042 1068 5109 sit,
1100 5039 1220 5095 ideo
1247 5037 1571 5109 disceptatur
1590 5078 1604 5103 ,
1633 5035 1756 5107 quia
1783 5034 1827 5090 si
1853 5033 2081 5089 animale

496 5141 692 5197 factum
733 5147 817 5194 est
838 5176 854 5202 ,
895 5148 999 5189 non
1032 5132 1135 5186 hoc
1158 5129 1503 5201 recipiemus,
1534 5125 1676 5198 quod
1703 5125 1756 5180 in
1783 5124 1876 5180 illo
1900 5123 2078 5194 perdi-

494 5235 708 5298 dimus,
752 5230 847 5286 sed
888 5236 1034 5283 tanto
1075 5225 1263 5280 melius
1309 5232 1506 5294 quanto
1552 5217 1828 5290 spirituale
1867 5217 2079 5272 animali

495 5323 911 5400 prreponendum
957 5327 1070 5385 est,
1113 5315 1326 5388 quando
1365 5313 1566 5370 erimus
1599 5309 1832 5381 aequales
1865 5309 2079 5380 Angelis

496 5419 590 5476 Dei
635 5415 846 5488 (Matth.
890 5429 998 5468 χιιι
1022 5453 1036 5478 ,
1066 5407 1179 5482 50).
1208 5407 1314 5466 Sed
1340 5405 1527 5476 Angeli
1549 5412 1769 5474 possunt
1787 5403 1902 5458 aliis
1923 5412 1976 5458 et
1991 5403 2077 5474 ju-

496 5509 636 5567 stitia
660 5505 916 5579 praeponi;
940 5501 1192 5572 numquid
1213 5508 1267 5555 et
1289 5496 1512 5554 Domino
1529 5495 1555 5549 ?
1581 5494 1656 5550 De
1675 5507 1782 5565 quo
1805 5502 1980 5548 tamen
2001 5493 2081 5548 di-

478 5590 640 5660 'ctum
667 5608 750 5657 est
779 5615 792 5652 :
825 5595 1097 5652 Minorasti
1120 5611 1232 5650 eum
1251 5591 1403 5664 paulo
1424 5591 1589 5645 minus
1608 5587 1669 5643 ab
1688 5585 1892 5660 Angelis
1909 5585 2075 5659 (Psal.

563 5716 581 5749 ⁸
606 5722 714 5766 Ias.
736 5711 905 5776 plures
922 5708 1089 5772 proba
1109 5713 1255 5770 nota.
1277 5704 1458 5772 nisiut
1480 5701 1664 5766 aliquid
1684 5700 2018 5767 adderenturJ

1413 254 1504 310 DE
1541 252 1790 311 CENESI
1833 253 1924 308 AD
1963 251 2331 323 LITTERAM,
2367 253 2429 311 S.
2468 253 2835 314 AUGUSTINI

2175 383 2265 422 vni
2281 409 2295 434 ,
2326 365 2405 436 6).
2429 366 2580 424 Unde
2597 411 2610 435 ,
2633 368 2735 422 nisi
2767 377 2983 438 propter
3006 369 3181 426 carnis
3208 368 3571 428 inﬁrmitatem
3597 389 3761 442 quam

2175 461 2403 530 sumpsit
2442 476 2507 517 ex
2534 459 3011 530 Virgine,formam
3039 463 3179 519 servi
3205 464 3474 533 accipiens
3496 463 3759 538 (Philipp.

2175 569 2210 609 ιι
2231 594 2246 618 ,
2277 552 2331 625 7)
2356 595 2370 616 ,
2395 554 2451 608 in
2477 568 2578 623 qua
2602 555 2833 610 moriens
2854 570 2953 610 nos
2970 571 3000 609 a
3025 556 3278 612 servitute
3302 557 3632 614 redimeret?
3653 560 3762 615 Sed

2174 645 2301 716 quid
2337 645 2460 701 hinc
2493 645 2692 700 diutius
2724 646 3088 702 disseramus?
3115 647 3229 703 Non
3257 649 3398 703 enim
3425 651 3655 706 obscura
3678 663 3766 706 est

2175 738 2414 808 Apostoli
2444 738 2704 792 sententia
2730 738 2796 793 de
2822 738 2921 794 hac
2946 754 3039 805 re;
3062 740 3155 809 qui
3181 754 3300 796 cum
3325 741 3584 796 voluisset
3610 741 3767 798 adhi-

2175 827 2303 882 bere
2324 827 2704 892 testimonium,
2735 843 2840 896 quo
2864 827 3116 897 probaret
3137 843 3258 886 esse
3281 844 3478 900 corpus
3503 832 3762 898 animale,

2177 933 2284 972 non
2327 927 2433 972 tam
2477 917 2546 973 de
2593 933 2692 972 suo
2711 919 2794 972 vel
2819 917 2886 972 de
2907 918 3221 990 cujusquam
3248 919 3480 976 hominis
3499 936 3761 991 corpore,

2177 1008 2318 1078 quod
2352 1009 2403 1064 in
2436 1009 2684 1080 prmsenti
2719 1009 3026 1075 videbatur,
3061 1025 3220 1081 quam
3247 1011 3316 1066 de
3340 1011 3441 1066 hoc
3469 1011 3589 1082 ipso
3617 1011 3769 1068 Scri-

2179 1106 2348 1168 pturae
2388 1098 2546 1168 hujus
2577 1099 2693 1154 loco
2714 1099 2940 1155 recoluit
2960 1111 3014 1155 et
3037 1100 3311 1169 adhibuit,
3337 1101 3526 1158 dicens
3553 1121 3568 1155 :
3605 1103 3670 1158 Si
3694 1120 3769 1158 cs.

2179 1207 2360 1262 corpus
2402 1192 2654 1256 animale,
2695 1202 2767 1246 est
2804 1200 2851 1246 et
2887 1193 3190 1262 spirituale;
3216 1193 3290 1248 sic
3314 1195 3495 1249 etenim
3519 1195 3771 1264 scriptum

2179 1291 2251 1336 est
2293 1297 2312 1336 :
2349 1281 2542 1336 Factus
2583 1291 2654 1336 est
2689 1283 2881 1353 primus
2904 1283 3053 1338 homo
3079 1283 3246 1337 Adam
3267 1285 3321 1338 in
3346 1285 3570 1339 animam
3595 1286 3769 1339 cicen-

2180 1384 2317 1439 tcm;
2364 1373 2660 1428 novissimus
2705 1374 2868 1428 Adam
2907 1375 2960 1426 in
2999 1373 3234 1444 spiritum
3269 1375 3626 1443 viviﬁcantem.
3661 1375 3772 1430 Sed

2181 1480 2282 1518 non
2303 1465 2519 1534 primum
2537 1463 2671 1533 quod
2695 1463 2956 1533 spirituale
2974 1472 3066 1530 est,
3089 1463 3178 1518 sed
3193 1464 3330 1533 quod
3354 1464 3599 1528 animale;
3629 1476 3772 1534 post-

2181 1572 2271 1620 ea,
2323 1554 2604 1625 spirituale.
2653 1553 2861 1609 Primus
2879 1560 3027 1610 homo
3051 1555 3115 1609 de
3139 1564 3292 1620 terra,
3310 1567 3772 1621 terrenus;qu

2181 1645 2276 1701 dus
2314 1647 2461 1700 homo
2503 1646 2566 1700 de
2605 1647 2762 1710 coelo,
2809 1645 3040 1700 celestis.
3074 1645 3254 1712 Qualis
3281 1655 3537 1712 terrenus,
3568 1648 3698 1702 tales
3724 1659 3772 1702 et

2182 1742 2398 1802 terreni;
2425 1748 2472 1794 et
2497 1740 2660 1808 qualis
2688 1739 2899 1792 caelestis
2917 1781 2932 1806 ,
2957 1740 3081 1793 tales
3105 1748 3152 1792 et
3172 1740 3412 1795 cmlesles.
3433 1739 3502 1794 Et
3517 1757 3774 1809 quomoao

2182 1834 2437 1888 induimus
2464 1833 2730 1903 imaginem
2761 1832 2971 1897 terreni,
3000 1832 3271 1886 induamus
3291 1841 3337 1886 et
3365 1832 3639 1903 imaginem
3661 1835 3774 1905 ejus

2181 1926 2269 1996 qui
2287 1925 2351 1978 de
2368 1925 2492 1980 cwlo
2512 1935 2584 1979 est
2608 1925 2650 1997 (Ι
2677 1925 2792 1979 Cor.
2822 1939 2895 1978 xv
2915 1965 2930 1989 ,
2951 1924 3160 1996 44-49).
3183 1923 3322 1990 Quid
3346 1923 3410 1980 ad
3434 1923 3535 1979 hoc
3552 1925 3663 1980 dici
3681 1941 3778 1994 po.

2186 2019 2329 2074 test?
2371 2016 2657 2087 Imaginem
2697 2031 2825 2086 ergo
2864 2015 3100 2070 caelestis
3146 2015 3376 2070 hominis
3402 2031 3541 2070 nunc
3569 2032 3639 2070 ex
3671 2016 3779 2071 ﬁde

2185 2118 2458 2181 portamus
2477 2153 2492 2177 ,
2539 2108 2765 2163 habituri
2795 2107 2847 2162 in
2875 2107 3266 2164 resurrectione
3290 2106 3430 2176 quod
3455 2107 3732 2164 credimus
3761 2126 3778 2164 :

2184 2201 2468 2273 imaginem
2505 2211 2684 2256 autem
2714 2199 2909 2255 terreni
2940 2197 3169 2254 hominis
3192 2197 3260 2253 ab
3286 2197 3400 2254 ipso
3424 2198 3650 2254 exordio
3671 2199 3779 2253 hu-

2185 2309 2358 2348 manze
2379 2293 2735 2365 generationis
2755 2291 3042 2348 induimus.

2186 2385 2411 2444 CAPUT
2448 2388 2568 2442 XX.
2594 2419 2665 2428 —
2694 2386 2975 2457 Diﬂicultas
3018 2394 3194 2440 contra
3229 2385 3537 2456 superiorem
3571 2393 3783 2440 senten-

2261 2482 2401 2536 tiam.
2437 2480 2622 2552 Opinio
2642 2496 2824 2550 corpus
2847 2478 3032 2532 Adami
3048 2479 3192 2550 prius
3212 2479 3452 2548 animale,
3475 2488 3649 2549 postea
3667 2480 3785 2548 spi-

2259 2572 2444 2627 rituale
2474 2575 2663 2644 factum
2690 2571 2847 2642 fuisse
2870 2571 2923 2623 in
2950 2569 3206 2639 paradiso.

2261 2663 2350 2718 51.
2379 2662 2474 2716 IIic
2499 2661 2728 2716 occurrit
2746 2659 2846 2714 alia
2869 2660 3114 2730 qumstio,
3137 2660 3403 2731 quomodo
3433 2675 3784 2728 renovemur,

2189 2756 2236 2811 si
2260 2771 2364 2809 non
2386 2753 2574 2809 adhoc
2593 2768 2690 2824 per
2708 2752 2976 2808 Christum
3002 2767 3315 2809 revocamur
3332 2795 3346 2819 ,
3369 2753 3510 2825 quod
3533 2755 3582 2810 in
3605 2753 3790 2811 Adam

2192 2848 2337 2918 prius
2371 2861 2605 2902 eramus.
2647 2845 2958 2918 Quanquam
2999 2845 3144 2902 enim
3177 2846 3344 2901 multa
3381 2863 3485 2902 non
3517 2847 3568 2902 in
3600 2848 3793 2917 pristio

2192 2952 2355 3002 num,
2398 2935 2493 2991 sed
2536 2936 2590 2991 in
2631 2936 2820 2991 melius
2861 2937 3306 3003 rcnoventur,ab
3331 2937 3577 2993 inferiore
3597 2947 3792 2997 tamer.

2193 3036 2332 3083 statu
2355 3069 2370 3093 ,
2401 3043 2559 3097 quam
2589 3041 2693 3097 quo
2713 3037 2865 3084 erant
2885 3037 3038 3085 antea
3059 3071 3074 3097 ,
3103 3039 3445 3085 renovantur.
3476 3029 3626 3086 Unde
3651 3047 3790 3102 ergo

2193 3121 2285 3175 ille
2308 3119 2448 3174 ﬁlius
2473 3129 2714 3175 mortuus
2733 3129 2848 3176 erat
2866 3163 2881 3188 ,
2914 3128 2970 3176 et
2993 3121 3218 3186 revixit;
3247 3120 3497 3190 perierat,
3520 3130 3574 3177 et
3594 3122 3791 3178 iuven-

2193 3221 2280 3266 tus
2308 3220 2392 3266 est
2419 3209 2568 3282 (Luc.
2597 3227 2699 3278 xv,
2725 3209 2816 3284 δὲ)
2844 3228 2856 3264 :
2886 3211 3027 3267 unde
3049 3211 3122 3265 illi
3142 3209 3407 3281 profertur
3422 3211 3554 3265 stola
3578 3213 3752 3282 prima
3770 3255 3789 3279 ,

2193 3301 2237 3356 si
2267 3318 2372 3356 non
2401 3301 2850 3356 immortalitatem
2876 3302 3100 3371 recipit,
3123 3317 3280 3373 quam
3311 3302 3541 3371 perdidit
3567 3302 3742 3358 Adam
3768 3306 3789 3359 ἲ

2191 3391 2473 3459 Quomodo
2513 3401 2687 3447 autem
2733 3391 2962 3462 perdidit
2994 3391 3443 3448 immortalitatem
3465 3436 3480 3460 ,
3517 3393 3561 3448 si
3584 3408 3796 3464 corpus

2194 3485 2379 3540 habuit
2421 3485 2696 3540 animale?
2741 3485 2921 3556 Neque
2965 3485 3106 3540 enim
3149 3485 3378 3541 animale
3415 3499 3636 3555 corpus,
3682 3489 3792 3544 sed

2193 3579 2467 3649 Spiritualc
2509 3579 2642 3642 erit,
2685 3593 2806 3632 cum
2848 3576 3191 3647 corruptibile
3225 3576 3326 3632 hoc
3351 3577 3578 3635 induerit
3600 3579 3793 3634 incor-

2193 3672 2490 3741 ruptionem
2513 3710 2528 3734 ,
2573 3678 2627 3724 et
2663 3669 2888 3724 mortale
2921 3668 3022 3724 hoc
3062 3669 3292 3724 induerit
3329 3669 3792 3728 immortalitatem

2195 3759 2241 3832 (I
2267 3761 2385 3816 Cor.
2421 3776 2492 3815 xv
2513 3802 2525 3825 ,
2559 3761 2669 3829 55).
2697 3759 2948 3814 Nonnulli
2970 3759 3054 3817 his
3074 3761 3329 3830 angustiis
3352 3761 3621 3823 coarctati.
3647 3770 3704 3816 ut
3729 3774 3793 3820 ct

2195 3851 2283 3906 illa
2319 3861 2527 3907 constet
2559 3853 2820 3906 sententia
2849 3867 2951 3922 qua
2990 3852 3293 3921 exemplum
3319 3851 3388 3906 de
3420 3853 3632 3908 animali
3652 3868 3792 3908 cor-

2194 3959 2325 4016 pore
2366 3945 2488 4000 hinc
2521 3945 2700 4000 datum
2728 3953 2810 4000 est
2830 3986 2844 4010 ,
2870 3952 2928 3999 ut
2947 3945 3215 4000 diceretur
3233 3986 3247 4009 ,
3275 3943 3464 3999 Factus
3493 3954 3562 3999 est
3582 3946 3791 4015 primus

2196 4037 2344 4092 homo
2384 4036 2548 4090 Adam
2580 4035 2633 4089 in
2659 4036 2890 4105 fanimant
2913 4037 3180 4100 viventem,
3211 4036 3506 4090 novissimus
3533 4036 3695 4090 Adam
3723 4039 3791 4092 in

2193 4127 2425 4198 spiritum
2449 4126 2778 4194 viviﬁcantem
2798 4143 2816 4190 ;
2836 4135 2889 4180 et
2909 4126 3008 4180 ista
3030 4125 3302 4180 renovatio
3320 4125 3656 4195 receptioque
3679 4127 3792 4182 im-

2194 4219 2550 4282 mortalitatis,
2581 4234 2686 4273 non
2715 4217 2944 4274 absurde
2967 4217 3173 4274 dicatur
3198 4209 3547 4288 in.pristinum
3571 4219 3742 4273 futura
3765 4262 3786 4285 ,

2193 4311 2247 4365 in
2272 4309 2399 4364 illud
2423 4310 2623 4364 scilicet
2645 4308 2784 4378 quod
2816 4307 2982 4363 Adam
3007 4308 3270 4380 perdidit:
3297 4319 3608 4380 putaverunt
3628 4312 3790 4379 prius

2192 4400 2405 4471 quidem
2435 4399 2704 4454 hominem
2753 4399 2916 4455 fuisse
2937 4399 3177 4470 corporis
3215 4401 3460 4456 animalis
3484 4417 3498 4466 ;
3527 4400 3618 4456 sed
3645 4401 3784 4458 dum

2191 4493 2246 4548 in
2272 4491 2518 4562 paradiso
2539 4491 2854 4546 constitutus
2881 4500 2983 4557 est,
3009 4506 3129 4547 eum
3152 4490 3315 4548 fuisse
3338 4502 3618 4558 mutatum,
3635 4494 3788 4552 sicut

2190 4599 2292 4639 nos
2319 4599 2530 4654 quoque
2559 4584 2948 4640 resurrectione
2971 4583 3312 4639 mutabimur.
3343 4584 3456 4640 Iloc
3475 4584 3690 4656 quidem
3711 4586 3788 4641 Ii-

2190 4677 2287 4733 ber
2322 4675 2592 4732 Geneseos
2620 4692 2723 4730 non
2750 4686 3169 4741 commemorat;
3197 4675 3292 4732 sed
3320 4685 3376 4731 ut
3401 4676 3604 4746 possint
3622 4686 3781 4732 utra-

2188 4788 2291 4842 que
2321 4769 2618 4826 testimonia
2647 4770 3036 4838 Scripturarum
3063 4769 3202 4824 inter
3225 4783 3282 4824 se
3302 4773 3603 4825 consentire
3621 4812 3636 4837 ,
3660 4771 3784 4828 sive

2187 4865 2318 4920 illud
2342 4863 2482 4935 quod
2502 4863 2569 4918 de
2589 4863 2802 4918 animali
2825 4878 3047 4934 corpore
3066 4862 3264 4918 dictum
3291 4872 3394 4930 est,
3420 4863 3533 4919 sive
3552 4863 3635 4918 illa
3653 4880 3784 4934 quae

2188 4958 2256 5015 de
2276 4957 2618 5013 renovatione
2641 4964 2820 5010 nostra
2842 4956 3064 5024 plurima
3091 4955 3145 5010 in
3167 4956 3364 5012 sanctis
3386 4956 3597 5012 Litteris
3618 4973 3782 5028 repe-

2189 5049 2417 5116 riuntur,
2444 5049 2545 5102 hoc
2561 5057 2808 5116 tanquam
2823 5047 3123 5102 necessario
3138 5047 3391 5119 consequi
3409 5047 3773 5103 crediderunt.

2415 5137 2640 5195 CAPUT
2660 5137 2803 5194 XXI.
2817 5170 2885 5180 —
2901 5137 3212 5210 Exploditur
3227 5140 3318 5194 illa
3339 5141 3531 5210 opinio.

2259 5231 2465 5289 52.Sed
2493 5231 2536 5286 si
2555 5231 2623 5286 ita
2653 5240 2754 5299 est,
2773 5230 2964 5286 frustra
2981 5245 3238 5286 conamur
3262 5231 3561 5301 paradisum
3581 5239 3634 5286 et
3651 5231 3778 5289 illas

2188 5325 2408 5382 arbores
2435 5338 2721 5394 earumque
2744 5323 2975 5389 fructus,
3005 5330 3201 5392 praeter
3245 5324 3517 5393 ﬁguratam
3561 5323 3772 5391 signiﬁ-

2188 5417 2470 5480 cationem,
2491 5415 2638 5485 prius
2657 5415 2897 5483 accipere
2908 5413 2974 5468 ad
2993 5428 3168 5468 rerum
3185 5423 3449 5484 gestarum
3467 5413 3770 5484 proprieta-

2191 5519 2316 5566 tem.
2339 5506 2469 5575 Quis
2485 5506 2628 5562 enim
2641 5503 2824 5560 credat
2835 5503 2942 5574 jam
2962 5503 3102 5560 illius
3117 5503 3259 5559 modi
3273 5503 3420 5558 cibos
3435 5517 3499 5558 ex
3512 5503 3767 5559 arborum

2189 5598 2361 5671 pomis
2371 5595 2756 5653 immortalibus
2774 5604 2829 5652 et
2855 5594 3214 5665 spiritualibus
3237 5593 3550 5664 corporibus
3569 5608 3763 5651 neces-

2191 5689 2359 5748 sarios
2382 5703 2502 5745 esse
2526 5687 2792 5759 potuisse?
2810 5686 3184 5746 Verumtamen
3209 5685 3258 5743 si
3284 5684 3424 5743 aliud
3447 5699 3552 5744 non
3583 5694 3760 5759 potest
