3902 6308
183 276 256 332 53

148 278 256 333 355
1536 278 1733 310 unum“

151 354 601 426 inveniri,'mclius
615 350 857 428 eligimus
869 344 1171 425 paradisum
1190 344 1530 419 spiritualiter
1545 344 1733 399 intelli-

149 472 299 527 gere,
336 467 489 523 quam
519 450 601 505 vel
644 460 829 519 putare
870 460 975 501 non
1014 442 1257 498 renovari
1287 438 1578 502 hominem,
1610 451 1730 491 cum

154 549 313 602 toties
336 544 431 598 hoc
461 541 735 611 Scriptum
756 543 1167 595 commemoret;
1187 531 1402 586 velcum
1431 527 1737 583 existimare

153 640 393 708 recipere
429 635 571 705 quod
613 647 717 687 non
767 628 1068 686 ostenditur
1106 625 1368 681 amisisse.
1397 623 1510 677 Iluc
1535 619 1740 675 accedit

152 731 295 804 quod
327 740 381 786 et
407 730 520 799 ipsa
560 739 703 780 mors
732 721 984 785 hominis,
1006 734 1163 790 quam
1188 732 1307 772 eum
1339 722 1563 786 peccato
1592 726 1739 766 com-

155 801 436 884 meruisse,
466 815 632 871 multa
676 813 854 868 divina
896 808 1196 865 testimonia
1227 807 1620 875 colloquuntur,
1655 801 1739 855 in-

157 916 295 971 dicat
323 928 445 967 eum
474 911 591 966 sine
625 916 797 963 morte
835 906 1068 959 futurum
1108 901 1289 965 fuisse,
1315 898 1415 952 nisi
1446 902 1738 967 peccasset.

158 1003 436 1075 Quomodo
482 1016 612 1071 ergo
662 1000 779 1053 sine
825 1004 998 1050 morte
1041 988 1319 1049 mortalis?
1348 996 1440 1043 aut
1473 983 1743 1058 quomodo

162 1114 261 1153 non
290 1093 550 1153 mortalis.
582 1092 626 1147 si
655 1105 849 1159 corpus
877 1085 1147 1143 animale?

161 1186 382 1244 CAPUT
440 1182 606 1239 XXII.
635 1181 980 1236 —-Adamum
1034 1186 1236 1248 peccato
1288 1184 1497 1229 mortem
1540 1172 1740 1261 animat,

104 1277 115 1289 ’
212 1296 312 1334 non
328 1277 555 1343 corporis
580 1274 838 1340 meruisse,
852 1272 1059 1343 quidam
1083 1287 1185 1324 non
1213 1278 1342 1322 recte
1367 1267 1685 1320 arbitrantes.

230 1371 319 1425 55.
354 1368 505 1425 Unde
525 1367 735 1438 quidam
754 1379 858 1419 non
878 1379 999 1417 eum
1016 1371 1241 1417 mortem
1271 1358 1508 1428 corporis
1534 1360 1751 1426 peccato

166 1462 420 1519 meruisse
440 1458 784 1521 arbitrantur,
814 1453 909 1509 sed
940 1460 1167 1507 mortem
1198 1451 1413 1513 animm,
1443 1462 1600 1516 quam
1629 1443 1752 1499 fecit

167 1554 437 1624 iniquitas.
466 1551 596 1605 Nam
616 1548 842 1604 credunt
865 1561 1007 1608 eum,
1038 1552 1255 1614 propter
1281 1556 1475 1611 corpus
1499 1537 1748 1603 animale,

172 1646 435 1703 exiturum
476 1642 637 1697 fuisse
664 1639 732 1695 de
758 1640 859 1694 hoc
886 1650 1128 1707 corpore,
1165 1634 1229 1688 ad
1268 1634 1507 1703 requiem
1549 1630 1753 1684 scilicet

172 1751 322 1807 quam
355 1748 500 1788 nunc
527 1732 723 1787 habent
751 1729 924 1784 sancti
953 1728 1042 1797 qui
1086 1726 1196 1795 jam
1234 1724 1584 1785 dormierunt,
1616 1730 1670 1776 et
1696 1721 1750 1775 in

173 1826 269 1881 line
293 1824 479 1880 saeculi
500 1822 687 1877 eadem
710 1819 946 1875 membra
969 1816 1342 1871 immortaliter
1366 1814 1749 1883 recepturum‘;

176 1927 227 1973 ut
255 1916 504 1971 videlicet
534 1928 679 1969 mors
709 1911 948 1982 corporis
988 1924 1092 1963 non
1138 1908 1204 1962 de
1252 1915 1470 1975 peccato
1499 1904 1755 1958 accidisse

176 2009 437 2071 videatur,
466 2006 560 2061 sed
600 2003 931 2066 naturaliter,
966 2009 1026 2055 ut
1066 1998 1371 2053 animalium
1418 2005 1753 2050 caeterorum.

178 2099 367 2153 Verum
390 2098 478 2157 his
508 2112 693 2151 rursus
719 2094 1007 2164 Apostolus
1036 2089 1266 2145 occurrit
1294 2098 1346 2142 et
1372 2087 1500 2141 dicit
1524 2104 1536 2139 :
1564 2085 1758 2156 Corpus

179 2190 371 2261 quidem
411 2196 663 2242 mortuum
696 2193 767 2239 est
807 2191 1014 2254 propter
1053 2188 1331 2251 peccatum,
1363 2178 1569 2247 spiritus
1594 2187 1761 2229 autem

181 2284 272 2336 vita
309 2289 381 2333 est
423 2287 628 2350 propter
656 2275 928 2347 justitiam.
960 2272 1019 2327 Si
1064 2281 1225 2324 autent
1268 2267 1492 2338 Spiritus
1537 2268 1645 2338 ejus
1676 2265 1762 2336 qui

184 2370 435 2426 suscitavit
462 2367 715 2423 Christum
735 2383 766 2417 τι
787 2364 995 2419 mortuis
1023 2362 1212 2415 habitat
1231 2360 1285 2412 in
1305 2358 1475 2423 vobis;
1498 2357 1581 2427 qui
1603 2356 1763 2409 susci-

186 2467 297 2520 tavit
316 2464 578 2521 Christum
597 2478 627 2514 a
653 2459 882 2519 mortuis,
910 2453 1177 2524 vivi/icabit
1210 2462 1254 2505 et
1292 2451 1527 2505 mortalia
1552 2462 1766 2517 corpora

186 2567 336 2612 vestra
352 2553 820 2626 perinhabitantem
836 2549 1083 2620 Spiritum
1103 2547 1215 2618 ejus
1234 2545 1286 2598 in
1308 2540 1629 2611 vobis(Roin.
1650 2554 1764 2602 vm,

190 2649 269 2716 10,
304 2647 419 2718 II).
450 2646 527 2699 Ac
561 2658 655 2713 per
695 2642 795 2696 hoc
828 2654 972 2694 mors
996 2638 1155 2692 etiam
1183 2633 1425 2704 corporis
1454 2631 1522 2686 de
1552 2637 1769 2701 peccato

189 2748 282 2796 est.
319 2739 375 2793 Si
408 2750 538 2806 ergo
563 2749 669 2788 non
697 2740 968 2802 peccasset
996 2728 1187 2792 Adam,
1212 2740 1311 2781 nec
1336 2737 1561 2794 corpore
1591 2736 1768 2776 more-

192 2842 363 2891 retur;
412 2828 640 2897 ideoque
687 2822 985 2878 immortale
1024 2818 1247 2874 haberet
1280 2826 1334 2872 et
1371 2831 1583 2886 corpus.
1621 2813 1769 2879 Quo—

195 2922 344 2977 modo
371 2934 505 2990 ergo
532 2914 853 2976 immortale,
884 2912 929 2966 si
959 2909 1230 2966 animale?

195 3011 413 3069 CAPUT
454 3004 812 3064 XXIII.—In
848 3020 930 3059 eos
967 3003 1053 3073 qui
1099 3001 1273 3055 dicunt
1317 2999 1444 3053 Δάαι
1484 3014 1667 3066 corpus
1713 3012 1776 3050 ea:

411 3100 623 3156 animali
658 3097 924 3170 spirituale
958 3099 1146 3166 factum
1186 3092 1239 3146 in
1281 3090 1537 3164 paradiso.

231 3197 312 3253 54.
336 3192 448 3251 Sed
466 3204 649 3247 rursus
668 3203 773 3243 non
794 3187 996 3251 vident,
1013 3185 1100 3254 qui
1119 3184 1231 3253 ejus
1249 3197 1441 3251 corpus
1458 3181 1509 3233 in
1530 3178 1774 3248 paradiso

201 3294 454 3341 multatum
470 3290 676 3353 putant,
691 3288 747 3333 ut
762 3293 826 3334 ex
841 3276 1053 3331 animali
1069 3274 1216 3329 ﬂeret
1228 3270 1526 3344 spirituale,
1541 3269 1669 3323 nihil
1690 3269 1779 3322 im-

204 3377 401 3447 pcdire,
426 3374 469 3429 si
504 3386 607 3426 non
630 3376 921 3440 peccasset,
942 3374 999 3420 ut
1020 3373 1137 3436 post
1154 3363 1382 3434 paradisi
1406 3363 1565 3416 vitam
1587 3402 1603 3427 ,
1622 3374 1778 3429 quam

200 3468 331 3538 juste
344 3464 763 3532 obedienterqne
783 3460 1021 3522 vixisset,
1041 3456 1305 3525 acciperet
1327 3454 1566 3510 eamdem
1589 3467 1780 3521 corpo-

204 3558 272 3611 ris
300 3554 648 3610 mutationem
679 3554 730 3605 in
760 3551 865 3605 vita
890 3546 1332 3616 mterna,ubijam
1350 3544 1482 3600 cibis
1497 3542 1785 3613 corporali-

205 3647 296 3702 bus
321 3661 431 3701 non
462 3652 661 3714 egeret.
688 3641 825 3709 Quid
873 3655 1002 3711 ergo
1047 3652 1267 3694 necesse
1309 3644 1393 3691 est
1434 3645 1649 3705 propter
1683 3633 1785 3689 hoc

204 3738 304 3808 jam
333 3736 455 3808 cogi
484 3736 726 3806 ﬁgurate,
758 3748 865 3788 non
896 3730 1106 3803 proprie
1134 3727 1436 3799 paradisum
1470 3725 1783 3795 intelligere,

209 3829 324 3899 quia
352 3844 465 3884 non
498 3834 676 3897 posset
696 3824 829 3879 mori
855 3838 1052 3893 corpus
1074 3821 1175 3876 nisi
1205 3819 1463 3891 peccato?
1492 3817 1684 3872 Verum
1707 3826 1790 3871 est

209 3920 423 3990 quidem
450 3918 591 3989 quod
622 3932 728 3971 non
756 3926 1052 3970 moreretur
1075 3914 1238 3968 etiam
1262 3925 1504 3981 corpore,
1539 3910 1641 3962 nisi
1663 3922 1788 3979 pec-

212 4020 417 4077 casset;
464 4017 649 4079 aperte
691 4008 886 4079 quippe
927 4005 1056 4060 dicit
1093 4002 1397 4073 Apostolus,
1430 3999 1624 4071 Corpus
1660 4014 1794 4051 mor-

215 4113 348 4158 tuum
392 4109 599 4173 propter
637 4110 895 4172 peccatum
920 4095 1188 4152 :animale
1233 4102 1408 4148 tamen
1456 4100 1635 4161 posset
1677 4103 1795 4144 esse

216 4206 333 4251 ante
360 4203 661 4266 peccatum,
683 4200 739 4249 et
760 4199 883 4263 post
910 4193 1072 4245 vitam
1098 4187 1339 4258 justitiaz,
1368 4200 1490 4240 cum
1516 4185 1655 4239 Deus
1687 4183 1797 4238 vel-

218 4285 305 4351 let,
327 4286 446 4342 lieri
479 4284 775 4355 Spirituale.

218 4373 439 4433 CAPUT
478 4374 669 4431 XXIV.
695 4372 850 4429 —In
884 4373 1200 4429 renovatione
1245 4370 1494 4443 quomodo
1530 4368 1585 4423 id
1620 4368 1800 4438 reeipi-

628 4483 760 4534 mus,
805 4466 939 4538 quod
984 4465 1147 4519 Adam
1190 4464 1423 4533 perdidit.

257 4563 341 4618 35.
360 4559 641 4629 Quomodo
655 4574 803 4629 ergo,
831 4556 1094 4628 inquiunt,
1110 4556 1351 4611 renovari
1368 4556 1612 4621 dicimur,
1635 4555 1681 4609 si
1696 4570 1801 4610 non

226 4651 322 4708 hoc
332 4650 783 4723 recipimus,un
798 4648 1024 4720 perdidit
1037 4649 1235 4717 primus
1249 4646 1426 4713 homo,
1442 4646 1494 4699 in
1504 4662 1607 4716 quo
1619 4660 1805 4701 omnes

228 4746 560 4801 moriuntur?
584 4745 693 4799 Hoc
718 4743 876 4814 plane
898 4739 1184 4810 recipimus
1210 4740 1498 4794 secundum
1523 4739 1804 4809 quemdam

230 4837 440 4891 modum
457 4878 472 4903 ,
490 4844 542 4891 et
560 4850 662 4889 non
681 4834 783 4888 hoc
801 4832 1084 4902 recipimus
1100 4828 1388 4885 secundum
1406 4828 1683 4898 quemdam
1701 4843 1809 4883 mo-

233 4930 372 4984 dum.
390 4928 505 4983 Non
517 4929 694 4998 itaque
707 4924 1153 4980 immortalitatem
1173 4920 1459 4992 spiritualis
1472 4921 1710 4991 corporis
1727 4934 1810 4975 re-

235 5022 470 5092 cipimus,
484 5035 643 5092 quam
661 5018 890 5073 nondum
910 5015 1089 5070 habuit
1108 5014 1288 5078 homo;
1305 5011 1399 5068 sed
1421 5012 1702 5081 recipimus
1720 5010 1811 5082 ju-

238 5116 448 5181 stttiam,
466 5130 533 5169 ex
546 5129 646 5184 qua
666 5128 758 5182 per
773 5117 1041 5181 peccatum
1059 5108 1234 5178 lapsus
1245 5118 1327 5163 est
1342 5106 1519 5159 homo.
1529 5104 1814 5159 lienovabi-

240 5223 354 5262 mur
372 5223 498 5279 ergo
522 5222 553 5262 a
582 5214 845 5261 vetustate
872 5200 1089 5274 peccati,
1116 5217 1222 5255 non
1247 5200 1299 5254 in
1328 5200 1602 5270 pristinum
1620 5211 1815 5269 corpus

243 5299 481 5361 animale,
498 5299 549 5352 in
579 5313 683 5368 quo
708 5294 1003 5358 fuitAdam,
1022 5293 1115 5348 sed
1132 5292 1182 5346 in
1208 5290 1417 5357 melius,
1445 5291 1495 5345 id
1521 5300 1601 5345 est
1627 5290 1676 5344 in
1698 5306 1816 5345 cor-

246 5405 338 5459 pus
383 5392 678 5462 spirituale,
707 5404 827 5444 cum
864 5384 1157 5442 ciliciemur
1198 5383 1427 5455 aequales
1465 5384 1681 5451 Angelis
1722 5381 1815 5437 Dei

249 5480 453 5553 (Matth.
479 5498 604 5545 χιιι,
625 5481 735 5552 50),
754 5480 861 5551 apti
876 5478 1079 5535 caelesti
1105 5476 1435 5537 habitationi,
1453 5476 1539 5530 ubi
1561 5490 1681 5529 esca
1700 5489 1818 5544 qua:

250 5575 595 5644 corrumpitur
634 5588 739 5627 non
778 5570 1068 5639 egebimus.
1101 5568 1437 5624 chovamur
1477 5581 1603 5636 ergo
1632 5566 1820 5635 Spiritu

242 5783 248 5801 ἓ
313 5708 332 5742 ι
354 5711 407 5757 tn
427 5706 593 5771 editis.
615 5704 872 5772 recepturi.
898 5704 1189 5772 Reponllllls
1209 5714 1278 5756 ex
1306 5710 1434 5767 uss,
1455 5705 1773 5767 receptumst.

1536 250 1739 310 LIBER
1776 237 2062 307 SEXTUS.

1838 246 2246 395 ᾔεῖιὲξιιοειτίε
2267 333 2477 407 (Ep/tes.
2494 349 2571 401 tv,
2589 334 2680 406 23)
2699 332 2988 389 secundum
3004 334 3283 405 imaginem

1840 431 1926 500 qui
1944 430 2143 484 creavit
2172 442 2291 493 nos,
2310 442 2465 497 quam
2493 424 2759 495 peccando
2776 424 2941 478 Adam
2957 424 3201 494 perdidit.
3236 424 3384 479 Πειιο
3411 450 3421 460 ·

1840 522 2082 576 vabimur
2096 528 2273 573 autem
2296 518 2454 572 etiam
2480 531 2658 583 carne,
2690 531 2808 570 cum
2840 514 2940 569 hoc
2967 516 3308 583 corruptibile
3332 516 3419 569 in-

1843 611 2034 665 duetur
2058 608 2476 678 incorruptione,
2502 617 2557 661 ut
2578 607 2646 661 sit
2661 607 2930 676 spirituale
2955 621 3176 676 corpus;
3205 607 3260 659 in
3282 604 3426 676 quod

1843 698 2083 755 nondum
2137 706 2398 764 mutatus,
2448 697 2541 751 sed
2589 696 2872 751 mutandus
2922 683 3037 750 erat
3078 694 3268 761 Adam,
3326 694 3430 750 nisi

1844 800 2073 845 mortem
2098 790 2258 846 etiam
2284 789 2525 859 corporis
2551 787 2796 843 animalis
2822 787 3091 857 peccando
3123 788 3430 843 meruisset.

1916 878 2003 935 56.
2048 881 2285 951 Denique
2335 894 2444 934 non
2490 879 2565 933 ait
2612 878 2920 948 Apostolus,
2964 877 3171 947 Corpus
3218 878 3432 949 quidem

1846 972 2073 1030 mortale
2093 981 2312 1043 prepter
2335 980 2641 1042 peccatum;
2669 970 2784 1038 sed,
2817 969 3010 1041 Corpus
3036 979 3289 1025 mortuum
3316 987 3434 1044 pro-

1850 1074 1961 1135 pter
1990 1074 2267 1135 peccatum.

1850 1153 2074 1211 CAPUT
2090 1154 2460 1210 XXV.—Ada:
2479 1171 2658 1227 corpus
2676 1154 2886 1208 mortale
2899 1154 3051 1209 simul
3070 1162 3117 1208 et
3130 1156 3436 1211 immortale.

1925 1247 2059 1301 Illud
2102 1248 2297 1319 quippe
2341 1257 2464 1303 ante
2505 1257 2780 1319 peccatum
2807 1289 2823 1315 ,
2876 1256 2929 1302 ct
2972 1247 3201 1303 mortale
3248 1263 3439 1304 secun—

1853 1339 1980 1393 dum
2032 1336 2304 1405 aliam,et
2348 1338 2648 1393 immortale
2692 1337 2984 1393 secundum
3026 1339 3185 1392 aliam
3225 1353 3438 1394 causam

1854 1433 1958 1488 dici
1990 1442 2232 1503 poterat:
2259 1432 2310 1487 id
2354 1443 2438 1489 est
2475 1434 2718 1499 mortale,
2750 1434 2873 1504 quia
2905 1442 3112 1503 poterat
3140 1434 3308 1498 muri;
3337 1433 3439 1487 im-

1854 1525 2096 1590 mortale,
2124 1524 2245 1593 quia
2286 1534 2497 1594 poterat
2536 1539 2641 1578 non
2681 1526 2836 1578 mori.
2867 1524 3023 1580 Aliud
3051 1534 3131 1578 est
3159 1525 3299 1579 enim
3332 1538 3439 1578 non

1856 1630 2013 1685 posse
2057 1613 2221 1679 mori,
2250 1615 2388 1669 sicut
2414 1615 2668 1684 quasdam
2700 1626 2915 1668 naturas
2942 1614 3268 1669 immortales
3292 1629 3442 1669 crea-

1857 1707 1930 1760 vit
1960 1706 2098 1759 Deus
2120 1723 2132 1758 :
2153 1705 2295 1759 aliud
2325 1713 2409 1759 est
2436 1714 2611 1760 autem
2642 1719 2799 1774 posse
2824 1720 2928 1759 non
2955 1704 3118 1768 mori,
3148 1704 3441 1759 secundum

1858 1811 2017 1866 quem
2065 1794 2281 1849 modum
2322 1795 2523 1865 primus
2566 1803 2780 1849 creatus
2799 1803 2880 1850 cst
2907 1794 3065 1848 homo
3096 1794 3443 1860 immortalis;

1859 1885 2001 1957 quod
2018 1886 2066 1941 ei
2086 1886 2435 1957 prtestabatnr
2449 1885 2517 1941 de
2536 1886 2679 1954 ligno
2694 1886 2837 1953 vitaz,
2861 1900 2965 1939 non
2984 1884 3049 1939 de
3065 1885 3447 1941 constitutione

1862 1988 2066 2033 natura:
2091 1995 2103 2032 :
2127 1994 2157 2033 a
2185 1994 2289 2050 quo
2323 1977 2468 2049 ligno
2500 1987 2777 2049 separatus
2802 1987 2886 2033 est
2912 1993 3031 2033 cum
3061 1987 3361 2047 peccasset,
3387 1985 3448 2033 ut

1863 2081 2043 2142 posset
2059 2073 2217 2139 mori,
2237 2071 2326 2142 qui
2346 2071 2445 2125 nisi
2464 2079 2734 2141 peccasset
2755 2078 2935 2141 posset
2954 2085 3058 2124 non
3078 2069 3235 2123 mori.
3250 2068 3448 2124 Morta-

1865 2164 1930 2217 lis
1949 2178 2076 2234 ergo
2095 2172 2210 2219 erat
2237 2161 2540 2218 conditione
2569 2163 2808 2233 corporis
2839 2161 3104 2227 animalis,
3133 2162 3448 2219 immortalis

1866 2265 2049 2309 autem
2091 2256 2350 2311 beneficio
2378 2254 2698 2311 Conditoris.
2725 2255 2780 2310 Si
2810 2255 2953 2310 enim
2984 2270 3177 2325 corpus
3200 2257 3447 2323 animale,

1868 2348 2049 2417 utique
2069 2348 2313 2412 mortale,
2332 2349 2454 2417 quia
2477 2357 2530 2401 et
2565 2346 2698 2401 mori
2724 2356 2963 2417 poterat;
2995 2349 3236 2418 quamvis
3266 2357 3319 2403 et
3348 2348 3452 2403 im.

1870 2440 2113 2499 mortale,
2146 2439 2265 2494 ideo
2293 2455 2412 2509 quia
2444 2448 2497 2493 et
2523 2454 2627 2492 non
2658 2439 2790 2493 mori
2820 2450 3044 2509 poterat.
3088 2439 3268 2510 Neque
3310 2441 3453 2496 enim

1876 2531 2178 2586 immortale
2224 2532 2364 2601 quod
2410 2531 2542 2585 mori
2584 2531 2800 2586 omnino
2844 2547 2949 2587 non
2994 2534 3179 2602 possit,
3212 2534 3314 2588 erit
3353 2534 3454 2589 nisi

1871 2621 2165 2691 Spirituale,
2197 2621 2336 2691 quod
2375 2621 2529 2674 nobis
2568 2620 2801 2674 futurum
2834 2622 2886 2675 in
2917 2624 3308 2679 resurrectione
3333 2638 3455 2694 pro-

1873 2712 2120 2769 mittitur.
2144 2713 2222 2766 Ac
2248 2726 2340 2781 per
2366 2709 2469 2764 hoc
2496 2710 2621 2766 illud
2651 2711 2879 2766 animale
2905 2722 2959 2766 et
2984 2713 3053 2766 ob
3079 2711 3181 2767 hoc
3211 2714 3457 2780 mortale,

1874 2804 2017 2875 quod
2066 2814 2282 2875 propter
2322 2806 2583 2875 justitiam
2636 2806 2910 2874 spirituale
2957 2805 3105 2861 ﬁeret
3146 2817 3200 2862 et
3242 2808 3311 2862 ob
3354 2806 3457 2862 hoc

1876 2897 2021 2951 omni
2052 2897 2210 2952 modo
2240 2898 2541 2952 innnortale
2558 2899 2598 2964 ¹,
2618 2896 2812 2952 factum
2835 2907 2917 2953 est
2943 2906 3157 2968 propter
3182 2906 3459 2969 peccatum

1878 3004 1986 3042 non
2017 2988 2259 3053 mortale,
2291 2989 2433 3060 quod
2455 2999 2507 3043 et
2536 2999 2688 3044 antea
2719 2997 2853 3056 erat,
2879 2990 2971 3044 sed
3001 2997 3287 3057 mortuum,
3316 2990 3461 3061 quod

1880 3089 2062 3151 posset
2088 3096 2193 3135 non
2222 3079 2360 3148 ﬁeri,
2392 3081 2436 3135 si
2466 3081 2624 3135 homo
2652 3096 2755 3135 non
2789 3089 3081 3150 peccasset.

1916 3172 2139 3228 CAPUT
2168 3171 2357 3227 XXVI.
2386 3203 2457 3214 —
2482 3171 2676 3242 Corpus
2704 3171 2831 3226 Adae
2864 3182 2911 3225 et
2948 3183 3173 3226 nostrum
3210 3171 3425 3227 diversa.

1952 3265 2042 3319 57.
2066 3263 2343 3332 Quomodo
2358 3278 2484 3334 ergo
2503 3277 2697 3333 corpus
2724 3272 2960 3317 nostrum
2979 3262 3102 3317 dicit
3117 3266 3303 3332 Apost.
3319 3277 3466 3317 mor-

1885 3365 2052 3422 tuum,
2086 3371 2207 3411 cum
2246 3355 2417 3411 adhuc
2446 3355 2513 3410 de
2537 3355 2835 3410 viventibus
2862 3354 3188 3424 loqueretur,
3218 3355 3317 3409 nisi
3344 3356 3467 3425 quia

1882 3451 1991 3520 jam
2023 3449 2133 3519 ipsa
2161 3448 2395 3504 conditio
2422 3446 2682 3502 moriendi
2708 3462 2771 3501 ex
2801 3457 3018 3517 peccato
3047 3456 3323 3516 parentum
3354 3446 3466 3500 ha:-

1887 3542 1956 3593 sit
1984 3540 2034 3593 in
2066 3539 2249 3609 prole?
2275 3538 2519 3593 Animale
2557 3546 2638 3592 est
2676 3538 2817 3591 enim
2863 3546 2917 3591 et
2956 3537 3056 3590 hoc
3084 3550 3299 3605 corpus,
3333 3536 3471 3592 sicut

1890 3639 1943 3685 et
1974 3631 2128 3700 primi
2155 3629 2386 3683 hominis
2417 3627 2545 3692 fuit;
2573 3626 2671 3682 sed
2698 3627 2800 3681 hoc
2836 3625 2946 3696 jam
2988 3626 3040 3679 in
3082 3625 3198 3695 ipso
3226 3625 3472 3680 animalis

1891 3737 2087 3793 genere
2126 3722 2294 3775 multo
2331 3729 2413 3774 est
2450 3719 2683 3773 deterius
2707 3736 2720 3771 :
2744 3717 2905 3772 habet
2931 3718 3070 3772 enim
3102 3718 3471 3772 necessitatem

1894 3813 2171 3877 moriendi,
2199 3811 2339 3882 quod
2382 3810 2506 3865 illud
2552 3826 2657 3865 non
2702 3810 2907 3865 habuit.
2936 3811 3187 3877 Quamvis
3222 3811 3363 3865 enim
3389 3826 3476 3866 re-

1896 3905 2068 3960 stabat
2108 3903 2279 3958 adbuc
2320 3911 2379 3957 ut
2422 3902 2809 3967 immutaretur,
2856 3910 2911 3955 et
2953 3902 3227 3971 spirituale
3279 3901 3475 3957 factum

1898 3997 2107 4067 plenam
2139 3995 2586 4049 immortalitatem
2620 3995 2933 4064 perciperet,
2957 3994 3043 4047 ubi
3070 3994 3190 4049 cibo
3217 3993 3479 4065 corrupti-

1898 4089 1989 4143 bili
2021 4104 2124 4142 non
2156 4095 2368 4158 egeret;
2403 4095 2577 4140 tamen
2624 4086 2668 4140 si
2704 4085 2848 4155 juste
2896 4086 3099 4141 viveret
3142 4085 3323 4151 homo,
3350 4096 3399 4142 et
3426 4087 3479 4141 in

1901 4178 2229 4248 spiritualem
2268 4175 2624 4231 habitudinem
2665 4190 2860 4245 corpus
2889 4176 3005 4245 ejus
3030 4184 3347 4242 mutaretur,
3374 4192 3479 4237 non

1903 4272 2005 4325 iret
2043 4269 2094 4323 in
2134 4278 2380 4324 mortem.
2407 4267 2463 4321 In
2492 4267 2647 4322 nobis
2673 4279 2850 4322 autem
2886 4268 3043 4321 etiam
3082 4266 3224 4336 juste
3260 4267 3484 4322 viventi-

1905 4363 2023 4427 bus,
2056 4376 2247 4430 corpus
2280 4360 2593 4414 moriturum
2615 4368 2729 4424 est;
2763 4368 2978 4429 prepter
3003 4373 3159 4428 quam
3192 4360 3485 4414 necessita-

1908 4462 2036 4518 tem,
2068 4466 2132 4507 ει
2169 4451 2309 4505 illius
2342 4450 2494 4521 primi
2524 4449 2753 4504 hominis
2780 4458 2998 4520 peccato
3026 4450 3348 4517 venientem,
3377 4466 3486 4507 non

1908 4544 2154 4609 mortale,
2187 4542 2279 4597 sed
2307 4550 2572 4597 mortuum
2598 4556 2792 4611 corpus
2828 4550 3067 4596 nostrum
3096 4541 3230 4596 dixit
3260 4543 3490 4613 Aposto-

1910 4638 2015 4704 lus,
2062 4637 2182 4707 quia
2221 4649 2408 4690 omnes
2452 4636 2506 4689 in
2547 4634 2716 4689 Adam
2755 4635 3012 4689 morimur
3036 4634 3213 4707 (Rom.
3244 4651 3296 4701 v,
3327 4636 3414 4702 I2;
3439 4647 3489 4692 et

1912 4730 1932 4785 I
1961 4730 2078 4785 Cor.
2111 4744 2198 4795 xv,
2229 4727 2344 4798 22).
2367 4725 2499 4782 Item
2530 4726 2658 4782 dicit
2688 4744 2700 4779 :
2729 4725 2873 4782 Sicut
2910 4736 2983 4781 est
3024 4728 3205 4781 veritas
3246 4730 3299 4781 in
3338 4726 3486 4797 Iesu,

1913 4823 2159 4891 deponere
2178 4837 2262 4874 vos
2281 4818 2555 4874 secundum
2573 4818 2789 4889 priorem
2809 4819 3227 4875 conversationem
3242 4820 3493 4874 hominem

1913 4926 2121 4968 veterem
2136 4930 2155 4979 ;
2172 4929 2282 4967 eum
2308 4913 2392 4983 qui
2411 4912 2752 4981 corrumpitur
2772 4912 3045 4966 secundum
3070 4912 3493 4981 concupiscendos

1916 5004 2221 5075 deceptionis
2239 5020 2258 5069 ;
2279 5003 2380 5058 hoc
2402 5014 2504 5068 est,
2529 5002 2696 5058 factus
2722 5002 2889 5057 Adam
2917 5017 3014 5073 per
3038 5012 3331 5072 peccatum.
3361 5000 3492 5055 Vide

1917 5112 2045 5167 ergo
2073 5093 2197 5166 quid
2222 5105 2471 5165 sequatur
2501 5110 2516 5147 ε
2542 5093 2871 5148 Renovamini
2896 5103 3066 5147 autem
3100 5092 3281 5161 spiritu
3316 5091 3496 5145 mentis

1918 5196 2112 5251 vestrae,
2140 5196 2187 5240 et
2209 5186 2404 5240 induite
2439 5202 2624 5240 novum
2657 5187 2941 5251 hominem;
2971 5200 3087 5239 eum
3113 5183 3199 5253 qui
3222 5182 3497 5237 secundum

1920 5277 2086 5333 Deunt
2132 5286 2329 5331 creatus
2376 5286 2483 5341 est,
2534 5279 2588 5330 in
2629 5277 2833 5348 justitia
2877 5284 2924 5328 et
2974 5276 3239 5329 sanctitate
3279 5273 3499 5328 veritatis

1923 5369 2135 5441 (Ep/tes.
2160 5384 2231 5435 tv,
2254 5367 2446 5442 21-24)
2465 5387 2478 5422 :
2499 5382 2625 5423 ecce
2649 5367 2789 5437 quod
2820 5365 3049 5436 perdidit
3072 5364 3242 5419 Adam
3263 5380 3357 5435 per
3378 5379 3501 5435 pec-

1922 5474 2121 5518 catum.

1988 5578 2005 5608 ι
2031 5575 2146 5625 Editi
2170 5574 2443 5624 habuerunt
2464 5574 2557 5631 hic,
2576 5571 2801 5635 mortale,
2815 5584 2923 5623 cum
2940 5571 3088 5623 haece
3110 5572 3502 5635 interpunctione

1924 5650 2095 5688 vocum
2127 5636 2420 5699 εθρὶςίιιαλιε
2458 5634 2593 5700 ﬁeret
2634 5647 2651 5685 :
2682 5642 2726 5686 et
2757 5634 2815 5687 ob
2856 5635 2967 5700 hoc,
2989 5635 3189 5700 mortale
3235 5634 3504 5700 onminwdo

1924 5700 2104 5765 factum
2123 5697 2205 5750 est
2211 5702 2407 5763 propter
2429 5697 2695 5762 peccatum.
2720 5698 3082 5752 Emendan'ntus
3109 5697 3168 5749 ad
3199 5703 3305 5748 Mss.
3340 5697 3501 5753 tidem.
