  <div class='ocr_page' id='page_1' title='image "/cluster/home/n/w/nwhite01/storage/ocr_20150623/34/uva.x000826574/191.png"; bbox 0 0 3902 6342; ppageno 0'>
   <div class='ocr_carea' id='block_1_1' title="bbox 431 281 540 345">
    <p class='ocr_par' dir='ltr' id='par_1_1' title="bbox 431 281 540 345">
     <span class='ocr_line' id='line_1_1' title="bbox 431 281 540 345; baseline 0.028 -3"><span class='ocrx_word' id='word_1_1' title='bbox 431 281 540 345; x_wconf 75' lang='lat'><strong>355</strong></span> 
     </span>
    </p>
   </div>
   <div class='ocr_carea' id='block_1_2' title="bbox 431 379 2030 458">
    <p class='ocr_par' dir='ltr' id='par_1_2' title="bbox 431 379 2030 458">
     <span class='ocr_line' id='line_1_2' title="bbox 431 379 2030 458; baseline -0.008 -5"><span class='ocrx_word' id='word_1_2' title='bbox 431 392 661 453; x_wconf 75' lang='lat' dir='ltr'><strong>CAPUT</strong></span> <span class='ocrx_word' id='word_1_3' title='bbox 695 379 909 449; x_wconf 69' lang='lat' dir='ltr'><strong>XXVII.</strong></span> <span class='ocrx_word' id='word_1_4' title='bbox 939 420 1008 432; x_wconf 94' lang='lat'><strong>—</strong></span> <span class='ocrx_word' id='word_1_5' title='bbox 1046 388 1309 454; x_wconf 83' lang='lat' dir='ltr'><strong>Quomodo</strong></span> <span class='ocrx_word' id='word_1_6' title='bbox 1352 398 1513 442; x_wconf 84' lang='lat' dir='ltr'><strong><em>mente</em></strong></span> <span class='ocrx_word' id='word_1_7' title='bbox 1554 398 1601 442; x_wconf 84' lang='lat' dir='ltr'><strong><em>et</em></strong></span> <span class='ocrx_word' id='word_1_8' title='bbox 1650 403 1863 458; x_wconf 80' lang='lat' dir='ltr'><strong>corpore</strong></span> <span class='ocrx_word' id='word_1_9' title='bbox 1890 383 2030 441; x_wconf 80' lang='lat' dir='ltr'><strong>adid</strong></span> 
     </span>
    </p>
   </div>
   <div class='ocr_carea' id='block_1_3' title="bbox 764 479 1699 550">
    <p class='ocr_par' dir='ltr' id='par_1_3' title="bbox 764 479 1699 550">
     <span class='ocr_line' id='line_1_3' title="bbox 764 479 1699 550; baseline -0.007 -12"><span class='ocrx_word' id='word_1_10' title='bbox 764 498 1079 546; x_wconf 85' lang='lat' dir='ltr'><strong>renovantur,</strong></span> <span class='ocrx_word' id='word_1_11' title='bbox 1109 479 1243 550; x_wconf 81' lang='lat' dir='ltr'><strong>quod</strong></span> <span class='ocrx_word' id='word_1_12' title='bbox 1278 481 1438 532; x_wconf 81' lang='lat' dir='ltr'><strong>Adam</strong></span> <span class='ocrx_word' id='word_1_13' title='bbox 1462 479 1699 548; x_wconf 82' lang='lat' dir='ltr'><strong>perdidit.</strong></span> 
     </span>
    </p>
   </div>
   <div class='ocr_carea' id='block_1_4' title="bbox 443 569 2024 652">
    <p class='ocr_par' dir='ltr' id='par_1_4' title="bbox 443 569 2024 652">
     <span class='ocr_line' id='line_1_4' title="bbox 443 569 2024 652; baseline -0.007 -17"><span class='ocrx_word' id='word_1_14' title='bbox 443 641 458 652; x_wconf 21' lang='grc' dir='ltr'><strong>ι,</strong></span> <span class='ocrx_word' id='word_1_15' title='bbox 503 579 564 644; x_wconf 80' lang='grc' dir='ltr'>ιη</span> <span class='ocrx_word' id='word_1_16' title='bbox 592 578 693 633; x_wconf 87' lang='lat' dir='ltr'><strong>hoc</strong></span> <span class='ocrx_word' id='word_1_17' title='bbox 715 592 840 646; x_wconf 80' lang='lat' dir='ltr'><strong>ergo</strong></span> <span class='ocrx_word' id='word_1_18' title='bbox 864 589 1200 636; x_wconf 85' lang='lat' dir='ltr'><strong>renovamnr,</strong></span> <span class='ocrx_word' id='word_1_19' title='bbox 1233 572 1523 627; x_wconf 78' lang='lat' dir='ltr'><strong>secundum</strong></span> <span class='ocrx_word' id='word_1_20' title='bbox 1566 570 1620 626; x_wconf 80' lang='lat' dir='ltr'><strong>id</strong></span> <span class='ocrx_word' id='word_1_21' title='bbox 1657 569 1798 641; x_wconf 88' lang='lat' dir='ltr'><strong>quod</strong></span> <span class='ocrx_word' id='word_1_22' title='bbox 1845 569 2024 624; x_wconf 78' lang='lat' dir='ltr'><strong>amisit</strong></span> 
     </span>
    </p>
   </div>
   <div class='ocr_carea' id='block_1_5' title="bbox 430 653 2018 750">
    <p class='ocr_par' dir='ltr' id='par_1_5' title="bbox 430 653 2018 750">
     <span class='ocr_line' id='line_1_5' title="bbox 430 653 2018 750; baseline -0.008 -25"><span class='ocrx_word' id='word_1_23' title='bbox 430 671 642 750; x_wconf 48' lang='lat' dir='ltr'><strong>Adam,</strong></span> <span class='ocrx_word' id='word_1_24' title='bbox 683 667 745 744; x_wconf 85' lang='lat' dir='ltr'><strong>id</strong></span> <span class='ocrx_word' id='word_1_25' title='bbox 793 675 875 722; x_wconf 91' lang='lat' dir='ltr'><strong>est</strong></span> <span class='ocrx_word' id='word_1_26' title='bbox 920 665 1210 720; x_wconf 84' lang='lat' dir='ltr'><strong>secundum</strong></span> <span class='ocrx_word' id='word_1_27' title='bbox 1258 664 1499 733; x_wconf 88' lang='lat' dir='ltr'><strong>spiritmn</strong></span> <span class='ocrx_word' id='word_1_28' title='bbox 1547 653 1742 718; x_wconf 86' lang='lat' dir='ltr'><strong>mentis</strong></span> <span class='ocrx_word' id='word_1_29' title='bbox 1781 672 2018 716; x_wconf 64' lang='lat' dir='ltr'><strong>nostrai:</strong></span> 
     </span>
    </p>
   </div>
   <div class='ocr_carea' id='block_1_6' title="bbox 429 751 2019 841">
    <p class='ocr_par' dir='ltr' id='par_1_6' title="bbox 429 751 2019 841">
     <span class='ocr_line' id='line_1_6' title="bbox 429 751 2019 841; baseline -0.008 -23"><span class='ocrx_word' id='word_1_30' title='bbox 429 763 722 841; x_wconf 54' lang='lat' dir='ltr'><strong>secundum</strong></span> <span class='ocrx_word' id='word_1_31' title='bbox 777 771 952 812; x_wconf 90' lang='lat' dir='ltr'><strong>autem</strong></span> <span class='ocrx_word' id='word_1_32' title='bbox 1002 771 1197 826; x_wconf 88' lang='lat' dir='ltr'><strong>corpus</strong></span> <span class='ocrx_word' id='word_1_33' title='bbox 1238 755 1380 826; x_wconf 87' lang='lat' dir='ltr'><strong>quod</strong></span> <span class='ocrx_word' id='word_1_34' title='bbox 1427 754 1722 810; x_wconf 86' lang='lat' dir='ltr'><strong>seminatur</strong></span> <span class='ocrx_word' id='word_1_35' title='bbox 1770 751 2019 818; x_wconf 87' lang='lat' dir='ltr'><strong>animale,</strong></span> 
     </span>
    </p>
   </div>
   <div class='ocr_carea' id='block_1_7' title="bbox 430 841 2022 931">
    <p class='ocr_par' dir='ltr' id='par_1_7' title="bbox 430 841 2022 931">
     <span class='ocr_line' id='line_1_7' title="bbox 430 841 2022 931; baseline -0.009 -20"><span class='ocrx_word' id='word_1_36' title='bbox 430 863 488 931; x_wconf 63' lang='grc' dir='ltr'><strong>ει</strong></span> <span class='ocrx_word' id='word_1_37' title='bbox 535 860 775 924; x_wconf 76' lang='lat' dir='ltr'><strong>resurget</strong></span> <span class='ocrx_word' id='word_1_38' title='bbox 823 847 1116 920; x_wconf 86' lang='lat' dir='ltr'><strong>spirituale,</strong></span> <span class='ocrx_word' id='word_1_39' title='bbox 1155 845 1209 901; x_wconf 90' lang='lat' dir='ltr'><strong>in</strong></span> <span class='ocrx_word' id='word_1_40' title='bbox 1239 846 1430 901; x_wconf 91' lang='lat' dir='ltr'><strong>melius</strong></span> <span class='ocrx_word' id='word_1_41' title='bbox 1455 844 1845 912; x_wconf 86' lang='lat' dir='ltr'><strong>renovabimur,</strong></span> <span class='ocrx_word' id='word_1_42' title='bbox 1879 841 2022 914; x_wconf 87' lang='lat' dir='ltr'><strong>quod</strong></span> 
     </span>
    </p>
   </div>
   <div class='ocr_carea' id='block_1_8' title="bbox 431 930 1832 1014">
    <p class='ocr_par' dir='ltr' id='par_1_8' title="bbox 431 930 1832 1014">
     <span class='ocr_line' id='line_1_8' title="bbox 431 930 1832 1014; baseline -0.022 -11"><span class='ocrx_word' id='word_1_43' title='bbox 431 930 668 1014; x_wconf 69' lang='lat' dir='ltr'><strong>nendum</strong></span> <span class='ocrx_word' id='word_1_44' title='bbox 697 941 794 996; x_wconf 79' lang='lat' dir='ltr'><strong>fuit</strong></span> <span class='ocrx_word' id='word_1_45' title='bbox 819 939 1007 995; x_wconf 86' lang='lat' dir='ltr'><strong>Adam.</strong></span> <span class='ocrx_word' id='word_1_46' title='bbox 1307 1011 1311 1014; x_wconf 58' lang='lat'>_</span> <span class='ocrx_word' id='word_1_47' title='bbox 1827 1009 1832 1013; x_wconf 20' lang='grc' dir='ltr'><strong>Δ</strong></span> 
     </span>
    </p>
   </div>
   <div class='ocr_carea' id='block_1_9' title="bbox 502 1021 2022 1101">
    <p class='ocr_par' dir='ltr' id='par_1_9' title="bbox 502 1021 2022 1101">
     <span class='ocr_line' id='line_1_9' title="bbox 502 1021 2022 1101; baseline -0.01 -7"><span class='ocrx_word' id='word_1_48' title='bbox 502 1021 591 1094; x_wconf 74' lang='lat'><strong>38.</strong></span> <span class='ocrx_word' id='word_1_49' title='bbox 623 1037 757 1092; x_wconf 82' lang='lat' dir='ltr'><strong>Dicit</strong></span> <span class='ocrx_word' id='word_1_50' title='bbox 781 1036 904 1088; x_wconf 90' lang='lat' dir='ltr'><strong>item</strong></span> <span class='ocrx_word' id='word_1_51' title='bbox 940 1031 1263 1101; x_wconf 75' lang='lat' dir='ltr'><strong>Apostolus:</strong></span> <span class='ocrx_word' id='word_1_52' title='bbox 1295 1026 1653 1099; x_wconf 73' lang='lat' dir='ltr'><strong>Exspolimttes</strong></span> <span class='ocrx_word' id='word_1_53' title='bbox 1695 1045 1782 1083; x_wconf 83' lang='lat' dir='ltr'><strong>eos</strong></span> <span class='ocrx_word' id='word_1_54' title='bbox 1814 1036 2022 1081; x_wconf 72' lang='lat' dir='ltr'><strong><em>veterem</em></strong></span> 
     </span>
    </p>
   </div>
   <div class='ocr_carea' id='block_1_10' title="bbox 429 1121 2024 1204">
    <p class='ocr_par' dir='ltr' id='par_1_10' title="bbox 429 1121 2024 1204">
     <span class='ocr_line' id='line_1_10' title="bbox 429 1121 2024 1204; baseline -0.009 -20"><span class='ocrx_word' id='word_1_55' title='bbox 429 1131 681 1204; x_wconf 61' lang='lat' dir='ltr'><strong>(tantinem</strong></span> <span class='ocrx_word' id='word_1_56' title='bbox 708 1143 820 1181; x_wconf 87' lang='lat' dir='ltr'><strong>cum</strong></span> <span class='ocrx_word' id='word_1_57' title='bbox 840 1125 1031 1178; x_wconf 86' lang='lat' dir='ltr'><strong>actilms</strong></span> <span class='ocrx_word' id='word_1_58' title='bbox 1057 1125 1188 1193; x_wconf 77' lang='lat' dir='ltr'><strong>ejus,</strong></span> <span class='ocrx_word' id='word_1_59' title='bbox 1212 1123 1404 1176; x_wconf 87' lang='lat' dir='ltr'><strong>induite</strong></span> <span class='ocrx_word' id='word_1_60' title='bbox 1429 1138 1612 1175; x_wconf 81' lang='lat' dir='ltr'><strong>norum</strong></span> <span class='ocrx_word' id='word_1_61' title='bbox 1637 1121 1724 1191; x_wconf 85' lang='lat' dir='ltr'><strong>qui</strong></span> <span class='ocrx_word' id='word_1_62' title='bbox 1757 1129 2024 1174; x_wconf 78' lang='lat' dir='ltr'><strong>renovatur</strong></span> 
     </span>
    </p>
   </div>
   <div class='ocr_carea' id='block_1_11' title="bbox 429 1197 2022 1298">
    <p class='ocr_par' dir='ltr' id='par_1_11' title="bbox 429 1197 2022 1292">
     <span class='ocr_line' id='line_1_11' title="bbox 429 1197 2022 1292; baseline -0.009 -16"><span class='ocrx_word' id='word_1_63' title='bbox 429 1197 483 1276; x_wconf 74' lang='lat' dir='ltr'><strong>in</strong></span> <span class='ocrx_word' id='word_1_64' title='bbox 510 1220 812 1292; x_wconf 83' lang='lat' dir='ltr'><strong>agnitionem</strong></span> <span class='ocrx_word' id='word_1_65' title='bbox 836 1215 950 1290; x_wconf 73' lang='lat' dir='ltr'><strong>Dei,</strong></span> <span class='ocrx_word' id='word_1_66' title='bbox 979 1214 1253 1268; x_wconf 78' lang='lat' dir='ltr'><strong>secundant</strong></span> <span class='ocrx_word' id='word_1_67' title='bbox 1280 1214 1546 1281; x_wconf 73' lang='lat' dir='ltr'><strong><em>imaginem</em></strong></span> <span class='ocrx_word' id='word_1_68' title='bbox 1577 1213 1686 1281; x_wconf 83' lang='lat' dir='ltr'><strong><em>ejus</em></strong></span> <span class='ocrx_word' id='word_1_69' title='bbox 1725 1209 1815 1280; x_wconf 87' lang='lat' dir='ltr'><strong>qui</strong></span> <span class='ocrx_word' id='word_1_70' title='bbox 1839 1209 2022 1263; x_wconf 83' lang='lat' dir='ltr'><strong>creavit</strong></span> 
     </span>
    </p>
   </div>
   <div class='ocr_carea' id='block_1_12' title="bbox 425 1293 2023 1392">
    <p class='ocr_par' dir='ltr' id='par_1_12' title="bbox 425 1293 2023 1392">
     <span class='ocr_line' id='line_1_12' title="bbox 425 1293 2023 1392; baseline -0.009 -23"><span class='ocrx_word' id='word_1_71' title='bbox 425 1293 784 1392; x_wconf 50' lang='lat' dir='ltr'><strong>eumwoloss.</strong></span> <span class='ocrx_word' id='word_1_72' title='bbox 831 1326 908 1376; x_wconf 85' lang='grc' dir='ltr'><strong>ιιι,</strong></span> <span class='ocrx_word' id='word_1_73' title='bbox 949 1307 1003 1374; x_wconf 83' lang='lat'><strong>9,</strong></span> <span class='ocrx_word' id='word_1_74' title='bbox 1045 1308 1158 1380; x_wconf 84' lang='grc'><strong>10).</strong></span> <span class='ocrx_word' id='word_1_75' title='bbox 1201 1307 1349 1384; x_wconf 87' lang='lat' dir='ltr'><strong>llauc</strong></span> <span class='ocrx_word' id='word_1_76' title='bbox 1397 1305 1681 1382; x_wconf 80' lang='lat' dir='ltr'><strong>imaginem</strong></span> <span class='ocrx_word' id='word_1_77' title='bbox 1734 1303 1785 1357; x_wconf 91' lang='lat' dir='ltr'><strong>in</strong></span> <span class='ocrx_word' id='word_1_78' title='bbox 1836 1302 2023 1372; x_wconf 90' lang='lat' dir='ltr'><strong>spiritu</strong></span> 
     </span>
    </p>
   </div>
   <div class='ocr_carea' id='block_1_13' title="bbox 428 1391 2020 1478">
    <p class='ocr_par' dir='ltr' id='par_1_13' title="bbox 428 1391 2020 1478">
     <span class='ocr_line' id='line_1_13' title="bbox 428 1391 2020 1478; baseline -0.013 -14"><span class='ocrx_word' id='word_1_79' title='bbox 428 1391 622 1464; x_wconf 78' lang='lat' dir='ltr'><strong>mentis</strong></span> <span class='ocrx_word' id='word_1_80' title='bbox 661 1407 973 1478; x_wconf 89' lang='lat' dir='ltr'><strong>impressam</strong></span> <span class='ocrx_word' id='word_1_81' title='bbox 1021 1399 1250 1472; x_wconf 93' lang='lat' dir='ltr'><strong>perdidit</strong></span> <span class='ocrx_word' id='word_1_82' title='bbox 1282 1397 1445 1452; x_wconf 72' lang='lat' dir='ltr'><strong>Adam</strong></span> <span class='ocrx_word' id='word_1_83' title='bbox 1477 1413 1570 1467; x_wconf 89' lang='lat' dir='ltr'><strong>per</strong></span> <span class='ocrx_word' id='word_1_84' title='bbox 1597 1403 1875 1467; x_wconf 90' lang='lat' dir='ltr'><strong>peccatum</strong></span> <span class='ocrx_word' id='word_1_85' title='bbox 1909 1391 2020 1467; x_wconf 86' lang='lat' dir='ltr'><strong>(a);</strong></span> 
     </span>
    </p>
   </div>
   <div class='ocr_carea' id='block_1_14' title="bbox 429 1479 2022 1572">
    <p class='ocr_par' dir='ltr' id='par_1_14' title="bbox 429 1479 2022 1572">
     <span class='ocr_line' id='line_1_14' title="bbox 429 1479 2022 1572; baseline -0.009 -19"><span class='ocrx_word' id='word_1_86' title='bbox 429 1479 586 1572; x_wconf 73' lang='lat' dir='ltr'><strong>quam</strong></span> <span class='ocrx_word' id='word_1_87' title='bbox 627 1494 916 1566; x_wconf 72' lang='lat' dir='ltr'><strong>recipimus</strong></span> <span class='ocrx_word' id='word_1_88' title='bbox 947 1509 1040 1563; x_wconf 87' lang='lat' dir='ltr'><strong>per</strong></span> <span class='ocrx_word' id='word_1_89' title='bbox 1080 1491 1300 1561; x_wconf 82' lang='lat' dir='ltr'><strong>gratiam</strong></span> <span class='ocrx_word' id='word_1_90' title='bbox 1329 1490 1582 1559; x_wconf 67' lang='grc' dir='ltr'><strong>Ῑιιειίιίίυς</strong></span> <span class='ocrx_word' id='word_1_91' title='bbox 1615 1504 1718 1541; x_wconf 87' lang='lat' dir='ltr'><strong>non</strong></span> <span class='ocrx_word' id='word_1_92' title='bbox 1748 1485 2022 1556; x_wconf 85' lang='lat' dir='ltr'><strong>spirituale</strong></span> 
     </span>
    </p>
   </div>
   <div class='ocr_carea' id='block_1_15' title="bbox 429 1571 2024 1664">
    <p class='ocr_par' dir='ltr' id='par_1_15' title="bbox 429 1571 2024 1664">
     <span class='ocr_line' id='line_1_15' title="bbox 429 1571 2024 1664; baseline -0.009 -18"><span class='ocrx_word' id='word_1_93' title='bbox 429 1571 586 1664; x_wconf 74' lang='lat' dir='ltr'><strong>atque</strong></span> <span class='ocrx_word' id='word_1_94' title='bbox 626 1588 927 1644; x_wconf 82' lang='lat' dir='ltr'><strong>immortale</strong></span> <span class='ocrx_word' id='word_1_95' title='bbox 970 1599 1196 1653; x_wconf 91' lang='lat' dir='ltr'><strong>corpus,</strong></span> <span class='ocrx_word' id='word_1_96' title='bbox 1229 1583 1280 1637; x_wconf 94' lang='lat' dir='ltr'><strong>in</strong></span> <span class='ocrx_word' id='word_1_97' title='bbox 1307 1598 1413 1652; x_wconf 87' lang='lat' dir='ltr'><strong>quo</strong></span> <span class='ocrx_word' id='word_1_98' title='bbox 1441 1581 1528 1636; x_wconf 91' lang='lat' dir='ltr'><strong>ille</strong></span> <span class='ocrx_word' id='word_1_99' title='bbox 1557 1579 1790 1635; x_wconf 89' lang='lat' dir='ltr'><strong>nondum</strong></span> <span class='ocrx_word' id='word_1_100' title='bbox 1821 1579 1938 1641; x_wconf 79' lang='lat' dir='ltr'><strong>fuit,</strong></span> <span class='ocrx_word' id='word_1_101' title='bbox 1969 1586 2024 1631; x_wconf 84' lang='lat' dir='ltr'><strong>et.</strong></span> 
     </span>
    </p>
   </div>
   <div class='ocr_carea' id='block_1_16' title="bbox 427 1669 2020 1751">
    <p class='ocr_par' dir='ltr' id='par_1_16' title="bbox 427 1669 2020 1751">
     <span class='ocr_line' id='line_1_16' title="bbox 427 1669 2020 1751; baseline -0.008 -16"><span class='ocrx_word' id='word_1_102' title='bbox 427 1687 483 1748; x_wconf 72' lang='lat' dir='ltr'><strong>in</strong></span> <span class='ocrx_word' id='word_1_103' title='bbox 517 1697 624 1751; x_wconf 87' lang='lat' dir='ltr'><strong>quo</strong></span> <span class='ocrx_word' id='word_1_104' title='bbox 653 1685 810 1734; x_wconf 90' lang='lat' dir='ltr'><strong>erunt</strong></span> <span class='ocrx_word' id='word_1_105' title='bbox 851 1689 1040 1730; x_wconf 89' lang='lat' dir='ltr'><strong>omnes</strong></span> <span class='ocrx_word' id='word_1_106' title='bbox 1085 1673 1256 1727; x_wconf 85' lang='lat' dir='ltr'><strong>sancti</strong></span> <span class='ocrx_word' id='word_1_107' title='bbox 1306 1680 1646 1742; x_wconf 77' lang='lat' dir='ltr'><strong>resurgentes</strong></span> <span class='ocrx_word' id='word_1_108' title='bbox 1682 1686 1712 1724; x_wconf 87' lang='lat' dir='ltr'><strong>a</strong></span> <span class='ocrx_word' id='word_1_109' title='bbox 1759 1669 2020 1724; x_wconf 85' lang='lat' dir='ltr'><strong>mortuis:</strong></span> 
     </span>
    </p>
   </div>
   <div class='ocr_carea' id='block_1_17' title="bbox 429 1755 2018 1837">
    <p class='ocr_par' dir='ltr' id='par_1_17' title="bbox 429 1755 2018 1837">
     <span class='ocr_line' id='line_1_17' title="bbox 429 1755 2018 1837; baseline -0.006 -13"><span class='ocrx_word' id='word_1_110' title='bbox 429 1755 534 1833; x_wconf 71' lang='lat' dir='ltr'><strong>hoc</strong></span> <span class='ocrx_word' id='word_1_111' title='bbox 586 1771 726 1826; x_wconf 87' lang='lat' dir='ltr'><strong>enim</strong></span> <span class='ocrx_word' id='word_1_112' title='bbox 773 1768 1046 1837; x_wconf 70' lang='lat' dir='ltr'><strong>pt‘tl‘tttitltll</strong></span> <span class='ocrx_word' id='word_1_113' title='bbox 1077 1776 1156 1820; x_wconf 90' lang='lat' dir='ltr'><strong>cst</strong></span> <span class='ocrx_word' id='word_1_114' title='bbox 1187 1765 1330 1820; x_wconf 90' lang='lat' dir='ltr'><strong>illius</strong></span> <span class='ocrx_word' id='word_1_115' title='bbox 1375 1763 1583 1826; x_wconf 83' lang='lat' dir='ltr'><strong>meriti,</strong></span> <span class='ocrx_word' id='word_1_116' title='bbox 1634 1761 1774 1832; x_wconf 88' lang='lat' dir='ltr'><strong>quod</strong></span> <span class='ocrx_word' id='word_1_117' title='bbox 1823 1762 2018 1816; x_wconf 84' lang='lat' dir='ltr'><strong>amisit.</strong></span> 
     </span>
    </p>
   </div>
   <div class='ocr_carea' id='block_1_18' title="bbox 428 1852 2022 1930">
    <p class='ocr_par' dir='ltr' id='par_1_18' title="bbox 428 1852 2022 1930">
     <span class='ocr_line' id='line_1_18' title="bbox 428 1852 2022 1930; baseline -0.011 -11"><span class='ocrx_word' id='word_1_118' title='bbox 428 1863 658 1930; x_wconf 82' lang='lat' dir='ltr'><strong>Proinde</strong></span> <span class='ocrx_word' id='word_1_119' title='bbox 684 1861 770 1916; x_wconf 85' lang='lat' dir='ltr'><strong>illa</strong></span> <span class='ocrx_word' id='word_1_120' title='bbox 799 1859 932 1913; x_wconf 85' lang='lat' dir='ltr'><strong>stola</strong></span> <span class='ocrx_word' id='word_1_121' title='bbox 971 1858 1136 1930; x_wconf 86' lang='lat' dir='ltr'><strong>prima</strong></span> <span class='ocrx_word' id='word_1_122' title='bbox 1166 1856 1314 1925; x_wconf 86' lang='lat' dir='ltr'><strong>(Luc.</strong></span> <span class='ocrx_word' id='word_1_123' title='bbox 1345 1869 1438 1919; x_wconf 78' lang='lat' dir='ltr'><strong>xv,</strong></span> <span class='ocrx_word' id='word_1_124' title='bbox 1465 1855 1584 1923; x_wconf 63' lang='lat'><strong>9.2),</strong></span> <span class='ocrx_word' id='word_1_125' title='bbox 1614 1861 1708 1908; x_wconf 87' lang='lat' dir='ltr'><strong>aut</strong></span> <span class='ocrx_word' id='word_1_126' title='bbox 1735 1853 1845 1922; x_wconf 89' lang='lat' dir='ltr'><strong>ipsa</strong></span> <span class='ocrx_word' id='word_1_127' title='bbox 1865 1852 2022 1921; x_wconf 85' lang='lat' dir='ltr'><strong>justi-</strong></span> 
     </span>
    </p>
   </div>
   <div class='ocr_carea' id='block_1_19' title="bbox 427 1945 2019 2020">
    <p class='ocr_par' dir='ltr' id='par_1_19' title="bbox 427 1945 2019 2020">
     <span class='ocr_line' id='line_1_19' title="bbox 427 1945 2019 2020; baseline -0.012 -6"><span class='ocrx_word' id='word_1_128' title='bbox 427 1955 504 2014; x_wconf 82' lang='lat' dir='ltr'><strong>tia</strong></span> <span class='ocrx_word' id='word_1_129' title='bbox 532 1963 616 2011; x_wconf 90' lang='lat' dir='ltr'><strong>est</strong></span> <span class='ocrx_word' id='word_1_130' title='bbox 641 1952 779 2007; x_wconf 91' lang='lat' dir='ltr'><strong>unde</strong></span> <span class='ocrx_word' id='word_1_131' title='bbox 808 1951 984 2020; x_wconf 84' lang='lat' dir='ltr'><strong>lapsus</strong></span> <span class='ocrx_word' id='word_1_132' title='bbox 1013 1959 1128 2014; x_wconf 89' lang='lat' dir='ltr'><strong>est;</strong></span> <span class='ocrx_word' id='word_1_133' title='bbox 1156 1956 1268 2010; x_wconf 90' lang='lat' dir='ltr'><strong>aut,</strong></span> <span class='ocrx_word' id='word_1_134' title='bbox 1303 1947 1346 2000; x_wconf 89' lang='lat' dir='ltr'><strong>si</strong></span> <span class='ocrx_word' id='word_1_135' title='bbox 1372 1945 1735 2018; x_wconf 82' lang='lat' dir='ltr'><strong>indumentum</strong></span> <span class='ocrx_word' id='word_1_136' title='bbox 1763 1957 2019 2012; x_wconf 77' lang='lat' dir='ltr'><strong>Corpora-</strong></span> 
     </span>
    </p>
   </div>
   <div class='ocr_carea' id='block_1_20' title="bbox 429 2033 2024 2110">
    <p class='ocr_par' dir='ltr' id='par_1_20' title="bbox 429 2033 2024 2110">
     <span class='ocr_line' id='line_1_20' title="bbox 429 2033 2024 2110; baseline -0.01 -7"><span class='ocrx_word' id='word_1_137' title='bbox 429 2046 497 2104; x_wconf 84' lang='lat' dir='ltr'><strong>lis</strong></span> <span class='ocrx_word' id='word_1_138' title='bbox 535 2042 948 2101; x_wconf 89' lang='lat' dir='ltr'><strong>immortalitatis</strong></span> <span class='ocrx_word' id='word_1_139' title='bbox 994 2038 1276 2110; x_wconf 79' lang='lat' dir='ltr'><strong>signiﬁcat,</strong></span> <span class='ocrx_word' id='word_1_140' title='bbox 1308 2037 1467 2090; x_wconf 79' lang='lat' dir='ltr'><strong>etiam</strong></span> <span class='ocrx_word' id='word_1_141' title='bbox 1508 2034 1644 2089; x_wconf 81' lang='lat' dir='ltr'><strong>lianc</strong></span> <span class='ocrx_word' id='word_1_142' title='bbox 1673 2035 1762 2088; x_wconf 92' lang='lat' dir='ltr'><strong>ille</strong></span> <span class='ocrx_word' id='word_1_143' title='bbox 1789 2034 1864 2087; x_wconf 89' lang='lat' dir='ltr'><strong>sic</strong></span> <span class='ocrx_word' id='word_1_144' title='bbox 1890 2033 2024 2087; x_wconf 91' lang='lat' dir='ltr'><strong>ami-</strong></span> 
     </span>
    </p>
   </div>
   <div class='ocr_carea' id='block_1_21' title="bbox 427 2129 2019 2216">
    <p class='ocr_par' dir='ltr' id='par_1_21' title="bbox 427 2129 2019 2216">
     <span class='ocr_line' id='line_1_21' title="bbox 427 2129 2019 2216; baseline -0.009 -21"><span class='ocrx_word' id='word_1_145' title='bbox 427 2141 519 2216; x_wconf 60' lang='lat' dir='ltr'><strong>git,</strong></span> <span class='ocrx_word' id='word_1_146' title='bbox 547 2155 666 2194; x_wconf 90' lang='lat' dir='ltr'><strong>eum</strong></span> <span class='ocrx_word' id='word_1_147' title='bbox 705 2147 925 2209; x_wconf 82' lang='lat' dir='ltr'><strong>propter</strong></span> <span class='ocrx_word' id='word_1_148' title='bbox 965 2143 1244 2206; x_wconf 86' lang='lat' dir='ltr'><strong>peccatum</strong></span> <span class='ocrx_word' id='word_1_149' title='bbox 1303 2130 1370 2184; x_wconf 90' lang='lat' dir='ltr'><strong>ad</strong></span> <span class='ocrx_word' id='word_1_150' title='bbox 1420 2145 1536 2183; x_wconf 89' lang='lat' dir='ltr'><strong>eam</strong></span> <span class='ocrx_word' id='word_1_151' title='bbox 1583 2129 1868 2199; x_wconf 88' lang='lat' dir='ltr'><strong>pervenire</strong></span> <span class='ocrx_word' id='word_1_152' title='bbox 1915 2143 2019 2180; x_wconf 86' lang='lat' dir='ltr'><strong>non</strong></span> 
     </span>
    </p>
   </div>
   <div class='ocr_carea' id='block_1_22' title="bbox 429 2216 2017 2304">
    <p class='ocr_par' dir='ltr' id='par_1_22' title="bbox 429 2216 2017 2304">
     <span class='ocr_line' id='line_1_22' title="bbox 429 2216 2017 2304; baseline -0.009 -18"><span class='ocrx_word' id='word_1_153' title='bbox 429 2231 620 2304; x_wconf 85' lang='lat' dir='ltr'><strong>potuit.</strong></span> <span class='ocrx_word' id='word_1_154' title='bbox 646 2230 845 2284; x_wconf 86' lang='lat' dir='ltr'><strong>Dicitur</strong></span> <span class='ocrx_word' id='word_1_155' title='bbox 874 2227 1016 2282; x_wconf 90' lang='lat' dir='ltr'><strong>enim</strong></span> <span class='ocrx_word' id='word_1_156' title='bbox 1059 2233 1111 2279; x_wconf 89' lang='lat' dir='ltr'><strong>ct</strong></span> <span class='ocrx_word' id='word_1_157' title='bbox 1152 2221 1397 2278; x_wconf 87' lang='lat' dir='ltr'><strong>amisisse</strong></span> <span class='ocrx_word' id='word_1_158' title='bbox 1426 2234 1666 2283; x_wconf 77' lang='lat' dir='ltr'><strong>uxorem,</strong></span> <span class='ocrx_word' id='word_1_159' title='bbox 1693 2228 1750 2274; x_wconf 90' lang='lat' dir='ltr'><strong>et</strong></span> <span class='ocrx_word' id='word_1_160' title='bbox 1775 2216 2017 2273; x_wconf 88' lang='lat' dir='ltr'><strong>amisisse</strong></span> 
     </span>
    </p>
   </div>
   <div class='ocr_carea' id='block_1_23' title="bbox 431 2307 2021 2401">
    <p class='ocr_par' dir='ltr' id='par_1_23' title="bbox 431 2307 2021 2401">
     <span class='ocr_line' id='line_1_23' title="bbox 431 2307 2021 2401; baseline -0.009 -25"><span class='ocrx_word' id='word_1_161' title='bbox 431 2307 711 2401; x_wconf 57' lang='lat' dir='ltr'><strong>honorem,</strong></span> <span class='ocrx_word' id='word_1_162' title='bbox 752 2319 842 2391; x_wconf 92' lang='lat' dir='ltr'><strong>qui</strong></span> <span class='ocrx_word' id='word_1_163' title='bbox 886 2324 1156 2389; x_wconf 84' lang='lat' dir='ltr'><strong>speratum</strong></span> <span class='ocrx_word' id='word_1_164' title='bbox 1208 2328 1319 2368; x_wconf 85' lang='lat' dir='ltr'><strong>non</strong></span> <span class='ocrx_word' id='word_1_165' title='bbox 1356 2310 1657 2381; x_wconf 89' lang='lat' dir='ltr'><strong>acceperit,</strong></span> <span class='ocrx_word' id='word_1_166' title='bbox 1710 2309 1802 2364; x_wconf 91' lang='lat' dir='ltr'><strong>illo</strong></span> <span class='ocrx_word' id='word_1_167' title='bbox 1843 2324 1873 2362; x_wconf 89' lang='lat' dir='ltr'><strong>a</strong></span> <span class='ocrx_word' id='word_1_168' title='bbox 1915 2323 2021 2378; x_wconf 89' lang='lat' dir='ltr'><strong>quo</strong></span> 
     </span>
    </p>
   </div>
   <div class='ocr_carea' id='block_1_24' title="bbox 427 2412 935 2495">
    <p class='ocr_par' dir='ltr' id='par_1_24' title="bbox 427 2412 935 2495">
     <span class='ocr_line' id='line_1_24' title="bbox 427 2412 935 2495; baseline -0.004 -28"><span class='ocrx_word' id='word_1_169' title='bbox 427 2414 679 2495; x_wconf 59' lang='lat' dir='ltr'><strong>sperabat</strong></span> <span class='ocrx_word' id='word_1_170' title='bbox 708 2412 935 2466; x_wconf 73' lang='lat' dir='ltr'><strong>olfcuso.</strong></span> 
     </span>
    </p>
   </div>
   <div class='ocr_carea' id='block_1_25' title="bbox 427 2483 2023 2590">
    <p class='ocr_par' dir='ltr' id='par_1_25' title="bbox 427 2483 2023 2590">
     <span class='ocr_line' id='line_1_25' title="bbox 427 2483 2023 2590; baseline -0.009 -7"><span class='ocrx_word' id='word_1_171' title='bbox 427 2483 654 2582; x_wconf 68' lang='grc' dir='ltr'>ἇΑιιυΤ</span> <span class='ocrx_word' id='word_1_172' title='bbox 675 2483 1156 2581; x_wconf 65' lang='lat' dir='ltr'><strong>XX\&#39;lll.—ddam</strong></span> <span class='ocrx_word' id='word_1_173' title='bbox 1175 2519 1284 2574; x_wconf 79' lang='lat' dir='ltr'><strong>licet</strong></span> <span class='ocrx_word' id='word_1_174' title='bbox 1304 2516 1580 2590; x_wconf 76' lang='lat' dir='ltr'><strong>spiritualis</strong></span> <span class='ocrx_word' id='word_1_175' title='bbox 1606 2524 1786 2580; x_wconf 82' lang='lat' dir='ltr'><strong><em>mente,</em></strong></span> <span class='ocrx_word' id='word_1_176' title='bbox 1811 2528 2023 2582; x_wconf 80' lang='lat' dir='ltr'><strong>corpore</strong></span> 
     </span>
    </p>
   </div>
   <div class='ocr_carea' id='block_1_26' title="bbox 783 2608 1659 2688">
    <p class='ocr_par' dir='ltr' id='par_1_26' title="bbox 783 2608 1659 2688">
     <span class='ocr_line' id='line_1_26' title="bbox 783 2608 1659 2688; baseline -0.011 -18"><span class='ocrx_word' id='word_1_177' title='bbox 783 2616 879 2688; x_wconf 80' lang='lat' dir='ltr'><strong>{uit</strong></span> <span class='ocrx_word' id='word_1_178' title='bbox 903 2613 1142 2668; x_wconf 84' lang='lat' dir='ltr'><strong>animalis</strong></span> <span class='ocrx_word' id='word_1_179' title='bbox 1166 2612 1313 2666; x_wconf 84' lang='lat' dir='ltr'><strong>etiam</strong></span> <span class='ocrx_word' id='word_1_180' title='bbox 1330 2611 1380 2664; x_wconf 89' lang='lat' dir='ltr'><strong>in</strong></span> <span class='ocrx_word' id='word_1_181' title='bbox 1403 2608 1659 2682; x_wconf 82' lang='lat' dir='ltr'><strong>paradiso.</strong></span> 
     </span>
    </p>
   </div>
   <div class='ocr_carea' id='block_1_27' title="bbox 502 2719 2020 2797">
    <p class='ocr_par' dir='ltr' id='par_1_27' title="bbox 502 2719 2020 2797">
     <span class='ocr_line' id='line_1_27' title="bbox 502 2719 2020 2797; baseline -0.01 -8"><span class='ocrx_word' id='word_1_182' title='bbox 502 2731 588 2789; x_wconf 76' lang='lat'><strong>59.</strong></span> <span class='ocrx_word' id='word_1_183' title='bbox 628 2730 928 2788; x_wconf 86' lang='lat' dir='ltr'><strong>Secundum</strong></span> <span class='ocrx_word' id='word_1_184' title='bbox 945 2729 1080 2783; x_wconf 81' lang='lat' dir='ltr'><strong>hanc</strong></span> <span class='ocrx_word' id='word_1_185' title='bbox 1094 2742 1220 2797; x_wconf 80' lang='lat' dir='ltr'><strong>ergo</strong></span> <span class='ocrx_word' id='word_1_186' title='bbox 1243 2725 1560 2780; x_wconf 80' lang='lat' dir='ltr'><strong>sententiain</strong></span> <span class='ocrx_word' id='word_1_187' title='bbox 1585 2736 1778 2790; x_wconf 90' lang='lat' dir='ltr'><strong>corpus</strong></span> <span class='ocrx_word' id='word_1_188' title='bbox 1791 2719 2020 2774; x_wconf 87' lang='lat' dir='ltr'><strong>animale</strong></span> 
     </span>
    </p>
   </div>
   <div class='ocr_carea' id='block_1_28' title="bbox 435 2811 2016 2886">
    <p class='ocr_par' dir='ltr' id='par_1_28' title="bbox 435 2811 2016 2886">
     <span class='ocr_line' id='line_1_28' title="bbox 435 2811 2016 2886; baseline -0.01 -6"><span class='ocrx_word' id='word_1_189' title='bbox 435 2813 616 2881; x_wconf 79' lang='lat' dir='ltr'><strong>habuit</strong></span> <span class='ocrx_word' id='word_1_190' title='bbox 633 2825 817 2885; x_wconf 83' lang='lat' dir='ltr'><strong>Adam.</strong></span> <span class='ocrx_word' id='word_1_191' title='bbox 835 2839 940 2877; x_wconf 89' lang='lat' dir='ltr'><strong>non</strong></span> <span class='ocrx_word' id='word_1_192' title='bbox 965 2830 1166 2875; x_wconf 89' lang='lat' dir='ltr'><strong>tantum</strong></span> <span class='ocrx_word' id='word_1_193' title='bbox 1188 2829 1312 2873; x_wconf 92' lang='lat' dir='ltr'><strong>ante</strong></span> <span class='ocrx_word' id='word_1_194' title='bbox 1331 2815 1649 2886; x_wconf 69' lang='lat' dir='ltr'><strong>paradisum,</strong></span> <span class='ocrx_word' id='word_1_195' title='bbox 1669 2813 1760 2866; x_wconf 90' lang='lat' dir='ltr'><strong>sed</strong></span> <span class='ocrx_word' id='word_1_196' title='bbox 1781 2814 1936 2866; x_wconf 83' lang='lat' dir='ltr'><strong>etiam</strong></span> <span class='ocrx_word' id='word_1_197' title='bbox 1967 2811 2016 2864; x_wconf 90' lang='lat' dir='ltr'><strong>in</strong></span> 
     </span>
    </p>
   </div>
   <div class='ocr_carea' id='block_1_29' title="bbox 426 2905 2020 2989">
    <p class='ocr_par' dir='ltr' id='par_1_29' title="bbox 426 2905 2020 2989">
     <span class='ocr_line' id='line_1_29' title="bbox 426 2905 2020 2989; baseline -0.009 -19"><span class='ocrx_word' id='word_1_198' title='bbox 426 2915 673 2989; x_wconf 82' lang='lat' dir='ltr'><strong>paradiso</strong></span> <span class='ocrx_word' id='word_1_199' title='bbox 688 2915 1027 2969; x_wconf 70' lang='lat' dir='ltr'><strong>constitutus:</strong></span> <span class='ocrx_word' id='word_1_200' title='bbox 1048 2911 1288 2981; x_wconf 87' lang='lat' dir='ltr'><strong>quamvis</strong></span> <span class='ocrx_word' id='word_1_201' title='bbox 1303 2909 1352 2962; x_wconf 88' lang='lat' dir='ltr'><strong>in</strong></span> <span class='ocrx_word' id='word_1_202' title='bbox 1371 2908 1620 2961; x_wconf 85' lang='lat' dir='ltr'><strong>interiore</strong></span> <span class='ocrx_word' id='word_1_203' title='bbox 1637 2906 1848 2958; x_wconf 74' lang='lat' dir='ltr'><strong>homine</strong></span> <span class='ocrx_word' id='word_1_204' title='bbox 1865 2905 2020 2957; x_wconf 84' lang='lat' dir='ltr'><strong>fuerit</strong></span> 
     </span>
    </p>
   </div>
   <div class='ocr_carea' id='block_1_30' title="bbox 430 2994 2016 3077">
    <p class='ocr_par' dir='ltr' id='par_1_30' title="bbox 430 2994 2016 3077">
     <span class='ocr_line' id='line_1_30' title="bbox 430 2994 2016 3077; baseline -0.009 -15"><span class='ocrx_word' id='word_1_205' title='bbox 430 3006 738 3077; x_wconf 74' lang='lat' dir='ltr'><strong>Spiritnalis,</strong></span> <span class='ocrx_word' id='word_1_206' title='bbox 757 3004 1048 3059; x_wconf 82' lang='lat' dir='ltr'><strong>secundum</strong></span> <span class='ocrx_word' id='word_1_207' title='bbox 1081 3001 1360 3068; x_wconf 81' lang='lat' dir='ltr'><strong>imaginem</strong></span> <span class='ocrx_word' id='word_1_208' title='bbox 1385 2997 1499 3066; x_wconf 86' lang='lat' dir='ltr'><strong>ejus</strong></span> <span class='ocrx_word' id='word_1_209' title='bbox 1520 2997 1607 3066; x_wconf 88' lang='lat' dir='ltr'><strong>qui</strong></span> <span class='ocrx_word' id='word_1_210' title='bbox 1631 2994 1831 3050; x_wconf 85' lang='lat' dir='ltr'><strong>creavit</strong></span> <span class='ocrx_word' id='word_1_211' title='bbox 1857 3009 1977 3048; x_wconf 83' lang='lat' dir='ltr'><strong>eum</strong></span> <span class='ocrx_word' id='word_1_212' title='bbox 2001 3009 2016 3056; x_wconf 86' lang='lat'><strong>;</strong></span> 
     </span>
    </p>
   </div>
   <div class='ocr_carea' id='block_1_31' title="bbox 430 3089 2022 3168">
    <p class='ocr_par' dir='ltr' id='par_1_31' title="bbox 430 3089 2022 3168">
     <span class='ocr_line' id='line_1_31' title="bbox 430 3089 2022 3168; baseline -0.007 -17"><span class='ocrx_word' id='word_1_213' title='bbox 430 3097 570 3168; x_wconf 88' lang='lat' dir='ltr'><strong>quod</strong></span> <span class='ocrx_word' id='word_1_214' title='bbox 599 3097 775 3150; x_wconf 92' lang='lat' dir='ltr'><strong>amisit</strong></span> <span class='ocrx_word' id='word_1_215' title='bbox 803 3093 1090 3164; x_wconf 85' lang='lat' dir='ltr'><strong>peccando,</strong></span> <span class='ocrx_word' id='word_1_216' title='bbox 1111 3093 1404 3159; x_wconf 85' lang='lat' dir='ltr'><strong>meruitque</strong></span> <span class='ocrx_word' id='word_1_217' title='bbox 1427 3091 1584 3144; x_wconf 86' lang='lat' dir='ltr'><strong>etiam</strong></span> <span class='ocrx_word' id='word_1_218' title='bbox 1609 3089 1846 3154; x_wconf 86' lang='lat' dir='ltr'><strong>corporis</strong></span> <span class='ocrx_word' id='word_1_219' title='bbox 1877 3101 2022 3140; x_wconf 87' lang='lat' dir='ltr'><strong>mor-</strong></span> 
     </span>
    </p>
   </div>
   <div class='ocr_carea' id='block_1_32' title="bbox 431 3178 2020 3257">
    <p class='ocr_par' dir='ltr' id='par_1_32' title="bbox 431 3178 2020 3257">
     <span class='ocr_line' id='line_1_32' title="bbox 431 3178 2020 3257; baseline -0.007 -14"><span class='ocrx_word' id='word_1_220' title='bbox 431 3197 557 3249; x_wconf 81' lang='lat' dir='ltr'><strong>tem.</strong></span> <span class='ocrx_word' id='word_1_221' title='bbox 573 3186 662 3257; x_wconf 86' lang='lat' dir='ltr'><strong>qui</strong></span> <span class='ocrx_word' id='word_1_222' title='bbox 683 3201 783 3239; x_wconf 88' lang='lat' dir='ltr'><strong>non</strong></span> <span class='ocrx_word' id='word_1_223' title='bbox 803 3183 1068 3255; x_wconf 90' lang='lat' dir='ltr'><strong>peccando</strong></span> <span class='ocrx_word' id='word_1_224' title='bbox 1083 3191 1375 3237; x_wconf 82' lang='lat' dir='ltr'><strong>mereretur</strong></span> <span class='ocrx_word' id='word_1_225' title='bbox 1393 3191 1447 3234; x_wconf 88' lang='lat' dir='ltr'><strong>ct</strong></span> <span class='ocrx_word' id='word_1_226' title='bbox 1473 3181 1521 3233; x_wconf 90' lang='lat' dir='ltr'><strong>in</strong></span> <span class='ocrx_word' id='word_1_227' title='bbox 1540 3194 1731 3246; x_wconf 88' lang='lat' dir='ltr'><strong>corpus</strong></span> <span class='ocrx_word' id='word_1_228' title='bbox 1747 3178 2020 3246; x_wconf 80' lang='lat' dir='ltr'><strong>Spiritnale</strong></span> 
     </span>
    </p>
   </div>
   <div class='ocr_carea' id='block_1_33' title="bbox 427 3271 2014 3335">
    <p class='ocr_par' dir='ltr' id='par_1_33' title="bbox 427 3271 2014 3335">
     <span class='ocr_line' id='line_1_33' title="bbox 427 3271 2014 3335; baseline -0.008 0"><span class='ocrx_word' id='word_1_229' title='bbox 427 3277 918 3335; x_wconf 72' lang='lat' dir='ltr'><strong>commutationem.</strong></span> <span class='ocrx_word' id='word_1_230' title='bbox 959 3276 1089 3331; x_wconf 73' lang='lat' dir='ltr'><strong>Nam</strong></span> <span class='ocrx_word' id='word_1_231' title='bbox 1121 3275 1166 3330; x_wconf 89' lang='lat' dir='ltr'><strong>si</strong></span> <span class='ocrx_word' id='word_1_232' title='bbox 1194 3286 1245 3330; x_wconf 92' lang='lat' dir='ltr'><strong>et</strong></span> <span class='ocrx_word' id='word_1_233' title='bbox 1277 3272 1499 3327; x_wconf 89' lang='lat' dir='ltr'><strong>interius</strong></span> <span class='ocrx_word' id='word_1_234' title='bbox 1528 3272 1831 3326; x_wconf 88' lang='lat' dir='ltr'><strong>anitnaliter</strong></span> <span class='ocrx_word' id='word_1_235' title='bbox 1863 3271 2014 3335; x_wconf 70' lang='lat' dir='ltr'><strong>vixit,</strong></span> 
     </span>
    </p>
   </div>
   <div class='ocr_carea' id='block_1_34' title="bbox 428 3364 2020 3442">
    <p class='ocr_par' dir='ltr' id='par_1_34' title="bbox 428 3364 2020 3442">
     <span class='ocr_line' id='line_1_34' title="bbox 428 3364 2020 3442; baseline -0.008 -13"><span class='ocrx_word' id='word_1_236' title='bbox 428 3390 535 3429; x_wconf 87' lang='lat' dir='ltr'><strong>non</strong></span> <span class='ocrx_word' id='word_1_237' title='bbox 560 3387 839 3442; x_wconf 87' lang='lat' dir='ltr'><strong>possumus</strong></span> <span class='ocrx_word' id='word_1_238' title='bbox 856 3371 958 3426; x_wconf 90' lang='lat' dir='ltr'><strong>dici</strong></span> <span class='ocrx_word' id='word_1_239' title='bbox 979 3370 1042 3424; x_wconf 91' lang='lat' dir='ltr'><strong>ad</strong></span> <span class='ocrx_word' id='word_1_240' title='bbox 1064 3371 1163 3424; x_wconf 91' lang='lat' dir='ltr'><strong>hoc</strong></span> <span class='ocrx_word' id='word_1_241' title='bbox 1184 3369 1349 3439; x_wconf 84' lang='lat' dir='ltr'><strong>ipsius</strong></span> <span class='ocrx_word' id='word_1_242' title='bbox 1374 3367 1638 3422; x_wconf 86' lang='lat' dir='ltr'><strong>renovari.</strong></span> <span class='ocrx_word' id='word_1_243' title='bbox 1661 3364 1861 3432; x_wconf 72' lang='lat' dir='ltr'><strong>Quibus</strong></span> <span class='ocrx_word' id='word_1_244' title='bbox 1877 3365 2020 3419; x_wconf 87' lang='lat' dir='ltr'><strong>enim</strong></span> 
     </span>
    </p>
   </div>
   <div class='ocr_carea' id='block_1_35' title="bbox 490 3501 1243 3571">
    <p class='ocr_par' dir='ltr' id='par_1_35' title="bbox 490 3501 1243 3571">
     <span class='ocr_line' id='line_1_35' title="bbox 490 3501 1243 3571; baseline -0.004 -15"><span class='ocrx_word' id='word_1_245' title='bbox 490 3505 566 3571; x_wconf 90' lang='lat' dir='ltr'><strong>(a)</strong></span> <span class='ocrx_word' id='word_1_246' title='bbox 590 3512 625 3556; x_wconf 91' lang='lat' dir='ltr'><strong>tt</strong></span> <span class='ocrx_word' id='word_1_247' title='bbox 649 3511 851 3557; x_wconf 88' lang='lat' dir='ltr'><strong>ttetract.</strong></span> <span class='ocrx_word' id='word_1_248' title='bbox 875 3517 980 3568; x_wconf 90' lang='lat' dir='ltr'><strong>cap.</strong></span> <span class='ocrx_word' id='word_1_249' title='bbox 1005 3501 1085 3565; x_wconf 72' lang='grc' dir='ltr'><strong>ει,</strong></span> <span class='ocrx_word' id='word_1_250' title='bbox 1119 3517 1171 3553; x_wconf 83' lang='grc' dir='ltr'>ιι.</span> <span class='ocrx_word' id='word_1_251' title='bbox 1195 3501 1243 3553; x_wconf 71' lang='lat'><strong>9..</strong></span> 
     </span>
    </p>
   </div>
   <div class='ocr_carea' id='block_1_36' title="bbox 1355 264 2789 340">
    <p class='ocr_par' dir='ltr' id='par_1_36' title="bbox 1355 264 2789 340">
     <span class='ocr_line' id='line_1_36' title="bbox 1355 264 2789 340; baseline -0.003 -7"><span class='ocrx_word' id='word_1_252' title='bbox 1355 276 1444 333; x_wconf 84' lang='lat' dir='ltr'><strong>DE</strong></span> <span class='ocrx_word' id='word_1_253' title='bbox 1481 273 1732 334; x_wconf 81' lang='lat' dir='ltr'><strong>GENESl</strong></span> <span class='ocrx_word' id='word_1_254' title='bbox 1773 269 1867 332; x_wconf 76' lang='lat' dir='ltr'><strong>AD</strong></span> <span class='ocrx_word' id='word_1_255' title='bbox 1902 264 2283 340; x_wconf 75' lang='lat' dir='ltr'><strong>Ll‘l&#39;i&#39;ERAM,</strong></span> <span class='ocrx_word' id='word_1_256' title='bbox 2318 270 2378 332; x_wconf 87' lang='lat' dir='ltr'><strong>S.</strong></span> <span class='ocrx_word' id='word_1_257' title='bbox 2419 270 2789 333; x_wconf 76' lang='lat' dir='ltr'><strong>AUGUSTINI</strong></span> 
     </span>
    </p>
   </div>
   <div class='ocr_carea' id='block_1_37' title="bbox 3606 281 3717 341">
    <p class='ocr_par' dir='ltr' id='par_1_37' title="bbox 3606 281 3717 341">
     <span class='ocr_line' id='line_1_37' title="bbox 3606 281 3717 341; baseline 0 0"><span class='ocrx_word' id='word_1_258' title='bbox 3606 281 3717 341; x_wconf 74' lang='lat'><strong>3-58</strong></span> 
     </span>
    </p>
   </div>
   <div class='ocr_carea' id='block_1_38' title="bbox 2127 373 3711 456">
    <p class='ocr_par' dir='ltr' id='par_1_38' title="bbox 2127 373 3711 456">
     <span class='ocr_line' id='line_1_38' title="bbox 2127 373 3711 456; baseline 0.009 -16"><span class='ocrx_word' id='word_1_259' title='bbox 2127 384 2337 451; x_wconf 69' lang='lat' dir='ltr'><strong>dicitur,</strong></span> <span class='ocrx_word' id='word_1_260' title='bbox 2362 382 2689 440; x_wconf 82' lang='lat' dir='ltr'><strong>Renoeumini</strong></span> <span class='ocrx_word' id='word_1_261' title='bbox 2717 386 2896 456; x_wconf 89' lang='lat' dir='ltr'><strong>spiritu</strong></span> <span class='ocrx_word' id='word_1_262' title='bbox 2915 386 3088 442; x_wconf 80' lang='lat' dir='ltr'><strong>utentis</strong></span> <span class='ocrx_word' id='word_1_263' title='bbox 3111 373 3306 456; x_wconf 69' lang='lat' dir='ltr'><strong>vestrm,</strong></span> <span class='ocrx_word' id='word_1_264' title='bbox 3331 388 3434 448; x_wconf 83' lang='lat' dir='ltr'><strong>hoc</strong></span> <span class='ocrx_word' id='word_1_265' title='bbox 3462 391 3543 449; x_wconf 93' lang='lat' dir='ltr'><strong>cis</strong></span> <span class='ocrx_word' id='word_1_266' title='bbox 3572 393 3711 452; x_wconf 88' lang='lat' dir='ltr'><strong>dici-</strong></span> 
     </span>
    </p>
   </div>
   <div class='ocr_carea' id='block_1_39' title="bbox 2128 469 3714 556">
    <p class='ocr_par' dir='ltr' id='par_1_39' title="bbox 2128 469 3714 556">
     <span class='ocr_line' id='line_1_39' title="bbox 2128 469 3714 556; baseline 0.006 -22"><span class='ocrx_word' id='word_1_267' title='bbox 2128 487 2236 548; x_wconf 93' lang='lat' dir='ltr'><strong>tur,</strong></span> <span class='ocrx_word' id='word_1_268' title='bbox 2263 488 2319 534; x_wconf 91' lang='lat' dir='ltr'><strong>ut</strong></span> <span class='ocrx_word' id='word_1_269' title='bbox 2339 476 2641 550; x_wconf 84' lang='lat' dir='ltr'><strong>spiritttales</strong></span> <span class='ocrx_word' id='word_1_270' title='bbox 2659 480 2810 534; x_wconf 82' lang='lat' dir='ltr'><strong>liant:</strong></span> <span class='ocrx_word' id='word_1_271' title='bbox 2832 479 2972 548; x_wconf 85' lang='lat' dir='ltr'><strong>quod</strong></span> <span class='ocrx_word' id='word_1_272' title='bbox 3003 480 3048 534; x_wconf 91' lang='lat' dir='ltr'><strong>si</strong></span> <span class='ocrx_word' id='word_1_273' title='bbox 3085 469 3174 535; x_wconf 83' lang='lat' dir='ltr'><strong>ille.</strong></span> <span class='ocrx_word' id='word_1_274' title='bbox 3193 495 3290 537; x_wconf 89' lang='lat' dir='ltr'><strong>nec</strong></span> <span class='ocrx_word' id='word_1_275' title='bbox 3312 482 3363 536; x_wconf 90' lang='lat' dir='ltr'><strong>in</strong></span> <span class='ocrx_word' id='word_1_276' title='bbox 3391 485 3504 556; x_wconf 80' lang='lat' dir='ltr'><strong>ipsa</strong></span> <span class='ocrx_word' id='word_1_277' title='bbox 3530 495 3714 544; x_wconf 72' lang='lat' dir='ltr'><strong>tuente</strong></span> 
     </span>
    </p>
   </div>
   <div class='ocr_carea' id='block_1_40' title="bbox 2126 567 3713 642">
    <p class='ocr_par' dir='ltr' id='par_1_40' title="bbox 2126 567 3713 642">
     <span class='ocr_line' id='line_1_40' title="bbox 2126 567 3713 642; baseline 0.004 -17"><span class='ocrx_word' id='word_1_278' title='bbox 2126 567 2244 636; x_wconf 79' lang='lat' dir='ltr'><strong>fuit,</strong></span> <span class='ocrx_word' id='word_1_279' title='bbox 2274 570 2539 641; x_wconf 88' lang='lat' dir='ltr'><strong>quomodo</strong></span> <span class='ocrx_word' id='word_1_280' title='bbox 2563 584 2660 625; x_wconf 90' lang='lat' dir='ltr'><strong>nos</strong></span> <span class='ocrx_word' id='word_1_281' title='bbox 2690 585 3009 624; x_wconf 88' lang='lat' dir='ltr'><strong>renovamur</strong></span> <span class='ocrx_word' id='word_1_282' title='bbox 3037 570 3100 624; x_wconf 88' lang='lat' dir='ltr'><strong>ad</strong></span> <span class='ocrx_word' id='word_1_283' title='bbox 3129 567 3179 625; x_wconf 90' lang='lat' dir='ltr'><strong>id</strong></span> <span class='ocrx_word' id='word_1_284' title='bbox 3205 571 3347 642; x_wconf 87' lang='lat' dir='ltr'><strong>quod</strong></span> <span class='ocrx_word' id='word_1_285' title='bbox 3375 573 3538 630; x_wconf 87' lang='lat' dir='ltr'><strong>homo</strong></span> <span class='ocrx_word' id='word_1_286' title='bbox 3568 594 3713 632; x_wconf 86' lang='lat' dir='ltr'><strong>nun-</strong></span> 
     </span>
    </p>
   </div>
   <div class='ocr_carea' id='block_1_41' title="bbox 2125 661 3717 734">
    <p class='ocr_par' dir='ltr' id='par_1_41' title="bbox 2125 661 3717 734">
     <span class='ocr_line' id='line_1_41' title="bbox 2125 661 3717 734; baseline 0.006 -20"><span class='ocrx_word' id='word_1_287' title='bbox 2125 677 2283 732; x_wconf 88' lang='lat' dir='ltr'><strong>quam</strong></span> <span class='ocrx_word' id='word_1_288' title='bbox 2313 661 2444 716; x_wconf 81' lang='lat' dir='ltr'><strong>luit?</strong></span> <span class='ocrx_word' id='word_1_289' title='bbox 2487 661 2725 732; x_wconf 78' lang='lat' dir='ltr'><strong>Apostoli</strong></span> <span class='ocrx_word' id='word_1_290' title='bbox 2763 672 2940 716; x_wconf 87' lang='lat' dir='ltr'><strong>autem</strong></span> <span class='ocrx_word' id='word_1_291' title='bbox 2987 673 3041 717; x_wconf 91' lang='lat' dir='ltr'><strong>ct</strong></span> <span class='ocrx_word' id='word_1_292' title='bbox 3083 678 3273 718; x_wconf 90' lang='lat' dir='ltr'><strong>omnes</strong></span> <span class='ocrx_word' id='word_1_293' title='bbox 3309 663 3436 734; x_wconf 88' lang='lat' dir='ltr'><strong>justi</strong></span> <span class='ocrx_word' id='word_1_294' title='bbox 3480 667 3717 725; x_wconf 82' lang='lat' dir='ltr'><strong>animale</strong></span> 
     </span>
    </p>
   </div>
   <div class='ocr_carea' id='block_1_42' title="bbox 2127 743 3718 826">
    <p class='ocr_par' dir='ltr' id='par_1_42' title="bbox 2127 743 3718 826">
     <span class='ocr_line' id='line_1_42' title="bbox 2127 743 3718 826; baseline 0.005 -20"><span class='ocrx_word' id='word_1_295' title='bbox 2127 753 2306 823; x_wconf 89' lang='lat' dir='ltr'><strong>utique</strong></span> <span class='ocrx_word' id='word_1_296' title='bbox 2325 768 2516 823; x_wconf 83' lang='lat' dir='ltr'><strong>corpus</strong></span> <span class='ocrx_word' id='word_1_297' title='bbox 2538 752 2710 807; x_wconf 88' lang='lat' dir='ltr'><strong>adlmc</strong></span> <span class='ocrx_word' id='word_1_298' title='bbox 2737 743 3021 819; x_wconf 78' lang='lat' dir='ltr'><strong>habebant,</strong></span> <span class='ocrx_word' id='word_1_299' title='bbox 3046 753 3138 808; x_wconf 89' lang='lat' dir='ltr'><strong>sed</strong></span> <span class='ocrx_word' id='word_1_300' title='bbox 3163 765 3338 809; x_wconf 87' lang='lat' dir='ltr'><strong>tamen</strong></span> <span class='ocrx_word' id='word_1_301' title='bbox 3362 749 3718 826; x_wconf 85' lang='lat' dir='ltr'><strong>spiritualitcr</strong></span> 
     </span>
    </p>
   </div>
   <div class='ocr_carea' id='block_1_43' title="bbox 2125 835 3717 928">
    <p class='ocr_par' dir='ltr' id='par_1_43' title="bbox 2125 835 3717 928">
     <span class='ocr_line' id='line_1_43' title="bbox 2125 835 3717 928; baseline 0.006 -31"><span class='ocrx_word' id='word_1_302' title='bbox 2125 835 2347 928; x_wconf 75' lang='lat' dir='ltr'><strong>interius</strong></span> <span class='ocrx_word' id='word_1_303' title='bbox 2370 845 2648 910; x_wconf 73' lang='lat' dir='ltr'><strong>vivebant;</strong></span> <span class='ocrx_word' id='word_1_304' title='bbox 2682 845 2917 899; x_wconf 75' lang='lat' dir='ltr'><strong>renovati</strong></span> <span class='ocrx_word' id='word_1_305' title='bbox 2946 845 3148 903; x_wconf 89' lang='lat' dir='ltr'><strong>scilicet</strong></span> <span class='ocrx_word' id='word_1_306' title='bbox 3173 847 3225 901; x_wconf 92' lang='lat' dir='ltr'><strong>in</strong></span> <span class='ocrx_word' id='word_1_307' title='bbox 3252 847 3574 920; x_wconf 78' lang='lat' dir='ltr'><strong>agnitionem</strong></span> <span class='ocrx_word' id='word_1_308' title='bbox 3601 850 3717 920; x_wconf 88' lang='lat' dir='ltr'><strong>Dei,</strong></span> 
     </span>
    </p>
   </div>
   <div class='ocr_carea' id='block_1_44' title="bbox 2125 934 3721 1007">
    <p class='ocr_par' dir='ltr' id='par_1_44' title="bbox 2125 934 3721 1007">
     <span class='ocr_line' id='line_1_44' title="bbox 2125 934 3721 1007; baseline 0.005 -17"><span class='ocrx_word' id='word_1_309' title='bbox 2125 934 2418 990; x_wconf 83' lang='lat' dir='ltr'><strong>secundum</strong></span> <span class='ocrx_word' id='word_1_310' title='bbox 2448 936 2730 1006; x_wconf 81' lang='lat' dir='ltr'><strong>imaginem</strong></span> <span class='ocrx_word' id='word_1_311' title='bbox 2768 934 2883 1006; x_wconf 83' lang='lat' dir='ltr'><strong>ejus</strong></span> <span class='ocrx_word' id='word_1_312' title='bbox 2931 937 3020 1007; x_wconf 90' lang='lat' dir='ltr'><strong>qui</strong></span> <span class='ocrx_word' id='word_1_313' title='bbox 3063 938 3265 993; x_wconf 91' lang='lat' dir='ltr'><strong>creavit</strong></span> <span class='ocrx_word' id='word_1_314' title='bbox 3289 954 3382 994; x_wconf 87' lang='lat' dir='ltr'><strong>eos</strong></span> <span class='ocrx_word' id='word_1_315' title='bbox 3413 958 3426 993; x_wconf 89' lang='lat'><strong>:</strong></span> <span class='ocrx_word' id='word_1_316' title='bbox 3457 956 3564 996; x_wconf 90' lang='lat' dir='ltr'><strong>non</strong></span> <span class='ocrx_word' id='word_1_317' title='bbox 3597 939 3721 998; x_wconf 83' lang='lat' dir='ltr'><strong>ideo</strong></span> 
     </span>
    </p>
   </div>
   <div class='ocr_carea' id='block_1_45' title="bbox 2126 1025 3721 1099">
    <p class='ocr_par' dir='ltr' id='par_1_45' title="bbox 2126 1025 3721 1099">
     <span class='ocr_line' id='line_1_45' title="bbox 2126 1025 3721 1099; baseline 0.004 -17"><span class='ocrx_word' id='word_1_318' title='bbox 2126 1037 2302 1083; x_wconf 89' lang='lat' dir='ltr'><strong>tamen</strong></span> <span class='ocrx_word' id='word_1_319' title='bbox 2328 1025 2436 1098; x_wconf 90' lang='lat' dir='ltr'><strong>jam</strong></span> <span class='ocrx_word' id='word_1_320' title='bbox 2467 1043 2688 1098; x_wconf 88' lang='lat' dir='ltr'><strong>peccare</strong></span> <span class='ocrx_word' id='word_1_321' title='bbox 2717 1045 2821 1082; x_wconf 84' lang='lat' dir='ltr'><strong>non</strong></span> <span class='ocrx_word' id='word_1_322' title='bbox 2849 1038 3114 1099; x_wconf 86' lang='lat' dir='ltr'><strong>poterant,</strong></span> <span class='ocrx_word' id='word_1_323' title='bbox 3144 1029 3187 1084; x_wconf 92' lang='lat' dir='ltr'><strong>si</strong></span> <span class='ocrx_word' id='word_1_324' title='bbox 3218 1034 3587 1088; x_wconf 86' lang='lat' dir='ltr'><strong>consentirent</strong></span> <span class='ocrx_word' id='word_1_325' title='bbox 3610 1031 3721 1088; x_wconf 88' lang='lat' dir='ltr'><strong>ini-</strong></span> 
     </span>
    </p>
   </div>
   <div class='ocr_carea' id='block_1_46' title="bbox 2124 1117 3722 1200">
    <p class='ocr_par' dir='ltr' id='par_1_46' title="bbox 2124 1117 3722 1200">
     <span class='ocr_line' id='line_1_46' title="bbox 2124 1117 3722 1200; baseline 0.004 -28"><span class='ocrx_word' id='word_1_326' title='bbox 2124 1120 2334 1200; x_wconf 85' lang='lat' dir='ltr'><strong>quitati.</strong></span> <span class='ocrx_word' id='word_1_327' title='bbox 2357 1119 2485 1174; x_wconf 83' lang='lat' dir='ltr'><strong>Nam</strong></span> <span class='ocrx_word' id='word_1_328' title='bbox 2509 1129 2563 1175; x_wconf 90' lang='lat' dir='ltr'><strong>ct</strong></span> <span class='ocrx_word' id='word_1_329' title='bbox 2586 1117 2894 1191; x_wconf 75' lang='lat' dir='ltr'><strong>spirituales</strong></span> <span class='ocrx_word' id='word_1_330' title='bbox 2918 1136 3076 1190; x_wconf 89' lang='lat' dir='ltr'><strong>posse</strong></span> <span class='ocrx_word' id='word_1_331' title='bbox 3093 1121 3287 1180; x_wconf 87' lang='lat' dir='ltr'><strong>cadere</strong></span> <span class='ocrx_word' id='word_1_332' title='bbox 3314 1122 3365 1176; x_wconf 93' lang='lat' dir='ltr'><strong>in</strong></span> <span class='ocrx_word' id='word_1_333' title='bbox 3394 1124 3722 1180; x_wconf 68' lang='lat' dir='ltr'><strong>tentatiOne‘</strong></span> 
     </span>
    </p>
   </div>
   <div class='ocr_carea' id='block_1_47' title="bbox 2126 1211 3726 1286">
    <p class='ocr_par' dir='ltr' id='par_1_47' title="bbox 2126 1211 3726 1286">
     <span class='ocr_line' id='line_1_47' title="bbox 2126 1211 3726 1286; baseline 0.003 -21"><span class='ocrx_word' id='word_1_334' title='bbox 2126 1211 2350 1281; x_wconf 90' lang='lat' dir='ltr'><strong>peccati,</strong></span> <span class='ocrx_word' id='word_1_335' title='bbox 2381 1211 2612 1265; x_wconf 90' lang='lat' dir='ltr'><strong>ostendit</strong></span> <span class='ocrx_word' id='word_1_336' title='bbox 2641 1211 2944 1281; x_wconf 85' lang='lat' dir='ltr'><strong>Apostolus,</strong></span> <span class='ocrx_word' id='word_1_337' title='bbox 2981 1211 3067 1266; x_wconf 92' lang='lat' dir='ltr'><strong>ubi</strong></span> <span class='ocrx_word' id='word_1_338' title='bbox 3107 1211 3204 1277; x_wconf 91' lang='lat' dir='ltr'><strong>ait,</strong></span> <span class='ocrx_word' id='word_1_339' title='bbox 3247 1211 3473 1277; x_wconf 82' lang='lat' dir='ltr'><strong>Fratres,</strong></span> <span class='ocrx_word' id='word_1_340' title='bbox 3505 1215 3549 1269; x_wconf 67' lang='lat' dir='ltr'><strong>si</strong></span> <span class='ocrx_word' id='word_1_341' title='bbox 3587 1231 3726 1286; x_wconf 77' lang='lat' dir='ltr'><strong>pra:-</strong></span> 
     </span>
    </p>
   </div>
   <div class='ocr_carea' id='block_1_48' title="bbox 2127 1299 3728 1384">
    <p class='ocr_par' dir='ltr' id='par_1_48' title="bbox 2127 1299 3728 1384">
     <span class='ocr_line' id='line_1_48' title="bbox 2127 1299 3728 1384; baseline 0.002 -28"><span class='ocrx_word' id='word_1_342' title='bbox 2127 1313 2397 1384; x_wconf 79' lang='lat' dir='ltr'><strong>occupatus</strong></span> <span class='ocrx_word' id='word_1_343' title='bbox 2421 1304 2572 1376; x_wconf 76' lang='lat' dir='ltr'><strong>fuerit</strong></span> <span class='ocrx_word' id='word_1_344' title='bbox 2602 1305 2752 1357; x_wconf 85' lang='lat' dir='ltr'><strong>homo</strong></span> <span class='ocrx_word' id='word_1_345' title='bbox 2776 1306 2828 1356; x_wconf 88' lang='lat' dir='ltr'><strong><em>in</em></strong></span> <span class='ocrx_word' id='word_1_346' title='bbox 2849 1304 3017 1374; x_wconf 81' lang='lat' dir='ltr'><strong>aliquo</strong></span> <span class='ocrx_word' id='word_1_347' title='bbox 3043 1303 3242 1369; x_wconf 82' lang='lat' dir='ltr'><strong>delicto,</strong></span> <span class='ocrx_word' id='word_1_348' title='bbox 3263 1299 3349 1359; x_wconf 78' lang='lat' dir='ltr'><strong>vas</strong></span> <span class='ocrx_word' id='word_1_349' title='bbox 3369 1305 3454 1375; x_wconf 82' lang='lat' dir='ltr'><strong>qui</strong></span> <span class='ocrx_word' id='word_1_350' title='bbox 3473 1307 3728 1377; x_wconf 64' lang='lat' dir='ltr'><strong>spiritua-</strong></span> 
     </span>
    </p>
   </div>
   <div class='ocr_carea' id='block_1_49' title="bbox 2125 1381 3725 1474">
    <p class='ocr_par' dir='ltr' id='par_1_49' title="bbox 2125 1381 3725 1474">
     <span class='ocr_line' id='line_1_49' title="bbox 2125 1381 3725 1474; baseline 0.004 -27"><span class='ocrx_word' id='word_1_351' title='bbox 2125 1391 2198 1474; x_wconf 62' lang='lat' dir='ltr'><strong>lrs</strong></span> <span class='ocrx_word' id='word_1_352' title='bbox 2227 1397 2364 1460; x_wconf 63' lang='lat' dir='ltr'><strong>estis,</strong></span> <span class='ocrx_word' id='word_1_353' title='bbox 2387 1395 2615 1450; x_wconf 86' lang='lat' dir='ltr'><strong>instruite</strong></span> <span class='ocrx_word' id='word_1_354' title='bbox 2639 1395 2932 1465; x_wconf 80' lang='lat' dir='ltr'><strong>Imjusmodi</strong></span> <span class='ocrx_word' id='word_1_355' title='bbox 2971 1395 3021 1448; x_wconf 89' lang='lat' dir='ltr'><strong><em>in</em></strong></span> <span class='ocrx_word' id='word_1_356' title='bbox 3057 1381 3240 1461; x_wconf 81' lang='lat' dir='ltr'><strong>spiritu</strong></span> <span class='ocrx_word' id='word_1_357' title='bbox 3280 1396 3520 1464; x_wconf 81' lang='lat' dir='ltr'><strong>lenitatis,</strong></span> <span class='ocrx_word' id='word_1_358' title='bbox 3549 1399 3725 1453; x_wconf 75' lang='lat' dir='ltr'><strong>inten—</strong></span> 
     </span>
    </p>
   </div>
   <div class='ocr_carea' id='block_1_50' title="bbox 2125 1473 3723 1561">
    <p class='ocr_par' dir='ltr' id='par_1_50' title="bbox 2125 1473 3723 1561">
     <span class='ocr_line' id='line_1_50' title="bbox 2125 1473 3723 1561; baseline 0.004 -24"><span class='ocrx_word' id='word_1_359' title='bbox 2125 1473 2247 1539; x_wconf 70' lang='lat' dir='ltr'><strong>tiens</strong></span> <span class='ocrx_word' id='word_1_360' title='bbox 2274 1495 2320 1540; x_wconf 91' lang='lat' dir='ltr'><strong><em>te</em></strong></span> <span class='ocrx_word' id='word_1_361' title='bbox 2343 1485 2528 1556; x_wconf 80' lang='lat' dir='ltr'><strong>ipsum,</strong></span> <span class='ocrx_word' id='word_1_362' title='bbox 2557 1501 2616 1539; x_wconf 84' lang='lat' dir='ltr'><strong><em>ne</em></strong></span> <span class='ocrx_word' id='word_1_363' title='bbox 2642 1498 2686 1539; x_wconf 87' lang='lat' dir='ltr'><strong>et</strong></span> <span class='ocrx_word' id='word_1_364' title='bbox 2709 1497 2761 1540; x_wconf 90' lang='lat' dir='ltr'><strong>tu</strong></span> <span class='ocrx_word' id='word_1_365' title='bbox 2784 1485 2986 1540; x_wconf 88' lang='lat' dir='ltr'><strong>tenteris</strong></span> <span class='ocrx_word' id='word_1_366' title='bbox 3009 1483 3204 1558; x_wconf 83' lang='lat' dir='ltr'><strong>(Galat.</strong></span> <span class='ocrx_word' id='word_1_367' title='bbox 3227 1503 3301 1550; x_wconf 81' lang='lat' dir='ltr'><strong>Vt,</strong></span> <span class='ocrx_word' id='word_1_368' title='bbox 3333 1485 3404 1561; x_wconf 83' lang='lat' dir='ltr'><strong>l).</strong></span> <span class='ocrx_word' id='word_1_369' title='bbox 3437 1487 3547 1544; x_wconf 78' lang='grc' dir='ltr'><strong>ΙΙος</strong></span> <span class='ocrx_word' id='word_1_370' title='bbox 3576 1477 3723 1558; x_wconf 75' lang='lat' dir='ltr'><strong>dixi,</strong></span> 
     </span>
    </p>
   </div>
   <div class='ocr_carea' id='block_1_51' title="bbox 2127 1575 3722 1650">
    <p class='ocr_par' dir='ltr' id='par_1_51' title="bbox 2127 1575 3722 1650">
     <span class='ocr_line' id='line_1_51' title="bbox 2127 1575 3722 1650; baseline 0.004 -19"><span class='ocrx_word' id='word_1_371' title='bbox 2127 1593 2194 1632; x_wconf 89' lang='lat' dir='ltr'><strong>ne</strong></span> <span class='ocrx_word' id='word_1_372' title='bbox 2221 1577 2465 1648; x_wconf 87' lang='lat' dir='ltr'><strong>cuiquam</strong></span> <span class='ocrx_word' id='word_1_373' title='bbox 2491 1577 2817 1648; x_wconf 70' lang='lat' dir='ltr'><strong>impos~ibile</strong></span> <span class='ocrx_word' id='word_1_374' title='bbox 2841 1575 3076 1632; x_wconf 81' lang='lat' dir='ltr'><strong>videatur</strong></span> <span class='ocrx_word' id='word_1_375' title='bbox 3092 1578 3233 1650; x_wconf 90' lang='lat' dir='ltr'><strong>quod</strong></span> <span class='ocrx_word' id='word_1_376' title='bbox 3260 1582 3494 1649; x_wconf 80' lang='lat' dir='ltr'><strong>peccavit</strong></span> <span class='ocrx_word' id='word_1_377' title='bbox 3518 1582 3722 1647; x_wconf 78' lang='lat' dir='ltr'><strong>Adam,</strong></span> 
     </span>
    </p>
   </div>
   <div class='ocr_carea' id='block_1_52' title="bbox 2125 1668 3725 1740">
    <p class='ocr_par' dir='ltr' id='par_1_52' title="bbox 2125 1668 3725 1740">
     <span class='ocr_line' id='line_1_52' title="bbox 2125 1668 3725 1740; baseline 0.003 -16"><span class='ocrx_word' id='word_1_378' title='bbox 2125 1668 2171 1724; x_wconf 89' lang='lat' dir='ltr'><strong>si</strong></span> <span class='ocrx_word' id='word_1_379' title='bbox 2209 1668 2500 1739; x_wconf 77' lang='lat' dir='ltr'><strong>Spiritualis</strong></span> <span class='ocrx_word' id='word_1_380' title='bbox 2523 1679 2641 1725; x_wconf 87' lang='lat' dir='ltr'><strong>erat</strong></span> <span class='ocrx_word' id='word_1_381' title='bbox 2671 1677 2871 1736; x_wconf 89' lang='lat' dir='ltr'><strong>mente,</strong></span> <span class='ocrx_word' id='word_1_382' title='bbox 2890 1670 3133 1740; x_wconf 53' lang='lat' dir='ltr'><strong>quan‘tvis</strong></span> <span class='ocrx_word' id='word_1_383' title='bbox 3159 1671 3406 1726; x_wconf 86' lang='lat' dir='ltr'><strong>animalis</strong></span> <span class='ocrx_word' id='word_1_384' title='bbox 3427 1683 3570 1728; x_wconf 89' lang='lat' dir='ltr'><strong>esset</strong></span> <span class='ocrx_word' id='word_1_385' title='bbox 3599 1689 3725 1728; x_wconf 81' lang='lat' dir='ltr'><strong>eur-</strong></span> 
     </span>
    </p>
   </div>
   <div class='ocr_carea' id='block_1_53' title="bbox 2125 1761 3725 1838">
    <p class='ocr_par' dir='ltr' id='par_1_53' title="bbox 2125 1761 3725 1838">
     <span class='ocr_line' id='line_1_53' title="bbox 2125 1761 3725 1838; baseline 0.004 -23"><span class='ocrx_word' id='word_1_386' title='bbox 2125 1775 2274 1832; x_wconf 87' lang='lat' dir='ltr'><strong>pore.</strong></span> <span class='ocrx_word' id='word_1_387' title='bbox 2305 1763 2434 1825; x_wconf 70' lang='lat' dir='ltr'><strong>Qum</strong></span> <span class='ocrx_word' id='word_1_388' title='bbox 2472 1778 2592 1816; x_wconf 87' lang='lat' dir='ltr'><strong>cum</strong></span> <span class='ocrx_word' id='word_1_389' title='bbox 2640 1762 2709 1816; x_wconf 91' lang='lat' dir='ltr'><strong>ita</strong></span> <span class='ocrx_word' id='word_1_390' title='bbox 2751 1762 2874 1825; x_wconf 85' lang='lat' dir='ltr'><strong>sint,</strong></span> <span class='ocrx_word' id='word_1_391' title='bbox 2907 1761 3034 1817; x_wconf 89' lang='lat' dir='ltr'><strong>nihil</strong></span> <span class='ocrx_word' id='word_1_392' title='bbox 3079 1773 3253 1819; x_wconf 89' lang='lat' dir='ltr'><strong>tamen</strong></span> <span class='ocrx_word' id='word_1_393' title='bbox 3281 1763 3454 1820; x_wconf 88' lang='lat' dir='ltr'><strong>adlmc</strong></span> <span class='ocrx_word' id='word_1_394' title='bbox 3478 1782 3725 1838; x_wconf 78' lang='lat' dir='ltr'><strong>pra-pro—</strong></span> 
     </span>
    </p>
   </div>
   <div class='ocr_carea' id='block_1_54' title="bbox 2125 1851 3724 1926">
    <p class='ocr_par' dir='ltr' id='par_1_54' title="bbox 2125 1851 3724 1926">
     <span class='ocr_line' id='line_1_54' title="bbox 2125 1851 3724 1926; baseline 0.006 -20"><span class='ocrx_word' id='word_1_395' title='bbox 2125 1867 2254 1922; x_wconf 88' lang='lat' dir='ltr'><strong>pere</strong></span> <span class='ocrx_word' id='word_1_396' title='bbox 2301 1853 2701 1916; x_wconf 75' lang='lat' dir='ltr'><strong>conﬁrmamus,</strong></span> <span class='ocrx_word' id='word_1_397' title='bbox 2751 1851 2845 1908; x_wconf 88' lang='lat' dir='ltr'><strong>sed</strong></span> <span class='ocrx_word' id='word_1_398' title='bbox 2889 1864 3258 1924; x_wconf 81' lang='lat' dir='ltr'><strong>exspectamus</strong></span> <span class='ocrx_word' id='word_1_399' title='bbox 3307 1857 3480 1926; x_wconf 88' lang='lat' dir='ltr'><strong>potius</strong></span> <span class='ocrx_word' id='word_1_400' title='bbox 3532 1868 3724 1916; x_wconf 88' lang='lat' dir='ltr'><strong>utrum</strong></span> 
     </span>
    </p>
   </div>
   <div class='ocr_carea' id='block_1_55' title="bbox 2125 1943 3720 2021">
    <p class='ocr_par' dir='ltr' id='par_1_55' title="bbox 2125 1943 3720 2021">
     <span class='ocr_line' id='line_1_55' title="bbox 2125 1943 3720 2021; baseline 0.006 -22"><span class='ocrx_word' id='word_1_401' title='bbox 2125 1944 2285 2000; x_wconf 87' lang='lat' dir='ltr'><strong>etiam</strong></span> <span class='ocrx_word' id='word_1_402' title='bbox 2308 1954 2495 2000; x_wconf 74' lang='lat' dir='ltr'><strong>cmtera</strong></span> <span class='ocrx_word' id='word_1_403' title='bbox 2511 1943 2781 2015; x_wconf 86' lang='lat' dir='ltr'><strong>Scriptura</strong></span> <span class='ocrx_word' id='word_1_404' title='bbox 2797 1943 2935 2000; x_wconf 90' lang='lat' dir='ltr'><strong>hunc</strong></span> <span class='ocrx_word' id='word_1_405' title='bbox 2963 1946 3288 2002; x_wconf 89' lang='lat' dir='ltr'><strong>intellectum</strong></span> <span class='ocrx_word' id='word_1_406' title='bbox 3314 1964 3416 2004; x_wconf 91' lang='lat' dir='ltr'><strong>non</strong></span> <span class='ocrx_word' id='word_1_407' title='bbox 3437 1950 3720 2021; x_wconf 82' lang='lat' dir='ltr'><strong>impediat.</strong></span> 
     </span>
    </p>
   </div>
   <div class='ocr_carea' id='block_1_56' title="bbox 2161 2035 3672 2118">
    <p class='ocr_par' dir='ltr' id='par_1_56' title="bbox 2161 2035 3672 2118">
     <span class='ocr_line' id='line_1_56' title="bbox 2161 2035 3672 2118; baseline 0.006 -26"><span class='ocrx_word' id='word_1_408' title='bbox 2161 2035 2382 2093; x_wconf 79' lang='lat' dir='ltr'><strong>CAPUT</strong></span> <span class='ocrx_word' id='word_1_409' title='bbox 2420 2036 2690 2092; x_wconf 77' lang='lat' dir='ltr'><strong>XXIX.—</strong></span> <span class='ocrx_word' id='word_1_410' title='bbox 2716 2037 2794 2093; x_wconf 82' lang='lat' dir='ltr'><strong>De</strong></span> <span class='ocrx_word' id='word_1_411' title='bbox 2821 2039 2991 2092; x_wconf 90' lang='lat' dir='ltr'><strong>anima</strong></span> <span class='ocrx_word' id='word_1_412' title='bbox 3016 2041 3333 2096; x_wconf 87' lang='lat' dir='ltr'><strong>tractandum</strong></span> <span class='ocrx_word' id='word_1_413' title='bbox 3359 2043 3412 2097; x_wconf 86' lang='lat' dir='ltr'><strong>in</strong></span> <span class='ocrx_word' id='word_1_414' title='bbox 3439 2045 3672 2118; x_wconf 75' lang='lat' dir='ltr'><strong>sequenti</strong></span> 
     </span>
    </p>
   </div>
   <div class='ocr_carea' id='block_1_57' title="bbox 2330 2129 2996 2202">
    <p class='ocr_par' dir='ltr' id='par_1_57' title="bbox 2330 2129 2996 2202">
     <span class='ocr_line' id='line_1_57' title="bbox 2330 2129 2996 2202; baseline 0 -18"><span class='ocrx_word' id='word_1_415' title='bbox 2330 2199 2331 2202; x_wconf 17' lang='grc' dir='ltr'><strong>η</strong></span> <span class='ocrx_word' id='word_1_416' title='bbox 2848 2129 2996 2184; x_wconf 83' lang='lat' dir='ltr'><strong>libro.</strong></span> 
     </span>
    </p>
   </div>
   <div class='ocr_carea' id='block_1_58' title="bbox 2193 2218 3718 2291">
    <p class='ocr_par' dir='ltr' id='par_1_58' title="bbox 2193 2218 3718 2291">
     <span class='ocr_line' id='line_1_58' title="bbox 2193 2218 3718 2291; baseline 0.007 -16"><span class='ocrx_word' id='word_1_417' title='bbox 2193 2220 2281 2275; x_wconf 65' lang='lat'><strong>40.</strong></span> <span class='ocrx_word' id='word_1_418' title='bbox 2323 2218 2575 2290; x_wconf 90' lang='lat' dir='ltr'><strong>Sequitur</strong></span> <span class='ocrx_word' id='word_1_419' title='bbox 2600 2219 2741 2277; x_wconf 90' lang='lat' dir='ltr'><strong>enim</strong></span> <span class='ocrx_word' id='word_1_420' title='bbox 2771 2222 2993 2291; x_wconf 85' lang='lat' dir='ltr'><strong>qna-stio</strong></span> <span class='ocrx_word' id='word_1_421' title='bbox 3017 2221 3087 2279; x_wconf 88' lang='lat' dir='ltr'><strong>de</strong></span> <span class='ocrx_word' id='word_1_422' title='bbox 3127 2224 3298 2278; x_wconf 92' lang='lat' dir='ltr'><strong>anima</strong></span> <span class='ocrx_word' id='word_1_423' title='bbox 3331 2225 3483 2283; x_wconf 81' lang='lat' dir='ltr'><strong>valde</strong></span> <span class='ocrx_word' id='word_1_424' title='bbox 3512 2227 3718 2286; x_wconf 75' lang='lat' dir='ltr'><strong>difﬁci-</strong></span> 
     </span>
    </p>
   </div>
   <div class='ocr_carea' id='block_1_59' title="bbox 2123 2310 3724 2385">
    <p class='ocr_par' dir='ltr' id='par_1_59' title="bbox 2123 2310 3724 2385">
     <span class='ocr_line' id='line_1_59' title="bbox 2123 2310 3724 2385; baseline 0.007 -19"><span class='ocrx_word' id='word_1_425' title='bbox 2123 2310 2211 2374; x_wconf 86' lang='lat' dir='ltr'><strong>lis,</strong></span> <span class='ocrx_word' id='word_1_426' title='bbox 2243 2310 2292 2365; x_wconf 92' lang='lat' dir='ltr'><strong>in</strong></span> <span class='ocrx_word' id='word_1_427' title='bbox 2322 2327 2423 2380; x_wconf 87' lang='lat' dir='ltr'><strong>qua</strong></span> <span class='ocrx_word' id='word_1_428' title='bbox 2444 2311 2591 2366; x_wconf 91' lang='lat' dir='ltr'><strong>multi</strong></span> <span class='ocrx_word' id='word_1_429' title='bbox 2611 2312 2999 2378; x_wconf 84' lang='lat' dir='ltr'><strong>laboraverunt,</strong></span> <span class='ocrx_word' id='word_1_430' title='bbox 3022 2314 3279 2385; x_wconf 89' lang='lat' dir='ltr'><strong>nobisque</strong></span> <span class='ocrx_word' id='word_1_431' title='bbox 3301 2317 3387 2371; x_wconf 91' lang='lat' dir='ltr'><strong>ubi</strong></span> <span class='ocrx_word' id='word_1_432' title='bbox 3411 2315 3724 2377; x_wconf 83' lang='lat' dir='ltr'><strong>laboremus</strong></span> 
     </span>
    </p>
   </div>
   <div class='ocr_carea' id='block_1_60' title="bbox 2123 2402 3724 2480">
    <p class='ocr_par' dir='ltr' id='par_1_60' title="bbox 2123 2402 3724 2480">
     <span class='ocr_line' id='line_1_60' title="bbox 2123 2402 3724 2480; baseline 0.006 -22"><span class='ocrx_word' id='word_1_433' title='bbox 2123 2403 2473 2472; x_wconf 83' lang='lat' dir='ltr'><strong>reliquerunt.</strong></span> <span class='ocrx_word' id='word_1_434' title='bbox 2499 2402 2622 2458; x_wconf 87' lang='lat' dir='ltr'><strong>Sive</strong></span> <span class='ocrx_word' id='word_1_435' title='bbox 2642 2403 2780 2458; x_wconf 91' lang='lat' dir='ltr'><strong>enim</strong></span> <span class='ocrx_word' id='word_1_436' title='bbox 2803 2404 2922 2474; x_wconf 89' lang='lat' dir='ltr'><strong>quia</strong></span> <span class='ocrx_word' id='word_1_437' title='bbox 2949 2421 3052 2457; x_wconf 87' lang='lat' dir='ltr'><strong>non</strong></span> <span class='ocrx_word' id='word_1_438' title='bbox 3081 2406 3314 2460; x_wconf 90' lang='lat' dir='ltr'><strong>onmium</strong></span> <span class='ocrx_word' id='word_1_439' title='bbox 3337 2408 3510 2461; x_wconf 86' lang='lat' dir='ltr'><strong>omnia</strong></span> <span class='ocrx_word' id='word_1_440' title='bbox 3532 2409 3724 2480; x_wconf 77' lang='lat' dir='ltr'><strong>legere</strong></span> 
     </span>
    </p>
   </div>
   <div class='ocr_carea' id='block_1_61' title="bbox 2125 2491 3722 2566">
    <p class='ocr_par' dir='ltr' id='par_1_61' title="bbox 2125 2491 3722 2566">
     <span class='ocr_line' id='line_1_61' title="bbox 2125 2491 3722 2566; baseline 0.006 -18"><span class='ocrx_word' id='word_1_441' title='bbox 2125 2494 2300 2566; x_wconf 86' lang='lat' dir='ltr'><strong>potui,</strong></span> <span class='ocrx_word' id='word_1_442' title='bbox 2330 2493 2416 2564; x_wconf 89' lang='lat' dir='ltr'><strong>qui</strong></span> <span class='ocrx_word' id='word_1_443' title='bbox 2442 2491 2510 2547; x_wconf 87' lang='lat' dir='ltr'><strong>de</strong></span> <span class='ocrx_word' id='word_1_444' title='bbox 2541 2492 2639 2547; x_wconf 90' lang='lat' dir='ltr'><strong>ltac</strong></span> <span class='ocrx_word' id='word_1_445' title='bbox 2667 2509 2724 2547; x_wconf 87' lang='lat' dir='ltr'><strong>re</strong></span> <span class='ocrx_word' id='word_1_446' title='bbox 2755 2494 3044 2548; x_wconf 88' lang='lat' dir='ltr'><strong>secundum</strong></span> <span class='ocrx_word' id='word_1_447' title='bbox 3075 2495 3461 2566; x_wconf 87' lang='lat' dir='ltr'><strong>Scripturarum</strong></span> <span class='ocrx_word' id='word_1_448' title='bbox 3502 2510 3722 2557; x_wconf 84' lang='lat' dir='ltr'><strong>nostra-</strong></span> 
     </span>
    </p>
   </div>
   <div class='ocr_carea' id='block_1_62' title="bbox 2123 2582 3724 2660">
    <p class='ocr_par' dir='ltr' id='par_1_62' title="bbox 2123 2582 3724 2660">
     <span class='ocr_line' id='line_1_62' title="bbox 2123 2582 3724 2660; baseline 0.007 -21"><span class='ocrx_word' id='word_1_449' title='bbox 2123 2601 2243 2654; x_wconf 81' lang='lat' dir='ltr'><strong>rum</strong></span> <span class='ocrx_word' id='word_1_450' title='bbox 2270 2584 2543 2639; x_wconf 90' lang='lat' dir='ltr'><strong>veritatem</strong></span> <span class='ocrx_word' id='word_1_451' title='bbox 2566 2582 2630 2638; x_wconf 91' lang='lat' dir='ltr'><strong>ad</strong></span> <span class='ocrx_word' id='word_1_452' title='bbox 2655 2584 2848 2654; x_wconf 84' lang='lat' dir='ltr'><strong>aliquid</strong></span> <span class='ocrx_word' id='word_1_453' title='bbox 2872 2585 3126 2655; x_wconf 86' lang='lat' dir='ltr'><strong>liquidum</strong></span> <span class='ocrx_word' id='word_1_454' title='bbox 3149 2589 3466 2660; x_wconf 86' lang='lat' dir='ltr'><strong>minimeque</strong></span> <span class='ocrx_word' id='word_1_455' title='bbox 3490 2590 3724 2650; x_wconf 68' lang='lat' dir='ltr'><strong>dubium</strong></span> 
     </span>
    </p>
   </div>
   <div class='ocr_carea' id='block_1_63' title="bbox 2125 2677 3725 2750">
    <p class='ocr_par' dir='ltr' id='par_1_63' title="bbox 2125 2677 3725 2750">
     <span class='ocr_line' id='line_1_63' title="bbox 2125 2677 3725 2750; baseline 0.008 -19"><span class='ocrx_word' id='word_1_456' title='bbox 2125 2677 2400 2747; x_wconf 88' lang='lat' dir='ltr'><strong>pervenire</strong></span> <span class='ocrx_word' id='word_1_457' title='bbox 2430 2685 2740 2746; x_wconf 87' lang='lat' dir='ltr'><strong>potuerunt;</strong></span> <span class='ocrx_word' id='word_1_458' title='bbox 2771 2678 2884 2732; x_wconf 87' lang='lat' dir='ltr'><strong>sive</strong></span> <span class='ocrx_word' id='word_1_459' title='bbox 2913 2679 3034 2748; x_wconf 91' lang='lat' dir='ltr'><strong>quia</strong></span> <span class='ocrx_word' id='word_1_460' title='bbox 3078 2689 3220 2734; x_wconf 80' lang='lat' dir='ltr'><strong>tanta</strong></span> <span class='ocrx_word' id='word_1_461' title='bbox 3250 2685 3470 2750; x_wconf 76' lang='lat' dir='ltr'><strong>qu;e.~tio</strong></span> <span class='ocrx_word' id='word_1_462' title='bbox 3506 2693 3583 2740; x_wconf 83' lang='lat' dir='ltr'><strong>est</strong></span> <span class='ocrx_word' id='word_1_463' title='bbox 3606 2726 3620 2748; x_wconf 90' lang='lat'>.</span> <span class='ocrx_word' id='word_1_464' title='bbox 3656 2697 3725 2744; x_wconf 73' lang='lat' dir='ltr'><strong>ut</strong></span> 
     </span>
    </p>
   </div>
   <div class='ocr_carea' id='block_1_64' title="bbox 2123 2771 3724 2852">
    <p class='ocr_par' dir='ltr' id='par_1_64' title="bbox 2123 2771 3724 2852">
     <span class='ocr_line' id='line_1_64' title="bbox 2123 2771 3724 2852; baseline 0.004 -24"><span class='ocrx_word' id='word_1_465' title='bbox 2123 2773 2281 2828; x_wconf 87' lang='lat' dir='ltr'><strong>etiam</strong></span> <span class='ocrx_word' id='word_1_466' title='bbox 2304 2771 2392 2843; x_wconf 87' lang='lat' dir='ltr'><strong>qui</strong></span> <span class='ocrx_word' id='word_1_467' title='bbox 2418 2788 2534 2828; x_wconf 87' lang='lat' dir='ltr'><strong>eam</strong></span> <span class='ocrx_word' id='word_1_468' title='bbox 2563 2774 2819 2827; x_wconf 86' lang='lat' dir='ltr'><strong>veraciter</strong></span> <span class='ocrx_word' id='word_1_469' title='bbox 2838 2776 3068 2841; x_wconf 89' lang='lat' dir='ltr'><strong>solvunt,</strong></span> <span class='ocrx_word' id='word_1_470' title='bbox 3099 2792 3203 2831; x_wconf 91' lang='lat' dir='ltr'><strong>non</strong></span> <span class='ocrx_word' id='word_1_471' title='bbox 3237 2779 3388 2834; x_wconf 81' lang='lat' dir='ltr'><strong>facile</strong></span> <span class='ocrx_word' id='word_1_472' title='bbox 3418 2780 3724 2852; x_wconf 81' lang='lat' dir='ltr'><strong>intelligan-</strong></span> 
     </span>
    </p>
   </div>
   <div class='ocr_carea' id='block_1_65' title="bbox 2122 2865 3724 2935">
    <p class='ocr_par' dir='ltr' id='par_1_65' title="bbox 2122 2865 3724 2935">
     <span class='ocr_line' id='line_1_65' title="bbox 2122 2865 3724 2935; baseline 0.006 -15"><span class='ocrx_word' id='word_1_473' title='bbox 2122 2873 2207 2921; x_wconf 88' lang='lat' dir='ltr'><strong>tur</strong></span> <span class='ocrx_word' id='word_1_474' title='bbox 2228 2881 2254 2918; x_wconf 91' lang='lat' dir='ltr'><strong>a</strong></span> <span class='ocrx_word' id='word_1_475' title='bbox 2287 2865 2497 2928; x_wconf 82' lang='lat' dir='ltr'><strong>talibus,</strong></span> <span class='ocrx_word' id='word_1_476' title='bbox 2530 2866 2700 2935; x_wconf 90' lang='lat' dir='ltr'><strong>qualis</strong></span> <span class='ocrx_word' id='word_1_477' title='bbox 2729 2866 2841 2935; x_wconf 89' lang='lat' dir='ltr'><strong>ipse</strong></span> <span class='ocrx_word' id='word_1_478' title='bbox 2863 2881 2978 2921; x_wconf 87' lang='lat' dir='ltr'><strong>smn</strong></span> <span class='ocrx_word' id='word_1_479' title='bbox 3005 2886 3017 2921; x_wconf 89' lang='lat'>:</span> <span class='ocrx_word' id='word_1_480' title='bbox 3049 2867 3219 2925; x_wconf 81' lang='lat' dir='ltr'><strong>fateor</strong></span> <span class='ocrx_word' id='word_1_481' title='bbox 3249 2872 3512 2927; x_wconf 86' lang='lat' dir='ltr'><strong>neminem</strong></span> <span class='ocrx_word' id='word_1_482' title='bbox 3538 2873 3724 2929; x_wconf 70' lang='lat' dir='ltr'><strong>adhuc</strong></span> 
     </span>
    </p>
   </div>
   <div class='ocr_carea' id='block_1_66' title="bbox 2123 2957 3722 3028">
    <p class='ocr_par' dir='ltr' id='par_1_66' title="bbox 2123 2957 3722 3028">
     <span class='ocr_line' id='line_1_66' title="bbox 2123 2957 3722 3028; baseline 0.008 -17"><span class='ocrx_word' id='word_1_483' title='bbox 2123 2957 2251 3012; x_wconf 90' lang='lat' dir='ltr'><strong>mihi</strong></span> <span class='ocrx_word' id='word_1_484' title='bbox 2282 2958 2608 3026; x_wconf 70' lang='lat' dir='ltr'><strong>persuasisse</strong></span> <span class='ocrx_word' id='word_1_485' title='bbox 2633 2957 2772 3027; x_wconf 92' lang='lat' dir='ltr'><strong>quod</strong></span> <span class='ocrx_word' id='word_1_486' title='bbox 2811 2958 2889 3012; x_wconf 86' lang='lat' dir='ltr'><strong>sic</strong></span> <span class='ocrx_word' id='word_1_487' title='bbox 2917 2958 3138 3014; x_wconf 85' lang='lat' dir='ltr'><strong>habeam</strong></span> <span class='ocrx_word' id='word_1_488' title='bbox 3166 2961 3233 3016; x_wconf 91' lang='lat' dir='ltr'><strong>de</strong></span> <span class='ocrx_word' id='word_1_489' title='bbox 3260 2964 3458 3028; x_wconf 87' lang='lat' dir='ltr'><strong>anima,</strong></span> <span class='ocrx_word' id='word_1_490' title='bbox 3485 2973 3542 3018; x_wconf 85' lang='grc' dir='ltr'><strong>ιιι</strong></span> <span class='ocrx_word' id='word_1_491' title='bbox 3579 2966 3722 3024; x_wconf 81' lang='lat' dir='ltr'><strong>nihil</strong></span> 
     </span>
    </p>
   </div>
   <div class='ocr_carea' id='block_1_67' title="bbox 2121 3048 3719 3118">
    <p class='ocr_par' dir='ltr' id='par_1_67' title="bbox 2121 3048 3719 3118">
     <span class='ocr_line' id='line_1_67' title="bbox 2121 3048 3719 3118; baseline 0.008 -16"><span class='ocrx_word' id='word_1_492' title='bbox 2121 3048 2351 3114; x_wconf 87' lang='lat' dir='ltr'><strong>amplius</strong></span> <span class='ocrx_word' id='word_1_493' title='bbox 2378 3049 2716 3118; x_wconf 79' lang='lat' dir='ltr'><strong>qua:rc.ndum</strong></span> <span class='ocrx_word' id='word_1_494' title='bbox 2751 3059 2947 3118; x_wconf 90' lang='lat' dir='ltr'><strong>putem.</strong></span> <span class='ocrx_word' id='word_1_495' title='bbox 2981 3051 3166 3107; x_wconf 89' lang='lat' dir='ltr'><strong>Utrutn</strong></span> <span class='ocrx_word' id='word_1_496' title='bbox 3207 3063 3382 3110; x_wconf 88' lang='lat' dir='ltr'><strong>autem</strong></span> <span class='ocrx_word' id='word_1_497' title='bbox 3423 3072 3561 3113; x_wconf 87' lang='lat' dir='ltr'><strong>nunc</strong></span> <span class='ocrx_word' id='word_1_498' title='bbox 3587 3071 3719 3114; x_wconf 84' lang='lat' dir='ltr'><strong>cer-</strong></span> 
     </span>
    </p>
   </div>
   <div class='ocr_carea' id='block_1_68' title="bbox 2125 3142 3716 3222">
    <p class='ocr_par' dir='ltr' id='par_1_68' title="bbox 2125 3142 3716 3222">
     <span class='ocr_line' id='line_1_68' title="bbox 2125 3142 3716 3222; baseline 0.007 -26"><span class='ocrx_word' id='word_1_499' title='bbox 2125 3149 2233 3196; x_wconf 91' lang='lat' dir='ltr'><strong>tum</strong></span> <span class='ocrx_word' id='word_1_500' title='bbox 2270 3142 2464 3210; x_wconf 84' lang='lat' dir='ltr'><strong>aliquid</strong></span> <span class='ocrx_word' id='word_1_501' title='bbox 2513 3142 2822 3197; x_wconf 88' lang='lat' dir='ltr'><strong>inventurus</strong></span> <span class='ocrx_word' id='word_1_502' title='bbox 2867 3143 2965 3196; x_wconf 88' lang='lat' dir='ltr'><strong>sitn</strong></span> <span class='ocrx_word' id='word_1_503' title='bbox 3006 3154 3060 3199; x_wconf 93' lang='lat' dir='ltr'><strong>et</strong></span> <span class='ocrx_word' id='word_1_504' title='bbox 3103 3145 3455 3216; x_wconf 88' lang='lat' dir='ltr'><strong>deliniturns,</strong></span> <span class='ocrx_word' id='word_1_505' title='bbox 3502 3151 3716 3222; x_wconf 82' lang='lat' dir='ltr'><strong>ignoro.</strong></span> 
     </span>
    </p>
   </div>
   <div class='ocr_carea' id='block_1_69' title="bbox 2124 3232 3713 3308">
    <p class='ocr_par' dir='ltr' id='par_1_69' title="bbox 2124 3232 3713 3308">
     <span class='ocr_line' id='line_1_69' title="bbox 2124 3232 3713 3308; baseline 0.011 -24"><span class='ocrx_word' id='word_1_506' title='bbox 2124 3232 2274 3299; x_wconf 81' lang='lat' dir='ltr'><strong>Quod</strong></span> <span class='ocrx_word' id='word_1_507' title='bbox 2302 3244 2475 3289; x_wconf 91' lang='lat' dir='ltr'><strong>autem</strong></span> <span class='ocrx_word' id='word_1_508' title='bbox 2499 3245 2718 3306; x_wconf 86' lang='lat' dir='ltr'><strong>potuero</strong></span> <span class='ocrx_word' id='word_1_509' title='bbox 2737 3279 2752 3300; x_wconf 88' lang='lat'><strong>,</strong></span> <span class='ocrx_word' id='word_1_510' title='bbox 2782 3236 2823 3290; x_wconf 89' lang='lat' dir='ltr'><strong>si</strong></span> <span class='ocrx_word' id='word_1_511' title='bbox 2853 3249 3100 3308; x_wconf 87' lang='lat' dir='ltr'><strong>conatum</strong></span> <span class='ocrx_word' id='word_1_512' title='bbox 3131 3256 3307 3296; x_wconf 92' lang='lat' dir='ltr'><strong>meum</strong></span> <span class='ocrx_word' id='word_1_513' title='bbox 3337 3242 3589 3301; x_wconf 70' lang='lat' dir='ltr'><strong>Dominus</strong></span> <span class='ocrx_word' id='word_1_514' title='bbox 3613 3245 3713 3302; x_wconf 82' lang='lat' dir='ltr'><strong>ad-</strong></span> 
     </span>
    </p>
   </div>
   <div class='ocr_carea' id='block_1_70' title="bbox 2117 3323 3482 3400">
    <p class='ocr_par' dir='ltr' id='par_1_70' title="bbox 2117 3323 3482 3400">
     <span class='ocr_line' id='line_1_70' title="bbox 2117 3323 3482 3400; baseline 0.008 -21"><span class='ocrx_word' id='word_1_515' title='bbox 2117 3323 2334 3396; x_wconf 70' lang='lat' dir='ltr'><strong>juvet-it,</strong></span> <span class='ocrx_word' id='word_1_516' title='bbox 2363 3325 2604 3398; x_wconf 79' lang='lat' dir='ltr'><strong>sequenti</strong></span> <span class='ocrx_word' id='word_1_517' title='bbox 2636 3328 2901 3383; x_wconf 91' lang='lat' dir='ltr'><strong>volumine</strong></span> <span class='ocrx_word' id='word_1_518' title='bbox 2922 3331 3190 3400; x_wconf 79' lang='lat' dir='ltr'><strong>explicare</strong></span> <span class='ocrx_word' id='word_1_519' title='bbox 3210 3333 3407 3392; x_wconf 87' lang='lat' dir='ltr'><strong>curabo</strong></span> <span class='ocrx_word' id='word_1_520' title='bbox 3437 3343 3482 3390; x_wconf 79' lang='grc'><strong>³.</strong></span> 
     </span>
    </p>
   </div>
   <div class='ocr_carea' id='block_1_71' title="bbox 2186 3437 2976 3500">
    <p class='ocr_par' dir='ltr' id='par_1_71' title="bbox 2186 3437 2976 3500">
     <span class='ocr_line' id='line_1_71' title="bbox 2186 3437 2976 3500; baseline 0.008 -16"><span class='ocrx_word' id='word_1_521' title='bbox 2186 3437 2205 3500; x_wconf 53' lang='grc' dir='ltr'>ξ</span> <span class='ocrx_word' id='word_1_522' title='bbox 2233 3444 2335 3486; x_wconf 74' lang='lat' dir='ltr'><strong>t&#39;ss.</strong></span> <span class='ocrx_word' id='word_1_523' title='bbox 2362 3437 2560 3500; x_wconf 62' lang='lat' dir='ltr'><strong>aliquit,</strong></span> <span class='ocrx_word' id='word_1_524' title='bbox 2576 3437 2626 3488; x_wconf 87' lang='lat' dir='ltr'><strong><em>in</em></strong></span> <span class='ocrx_word' id='word_1_525' title='bbox 2657 3437 2976 3500; x_wconf 71' lang='lat' dir='ltr'><strong>tentationcm.</strong></span> 
     </span>
    </p>
   </div>
   <div class='ocr_carea' id='block_1_72' title="bbox 2191 3499 2912 3563">
    <p class='ocr_par' dir='ltr' id='par_1_72' title="bbox 2191 3499 2912 3563">
     <span class='ocr_line' id='line_1_72' title="bbox 2191 3499 2912 3563; baseline 0.004 -16"><span class='ocrx_word' id='word_1_526' title='bbox 2191 3499 2211 3530; x_wconf 74' lang='grc'><strong><em>⁸</em></strong></span> <span class='ocrx_word' id='word_1_527' title='bbox 2234 3502 2306 3548; x_wconf 82' lang='lat' dir='ltr'><strong>Sic</strong></span> <span class='ocrx_word' id='word_1_528' title='bbox 2328 3499 2512 3549; x_wconf 51' lang='lat' dir='ltr'><strong>Mssa)“</strong></span> <span class='ocrx_word' id='word_1_529' title='bbox 2532 3502 2664 3563; x_wconf 68' lang='lat' dir='ltr'><strong>editi,</strong></span> <span class='ocrx_word' id='word_1_530' title='bbox 2689 3499 2912 3551; x_wconf 81' lang='lat' dir='ltr'><strong>conabar.</strong></span> 
     </span>
    </p>
   </div>
   <div class='ocr_carea' id='block_1_73' title="bbox 423 3621 3682 3647">
    <p class='ocr_par' dir='ltr' id='par_1_73' title="bbox 423 3621 3682 3647">
     <span class='ocr_line' id='line_1_73' title="bbox 423 3621 3682 3647; baseline -0.001 -1"><span class='ocrx_word' id='word_1_531' title='bbox 423 3621 3682 3647; x_wconf 59' lang='lat' dir='ltr'><strong>v———————_—_———-———————_———_</strong></span> 
     </span>
    </p>
   </div>
   <div class='ocr_carea' id='block_1_74' title="bbox 1349 3661 2762 3812">
    <p class='ocr_par' dir='ltr' id='par_1_74' title="bbox 1349 3661 2762 3812">
     <span class='ocr_line' id='line_1_74' title="bbox 1349 3661 2762 3812; baseline 0.004 -6"><span class='ocrx_word' id='word_1_532' title='bbox 1349 3663 1832 3806; x_wconf 80' lang='lat' dir='ltr'><strong>LIBER</strong></span> <span class='ocrx_word' id='word_1_533' title='bbox 1925 3667 2762 3812; x_wconf 79' lang='lat' dir='ltr'><strong>SEPTIMUS.</strong></span> 
     </span>
    </p>
   </div>
   <div class='ocr_carea' id='block_1_75' title="bbox 488 3851 3719 3989">
    <p class='ocr_par' dir='ltr' id='par_1_75' title="bbox 488 3851 3719 3989">
     <span class='ocr_line' id='line_1_75' title="bbox 488 3851 3719 3989; baseline -0.006 -50"><span class='ocrx_word' id='word_1_534' title='bbox 488 3859 540 3939; x_wconf 71' lang='lat' dir='ltr'><strong>in</strong></span> <span class='ocrx_word' id='word_1_535' title='bbox 559 3901 658 3952; x_wconf 86' lang='lat' dir='ltr'><strong>quo</strong></span> <span class='ocrx_word' id='word_1_536' title='bbox 676 3885 796 3937; x_wconf 84' lang='lat' dir='ltr'><strong>illud</strong></span> <span class='ocrx_word' id='word_1_537' title='bbox 812 3892 1077 3945; x_wconf 63' lang='lat' dir='ltr'><strong>senescas,</strong></span> <span class='ocrx_word' id='word_1_538' title='bbox 1102 3895 1209 3946; x_wconf 89' lang='lat' dir='ltr'><strong>cap.</strong></span> <span class='ocrx_word' id='word_1_539' title='bbox 1246 3879 1295 3942; x_wconf 76' lang='lat'><strong>2,</strong></span> <span class='ocrx_word' id='word_1_540' title='bbox 1319 3892 1450 3932; x_wconf 87' lang='lat' dir='ltr'><strong>vers.</strong></span> <span class='ocrx_word' id='word_1_541' title='bbox 1474 3881 1503 3930; x_wconf 87' lang='lat'><strong>7</strong></span> <span class='ocrx_word' id='word_1_542' title='bbox 1527 3891 1540 3928; x_wconf 89' lang='lat'><strong>:</strong></span> <span class='ocrx_word' id='word_1_543' title='bbox 1563 3884 1618 3928; x_wconf 80' lang='lat' dir='ltr'><strong>Et</strong></span> <span class='ocrx_word' id='word_1_544' title='bbox 1638 3875 1769 3942; x_wconf 70' lang='lat' dir='ltr'><strong>ﬂavit</strong></span> <span class='ocrx_word' id='word_1_545' title='bbox 1810 3875 1862 3928; x_wconf 83' lang='lat' dir='ltr'><strong>in</strong></span> <span class='ocrx_word' id='word_1_546' title='bbox 1884 3874 2203 3989; x_wconf 49' lang='lat' dir='ltr'><strong>farigilimemjus</strong></span> <span class='ocrx_word' id='word_1_547' title='bbox 2224 3875 2392 3941; x_wconf 84' lang='lat' dir='ltr'><strong>ﬂatum</strong></span> <span class='ocrx_word' id='word_1_548' title='bbox 2412 3877 2551 3944; x_wconf 69' lang='lat' dir='ltr'><strong>vitaz,</strong></span> <span class='ocrx_word' id='word_1_549' title='bbox 2576 3889 2694 3944; x_wconf 89' lang='lat' dir='ltr'><strong>etc.,</strong></span> <span class='ocrx_word' id='word_1_550' title='bbox 2739 3856 3001 3936; x_wconf 52' lang='lat' dir='ltr'><strong>tunsum;</strong></span> <span class='ocrx_word' id='word_1_551' title='bbox 3325 3852 3604 3942; x_wconf 47' lang='grc' dir='ltr'><strong>(ἐπαίεσθε</strong></span> <span class='ocrx_word' id='word_1_552' title='bbox 3646 3890 3719 3944; x_wconf 64' lang='grc' dir='ltr'><strong>αθ</strong></span> 
     </span>
    </p>
   </div>
   <div class='ocr_carea' id='block_1_76' title="bbox 1889 4057 2262 4114">
    <p class='ocr_par' dir='ltr' id='par_1_76' title="bbox 1889 4057 2262 4114">
     <span class='ocr_line' id='line_1_76' title="bbox 1889 4057 2262 4114; baseline -0.003 -2"><span class='ocrx_word' id='word_1_553' title='bbox 1889 4057 2262 4114; x_wconf 55' lang='grc' dir='ltr'><strong>ιεζοῶζΧὶᾱ-ιὴϐδ</strong></span> 
     </span>
    </p>
   </div>
   <div class='ocr_carea' id='block_1_77' title="bbox 462 4167 1971 4242">
    <p class='ocr_par' dir='ltr' id='par_1_77' title="bbox 462 4167 1971 4242">
     <span class='ocr_line' id='line_1_77' title="bbox 462 4167 1971 4242; baseline -0.001 -13"><span class='ocrx_word' id='word_1_554' title='bbox 462 4172 688 4234; x_wconf 77' lang='lat' dir='ltr'><strong>CAPUT</strong></span> <span class='ocrx_word' id='word_1_555' title='bbox 715 4170 997 4228; x_wconf 74' lang='grc' dir='ltr'>ριιιιιυιι.</span> <span class='ocrx_word' id='word_1_556' title='bbox 1016 4200 1092 4212; x_wconf 94' lang='grc'><strong><em>-</em></strong></span> <span class='ocrx_word' id='word_1_557' title='bbox 1118 4167 1197 4224; x_wconf 88' lang='lat' dir='ltr'><strong>De</strong></span> <span class='ocrx_word' id='word_1_558' title='bbox 1217 4169 1387 4224; x_wconf 86' lang='lat' dir='ltr'><strong>anima</strong></span> <span class='ocrx_word' id='word_1_559' title='bbox 1416 4170 1646 4223; x_wconf 84' lang='lat' dir='ltr'><strong>tractatio</strong></span> <span class='ocrx_word' id='word_1_560' title='bbox 1678 4171 1971 4242; x_wconf 77' lang='lat' dir='ltr'><strong>suscipitur.</strong></span> 
     </span>
    </p>
   </div>
   <div class='ocr_carea' id='block_1_78' title="bbox 501 4261 2012 4336">
    <p class='ocr_par' dir='ltr' id='par_1_78' title="bbox 501 4261 2012 4336">
     <span class='ocr_line' id='line_1_78' title="bbox 501 4261 2012 4336; baseline -0.003 -14"><span class='ocrx_word' id='word_1_561' title='bbox 501 4269 551 4323; x_wconf 75' lang='grc' dir='ltr'><strong>Ι.</strong></span> <span class='ocrx_word' id='word_1_562' title='bbox 594 4267 660 4320; x_wconf 80' lang='lat' dir='ltr'><strong>Et</strong></span> <span class='ocrx_word' id='word_1_563' title='bbox 687 4265 834 4336; x_wconf 77' lang='lat' dir='ltr'><strong>ﬁnxit</strong></span> <span class='ocrx_word' id='word_1_564' title='bbox 860 4262 992 4318; x_wconf 82' lang='lat' dir='ltr'><strong>Deus</strong></span> <span class='ocrx_word' id='word_1_565' title='bbox 1021 4261 1269 4317; x_wconf 75' lang='lat' dir='ltr'><strong><em>hominem</em></strong></span> <span class='ocrx_word' id='word_1_566' title='bbox 1300 4262 1549 4332; x_wconf 81' lang='lat' dir='ltr'><strong>pulverem</strong></span> <span class='ocrx_word' id='word_1_567' title='bbox 1575 4261 1637 4314; x_wconf 83' lang='lat' dir='ltr'><strong>de</strong></span> <span class='ocrx_word' id='word_1_568' title='bbox 1661 4272 1815 4329; x_wconf 83' lang='lat' dir='ltr'><strong>terra,</strong></span> <span class='ocrx_word' id='word_1_569' title='bbox 1848 4277 1893 4318; x_wconf 87' lang='lat' dir='ltr'><strong>et</strong></span> <span class='ocrx_word' id='word_1_570' title='bbox 1915 4265 2012 4334; x_wconf 78' lang='lat' dir='ltr'><strong>ﬂa-</strong></span> 
     </span>
    </p>
   </div>
   <div class='ocr_carea' id='block_1_79' title="bbox 425 4354 2011 4432">
    <p class='ocr_par' dir='ltr' id='par_1_79' title="bbox 425 4354 2011 4432">
     <span class='ocr_line' id='line_1_79' title="bbox 425 4354 2011 4432; baseline -0.004 -17"><span class='ocrx_word' id='word_1_571' title='bbox 425 4360 494 4415; x_wconf 77' lang='lat' dir='ltr'><strong>vit</strong></span> <span class='ocrx_word' id='word_1_572' title='bbox 517 4360 570 4414; x_wconf 85' lang='lat' dir='ltr'><strong>in</strong></span> <span class='ocrx_word' id='word_1_573' title='bbox 595 4358 776 4432; x_wconf 74' lang='lat' dir='ltr'><strong>facient</strong></span> <span class='ocrx_word' id='word_1_574' title='bbox 807 4356 916 4427; x_wconf 76' lang='lat' dir='ltr'><strong>ejus</strong></span> <span class='ocrx_word' id='word_1_575' title='bbox 942 4357 1120 4426; x_wconf 76' lang='lat' dir='ltr'><strong>ﬂatum</strong></span> <span class='ocrx_word' id='word_1_576' title='bbox 1152 4355 1284 4420; x_wconf 73' lang='lat' dir='ltr'><strong><em>vitm,</em></strong></span> <span class='ocrx_word' id='word_1_577' title='bbox 1312 4364 1356 4406; x_wconf 85' lang='lat' dir='ltr'><strong><em>et</em></strong></span> <span class='ocrx_word' id='word_1_578' title='bbox 1377 4354 1539 4423; x_wconf 79' lang='lat' dir='ltr'><strong>[actus</strong></span> <span class='ocrx_word' id='word_1_579' title='bbox 1564 4363 1633 4407; x_wconf 75' lang='lat' dir='ltr'><strong>est</strong></span> <span class='ocrx_word' id='word_1_580' title='bbox 1653 4354 1800 4408; x_wconf 80' lang='lat' dir='ltr'><strong>homo</strong></span> <span class='ocrx_word' id='word_1_581' title='bbox 1821 4355 1871 4408; x_wconf 88' lang='lat' dir='ltr'><strong>in</strong></span> <span class='ocrx_word' id='word_1_582' title='bbox 1898 4356 2011 4408; x_wconf 85' lang='lat' dir='ltr'><strong>ani-</strong></span> 
     </span>
    </p>
   </div>
   <div class='ocr_carea' id='block_1_80' title="bbox 427 4445 2014 4516">
    <p class='ocr_par' dir='ltr' id='par_1_80' title="bbox 427 4445 2014 4516">
     <span class='ocr_line' id='line_1_80' title="bbox 427 4445 2014 4516; baseline -0.003 -11"><span class='ocrx_word' id='word_1_583' title='bbox 427 4468 563 4506; x_wconf 83' lang='lat' dir='ltr'><strong>mam</strong></span> <span class='ocrx_word' id='word_1_584' title='bbox 588 4450 845 4503; x_wconf 77' lang='lat' dir='ltr'><strong>viventem.</strong></span> <span class='ocrx_word' id='word_1_585' title='bbox 881 4447 1004 4502; x_wconf 82' lang='lat' dir='ltr'><strong>lla-c</strong></span> <span class='ocrx_word' id='word_1_586' title='bbox 1024 4447 1182 4502; x_wconf 83' lang='lat' dir='ltr'><strong>verba</strong></span> <span class='ocrx_word' id='word_1_587' title='bbox 1210 4445 1496 4515; x_wconf 61' lang='lat' dir='ltr'><strong>Scriptura!</strong></span> <span class='ocrx_word' id='word_1_588' title='bbox 1523 4445 1675 4500; x_wconf 80' lang='lat' dir='ltr'><strong>nobis</strong></span> <span class='ocrx_word' id='word_1_589' title='bbox 1703 4455 1756 4501; x_wconf 89' lang='lat' dir='ltr'><strong>et</strong></span> <span class='ocrx_word' id='word_1_590' title='bbox 1787 4448 1838 4500; x_wconf 91' lang='lat' dir='ltr'><strong>in</strong></span> <span class='ocrx_word' id='word_1_591' title='bbox 1868 4447 2014 4516; x_wconf 85' lang='lat' dir='ltr'><strong>prin-</strong></span> 
     </span>
    </p>
   </div>
   <div class='ocr_carea' id='block_1_81' title="bbox 424 4535 2010 4610">
    <p class='ocr_par' dir='ltr' id='par_1_81' title="bbox 424 4535 2010 4610">
     <span class='ocr_line' id='line_1_81' title="bbox 424 4535 2010 4610; baseline -0.002 -15"><span class='ocrx_word' id='word_1_592' title='bbox 424 4541 566 4610; x_wconf 90' lang='lat' dir='ltr'><strong>cipio</strong></span> <span class='ocrx_word' id='word_1_593' title='bbox 586 4539 878 4609; x_wconf 86' lang='lat' dir='ltr'><strong>superioris</strong></span> <span class='ocrx_word' id='word_1_594' title='bbox 901 4538 1018 4592; x_wconf 91' lang='lat' dir='ltr'><strong>libri</strong></span> <span class='ocrx_word' id='word_1_595' title='bbox 1047 4535 1431 4592; x_wconf 82' lang='lat' dir='ltr'><strong>consideranda</strong></span> <span class='ocrx_word' id='word_1_596' title='bbox 1456 4538 1843 4606; x_wconf 81' lang='lat' dir='ltr'><strong>proposuimus,</strong></span> <span class='ocrx_word' id='word_1_597' title='bbox 1867 4547 1920 4592; x_wconf 92' lang='lat' dir='ltr'><strong>ct</strong></span> <span class='ocrx_word' id='word_1_598' title='bbox 1944 4537 2010 4592; x_wconf 89' lang='lat' dir='ltr'><strong>de</strong></span> 
     </span>
    </p>
   </div>
   <div class='ocr_carea' id='block_1_82' title="bbox 425 4626 2011 4704">
    <p class='ocr_par' dir='ltr' id='par_1_82' title="bbox 425 4626 2011 4704">
     <span class='ocr_line' id='line_1_82' title="bbox 425 4626 2011 4704; baseline -0.001 -18"><span class='ocrx_word' id='word_1_599' title='bbox 425 4636 544 4704; x_wconf 78' lang='lat' dir='ltr'><strong>ipso</strong></span> <span class='ocrx_word' id='word_1_600' title='bbox 569 4633 780 4686; x_wconf 87' lang='lat' dir='ltr'><strong>homine</strong></span> <span class='ocrx_word' id='word_1_601' title='bbox 803 4629 963 4696; x_wconf 74' lang='lat' dir='ltr'><strong>facto,</strong></span> <span class='ocrx_word' id='word_1_602' title='bbox 991 4631 1322 4696; x_wconf 78' lang='lat' dir='ltr'><strong>maximeque</strong></span> <span class='ocrx_word' id='word_1_603' title='bbox 1349 4628 1415 4682; x_wconf 92' lang='lat' dir='ltr'><strong>de</strong></span> <span class='ocrx_word' id='word_1_604' title='bbox 1439 4626 1552 4696; x_wconf 75' lang='lat' dir='ltr'><strong>ejus</strong></span> <span class='ocrx_word' id='word_1_605' title='bbox 1573 4643 1815 4699; x_wconf 87' lang='lat' dir='ltr'><strong>corpore.</strong></span> <span class='ocrx_word' id='word_1_606' title='bbox 1844 4645 2011 4700; x_wconf 85' lang='lat' dir='ltr'><strong>quan-</strong></span> 
     </span>
    </p>
   </div>
   <div class='ocr_carea' id='block_1_83' title="bbox 426 4716 2005 4790">
    <p class='ocr_par' dir='ltr' id='par_1_83' title="bbox 426 4716 2005 4790">
     <span class='ocr_line' id='line_1_83' title="bbox 426 4716 2005 4790; baseline -0.003 -11"><span class='ocrx_word' id='word_1_607' title='bbox 426 4733 538 4779; x_wconf 88' lang='lat' dir='ltr'><strong>tum</strong></span> <span class='ocrx_word' id='word_1_608' title='bbox 570 4722 700 4776; x_wconf 84' lang='lat' dir='ltr'><strong>satis</strong></span> <span class='ocrx_word' id='word_1_609' title='bbox 723 4720 988 4787; x_wconf 71' lang='lat' dir='ltr'><strong>duximus,</strong></span> <span class='ocrx_word' id='word_1_610' title='bbox 1019 4719 1160 4790; x_wconf 89' lang='lat' dir='ltr'><strong>quod</strong></span> <span class='ocrx_word' id='word_1_611' title='bbox 1191 4719 1482 4773; x_wconf 85' lang='lat' dir='ltr'><strong>secundum</strong></span> <span class='ocrx_word' id='word_1_612' title='bbox 1510 4716 1811 4788; x_wconf 86' lang='lat' dir='ltr'><strong>Scripturas</strong></span> <span class='ocrx_word' id='word_1_613' title='bbox 1838 4722 2005 4775; x_wconf 85' lang='lat' dir='ltr'><strong>visum</strong></span> 
     </span>
    </p>
   </div>
   <div class='ocr_carea' id='block_1_84' title="bbox 423 4810 2007 4882">
    <p class='ocr_par' dir='ltr' id='par_1_84' title="bbox 423 4810 2007 4882">
     <span class='ocr_line' id='line_1_84' title="bbox 423 4810 2007 4882; baseline -0.001 -10"><span class='ocrx_word' id='word_1_614' title='bbox 423 4824 546 4879; x_wconf 84' lang='lat' dir='ltr'><strong>est,</strong></span> <span class='ocrx_word' id='word_1_615' title='bbox 586 4811 953 4868; x_wconf 87' lang='lat' dir='ltr'><strong>disseruinms.</strong></span> <span class='ocrx_word' id='word_1_616' title='bbox 998 4811 1104 4868; x_wconf 85' lang='lat' dir='ltr'><strong>Sed</strong></span> <span class='ocrx_word' id='word_1_617' title='bbox 1144 4811 1358 4882; x_wconf 82' lang='lat' dir='ltr'><strong>quiade</strong></span> <span class='ocrx_word' id='word_1_618' title='bbox 1407 4810 1582 4866; x_wconf 87' lang='lat' dir='ltr'><strong>anima</strong></span> <span class='ocrx_word' id='word_1_619' title='bbox 1629 4811 1855 4866; x_wconf 58' lang='lat' dir='ltr'><strong>humana</strong></span> <span class='ocrx_word' id='word_1_620' title='bbox 1902 4829 2007 4870; x_wconf 86' lang='lat' dir='ltr'><strong>non</strong></span> 
     </span>
    </p>
   </div>
   <div class='ocr_carea' id='block_1_85' title="bbox 424 4901 2006 4980">
    <p class='ocr_par' dir='ltr' id='par_1_85' title="bbox 424 4901 2006 4980">
     <span class='ocr_line' id='line_1_85' title="bbox 424 4901 2006 4980; baseline -0.001 -18"><span class='ocrx_word' id='word_1_621' title='bbox 424 4921 586 4980; x_wconf 85' lang='lat' dir='ltr'><strong>parva</strong></span> <span class='ocrx_word' id='word_1_622' title='bbox 612 4904 834 4976; x_wconf 73' lang='lat' dir='ltr'><strong>quaestio</strong></span> <span class='ocrx_word' id='word_1_623' title='bbox 863 4913 979 4970; x_wconf 90' lang='lat' dir='ltr'><strong>est,</strong></span> <span class='ocrx_word' id='word_1_624' title='bbox 1015 4903 1083 4958; x_wconf 90' lang='lat' dir='ltr'><strong>ad</strong></span> <span class='ocrx_word' id='word_1_625' title='bbox 1111 4901 1252 4956; x_wconf 79' lang='lat' dir='ltr'><strong>[tunc</strong></span> <span class='ocrx_word' id='word_1_626' title='bbox 1275 4917 1392 4956; x_wconf 91' lang='lat' dir='ltr'><strong>cam</strong></span> <span class='ocrx_word' id='word_1_627' title='bbox 1435 4902 1622 4957; x_wconf 86' lang='lat' dir='ltr'><strong>librum</strong></span> <span class='ocrx_word' id='word_1_628' title='bbox 1663 4902 2006 4960; x_wconf 85' lang='lat' dir='ltr'><strong>dill&#39;ercndam</strong></span> 
     </span>
    </p>
   </div>
   <div class='ocr_carea' id='block_1_86' title="bbox 425 4994 2010 5068">
    <p class='ocr_par' dir='ltr' id='par_1_86' title="bbox 425 4994 2010 5068">
     <span class='ocr_line' id='line_1_86' title="bbox 425 4994 2010 5068; baseline -0.001 -16"><span class='ocrx_word' id='word_1_629' title='bbox 425 4998 756 5068; x_wconf 85' lang='lat' dir='ltr'><strong>putavimus,</strong></span> <span class='ocrx_word' id='word_1_630' title='bbox 780 4995 1077 5050; x_wconf 89' lang='lat' dir='ltr'><strong>nescientes</strong></span> <span class='ocrx_word' id='word_1_631' title='bbox 1104 5003 1357 5064; x_wconf 90' lang='lat' dir='ltr'><strong>quantum</strong></span> <span class='ocrx_word' id='word_1_632' title='bbox 1388 5009 1487 5048; x_wconf 81' lang='lat' dir='ltr'><strong>nos</strong></span> <span class='ocrx_word' id='word_1_633' title='bbox 1509 4994 1765 5050; x_wconf 88' lang='lat' dir='ltr'><strong>Dominus</strong></span> <span class='ocrx_word' id='word_1_634' title='bbox 1800 4995 2010 5067; x_wconf 86' lang='lat' dir='ltr'><strong>adjutu-</strong></span> 
     </span>
    </p>
   </div>
   <div class='ocr_carea' id='block_1_87' title="bbox 422 5084 2002 5157">
    <p class='ocr_par' dir='ltr' id='par_1_87' title="bbox 422 5084 2002 5157">
     <span class='ocr_line' id='line_1_87' title="bbox 422 5084 2002 5157; baseline -0.001 -12"><span class='ocrx_word' id='word_1_635' title='bbox 422 5106 516 5146; x_wconf 65' lang='lat' dir='ltr'><strong>ros</strong></span> <span class='ocrx_word' id='word_1_636' title='bbox 560 5098 704 5144; x_wconf 86' lang='lat' dir='ltr'><strong>esset</strong></span> <span class='ocrx_word' id='word_1_637' title='bbox 731 5097 876 5143; x_wconf 77' lang='lat' dir='ltr'><strong>recte</strong></span> <span class='ocrx_word' id='word_1_638' title='bbox 914 5086 1055 5157; x_wconf 91' lang='lat' dir='ltr'><strong>loqui</strong></span> <span class='ocrx_word' id='word_1_639' title='bbox 1083 5085 1337 5156; x_wconf 81' lang='lat' dir='ltr'><strong>cupidos;</strong></span> <span class='ocrx_word' id='word_1_640' title='bbox 1380 5084 1507 5140; x_wconf 91' lang='lat' dir='ltr'><strong>illud</strong></span> <span class='ocrx_word' id='word_1_641' title='bbox 1548 5095 1721 5141; x_wconf 91' lang='lat' dir='ltr'><strong>tamen</strong></span> <span class='ocrx_word' id='word_1_642' title='bbox 1752 5088 2002 5155; x_wconf 87' lang='lat' dir='ltr'><strong>scientes,</strong></span> 
     </span>
    </p>
   </div>
   <div class='ocr_carea' id='block_1_88' title="bbox 430 5179 2002 5254">
    <p class='ocr_par' dir='ltr' id='par_1_88' title="bbox 430 5179 2002 5254">
     <span class='ocr_line' id='line_1_88' title="bbox 430 5179 2002 5254; baseline -0.002 -16"><span class='ocrx_word' id='word_1_643' title='bbox 430 5183 529 5238; x_wconf 85' lang='lat' dir='ltr'><strong>nisi</strong></span> <span class='ocrx_word' id='word_1_644' title='bbox 555 5193 809 5254; x_wconf 77' lang='lat' dir='ltr'><strong>quamam</strong></span> <span class='ocrx_word' id='word_1_645' title='bbox 832 5182 942 5252; x_wconf 87' lang='lat' dir='ltr'><strong>ipse</strong></span> <span class='ocrx_word' id='word_1_646' title='bbox 958 5179 1252 5250; x_wconf 86' lang='lat' dir='ltr'><strong>adjuvaret,</strong></span> <span class='ocrx_word' id='word_1_647' title='bbox 1270 5188 1414 5233; x_wconf 88' lang='lat' dir='ltr'><strong>recte</strong></span> <span class='ocrx_word' id='word_1_648' title='bbox 1436 5196 1540 5234; x_wconf 92' lang='lat' dir='ltr'><strong>non</strong></span> <span class='ocrx_word' id='word_1_649' title='bbox 1567 5196 1684 5235; x_wconf 89' lang='lat' dir='ltr'><strong>esse</strong></span> <span class='ocrx_word' id='word_1_650' title='bbox 1713 5181 2002 5236; x_wconf 89' lang='lat' dir='ltr'><strong>locuturos.</strong></span> 
     </span>
    </p>
   </div>
   <div class='ocr_carea' id='block_1_89' title="bbox 393 5260 2004 5343">
    <p class='ocr_par' dir='ltr' id='par_1_89' title="bbox 393 5260 2004 5343">
     <span class='ocr_line' id='line_1_89' title="bbox 393 5260 2004 5343; baseline -0.002 -11"><span class='ocrx_word' id='word_1_651' title='bbox 393 5260 591 5332; x_wconf 47' lang='lat' dir='ltr'><strong>‘Bccte</strong></span> <span class='ocrx_word' id='word_1_652' title='bbox 619 5287 702 5332; x_wconf 90' lang='lat' dir='ltr'><strong>est</strong></span> <span class='ocrx_word' id='word_1_653' title='bbox 742 5287 918 5331; x_wconf 90' lang='lat' dir='ltr'><strong>autem</strong></span> <span class='ocrx_word' id='word_1_654' title='bbox 957 5274 1219 5330; x_wconf 70' lang='lat' dir='ltr'><strong>veraciter</strong></span> <span class='ocrx_word' id='word_1_655' title='bbox 1240 5282 1400 5343; x_wconf 90' lang='lat' dir='ltr'><strong>atque</strong></span> <span class='ocrx_word' id='word_1_656' title='bbox 1436 5286 1790 5342; x_wconf 84' lang='lat' dir='ltr'><strong>eongrnemer</strong></span> <span class='ocrx_word' id='word_1_657' title='bbox 1812 5315 1828 5340; x_wconf 93' lang='lat'><strong>,</strong></span> <span class='ocrx_word' id='word_1_658' title='bbox 1875 5271 2004 5328; x_wconf 90' lang='lat' dir='ltr'><strong>nihil</strong></span> 
     </span>
    </p>
   </div>
   <div class='ocr_carea' id='block_1_90' title="bbox 421 5363 2006 5434">
    <p class='ocr_par' dir='ltr' id='par_1_90' title="bbox 421 5363 2006 5434">
     <span class='ocr_line' id='line_1_90' title="bbox 421 5363 2006 5434; baseline -0.002 -11"><span class='ocrx_word' id='word_1_659' title='bbox 421 5370 674 5424; x_wconf 77' lang='lat' dir='ltr'><strong>audacter</strong></span> <span class='ocrx_word' id='word_1_660' title='bbox 717 5366 1047 5434; x_wconf 80' lang='lat' dir='ltr'><strong>refellendo,</strong></span> <span class='ocrx_word' id='word_1_661' title='bbox 1091 5365 1220 5422; x_wconf 87' lang='lat' dir='ltr'><strong>nihil</strong></span> <span class='ocrx_word' id='word_1_662' title='bbox 1257 5373 1461 5420; x_wconf 89' lang='lat' dir='ltr'><strong>temere</strong></span> <span class='ocrx_word' id='word_1_663' title='bbox 1501 5365 1833 5429; x_wconf 78' lang='lat' dir='ltr'><strong>allirniaudo,</strong></span> <span class='ocrx_word' id='word_1_664' title='bbox 1879 5363 2006 5420; x_wconf 91' lang='lat' dir='ltr'><strong>dum</strong></span> 
     </span>
    </p>
   </div>
   <div class='ocr_carea' id='block_1_91' title="bbox 424 5456 2007 5524">
    <p class='ocr_par' dir='ltr' id='par_1_91' title="bbox 424 5456 2007 5524">
     <span class='ocr_line' id='line_1_91' title="bbox 424 5456 2007 5524; baseline -0.001 -10"><span class='ocrx_word' id='word_1_665' title='bbox 424 5461 596 5515; x_wconf 87' lang='lat' dir='ltr'><strong>adlmc</strong></span> <span class='ocrx_word' id='word_1_666' title='bbox 617 5460 834 5514; x_wconf 89' lang='lat' dir='ltr'><strong>dubium</strong></span> <span class='ocrx_word' id='word_1_667' title='bbox 861 5471 960 5523; x_wconf 87' lang='lat' dir='ltr'><strong>est,</strong></span> <span class='ocrx_word' id='word_1_668' title='bbox 985 5474 1167 5514; x_wconf 75' lang='lat' dir='ltr'><strong>\ermn</strong></span> <span class='ocrx_word' id='word_1_669' title='bbox 1199 5456 1456 5511; x_wconf 79' lang='lat' dir='ltr'><strong>falsumne</strong></span> <span class='ocrx_word' id='word_1_670' title='bbox 1479 5458 1566 5521; x_wconf 86' lang='lat' dir='ltr'><strong>sit,</strong></span> <span class='ocrx_word' id='word_1_671' title='bbox 1595 5458 1704 5510; x_wconf 82' lang='lat' dir='ltr'><strong>sive</strong></span> <span class='ocrx_word' id='word_1_672' title='bbox 1730 5457 1872 5524; x_wconf 82' lang='lat' dir='ltr'><strong>ﬁdei,</strong></span> <span class='ocrx_word' id='word_1_673' title='bbox 1894 5457 2007 5513; x_wconf 87' lang='lat' dir='ltr'><strong>sive</strong></span> 
     </span>
    </p>
   </div>
   <div class='ocr_carea' id='block_1_92' title="bbox 423 5549 2004 5622">
    <p class='ocr_par' dir='ltr' id='par_1_92' title="bbox 423 5549 2004 5622">
     <span class='ocr_line' id='line_1_92' title="bbox 423 5549 2004 5622; baseline -0.003 -14"><span class='ocrx_word' id='word_1_674' title='bbox 423 5554 658 5608; x_wconf 73' lang='lat' dir='ltr'><strong>scientize</strong></span> <span class='ocrx_word' id='word_1_675' title='bbox 697 5551 1033 5616; x_wconf 68' lang='lat' dir='ltr'><strong>christianm;</strong></span> <span class='ocrx_word' id='word_1_676' title='bbox 1071 5549 1211 5622; x_wconf 90' lang='lat' dir='ltr'><strong>quod</strong></span> <span class='ocrx_word' id='word_1_677' title='bbox 1252 5559 1426 5605; x_wconf 89' lang='lat' dir='ltr'><strong>autem</strong></span> <span class='ocrx_word' id='word_1_678' title='bbox 1471 5549 1648 5603; x_wconf 87' lang='lat' dir='ltr'><strong>doceri</strong></span> <span class='ocrx_word' id='word_1_679' title='bbox 1700 5558 1874 5620; x_wconf 83' lang='lat' dir='ltr'><strong>potest</strong></span> <span class='ocrx_word' id='word_1_680' title='bbox 1919 5549 2004 5604; x_wconf 86' lang='lat' dir='ltr'><strong>vel</strong></span> 
     </span>
    </p>
   </div>
   <div class='ocr_carea' id='block_1_93' title="bbox 421 5642 2005 5715">
    <p class='ocr_par' dir='ltr' id='par_1_93' title="bbox 421 5642 2005 5715">
     <span class='ocr_line' id='line_1_93' title="bbox 421 5642 2005 5715; baseline -0.001 -13"><span class='ocrx_word' id='word_1_681' title='bbox 421 5659 599 5702; x_wconf 87' lang='lat' dir='ltr'><strong>rerum</strong></span> <span class='ocrx_word' id='word_1_682' title='bbox 638 5644 843 5700; x_wconf 87' lang='lat' dir='ltr'><strong>ratione</strong></span> <span class='ocrx_word' id='word_1_683' title='bbox 861 5643 1219 5715; x_wconf 85' lang='lat' dir='ltr'><strong>apertissima,</strong></span> <span class='ocrx_word' id='word_1_684' title='bbox 1241 5643 1324 5697; x_wconf 84' lang='lat' dir='ltr'><strong>vel</strong></span> <span class='ocrx_word' id='word_1_685' title='bbox 1347 5642 1737 5713; x_wconf 87' lang='lat' dir='ltr'><strong>Scripturarum</strong></span> <span class='ocrx_word' id='word_1_686' title='bbox 1772 5643 2005 5701; x_wconf 86' lang='lat' dir='ltr'><strong>auctori-</strong></span> 
     </span>
    </p>
   </div>
   <div class='ocr_carea' id='block_1_94' title="bbox 418 5731 1701 5806">
    <p class='ocr_par' dir='ltr' id='par_1_94' title="bbox 418 5731 1701 5806">
     <span class='ocr_line' id='line_1_94' title="bbox 418 5731 1701 5806; baseline -0.003 -11"><span class='ocrx_word' id='word_1_687' title='bbox 418 5731 533 5795; x_wconf 51' lang='lat' dir='ltr'><strong>tate</strong></span> <span class='ocrx_word' id='word_1_688' title='bbox 553 5733 876 5806; x_wconf 74' lang='lat' dir='ltr'><strong>certissima,</strong></span> <span class='ocrx_word' id='word_1_689' title='bbox 889 5731 1015 5793; x_wconf 63' lang='lat' dir='ltr'><strong>sine</strong></span> <span class='ocrx_word' id='word_1_690' title='bbox 1032 5734 1370 5792; x_wconf 63' lang='lat' dir='ltr'><strong>minutione</strong></span> <span class='ocrx_word' id='word_1_691' title='bbox 1390 5737 1701 5792; x_wconf 83' lang='lat' dir='ltr'><strong>asserendo.</strong></span> 
     </span>
    </p>
   </div>
   <div class='ocr_carea' id='block_1_95' title="bbox 2205 4172 3712 4251">
    <p class='ocr_par' dir='ltr' id='par_1_95' title="bbox 2205 4172 3712 4251">
     <span class='ocr_line' id='line_1_95' title="bbox 2205 4172 3712 4251; baseline 0.007 -22"><span class='ocrx_word' id='word_1_692' title='bbox 2205 4176 2263 4229; x_wconf 75' lang='lat'><strong>2.</strong></span> <span class='ocrx_word' id='word_1_693' title='bbox 2305 4175 2379 4229; x_wconf 87' lang='lat' dir='ltr'><strong>Ac</strong></span> <span class='ocrx_word' id='word_1_694' title='bbox 2425 4175 2654 4244; x_wconf 87' lang='lat' dir='ltr'><strong>primum</strong></span> <span class='ocrx_word' id='word_1_695' title='bbox 2712 4172 2837 4232; x_wconf 84' lang='lat' dir='ltr'><strong>illud</strong></span> <span class='ocrx_word' id='word_1_696' title='bbox 2888 4174 3204 4240; x_wconf 86' lang='lat' dir='ltr'><strong>videamus,</strong></span> <span class='ocrx_word' id='word_1_697' title='bbox 3257 4178 3398 4248; x_wconf 86' lang='lat' dir='ltr'><strong>quod</strong></span> <span class='ocrx_word' id='word_1_698' title='bbox 3447 4182 3712 4251; x_wconf 83' lang='lat' dir='ltr'><strong>scriptum</strong></span> 
     </span>
    </p>
   </div>
   <div class='ocr_carea' id='block_1_96' title="bbox 2115 4267 3708 4341">
    <p class='ocr_par' dir='ltr' id='par_1_96' title="bbox 2115 4267 3708 4341">
     <span class='ocr_line' id='line_1_96' title="bbox 2115 4267 3708 4341; baseline 0.004 -19"><span class='ocrx_word' id='word_1_699' title='bbox 2115 4277 2216 4331; x_wconf 83' lang='lat' dir='ltr'><strong>est,</strong></span> <span class='ocrx_word' id='word_1_700' title='bbox 2267 4267 2468 4330; x_wconf 70' lang='lat' dir='ltr'><strong>Flavii,</strong></span> <span class='ocrx_word' id='word_1_701' title='bbox 2510 4267 2611 4332; x_wconf 84' lang='lat' dir='ltr'><strong>vel,</strong></span> <span class='ocrx_word' id='word_1_702' title='bbox 2656 4267 2880 4338; x_wconf 73' lang='lat' dir='ltr'><strong>Sufﬂavit</strong></span> <span class='ocrx_word' id='word_1_703' title='bbox 2908 4268 2960 4320; x_wconf 83' lang='lat' dir='ltr'><strong><em>in</em></strong></span> <span class='ocrx_word' id='word_1_704' title='bbox 2988 4268 3170 4336; x_wconf 80' lang='lat' dir='ltr'><strong>faciem</strong></span> <span class='ocrx_word' id='word_1_705' title='bbox 3213 4270 3323 4338; x_wconf 76' lang='lat' dir='ltr'><strong>ejus</strong></span> <span class='ocrx_word' id='word_1_706' title='bbox 3356 4273 3539 4341; x_wconf 80' lang='lat' dir='ltr'><strong>ﬂatum</strong></span> <span class='ocrx_word' id='word_1_707' title='bbox 3565 4273 3708 4328; x_wconf 69' lang='lat' dir='ltr'><strong>vitta.</strong></span> 
     </span>
    </p>
   </div>
   <div class='ocr_carea' id='block_1_97' title="bbox 2114 4357 3712 4430">
    <p class='ocr_par' dir='ltr' id='par_1_97' title="bbox 2114 4357 3712 4430">
     <span class='ocr_line' id='line_1_97' title="bbox 2114 4357 3712 4430; baseline 0.003 -16"><span class='ocrx_word' id='word_1_708' title='bbox 2114 4359 2360 4414; x_wconf 87' lang='lat' dir='ltr'><strong>Nonnulli</strong></span> <span class='ocrx_word' id='word_1_709' title='bbox 2411 4359 2550 4412; x_wconf 85' lang='lat' dir='ltr'><strong>enim</strong></span> <span class='ocrx_word' id='word_1_710' title='bbox 2599 4358 2810 4412; x_wconf 81' lang='lat' dir='ltr'><strong>codices</strong></span> <span class='ocrx_word' id='word_1_711' title='bbox 2853 4357 3082 4424; x_wconf 87' lang='lat' dir='ltr'><strong>habent,</strong></span> <span class='ocrx_word' id='word_1_712' title='bbox 3132 4359 3392 4430; x_wconf 74' lang='lat' dir='ltr'><strong>Spirnvit,</strong></span> <span class='ocrx_word' id='word_1_713' title='bbox 3446 4362 3554 4427; x_wconf 72' lang='lat' dir='ltr'><strong>vel.</strong></span> <span class='ocrx_word' id='word_1_714' title='bbox 3607 4361 3712 4420; x_wconf 78' lang='lat' dir='ltr'><strong><em>In-</em></strong></span> 
     </span>
    </p>
   </div>
   <div class='ocr_carea' id='block_1_98' title="bbox 2113 4448 3709 4520">
    <p class='ocr_par' dir='ltr' id='par_1_98' title="bbox 2113 4448 3709 4520">
     <span class='ocr_line' id='line_1_98' title="bbox 2113 4448 3709 4520; baseline 0.005 -18"><span class='ocrx_word' id='word_1_715' title='bbox 2113 4451 2319 4518; x_wconf 85' lang='lat' dir='ltr'><strong>spiravit</strong></span> <span class='ocrx_word' id='word_1_716' title='bbox 2349 4450 2399 4502; x_wconf 90' lang='lat' dir='ltr'><strong><em>in</em></strong></span> <span class='ocrx_word' id='word_1_717' title='bbox 2431 4449 2610 4519; x_wconf 74' lang='lat' dir='ltr'><strong>faciem</strong></span> <span class='ocrx_word' id='word_1_718' title='bbox 2655 4449 2784 4520; x_wconf 78' lang='lat' dir='ltr'><strong>ejus.</strong></span> <span class='ocrx_word' id='word_1_719' title='bbox 2832 4448 2936 4504; x_wconf 87' lang='lat' dir='ltr'><strong>Sed</strong></span> <span class='ocrx_word' id='word_1_720' title='bbox 2980 4464 3099 4504; x_wconf 88' lang='lat' dir='ltr'><strong>cum</strong></span> <span class='ocrx_word' id='word_1_721' title='bbox 3127 4449 3297 4506; x_wconf 73' lang='lat' dir='ltr'><strong>Gratci</strong></span> <span class='ocrx_word' id='word_1_722' title='bbox 3333 4453 3565 4508; x_wconf 86' lang='lat' dir='ltr'><strong>habeant</strong></span> <span class='ocrx_word' id='word_1_723' title='bbox 3603 4461 3709 4510; x_wconf 72' lang='grc' dir='ltr'>ινι-</span> 
     </span>
    </p>
   </div>
   <div class='ocr_carea' id='block_1_99' title="bbox 2113 4540 3710 4615">
    <p class='ocr_par' dir='ltr' id='par_1_99' title="bbox 2113 4540 3710 4615">
     <span class='ocr_line' id='line_1_99' title="bbox 2113 4540 3710 4615; baseline 0.005 -20"><span class='ocrx_word' id='word_1_724' title='bbox 2113 4549 2343 4615; x_wconf 67' lang='grc' dir='ltr'><strong>φὺςησεν,</strong></span> <span class='ocrx_word' id='word_1_725' title='bbox 2375 4558 2478 4596; x_wconf 90' lang='lat' dir='ltr'><strong>non</strong></span> <span class='ocrx_word' id='word_1_726' title='bbox 2518 4540 2785 4594; x_wconf 86' lang='lat' dir='ltr'><strong>dubitatur</strong></span> <span class='ocrx_word' id='word_1_727' title='bbox 2825 4541 2965 4611; x_wconf 78' lang='lat' dir='ltr'><strong>ﬂuvit</strong></span> <span class='ocrx_word' id='word_1_728' title='bbox 3007 4544 3086 4597; x_wconf 86' lang='lat' dir='ltr'><strong>vel</strong></span> <span class='ocrx_word' id='word_1_729' title='bbox 3136 4544 3495 4614; x_wconf 71' lang='lat' dir='ltr'><strong>suﬁlavitcssc</strong></span> <span class='ocrx_word' id='word_1_730' title='bbox 3522 4545 3710 4602; x_wconf 89' lang='lat' dir='ltr'><strong>dicen-</strong></span> 
     </span>
    </p>
   </div>
   <div class='ocr_carea' id='block_1_100' title="bbox 2112 4633 3708 4704">
    <p class='ocr_par' dir='ltr' id='par_1_100' title="bbox 2112 4633 3708 4704">
     <span class='ocr_line' id='line_1_100' title="bbox 2112 4633 3708 4704; baseline 0.003 -14"><span class='ocrx_word' id='word_1_731' title='bbox 2112 4636 2260 4690; x_wconf 84' lang='lat' dir='ltr'><strong>dum.</strong></span> <span class='ocrx_word' id='word_1_732' title='bbox 2303 4635 2682 4703; x_wconf 65' lang='lat' dir='ltr'><strong>Quaerebamus</strong></span> <span class='ocrx_word' id='word_1_733' title='bbox 2726 4642 2901 4687; x_wconf 83' lang='lat' dir='ltr'><strong>autem</strong></span> <span class='ocrx_word' id='word_1_734' title='bbox 2945 4633 2997 4687; x_wconf 88' lang='lat' dir='ltr'><strong>in</strong></span> <span class='ocrx_word' id='word_1_735' title='bbox 3046 4636 3306 4704; x_wconf 88' lang='lat' dir='ltr'><strong>superiori</strong></span> <span class='ocrx_word' id='word_1_736' title='bbox 3345 4653 3594 4694; x_wconf 85' lang='lat' dir='ltr'><strong>sermone</strong></span> <span class='ocrx_word' id='word_1_737' title='bbox 3633 4640 3708 4698; x_wconf 81' lang='lat' dir='ltr'><strong>de</strong></span> 
     </span>
    </p>
   </div>
   <div class='ocr_carea' id='block_1_101' title="bbox 2113 4724 3704 4798">
    <p class='ocr_par' dir='ltr' id='par_1_101' title="bbox 2113 4724 3704 4798">
     <span class='ocr_line' id='line_1_101' title="bbox 2113 4724 3704 4798; baseline 0.003 -18"><span class='ocrx_word' id='word_1_738' title='bbox 2113 4727 2358 4781; x_wconf 90' lang='lat' dir='ltr'><strong>manibus</strong></span> <span class='ocrx_word' id='word_1_739' title='bbox 2381 4725 2493 4791; x_wconf 91' lang='lat' dir='ltr'><strong>Dei,</strong></span> <span class='ocrx_word' id='word_1_740' title='bbox 2518 4741 2638 4780; x_wconf 90' lang='lat' dir='ltr'><strong>cum</strong></span> <span class='ocrx_word' id='word_1_741' title='bbox 2666 4726 2823 4778; x_wconf 90' lang='lat' dir='ltr'><strong>homo</strong></span> <span class='ocrx_word' id='word_1_742' title='bbox 2838 4724 2906 4780; x_wconf 88' lang='lat' dir='ltr'><strong>de</strong></span> <span class='ocrx_word' id='word_1_743' title='bbox 2929 4725 3053 4777; x_wconf 90' lang='lat' dir='ltr'><strong>limo</strong></span> <span class='ocrx_word' id='word_1_744' title='bbox 3073 4724 3327 4780; x_wconf 81' lang='lat' dir='ltr'><strong>formatus</strong></span> <span class='ocrx_word' id='word_1_745' title='bbox 3343 4729 3704 4798; x_wconf 75' lang='lat' dir='ltr'><strong>cogitaretur:</strong></span> 
     </span>
    </p>
   </div>
   <div class='ocr_carea' id='block_1_102' title="bbox 2111 4817 3701 4890">
    <p class='ocr_par' dir='ltr' id='par_1_102' title="bbox 2111 4817 3701 4890">
     <span class='ocr_line' id='line_1_102' title="bbox 2111 4817 3701 4890; baseline 0.006 -23"><span class='ocrx_word' id='word_1_746' title='bbox 2111 4819 2235 4890; x_wconf 78' lang='lat' dir='ltr'><strong>quid</strong></span> <span class='ocrx_word' id='word_1_747' title='bbox 2264 4836 2390 4888; x_wconf 77' lang='lat' dir='ltr'><strong>ergo</strong></span> <span class='ocrx_word' id='word_1_748' title='bbox 2413 4835 2552 4872; x_wconf 91' lang='lat' dir='ltr'><strong>nunc</strong></span> <span class='ocrx_word' id='word_1_749' title='bbox 2573 4817 2851 4872; x_wconf 87' lang='lat' dir='ltr'><strong>dicemlnm</strong></span> <span class='ocrx_word' id='word_1_750' title='bbox 2877 4826 2960 4870; x_wconf 91' lang='lat' dir='ltr'><strong>est</strong></span> <span class='ocrx_word' id='word_1_751' title='bbox 2980 4817 3031 4871; x_wconf 92' lang='lat' dir='ltr'><strong>in</strong></span> <span class='ocrx_word' id='word_1_752' title='bbox 3057 4831 3124 4871; x_wconf 92' lang='lat' dir='ltr'><strong>co</strong></span> <span class='ocrx_word' id='word_1_753' title='bbox 3150 4817 3290 4886; x_wconf 90' lang='lat' dir='ltr'><strong>quod</strong></span> <span class='ocrx_word' id='word_1_754' title='bbox 3313 4818 3566 4889; x_wconf 88' lang='lat' dir='ltr'><strong>scriptum</strong></span> <span class='ocrx_word' id='word_1_755' title='bbox 3594 4831 3701 4887; x_wconf 84' lang='lat' dir='ltr'><strong>est,</strong></span> 
     </span>
    </p>
   </div>
   <div class='ocr_carea' id='block_1_103' title="bbox 2113 4909 3700 4984">
    <p class='ocr_par' dir='ltr' id='par_1_103' title="bbox 2113 4909 3700 4984">
     <span class='ocr_line' id='line_1_103' title="bbox 2113 4909 3700 4984; baseline 0.003 -19"><span class='ocrx_word' id='word_1_756' title='bbox 2113 4910 2342 4981; x_wconf 69' lang='lat' dir='ltr'><strong>Sufﬂavit</strong></span> <span class='ocrx_word' id='word_1_757' title='bbox 2384 4909 2552 4972; x_wconf 79' lang='lat' dir='ltr'><strong>Dens,</strong></span> <span class='ocrx_word' id='word_1_758' title='bbox 2587 4909 2686 4962; x_wconf 90' lang='lat' dir='ltr'><strong>nisi</strong></span> <span class='ocrx_word' id='word_1_759' title='bbox 2716 4909 2836 4978; x_wconf 85' lang='lat' dir='ltr'><strong>quia</strong></span> <span class='ocrx_word' id='word_1_760' title='bbox 2867 4909 3004 4963; x_wconf 87' lang='lat' dir='ltr'><strong>sicut</strong></span> <span class='ocrx_word' id='word_1_761' title='bbox 3041 4924 3147 4963; x_wconf 89' lang='lat' dir='ltr'><strong>non</strong></span> <span class='ocrx_word' id='word_1_762' title='bbox 3188 4910 3432 4966; x_wconf 89' lang='lat' dir='ltr'><strong>manibus</strong></span> <span class='ocrx_word' id='word_1_763' title='bbox 3457 4913 3700 4984; x_wconf 83' lang='lat' dir='ltr'><strong>corporis</strong></span> 
     </span>
    </p>
   </div>
   <div class='ocr_carea' id='block_1_104' title="bbox 2112 4998 3333 5069">
    <p class='ocr_par' dir='ltr' id='par_1_104' title="bbox 2112 4998 3333 5069">
     <span class='ocr_line' id='line_1_104' title="bbox 2112 4998 3333 5069; baseline -0.001 -12"><span class='ocrx_word' id='word_1_764' title='bbox 2112 5001 2284 5065; x_wconf 74' lang='lat' dir='ltr'><strong>tinxit,</strong></span> <span class='ocrx_word' id='word_1_765' title='bbox 2311 5001 2379 5053; x_wconf 89' lang='lat' dir='ltr'><strong>ita</strong></span> <span class='ocrx_word' id='word_1_766' title='bbox 2403 5014 2500 5054; x_wconf 79' lang='lat' dir='ltr'><strong>nec</strong></span> <span class='ocrx_word' id='word_1_767' title='bbox 2525 4998 2763 5055; x_wconf 80' lang='lat' dir='ltr'><strong>faucibus</strong></span> <span class='ocrx_word' id='word_1_768' title='bbox 2784 4998 3041 5069; x_wconf 83' lang='lat' dir='ltr'><strong>labiisque</strong></span> <span class='ocrx_word' id='word_1_769' title='bbox 3065 4999 3333 5056; x_wconf 78' lang='lat' dir='ltr'><strong>summit?</strong></span> 
     </span>
    </p>
   </div>
   <div class='ocr_carea' id='block_1_105' title="bbox 2182 5089 3700 5164">
    <p class='ocr_par' dir='ltr' id='par_1_105' title="bbox 2182 5089 3700 5164">
     <span class='ocr_line' id='line_1_105' title="bbox 2182 5089 3700 5164; baseline 0.001 -16"><span class='ocrx_word' id='word_1_770' title='bbox 2182 5094 2234 5149; x_wconf 81' lang='grc'><strong>5.</strong></span> <span class='ocrx_word' id='word_1_771' title='bbox 2278 5091 2653 5146; x_wconf 74' lang='lat' dir='ltr'><strong>Verumtamen</strong></span> <span class='ocrx_word' id='word_1_772' title='bbox 2693 5089 2795 5146; x_wconf 87' lang='lat' dir='ltr'><strong>hoc</strong></span> <span class='ocrx_word' id='word_1_773' title='bbox 2823 5090 2986 5145; x_wconf 87' lang='lat' dir='ltr'><strong>verbo</strong></span> <span class='ocrx_word' id='word_1_774' title='bbox 3025 5090 3296 5161; x_wconf 78' lang='lat' dir='ltr'><strong>Scriptura</strong></span> <span class='ocrx_word' id='word_1_775' title='bbox 3324 5093 3375 5147; x_wconf 92' lang='lat' dir='ltr'><strong>in</strong></span> <span class='ocrx_word' id='word_1_776' title='bbox 3404 5095 3700 5164; x_wconf 60' lang='lat' dir='ltr'><strong>quastione</strong></span> 
     </span>
    </p>
   </div>
   <div class='ocr_carea' id='block_1_106' title="bbox 2110 5183 3698 5255">
    <p class='ocr_par' dir='ltr' id='par_1_106' title="bbox 2110 5183 3698 5255">
     <span class='ocr_line' id='line_1_106' title="bbox 2110 5183 3698 5255; baseline -0.001 -13"><span class='ocrx_word' id='word_1_777' title='bbox 2110 5186 2419 5242; x_wconf 79' lang='lat' dir='ltr'><strong>difﬁcillima</strong></span> <span class='ocrx_word' id='word_1_778' title='bbox 2453 5184 2737 5255; x_wconf 90' lang='lat' dir='ltr'><strong>plurimmn</strong></span> <span class='ocrx_word' id='word_1_779' title='bbox 2766 5197 2894 5247; x_wconf 90' lang='lat' dir='ltr'><strong>nos,</strong></span> <span class='ocrx_word' id='word_1_780' title='bbox 2928 5193 3182 5253; x_wconf 90' lang='lat' dir='ltr'><strong>quantum</strong></span> <span class='ocrx_word' id='word_1_781' title='bbox 3215 5185 3433 5253; x_wconf 86' lang='lat' dir='ltr'><strong>opinor.</strong></span> <span class='ocrx_word' id='word_1_782' title='bbox 3462 5183 3698 5254; x_wconf 81' lang='lat' dir='ltr'><strong>adjuvat.</strong></span> 
     </span>
    </p>
   </div>
   <div class='ocr_carea' id='block_1_107' title="bbox 2109 5274 3700 5347">
    <p class='ocr_par' dir='ltr' id='par_1_107' title="bbox 2109 5274 3700 5347">
     <span class='ocr_line' id='line_1_107' title="bbox 2109 5274 3700 5347; baseline -0.001 -13"><span class='ocrx_word' id='word_1_783' title='bbox 2109 5276 2336 5334; x_wconf 82' lang='lat' dir='ltr'><strong>CAPUT</strong></span> <span class='ocrx_word' id='word_1_784' title='bbox 2363 5274 2771 5329; x_wconf 81' lang='lat' dir='ltr'><strong>ll.——-Animam</strong></span> <span class='ocrx_word' id='word_1_785' title='bbox 2805 5291 2904 5327; x_wconf 91' lang='lat' dir='ltr'><strong>non</strong></span> <span class='ocrx_word' id='word_1_786' title='bbox 2948 5290 3054 5328; x_wconf 73' lang='lat' dir='ltr'><strong>esse</strong></span> <span class='ocrx_word' id='word_1_787' title='bbox 3093 5275 3316 5347; x_wconf 76' lang='lat' dir='ltr'><strong>ejusdem</strong></span> <span class='ocrx_word' id='word_1_788' title='bbox 3351 5286 3548 5330; x_wconf 76' lang='lat' dir='ltr'><strong>natura:</strong></span> <span class='ocrx_word' id='word_1_789' title='bbox 3580 5291 3700 5334; x_wconf 78' lang='lat' dir='ltr'><strong>cum</strong></span> 
     </span>
    </p>
   </div>
   <div class='ocr_carea' id='block_1_108' title="bbox 2285 5365 3490 5438">
    <p class='ocr_par' dir='ltr' id='par_1_108' title="bbox 2285 5365 3490 5438">
     <span class='ocr_line' id='line_1_108' title="bbox 2285 5365 3490 5438; baseline -0.001 -18"><span class='ocrx_word' id='word_1_790' title='bbox 2285 5366 2414 5432; x_wconf 80' lang='lat' dir='ltr'><strong>Deo,</strong></span> <span class='ocrx_word' id='word_1_791' title='bbox 2439 5382 2500 5420; x_wconf 80' lang='lat' dir='ltr'><strong>ea:</strong></span> <span class='ocrx_word' id='word_1_792' title='bbox 2523 5365 2779 5438; x_wconf 80' lang='lat' dir='ltr'><strong>proposito</strong></span> <span class='ocrx_word' id='word_1_793' title='bbox 2802 5365 3081 5436; x_wconf 74' lang='lat' dir='ltr'><strong>Scriptura:</strong></span> <span class='ocrx_word' id='word_1_794' title='bbox 3104 5366 3214 5420; x_wconf 84' lang='lat' dir='ltr'><strong><em>loco</em></strong></span> <span class='ocrx_word' id='word_1_795' title='bbox 3240 5368 3490 5437; x_wconf 85' lang='lat' dir='ltr'><strong>arguitur.</strong></span> 
     </span>
    </p>
   </div>
   <div class='ocr_carea' id='block_1_109' title="bbox 2179 5457 3696 5531">
    <p class='ocr_par' dir='ltr' id='par_1_109' title="bbox 2179 5457 3696 5531">
     <span class='ocr_line' id='line_1_109' title="bbox 2179 5457 3696 5531; baseline 0.002 -17"><span class='ocrx_word' id='word_1_796' title='bbox 2179 5457 2314 5515; x_wconf 84' lang='lat' dir='ltr'><strong>Nam</strong></span> <span class='ocrx_word' id='word_1_797' title='bbox 2340 5474 2458 5513; x_wconf 84' lang='lat' dir='ltr'><strong>cuin</strong></span> <span class='ocrx_word' id='word_1_798' title='bbox 2489 5458 2703 5527; x_wconf 88' lang='lat' dir='ltr'><strong>quidam</strong></span> <span class='ocrx_word' id='word_1_799' title='bbox 2733 5473 2799 5513; x_wconf 77' lang='lat' dir='ltr'><strong>ex</strong></span> <span class='ocrx_word' id='word_1_800' title='bbox 2831 5457 2933 5512; x_wconf 89' lang='lat' dir='ltr'><strong>hoc</strong></span> <span class='ocrx_word' id='word_1_801' title='bbox 2963 5457 3128 5512; x_wconf 90' lang='lat' dir='ltr'><strong>verbo</strong></span> <span class='ocrx_word' id='word_1_802' title='bbox 3153 5459 3473 5514; x_wconf 89' lang='lat' dir='ltr'><strong>crediderint</strong></span> <span class='ocrx_word' id='word_1_803' title='bbox 3497 5459 3696 5531; x_wconf 86' lang='lat' dir='ltr'><strong>aliquid</strong></span> 
     </span>
    </p>
   </div>
   <div class='ocr_carea' id='block_1_110' title="bbox 2109 5547 3695 5619">
    <p class='ocr_par' dir='ltr' id='par_1_110' title="bbox 2109 5547 3695 5619">
     <span class='ocr_line' id='line_1_110' title="bbox 2109 5547 3695 5619; baseline 0 -11"><span class='ocrx_word' id='word_1_804' title='bbox 2109 5565 2230 5608; x_wconf 89' lang='lat' dir='ltr'><strong>esse</strong></span> <span class='ocrx_word' id='word_1_805' title='bbox 2257 5553 2486 5604; x_wconf 89' lang='lat' dir='ltr'><strong>animam</strong></span> <span class='ocrx_word' id='word_1_806' title='bbox 2515 5549 2583 5605; x_wconf 85' lang='lat' dir='ltr'><strong>de</strong></span> <span class='ocrx_word' id='word_1_807' title='bbox 2613 5549 2724 5619; x_wconf 77' lang='lat' dir='ltr'><strong>ipsa</strong></span> <span class='ocrx_word' id='word_1_808' title='bbox 2763 5549 3052 5603; x_wconf 88' lang='lat' dir='ltr'><strong>substantia</strong></span> <span class='ocrx_word' id='word_1_809' title='bbox 3082 5547 3206 5613; x_wconf 87' lang='lat' dir='ltr'><strong>Dei.</strong></span> <span class='ocrx_word' id='word_1_810' title='bbox 3247 5547 3300 5604; x_wconf 87' lang='lat' dir='ltr'><strong>id</strong></span> <span class='ocrx_word' id='word_1_811' title='bbox 3321 5558 3424 5615; x_wconf 86' lang='lat' dir='ltr'><strong>est,</strong></span> <span class='ocrx_word' id='word_1_812' title='bbox 3454 5549 3695 5618; x_wconf 85' lang='lat' dir='ltr'><strong>ejusdem</strong></span> 
     </span>
    </p>
   </div>
   <div class='ocr_carea' id='block_1_111' title="bbox 2112 5638 3696 5711">
    <p class='ocr_par' dir='ltr' id='par_1_111' title="bbox 2112 5638 3696 5711">
     <span class='ocr_line' id='line_1_111' title="bbox 2112 5638 3696 5711; baseline 0 -13"><span class='ocrx_word' id='word_1_813' title='bbox 2112 5651 2312 5698; x_wconf 75' lang='lat' dir='ltr'><strong>natura:</strong></span> <span class='ocrx_word' id='word_1_814' title='bbox 2327 5639 2477 5711; x_wconf 88' lang='lat' dir='ltr'><strong>cujus</strong></span> <span class='ocrx_word' id='word_1_815' title='bbox 2499 5639 2586 5694; x_wconf 88' lang='lat' dir='ltr'><strong>ille</strong></span> <span class='ocrx_word' id='word_1_816' title='bbox 2603 5649 2704 5704; x_wconf 89' lang='lat' dir='ltr'><strong>est,</strong></span> <span class='ocrx_word' id='word_1_817' title='bbox 2726 5638 2827 5694; x_wconf 92' lang='lat' dir='ltr'><strong>hoc</strong></span> <span class='ocrx_word' id='word_1_818' title='bbox 2843 5638 2960 5692; x_wconf 89' lang='lat' dir='ltr'><strong>ideo</strong></span> <span class='ocrx_word' id='word_1_819' title='bbox 2979 5649 3242 5708; x_wconf 85' lang='lat' dir='ltr'><strong>putantes,</strong></span> <span class='ocrx_word' id='word_1_820' title='bbox 3260 5641 3383 5710; x_wconf 85' lang='lat' dir='ltr'><strong>quia</strong></span> <span class='ocrx_word' id='word_1_821' title='bbox 3397 5656 3518 5696; x_wconf 89' lang='lat' dir='ltr'><strong>cum</strong></span> <span class='ocrx_word' id='word_1_822' title='bbox 3532 5641 3696 5698; x_wconf 88' lang='lat' dir='ltr'><strong>homo</strong></span> 
     </span>
    </p>
   </div>
   <div class='ocr_carea' id='block_1_112' title="bbox 2119 5719 3702 5804">
    <p class='ocr_par' dir='ltr' id='par_1_112' title="bbox 2119 5719 3702 5804">
     <span class='ocr_line' id='line_1_112' title="bbox 2119 5719 3702 5804; baseline -0.002 -12"><span class='ocrx_word' id='word_1_823' title='bbox 2119 5719 2332 5804; x_wconf 64' lang='lat' dir='ltr'><strong>suum,</strong></span> <span class='ocrx_word' id='word_1_824' title='bbox 2346 5725 2550 5803; x_wconf 74' lang='lat' dir='ltr'><strong>aliquid</strong></span> <span class='ocrx_word' id='word_1_825' title='bbox 2561 5731 2631 5788; x_wconf 85' lang='lat' dir='ltr'><strong>de</strong></span> <span class='ocrx_word' id='word_1_826' title='bbox 2647 5730 2830 5802; x_wconf 81' lang='lat' dir='ltr'><strong>seipse</strong></span> <span class='ocrx_word' id='word_1_827' title='bbox 2842 5721 3062 5801; x_wconf 74' lang='lat' dir='ltr'><strong>cjicitiit</strong></span> <span class='ocrx_word' id='word_1_828' title='bbox 3076 5733 3200 5788; x_wconf 79' lang='lat' dir='ltr'><strong>natu</strong></span> <span class='ocrx_word' id='word_1_829' title='bbox 3216 5748 3236 5800; x_wconf 84' lang='lat'><strong>;</strong></span> <span class='ocrx_word' id='word_1_830' title='bbox 3252 5729 3378 5789; x_wconf 77' lang='lat' dir='ltr'><strong>hinc</strong></span> <span class='ocrx_word' id='word_1_831' title='bbox 3397 5734 3576 5804; x_wconf 74' lang='lat' dir='ltr'><strong>potius</strong></span> <span class='ocrx_word' id='word_1_832' title='bbox 3594 5734 3702 5790; x_wconf 70' lang='lat' dir='ltr'><strong>ad-</strong></span> 
     </span>
    </p>
   </div>
  </div>
