3902 6298
184 242 297 301 857

191 361 442 419 monendi
464 376 665 428 smnus,
684 363 822 420 hanc
848 364 1113 421 inimicam
1145 362 1265 419 fidei
1292 362 1568 419 catholica:
1589 376 1775 431 repro-

190 456 321 511 hare
338 458 671 511 sententiam.
692 456 796 513 Nos
812 458 952 514 enim
970 458 1236 513 credimus
1250 458 1339 512 Dei
1360 468 1598 513 naturam
1617 467 1775 527 atque

190 548 564 615 substantiam,
592 554 709 618 quite
731 549 783 603 in
809 548 1066 605 Trinitate
1089 550 1365 604 creditura
1397 550 1597 613 mtdtis,
1620 548 1776 604 intel-

189 634 370 708 ligitur
392 653 424 693 a
452 640 653 709 paucis,
680 642 896 696 o’mnino
918 646 1036 697 esse
1062 640 1572 697 incommmabilem.
1605 640 1773 696 Porro

188 736 367 785 autem
398 720 590 788 animm
634 742 875 787 naturam
915 733 999 787 vel
1040 734 1090 787 in
1118 731 1351 787 deterius
1376 731 1460 787 vel
1488 732 1539 786 in
1582 732 1772 787 melius

187 831 503 889 commutari
528 830 703 900 posse,
733 822 850 897 quis
878 826 1127 897 ambigit?
1157 828 1235 881 Ac
1265 841 1358 896 per
1381 827 1483 881 hoc
1516 824 1771 893 sacrilega

185 924 364 993 Opinio
390 930 492 982 est,
520 908 637 975 eam
668 928 719 973 et
753 916 917 973 Deum
944 916 1165 972 credere
1194 919 1349 971 unius
1374 931 1494 970 esse
1518 915 1766 971 substan-

187 1015 292 1071 tia}.
328 1010 461 1080 Quid
484 998 622 1065 enim
640 1009 742 1063 hoc
773 1007 930 1062 modo
954 1007 1093 1062 aliud
1115 1023 1272 1078 quam
1299 1016 1351 1063 et
1371 1005 1458 1061 ille
1479 1017 1769 1061 commuta-

186 1105 308 1161 bilis
334 1092 604 1159 Creditur?
631 1100 966 1157 Credendum
1008 1104 1184 1170 itaque
1221 1100 1332 1162 est,
1378 1106 1431 1153 et
1476 1097 1771 1167 intelligen-

186 1198 335 1257 dum.
376 1200 547 1265 neque
569 1194 674 1248 ullo
700 1192 860 1248 mede
888 1192 1254 1253 dubitandum,
1290 1189 1428 1260 quod
1469 1198 1611 1244 recta
1640 1182 1769 1242 fides

182 1276 364 1353 habet,
396 1288 625 1340 animam
655 1287 732 1339 sic
761 1278 876 1339 esse
900 1300 929 1338 a
956 1278 1063 1363 Deo
1090 1284 1337 1353 tanquam
1362 1297 1474 1359 rem
1502 1296 1656 1351 quam
1688 1278 1766 1333 fe-

184 1362 336 1444 c‘érit,
361 1376 463 1433 non
496 1382 741 1450 tanquam
773 1364 837 1431 ile
862 1370 1046 1431 natura
1074 1375 1225 1445 cujus
1251 1382 1334 1429 cst
1360 1372 1494 1444 ipse,
1533 1372 1645 1428 sive
1669 1380 1766 1443 ge-

179 1472 376 1537 nuerit,
410 1471 521 1525 sive
545 1472 757 1542 quoque
786 1468 944 1524 modo
969 1466 1268 1539 protUlerit.

358 1568 583 1658 CAUUT
612 1600 698 1656 ιιι.
724 1630 795 1642 -
817 1568 1039 1673 Urgetur
1062 1601 1194 1656 idem
1218 1580 1589 1673 argumentum.

247 1741 301 1798 ι.
345 1741 415 1795 Et
439 1738 726 1811 quomodo,
750 1738 1012 1809 inquiunt,
1040 1739 1295 1809 scriptum
1326 1748 1428 1803 est,
1461 1739 1688 1811 Sit/ﬂuvit
1711 1740 1764 1793 in

177 1833 361 1904 {aciem
392 1833 521 1905 ejus,
546 1842 592 1886 et
616 1836 779 1903 factus
800 1840 868 1885 est
890 1831 1037 1884 homo
1058 1830 1109 1885 in
1136 1832 1355 1884 animum
1376 1832 1569 1897 vivam;
1591 1833 1633 1885 si
1658 1847 1763 1888 non

176 1926 352 1979 anima
395 1924 485 1978 Dei
526 1938 647 1993 pars
672 1921 874 1988 cst,vel
907 1921 998 1977 Dei
1036 1922 1254 1976 omnino
1289 1921 1622 1977 substantia?
1650 1922 1762 1976 bno

177 2029 305 2071 vero
329 2014 392 2069 ex
413 2013 512 2067 hoc
534 2013 696 2067 verbo
711 2013 840 2067 satis
860 2012 1077 2081 apparet
1100 2011 1168 2065 ita
1193 2028 1294 2065 non
1319 2027 1455 2066 esse.
1472 2012 1601 2065 Cum
1616 2013 1760 2066 enim

178 2103 340 2159 homo
364 2100 575 2169 sufﬂat,
602 2102 776 2157 anima
808 2102 984 2171 utique
1015 2103 1125 2170 ipsa
1153 2102 1513 2171 subjacentem
1542 2102 1639 2157 sibi
1668 2118 1761 2157 na-

176 2200 348 2248 turam
368 2193 606 2263 corporis
636 2201 832 2253 movet,
860 2202 914 2247 ct
938 2191 1003 2246 de
1024 2191 1133 2258 illa,
1162 2209 1264 2245 non
1291 2192 1357 2247 de
1380 2191 1549 2260 seipsa
1577 2191 1758 2246 ﬂatum

174 2282 317 2339 faeit.
364 2284 471 2339 Nisi
513 2283 599 2337 isti
641 2282 774 2338 forte
807 2291 912 2338 tam
958 2283 1091 2336 tardi
1131 2293 1280 2345 sunt,
1310 2292 1367 2335 ut
1396 2284 1631 2337 nesciant
1658 2284 1758 2337 isto

172 2378 449 2445 ﬂciproco
486 2374 670 2437 halitu,
712 2390 867 2445 quem
896 2375 961 2430 de
989 2374 1090 2430 hoc
1115 2391 1238 2429 acre
1271 2376 1590 2429 circumfuso
1614 2376 1763 2430 duci-

173 2472 291 2524 mus
333 2474 387 2523 et
422 2466 709 2525 reddimus.
746 2466 857 2522 fieri
906 2468 1063 2521 etiam
1108 2466 1309 2530 ﬂatum,
1342 2484 1462 2522 cum
1491 2469 1759 2523 voluntate

170 2552 469 2616 itifﬂamus.
498 2559 649 2627 Quod
680 2560 723 2613 si
755 2559 911 2614 etiam
940 2575 1043 2614 non
1071 2573 1135 2613 ex
1168 2559 1269 2614 hoc
1294 2574 1436 2624 acre,
1464 2560 1553 2629 qui
1596 2559 1759 2614 forin-

173 2636 333 2709 Reus
361 2651 585 2722 adjaect,
614 2654 833 2721 acecpto
856 2659 906 2707 et
931 2652 1156 2716 reddito,
1185 2650 1278 2707 sed
1309 2668 1374 2706 ex
1402 2652 1565 2722 ipsius
1590 2653 1754 2707 nostri

172 2730 415 2815 Ebrpiiris
445 2754 627 2798 natura
656 2759 754 2814 qua
777 2752 1001 2809 constat,
1028 2742 1288 2798 sufﬂando
1313 2743 1511 2814 aliquid
1538 2743 1758 2814 ejicere-

171 2853 309 2903 mus,
345 2852 447 2891 non
477 2835 661 2891 eadem
695 2846 878 2889 natura
910 2846 990 2891 est
1022 2837 1261 2905 corporis
1286 2844 1338 2890 et
1360 2836 1582 2897 unione;
1611 2835 1756 2905 quod

172 2908 224 2985 ei
252 2928 358 2999 ipsi
385 2929 565 2998 utique
590 2929 948 2982 consentiunt.
974 2928 1305 2997 Quapropter
1329 2928 1485 2982 etiam
1514 2930 1590 2983 sic
1610 2928 1753 2983 aliud

170 3004 248 3076 est
276 3019 473 3074 anima:
510 3019 799 3073 Substantia
826 3061 840 3083 ,
881 3035 999 3089 qua:
1038 3036 1231 3089 corpus
1277 3021 1407 3091 regit
1450 3022 1503 3075 et
1541 3030 1749 3086 movet;

168 3100 307 3168 ἃῐῑυά
340 3111 514 3177 ﬂatus,
545 3127 697 3181 quem
729 3110 958 3180 regendo
987 3112 1068 3165 vel
1098 3112 1357 3165 movendo
1382 3111 1503 3166 facit
1537 3112 1603 3168 de
1634 3127 1754 3166 cor-

169 3190 294 3279 pore
327 3203 425 3258 sibi
451 3201 682 3267 subdito,
707 3219 808 3255 non
834 3202 901 3256 de
930 3204 1101 3271 seipsa
1129 3202 1210 3255 cui
1249 3217 1439 3271 Corpus
1464 3216 1544 3257 ρει
1565 3203 1752 3257 subdi-

170 3292 298 3352 lt'im.
331 3293 463 3351 Cum
496 3296 670 3365 itaque
696 3296 849 3365 longe
878 3295 1089 3365 quidem
1134 3295 1530 3365 incomparabili
1568 3297 1746 3363 modo,

170 3374 256 3443 ξω
289 3399 471 3443 tamen
490 3388 660 3441 anima
690 3398 833 3456 regat
862 3385 1126 3441 subditum
1157 3402 1369 3454 corpus,
1395 3395 1447 3441 et
1470 3386 1607 3441 Deus
1627 3390 1751 3443 sub-

171 3468 338 3533 ditam
371 3486 687 3539 creaturam,
713 3492 808 3531 cur
842 3492 945 3530 non
983 3476 1155 3547 potius
1181 3476 1503 3546 intelligatur
1525 3477 1592 3533 de
1618 3477 1747 3533 sub-

163 3556 296 3640 fécta
333 3568 432 3623 sibi
467 3574 708 3625 creatura
740 3567 926 3622 fecisse
964 3567 1101 3622 Deus
1134 3566 1363 3621 animam
1400 3569 1452 3622 in
1494 3583 1561 3623 eo
1606 3569 1747 3639 quod

167 3648 410 3717 Etifﬂassc
432 3661 601 3715 dictus
627 3664 738 3725 cSt;
762 3659 1185 3735 quandoquidem
1208 3659 1319 3729 ipsa
1345 3662 1541 3727 anima,
1564 3678 1748 3732 quant-

166 3748 239 3809 v‘is
260 3754 477 3825 corpori
508 3769 603 3806 suo
628 3768 731 3807 non
752 3753 821 3807 ita
844 3752 1162 3818 dominetur,
1188 3764 1242 3807 ut
1266 3752 1404 3809 Deus
1422 3755 1747 3811 universitati

166 3852 320 3917 quam
354 3845 609 3909 condidit,
640 3850 815 3898 tamen
842 3843 957 3913 ers
979 3852 1146 3912 motu,
1176 3860 1279 3900 non
1306 3845 1374 3901 de
1396 3861 1490 3900 sua
1511 3847 1747 3902 substan-

166 3934 228 3992 ﬁt]
258 3937 445 3992 ﬂatum
474 3935 599 3991 facit
614 3934 640 3989 ?

228 4024 279 4084 5.
327 4022 616 4083 Possetnus
644 4026 853 4097 quidem
878 4026 1055 4083 dicere
1086 4042 1183 4083 nec
1225 4030 1393 4098 ipsum
1432 4030 1521 4084 Dei
1562 4030 1743 4087 ﬂatum

162 4108 275 4195 esse
327 4120 557 4172 animam
598 4117 861 4183 howinis,
910 4118 1001 4174 sed
1032 4119 1206 4199 'Deum
1253 4120 1515 4175 sufﬂando
1554 4123 1745 4178 fecisse

162 4188 392 4265 {nimam
425 4211 477 4264 in
501 4209 716 4264 homine
743 4229 756 4265 :
786 4208 877 4264 sed
907 4227 971 4264 ne
998 4189 1248 4280 [ditentur
1274 4215 1487 4267 meliora
1517 4232 1635 4284 (μην
1667 4215 1744 4271 fe-

162 4300 229 4355 cit
256 4301 446 4363 verbo,
479 4315 635 4369 quam
658 4298 796 4370 quod
822 4300 944 4354 fecit
970 4298 1113 4359 ﬂatu.
1138 4302 1257 4371 quia
1288 4311 1341 4357 et
1368 4304 1419 4357 in
1454 4304 1602 4358 nobis
1631 4322 1743 4360 me-

161 4392 259 4451 lius
278 4405 368 4451 est
394 4393 614 4447 verbum
646 4408 799 4463 quam
830 4392 1016 4457 ﬂatus;
1046 4393 1172 4448 nihil
1203 4404 1281 4449 est
1312 4396 1521 4450 interim
1553 4414 1743 4451 secun-

161 4483 278 4540 dum
312 4482 668 4553 supradictam
716 4483 972 4537 rationem
999 4524 1013 4548 ,
1044 4500 1140 4539 cur
1164 4485 1390 4539 animam
1434 4488 1599 4556 ipsam
1648 4489 1740 4543 Dei

161 4575 345 4631 ﬂatum
374 4575 554 4629 dicere
581 4573 880 4629 dubitemus
900 4615 915 4639 ,
958 4573 1081 4628 dum
1113 4575 1431 4645 intelligatur
1473 4593 1577 4632 non
1622 4594 1740 4635 csse

162 4667 248 4724 Dei
275 4679 468 4724 natura
497 4675 652 4737 atque
674 4667 964 4721 substantia
986 4710 999 4731 ,
1032 4667 1123 4721 sed
1154 4669 1253 4723 hoc
1281 4671 1448 4738 ipsum
1477 4687 1595 4726 esse
1626 4670 1737 4725 suf-

161 4759 303 4823 ﬂare,
342 4759 481 4831 quod
510 4756 596 4815 est
623 4759 801 4813 ﬂatmn
835 4758 1045 4823 facere;
1072 4760 1210 4831 quod
1238 4772 1414 4816 autem
1444 4762 1621 4818 ﬂatum
1662 4764 1738 4819 fa-

162 4853 296 4909 cere.
336 4850 435 4908 hoe
461 4842 690 4907 animam
710 4850 903 4905 facere.
924 4848 1018 4906 Cui
1042 4853 1316 4906 sententia:
1337 4856 1572 4926 congruit
1596 4858 1736 4926 «ιιιοά

161 4957 248 5012 per
277 4944 467 5017 Isaiam
496 4943 620 4997 dicit
647 4943 783 4996 Deus
810 4960 824 4996 :
854 4940 1076 5009 Spiritus
1103 4946 1231 4996 enim
1257 4962 1287 4997 α
1316 4962 1394 4999 me
1415 4948 1661 5015 procedet,
1692 4944 1737 5004 ct

162 5032 337 5104 ﬂatum
388 5049 583 5087 omnem
623 5050 713 5103 ego
742 5032 857 5103 feci.
898 5030 1028 5087 Nam
1078 5049 1182 5087 non
1227 5038 1513 5104 quemlibet
1552 5037 1733 5096 ﬂatum

161 5141 471 5198 corporeum
499 5141 619 5181 cum
649 5126 848 5190 dicere,
879 5127 1155 5196 sequentia
1196 5128 1404 5183 dooent.
1433 5131 1565 5186 Cum
1591 5135 1732 5189 enim

162 5216 397 5284 dixisset,
428 5214 637 5272 Omnem
657 5208 831 5288 flatum
859 5212 949 5288 rgo
969 5218 1066 5288 [rei
1080 5234 1099 5284 ;
1128 5215 1193 5272 Et
1223 5231 1425 5291 praptcr
1453 5235 1731 5293 peccatum,

162 5298 344 5378 inquit,
377 5308 615 5382 pusillum
636 5306 759 5380 quid
792 5306 1078 5362 contristavi
1102 5328 1233 5376 eum,
1276 5323 1323 5366 et
1362 5317 1583 5383 percussi
1621 5334 1734 5373 eum

164 5396 312 5469 (Iani.
346 5418 477 5467 Lvn,
504 5399 591 5465 16,
624 5400 709 5465 17,
736 5418 831 5454 sec.
858 5394 1036 5467 LXX).
1070 5402 1202 5468 Quid
1226 5422 1350 5474 ergo
1372 5406 1496 5463 dicit
1518 5409 1694 5466 ﬂatum
1714 5456 1727 5477 ,

282 5495 535 5560 animam,
557 5510 675 5565 qua:
707 5505 917 5563 propter
950 5507 1221 5565 pcecatmn
1252 5515 1496 5566 percussa
1523 5512 1575 5557 et
1600 5520 1729 5560 con-

167 5566 366 5669 tristata
391 5585 512 5640 est?
539 5583 674 5655 Quid
706 5586 863 5655 igitur
887 5584 987 5651 est,
1032 5584 1243 5643 Omnem
1279 5590 1458 5661 ﬂatum
1486 5610 1577 5666 ego
1610 5597 1727 5669 feci,

164 5658 283 5743 idsi,
308 5672 531 5733 Omnem
554 5676 790 5732 animam
812 5672 912 5747 ego
935 5674 1080 5733 fecit

1529 237 1734 295 LIBER
1771 235 2123 301 SEPTIMUS.

3355 259 3466 321 358

1881 358 2106 417 CAPUT
2131 360 2309 417 IV.—
2342 362 2509 419 Deum
2553 367 2797 439 wﬁlaudo
2840 386 2943 426 non
2991 376 3168 444 fecisse
3195 377 3262 434 de
3294 383 3460 452 seipse

2292 459 2513 513 animum
2531 500 2547 527 ,
2577 476 2668 515 nec
2690 462 2753 516 de
2771 464 3047 521 clausulis.

1949 574 2003 631 6.
2038 566 2093 633 Si
2124 593 2251 648 ergo
2268 579 2433 634 Deum
2460 580 2756 639 diceremus
2776 593 3022 656 tauquam
3044 588 3283 657 corporei
3308 596 3459 648 mun-

1875 662 1931 720 di
1982 666 2139 736 hujus
2180 671 2432 735 animam,
2464 670 2547 726 cui
2596 670 2823 729 mundus
2865 674 2977 745 ipse
3014 670 3163 734 esset
3211 676 3458 752 tanquam

1876 773 2071 829 corpus
2117 764 2272 817 unius
2312 765 2630 830 animantis,
2663 778 2807 822 recte
2851 785 2955 824 non
3002 787 3121 825 cum
3156 764 3458 833 diceremus

1874 850 2137 907 sumaudo
2162 852 2348 911 fecisse
2374 857 2603 911 animam
2634 858 2883 923 hominis,
2917 862 3015 915 nisi
3037 866 3366 933 corpoream,
3390 867 3456 924 de

1874 940 1976 997 isto
2000 958 2123 999 aere
2153 944 2455 1015 subjaceute
2485 948 2583 1003 sibi
2614 956 2677 1003 ex
2709 964 2933 1019 corpore
2962 967 3059 1007 suo
3086 973 3098 1007 :
3138 970 3241 1009 non
3278 965 3453 1013 tamen

1872 1032 2012 1102 quod
2037 1035 2244 1090 fecisset
2270 1036 2605 1109 dedissetque
2628 1040 2916 1107 ’sul‘ﬂando,
2949 1043 3015 1099 de
3038 1045 3215 1117 seipSo
3244 1046 3453 1104 dedisse

1872 1120 2057 1191 putare
2084 1123 2401 1182 deberemus
2420 1171 2434 1191 ,
2469 1129 2558 1183 sed
2588 1132 2655 1183 ita
2695 1129 2761 1185 de
2790 1134 2887 1186 sibi
2918 1134 3157 1203 subjecto
3181 1152 3304 1192 aere
3330 1153 3452 1193 eor-

1871 1215 2013 1283 poris
2038 1217 2138 1279 sui,
2168 1216 2300 1271 sicut
2321 1220 2493 1273 anima
2522 1220 2587 1275 de
2616 1220 2913 1290 hujusmodi
2941 1241 2995 1278 re
3022 1224 3271 1282 similiter
3299 1224 3445 1298 adja-

1870 1313 2046 1369 centc,
2072 1298 2176 1361 hoc
2204 1316 2287 1362 est
2312 1308 2378 1362 de
2406 1325 2648 1377 corpore,
2682 1330 2783 1365 non
2810 1314 2875 1368 de
2901 1316 3071 1386 scipsa
3095 1317 3274 1373 ﬂatum
3306 1320 3447 1376 facit.

1867 1393 2018 1449 Nunc
2061 1411 2187 1451 vero
2224 1399 2346 1468 quia
2392 1417 2495 1455 non
2529 1405 2888 1460 tanttuumodo
2917 1410 3095 1463 mundi
3124 1416 3316 1484 'corpus
3343 1415 3451 1471 Deo

1868 1500 1988 1541 esse
2014 1488 2280 1543 subditum
2309 1491 2566 1554 dicimus,
2610 1496 2702 1550 sed
2734 1496 2877 1552 illum
2909 1502 3027 1556 esse
3054 1518 3209 1573 supra
3237 1502 3448 1564 (mntem

1867 1590 2163 1651 creaturam
2203 1582 2313 1637 sive
2347 1587 2673 1655 corporalem
2717 1590 2831 1645 sive
2873 1586 3231 1661 Spiritualem:
3260 1580 3358 1655 nec
3382 1601 3451 1657 de

1866 1672 2061 1742 seipse,
2096 1691 2191 1728 nec
2214 1677 2279 1730 de
2303 1679 2573 1747 corporeis
2599 1682 2873 1737 elementis
2900 1686 3199 1744 credendus
3226 1696 3307 1747 est
3333 1693 3448 1748 ani-

1866 1776 2007 1816 mam
2030 1762 2217 1820 fecisse
2239 1766 2519 1822 sufﬂando.

2161 1899 2385 1956 CAPUT
2412 1901 2477 1956 ν.
2500 1932 2571 1942 -
2597 1903 2676 1957 An
2699 1906 2870 1960 animo
2889 1924 2953 1963 ea:
2975 1910 3151 1966 nihilo.

1939 2009 1991 2064 7.
2036 2009 2221 2065 Utrum
2251 2020 2425 2067 autem
2456 2026 2522 2069 ex
2562 2030 2628 2069 eo
2667 2017 2807 2085 quod
2843 2020 3062 2075 omnino
3091 2037 3196 2077 non
3226 2035 3359 2092 erat,
3393 2028 3445 2083 id

1864 2109 1947 2155 est
1972 2116 2037 2155 ex
2069 2100 2265 2169 nihilo;
2297 2117 2363 2157 an
2402 2106 2464 2159 ex
2494 2105 2668 2176 aliqua
2709 2122 2795 2173 re,
2825 2123 2941 2179 quae
2961 2110 3071 2179 jam
3100 2113 3283 2170 abillo
3311 2116 3442 2172 facta

1864 2190 2210 2260 Spit-itualiter
2252 2203 2405 2261 erat,
2457 2197 2549 2251 sed
2579 2198 2755 2252 anima
2803 2201 3036 2256 nondum
3076 2214 3210 2273 erat,
3255 2210 3445 2265 merito

1864 2282 2028 2351 qtneri
2073 2291 2265 2354 potest.
2306 2284 2360 2341 Si
2388 2288 2530 2341 enim
2572 2288 2734 2342 Deum
2763 2291 2934 2348 adhuc
2962 2294 3156 2365 aliquid
3188 2312 3253 2353 ex
3280 2300 3444 2357 nihilo

1861 2387 2045 2428 creare
2074 2390 2177 2427 non
2204 2376 2506 2445 credimus,
2547 2390 2892 2451 posteaquam
2936 2387 3134 2441 creavit
3162 2391 3338 2445 omnia
3375 2393 3445 2446 si—

1862 2465 1992 2524 mul.
2023 2472 2076 2518 et
2096 2465 2163 2520 ob
2192 2466 2293 2521 hoc
2310 2483 2339 2521 a
2363 2469 2381 2500 ί
2411 2472 2789 2526 consummatis
2814 2474 3055 2531 omnibus
3082 2478 3331 2547 operibus
3354 2497 3442 2538 re-

1860 2553 2126 2625 quicvisse
2153 2557 2439 2625 credimus,
2466 2576 2581 2629 qu:.c
2605 2561 2869 2618 inchoavit
2894 2564 3087 2632 facere,
3111 2580 3167 2623 ut
3191 2571 3443 2641 quidquid

1859 2644 2051 2701 deinde
2077 2646 2298 2715 faceret,
2327 2665 2394 2705 ex
2428 2649 2509 2704 his
2534 2650 2757 2718 faceret;
2791 2669 2893 2709 non
2921 2657 3075 2711 video
3102 2661 3444 2728 quctnadmo-

1860 2735 1985 2791 dum
2017 2738 2389 2809 intelligamus,
2418 2741 2589 2798 adhuc
2611 2758 2728 2797 cum
2753 2762 2815 2799 ex
2836 2746 2999 2801 nihilo
3019 2750 3222 2805 animas
3246 2751 3438 2810 facere.

1858 2831 1940 2885 An
1967 2830 2249 2886 dicendum
2280 2843 2384 2899 est,
2410 2851 2529 2889 eum
2572 2837 2621 2889 in
2653 2837 2753 2891 illis
2784 2840 2996 2908 quidem
3040 2845 3289 2911 operibus
3330 2847 3438 2915 pri-

1858 2935 2065 2975 morum
2089 2938 2183 2976 sex
2212 2923 2417 2979 dierum
2448 2923 2637 2981 fecisse
2664 2928 2807 2981 illum
2834 2929 2971 2984 diem
3004 2936 3287 2996 occultum,
3314 2952 3375 2990 ac
3396 2938 3437 2991 si

1858 3011 1959 3066 hoc
1987 3014 2158 3083 potius
2197 3010 2339 3069 credi
2388 3026 2634 3087 oportet,
2668 3017 2996 3087 spiritualem
3038 3032 3196 3092 atque
3238 3025 3441 3081 intelle-

1855 3104 2083 3158 ctualem
2117 3116 2380 3170 naturam,
2412 3106 2615 3161 scilicet
2639 3109 2855 3163 unitatis
2879 3112 3129 3181 angelica:
3151 3156 3166 3178 ,
3202 3126 3254 3169 et
3288 3133 3441 3171 mun-

1855 3192 1980 3247 dum
2008 3235 2021 3257 ,
2052 3193 2105 3249 id
2140 3204 2221 3250 cst
2245 3198 2438 3251 crelum
2476 3207 2528 3252 et
2559 3208 2784 3267 terram;
2813 3209 2969 3272 atque
2999 3203 3053 3256 in
3086 3204 3187 3259 illis
3211 3206 3318 3275 jam
3346 3225 3437 3264 ex-

1856 3286 2122 3341 stantibus
2151 3289 2351 3344 naturis
2379 3292 2609 3345 rationes
2635 3307 2844 3348 creasse
2870 3295 3159 3351 futurarum
3185 3299 3429 3369 aliarum,

1853 3392 1959 3432 non
1991 3380 2129 3449 ipsas
2172 3394 2386 3439 naturas
2419 3402 2431 3437 :
2464 3386 2697 3456 aliOquin
2722 3387 2767 3441 si
2788 3388 2897 3458 jam
2939 3390 3008 3445 ibi
3036 3402 3228 3449 creata:
3254 3407 3437 3452 essent

1854 3469 1989 3525 sicut
2012 3482 2163 3527 erant
2187 3476 2394 3542 futurte,
2422 3491 2525 3530 non
2551 3478 2722 3533 adhuc
2751 3490 2930 3535 essent
2958 3480 3184 3538 futurte?
3212 3487 3363 3552 Quod
3391 3491 3436 3544 si

1853 3559 1923 3615 ita
1948 3572 2049 3629 est,
2074 3565 2305 3619 nondum
2330 3575 2443 3620 erat
2470 3567 2520 3620 in
2548 3568 2772 3622 conditis
2790 3570 2947 3625 rebus
2972 3573 3161 3627 animze
3189 3574 3433 3632 humanm

1853 3650 1956 3705 ulla
1985 3662 2190 3720 natura,
2211 3666 2263 3708 et
2286 3664 2408 3709 tunc
2424 3671 2541 3711 esse
2561 3659 2740 3726 coepit,
2764 3674 2883 3713 cum
2909 3676 3025 3715 eam
3045 3663 3185 3718 Deus
3209 3665 3429 3723 sufﬂan-

1850 3741 1920 3798 do
1948 3744 2094 3808 fecit,
2126 3754 2281 3815 atque
2311 3744 2491 3801 indidit
2524 3748 2741 3803 homini.

1920 3834 1976 3888 8.
2016 3835 2119 3889 Sed
2145 3852 2249 3890 non
2280 3836 2396 3891 ideo
2422 3838 2641 3908 quarstio
2668 3840 2871 3895 sublata
2900 3852 3002 3909 est,
3047 3861 3149 3915 qua
3178 3848 3432 3916 quarritur

1849 3924 2022 3981 adhuc
2065 3937 2238 3981 utrmn
2281 3944 2399 3984 eam
2442 3941 2718 3997 naturam,
2769 3950 2889 4003 qum
2936 3936 3111 3993 anima
3139 3940 3349 4007 dicitur,
3376 3954 3432 3999 et

1848 4027 2001 4074 antea
2026 4034 2126 4074 non
2159 4032 2291 4086 erat,
2318 4038 2381 4077 ex
2416 4022 2579 4077 nihilo
2604 4028 2894 4092 creaverit,
2921 4035 3165 4098 tanquam
3196 4033 3306 4101 ipse
3336 4034 3431 4088 ﬂa-

1848 4119 1935 4165 tus
1961 4113 2076 4181 cjus
2105 4130 2208 4167 non
2238 4129 2301 4169 ex
2324 4114 2495 4185 aliqua
2517 4116 2803 4172 substantia
2823 4120 3127 4190 subjaccnte
3148 4125 3314 4179 factus
3338 4129 3425 4192 sit,

1847 4203 1983 4258 sient
2011 4206 2075 4258 de
2102 4205 2223 4259 ﬂatu
2246 4207 2569 4272 dicebamus,
2592 4225 2749 4278 quem
2778 4211 2897 4265 facit
2920 4213 3094 4267 anima
3120 4230 3182 4267 ex
3204 4232 3428 4284 corpore

1847 4312 1977 4361 suo;
2009 4297 2099 4351 sed
2130 4300 2346 4351 οιιιιιίι;ο
2374 4313 2438 4352 ex
2471 4299 2635 4353 nihilo
2664 4310 2786 4354 tunc
2813 4300 2979 4355 factus
3006 4304 3074 4356 sit
3102 4305 3274 4370 ﬂatus,
3305 4323 3426 4364 cum

1847 4386 1987 4441 Deus
2015 4386 2142 4441 ﬂare
2169 4386 2357 4452 Voluit,
2378 4387 2620 4457 idemque
2652 4389 2879 4445 hominis
2908 4393 3080 4447 anima
3111 4393 3279 4451 factus
3317 4399 3386 4452 sit
3410 4418 3422 4455 :

1845 4492 1910 4529 an
1937 4493 2063 4530 vero
2080 4478 2187 4546 jam
2215 4489 2327 4532 erat
2349 4478 2543 4549 aliquid
2566 4481 2856 4549 spirituale,
2880 4486 3120 4554 quamvis
3146 4487 3247 4541 hoc
3272 4491 3424 4559 quid-

1843 4568 1967 4638 quid
1999 4577 2143 4630 erat,
2176 4568 2407 4624 nondum
2436 4572 2625 4627 auium:
2658 4584 2842 4628 natura
2869 4586 3015 4641 erat,
3046 4587 3204 4649 atque
3230 4596 3305 4655 ex.
3326 4585 3426 4637 hoc

1842 4656 2010 4712 factus
2036 4660 2105 4711 sil
2130 4659 2282 4713 ﬂatus
2307 4660 2397 4715 Dei
2415 4676 2533 4732 quae
2557 4672 2739 4717 natura
2766 4676 2903 4721 esset
2926 4668 3148 4735 animae;
3170 4672 3306 4726 sicut
3328 4691 3425 4730 nec

1841 4748 2079 4816 corporis
2103 4748 2316 4803 humani
2340 4761 2522 4806 natura
2546 4753 2655 4821 jam
2678 4764 2807 4820 erat,
2838 4768 3117 4827 antequam
3147 4760 3286 4817 Deus
3305 4780 3421 4819 eam

1841 4838 1908 4893 de
1935 4838 2061 4892 limo
2092 4849 2248 4895 terra:
2276 4842 2354 4896 vel
2397 4844 2610 4912 pulvere
2640 4845 2935 4903 formasset.
2968 4850 3080 4905 Non
3118 4854 3261 4909 enim
3297 4872 3421 4911 caro

1841 4924 2068 4983 humana
2099 4940 2212 4984 erat
2243 4932 2415 5001 pulvis
2437 4945 2527 4987 aut
2546 4935 2705 4990 limus
2724 4954 2738 5001 ;
2760 4939 2852 5009 sed
2881 4948 3057 4998 tamen
3082 4943 3279 5013 aliquid
3305 4956 3422 5000 erat

1842 5022 1979 5077 unde
2010 5025 2094 5078 ilfa
2125 5026 2294 5091 tierct,
2317 5044 2434 5096 qum
2461 5031 2690 5084 nondmn
2722 5041 2855 5087 erat.

1839 5113 2064 5171 CAPUT
2094 5115 2178 5170 γι.
2199 5146 2272 5157 --
2291 5119 2370 5172 Au
2398 5128 2450 5172 ut
2479 5122 2723 5191 corporis,
2746 5123 2817 5176 ita
2840 5133 2888 5177 et
2906 5123 3091 5180 anima
3113 5129 3417 5195 prtecemrt't

2405 5214 2576 5284 aliqua
2598 5216 2845 5270 nmteries.

1908 5300 1962 5356 9.
2000 5299 2136 5355 Num
2163 5314 2291 5372 ergo
2311 5305 2561 5359 credibile
2578 5315 2677 5368 est,
2699 5305 2749 5359 in
2776 5305 3072 5374 primisiilis
3090 5321 3185 5363 sex
3208 5308 3414 5366 dierum

1838 5394 2087 5462 operibus
2118 5394 2282 5449 Deum
2310 5398 2625 5459 condidisse,
2654 5413 2757 5451 non
2787 5398 2957 5452 Solum
2983 5398 3145 5456 futuri
3173 5405 3414 5473 carparis

1838 5482 2055 5540 humani
2084 5488 2349 5542 eausalem
2391 5487 2676 5553 rationem,
2724 5504 2905 5544 verum
2941 5492 3099 5547 etiam
3137 5494 3410 5552 materiem

1899 5644 1916 5676 ι
1942 5651 1990 5692 tn
2004 5643 2147 5693 editis
2170 5658 2193 5718 :7
2206 5650 2258 5718 ξι
2279 5641 2335 5694 ob
2354 5642 2440 5718 hoc
2456 5644 2805 5718 roustnnmatis,
2821 5642 3063 5713 eipuncta
3077 5655 3416 5718 pth

1835 5717 1890 5767 α,
1909 5719 2020 5771 qua:
2043 5717 2203 5757 exstat
2221 5706 2509 5757 ineuntibus
2529 5712 2637 5757 Mss.
