3902 6324
445 227 549 285 859

444 345 512 399 de
530 358 631 414 qua
658 343 824 408 lleret,
854 341 906 398 id
929 350 1012 399 est
1037 349 1254 404 terram.
1274 339 1342 394 de
1365 339 1521 407 cujus
1546 338 1676 393 limo
1696 337 1778 392 vel
1807 337 2025 406 pulvere

445 437 763 506 fingeretur,
792 435 982 488 anima:
1009 443 1186 488 autem
1211 433 1377 488 solam
1406 432 1476 486 ibi
1516 429 1816 486 condidisse
1858 430 2022 484 ratio-

443 542 588 593 nem,
617 525 906 582 secundum
929 540 1084 595 quam
1115 525 1284 590 fieret,
1308 539 1414 579 non
1441 523 1600 577 etiam
1627 521 1906 592 quamdam
1928 535 2025 590 pro

441 635 540 676 suo
557 634 749 690 genere
765 618 1060 684 materiam,
1083 617 1152 673 de
1184 632 1286 686 qua
1314 615 1495 672 fleret?
1517 615 1574 671 Si
1601 615 1744 671 enim
1771 612 2022 685 quiddam

444 709 872 768 incommutabile
900 718 1045 764 esset
1083 708 1292 773 anima,
1335 707 1482 762 nullo
1519 705 1680 760 modo
1720 704 1837 774 ejus
1874 703 2024 774 quasi

443 803 715 860 materiam
741 815 979 874 quierere
1006 799 1324 856 deberemus
1351 817 1364 854 :
1396 813 1536 854 nunc
1559 806 1734 853 autem
1760 795 2025 850 mutabili-

443 906 522 951 tas
549 895 665 965 ejus
693 895 821 948 satis
841 891 1038 947 indicat
1065 907 1184 946 eam
1208 891 1420 946 interim
1448 889 1590 944 vitiis
1618 897 1776 958 atque
1805 885 2024 940 fallaciis

441 988 730 1044 deformem
753 984 922 1048 reddi,
949 983 1163 1038 formari
1185 991 1363 1036 autem
1384 979 1664 1035 virtutibus
1682 977 2024 1045 veritatisque

439 1077 676 1134 doctrina
700 1118 716 1145 ,
745 1075 838 1132 sed
868 1075 923 1129 in
950 1089 1042 1128 sua
1070 1073 1180 1142 jam
1208 1079 1389 1126 natura
1416 1085 1517 1140 qua
1545 1077 1627 1123 est
1649 1068 1857 1128 anima;
1889 1065 2026 1119 sicut

441 1171 600 1224 etiam
632 1183 758 1223 caro
783 1166 835 1220 iu
860 1180 955 1220 sua
985 1172 1170 1217 natura
1198 1177 1302 1232 qua
1327 1161 1436 1231 jam
1465 1174 1590 1213 caro
1614 1167 1697 1214 est
1718 1199 1732 1222 ,
1773 1165 1828 1211 et
1855 1157 2027 1212 salute

439 1257 740 1322 decoratur,
771 1265 826 1311 et
860 1254 1061 1310 morbis
1082 1251 1491 1320 vulneribusque
1509 1248 1756 1306 foedatur.
1785 1246 1890 1302 Sed
1919 1247 2026 1301 sic-

441 1359 498 1404 ut
554 1349 696 1414 hrcc,
729 1355 956 1415 excepto
983 1343 1124 1415 quod
1149 1343 1258 1412 jam
1297 1355 1423 1396 caro
1464 1349 1548 1396 est
1588 1338 1640 1394 in
1687 1353 1790 1410 qua
1838 1346 2023 1392 natura

440 1442 524 1498 vel
552 1440 761 1512 proficit
791 1447 848 1492 ut
875 1436 1114 1508 pulchra.
1139 1434 1224 1488 vel
1253 1431 1434 1488 deficit
1457 1440 1515 1486 ut
1538 1429 1791 1486 deformis
1811 1431 1899 1494 sit,
1931 1427 2028 1482 ha-

441 1535 558 1590 buit
579 1534 738 1589 etiam
766 1528 1042 1586 materiem
1063 1568 1080 1593 ,
1114 1525 1164 1580 id
1193 1536 1274 1580 est
1304 1533 1521 1586 terram,
1560 1521 1628 1577 de
1650 1535 1751 1591 qua
1780 1520 1950 1585 fieret,
1972 1528 2028 1574 ut

441 1626 658 1681 omnino
686 1638 812 1678 caro
837 1629 978 1676 esset
1005 1637 1018 1672 :
1041 1619 1118 1672 sic
1145 1616 1368 1671 fortasse
1389 1614 1558 1686 potuit
1582 1623 1634 1668 et
1661 1613 1857 1678 auitna,
1879 1621 2030 1665 anteâ€”

442 1731 598 1787 quam
627 1730 689 1769 ea
716 1714 828 1781 ipsa
857 1719 1040 1764 natura
1071 1707 1224 1762 fieret
1244 1747 1259 1773 ,
1291 1720 1408 1775 qua:
1433 1702 1608 1757 anima
1637 1703 1850 1766 dicitur,
1876 1701 2027 1769 cujus

441 1809 527 1865 vel
557 1803 890 1877 pulchritudo
919 1801 1107 1866 virtus,
1134 1798 1218 1854 vel
1243 1796 1555 1852 deformitas
1582 1795 1764 1848 vitium
1795 1804 1896 1857 est,
1928 1792 2024 1857 ha-_

443 1900 570 1957 bere
598 1898 826 1969 aliquam
861 1893 1136 1948 materiam
1174 1905 1269 1961 pro
1298 1902 1396 1943 suo
1435 1901 1631 1959 genere
1665 1884 2024 1955 spiritualem,

442 2008 561 2063 qua:
589 1989 823 2044 nondum
867 1993 1009 2040 esset
1049 1982 1258 2046 anima;
1305 1979 1443 2034 sicut
1489 1986 1626 2033 terra
1665 1975 1732 2031 de
1772 1989 1872 2046 qua
1901 1987 2027 2028 caro

442 2081 578 2138 facta
605 2089 706 2147 est,
734 2079 842 2148 jam
868 2083 982 2131 erat
1009 2070 1227 2143 aliquid,
1255 2068 1495 2140 quamvis
1519 2083 1624 2122 non
1653 2076 1768 2121 erat
1791 2080 1934 2121 caro.

514 2175 602 2231 10.
643 2159 747 2228 Sed
787 2170 929 2226 enim
949 2167 1060 2239 jam
1091 2175 1234 2220 terra
1273 2161 1528 2232 implebat
1567 2157 1746 2213 mundi
1789 2157 2024 2211 infimam

445 2274 670 2338 partem,
695 2270 976 2331 antequam
1005 2255 1073 2312 de
1101 2256 1190 2310 illa
1211 2267 1404 2323 corpus
1435 2249 1663 2305 hotuiuis
1689 2247 1872 2315 fieret,
1894 2262 2025 2301 con-

443 2355 620 2412 ferens
659 2352 906 2407 universo
947 2355 1114 2402 totum
1155 2358 1330 2408 suum,
1361 2351 1420 2396 ut
1455 2339 1660 2397 etiamsi
1704 2338 1846 2392 nulla
1875 2353 1938 2392 ex
1964 2352 2026 2393 ea

442 2463 569 2504 caro
607 2445 758 2500 fieret
784 2437 1067 2495 animantis
1108 2435 1420 2506 cujusquam
1446 2473 1461 2500 ,
1493 2431 1673 2501 specie
1718 2439 1894 2484 tamen
1931 2443 2025 2483 sua

442 2538 628 2600 mundi
678 2535 931 2592 fabricam
985 2530 1286 2599 molemque
1338 2525 1669 2596 compleret,
1733 2520 2024 2579 secundum

441 2647 600 2704 quam
627 2628 820 2686 dicitur
849 2624 1078 2682 mundus
1103 2623 1298 2678 ctelum
1329 2627 1383 2674 et
1419 2627 1581 2673 terra.

441 2722 664 2782 CAPUT
693 2720 806 2777 VII.
827 2749 898 2761 --
918 2716 1033 2772 Dici
1054 2731 1152 2770 non
1186 2728 1330 2784 posse
1353 2710 1517 2782 qualis
1544 2708 1718 2779 fuisset
1743 2705 1837 2762 illa
1869 2714 2026 2760 mate-

1075 2807 1174 2860 ries
1193 2805 1395 2858 animat.

516 2909 588 2962 At
623 2918 750 2960 vero
779 2902 865 2957 illa
907 2896 1195 2970 spiritualis
1225 2893 1474 2948 materies
1497 2932 1514 2959 ,
1541 2891 1585 2946 si
1616 2889 1715 2945 fuit
1754 2888 1857 2943 ulla
1886 2886 2028 2942 unde

443 2997 619 3053 anima
663 2995 812 3048 fieret
833 3033 850 3057 ,
877 2991 960 3045 vel
989 2989 1032 3042 si
1071 2995 1153 3042 est
1194 2986 1300 3040 ulla
1339 2983 1478 3039 unde
1505 2982 1696 3037 anima:
1727 2981 1874 3045 fiunt,
1903 2980 2027 3051 quid

445 3091 558 3160 ipsa
586 3084 705 3142 est?
733 3083 872 3155 quod
901 3097 1114 3145 nomen,
1139 3092 1295 3149 quam
1321 3076 1577 3146 speciem,
1599 3088 1758 3146 quem
1789 3088 1942 3128 usum
1972 3074 2028 3128 in

444 3179 604 3235 rebus
630 3174 859 3234 conditis
884 3171 1065 3227 tenet?
1097 3169 1237 3224 Vivit
1259 3211 1272 3235 ,
1317 3183 1384 3222 an
1411 3165 1557 3221 non?
1598 3166 1654 3221 Si
1701 3164 1856 3231 vivit,
1901 3165 2028 3236 quid

444 3270 588 3342 agit?
613 3267 740 3340 quid
767 3265 972 3323 confert
1003 3262 1358 3319 univcrsitatis
1400 3260 1710 3316 effectibus?
1745 3261 2030 3316 Beatamne

443 3365 604 3419 vitam
633 3361 799 3433 gerit,
838 3374 905 3414 an
945 3357 1194 3412 miseram
1214 3397 1230 3422 ,
1259 3369 1325 3408 an
1356 3352 1637 3408 neutram?
1668 3350 1910 3407 Viviftcat
1934 3350 2030 3405 ali-

445 3456 608 3529 quid?
635 3471 703 3510 an
727 3454 794 3508 ab
819 3452 922 3508 hoc
945 3451 1106 3507 etiam
1130 3462 1292 3520 opere
1316 3455 1491 3510 vacat,
1523 3453 1580 3500 et
1606 3445 1659 3500 in
1689 3444 1915 3514 quodam
1942 3459 2029 3498 se-

444 3559 594 3604 creto
633 3543 990 3603 universitatis
1017 3540 1185 3597 otiosa
1221 3537 1523 3609 requiescit,
1555 3536 1671 3592 sine
1699 3535 1839 3604 vigili
1870 3549 2030 3590 sensu

444 3648 696 3711 motuque
716 3635 900 3692 vitali?
920 3635 977 3690 Si
998 3633 1139 3689 enim
1163 3631 1307 3686 nulla
1335 3643 1554 3700 prorsus
1578 3627 1750 3682 adhuc
1769 3627 1872 3680 vita
1892 3634 2026 3692 erat,

446 3729 713 3802 quomodo
752 3735 896 3784 esset
931 3724 1052 3779 vita:
1096 3723 1285 3779 futune
1326 3719 1565 3793 quaedam
1597 3719 1905 3788 incorporea
1935 3731 2032 3772 nec

445 3826 565 3878 viva
583 3817 867 3876 materies?
884 3818 988 3872 Aut
1006 3815 1192 3870 falsum
1215 3822 1317 3880 est,
1337 3821 1428 3867 aut
1444 3811 1601 3866 nimis
1620 3811 1765 3864 latet.
1783 3809 1837 3863 Si
1854 3818 2029 3863 autem

442 3915 553 3984 jam
577 3913 790 3968 vivebat
819 3925 916 3964 nec
943 3909 1096 3962 beate
1125 3921 1224 3961 nec
1251 3905 1447 3959 misere
1464 3945 1478 3968 ,
1501 3901 1770 3974 quomodo
1795 3905 2029 3957 rationa-

446 4007 512 4061 lis
540 4003 692 4061 erat?
717 4001 867 4071 Quod
890 4002 934 4055 si
957 4010 1082 4056 tunc
1104 3998 1380 4052 rationalis
1408 3996 1542 4051 facta
1563 4005 1665 4063 est,
1693 4010 1814 4050 cmn
1853 4010 1916 4051 ex
1944 3995 2030 4048 illa

446 4095 671 4153 materie
693 4101 880 4148 natura
906 4091 1152 4144 humana:
1181 4088 1373 4143 animae
1398 4087 1533 4142 facta
1563 4095 1680 4151 est;
1711 4086 2032 4140 irrationalis

445 4202 574 4258 ergo
607 4186 714 4240 vita
753 4181 1001 4238 materies
1033 4188 1150 4236 erat
1186 4177 1376 4233 anima:
1420 4177 1712 4243 rationalis,
1743 4175 1794 4230 id
1823 4184 1904 4230 est
1930 4174 2029 4229 hu-

447 4281 652 4339 manae?
677 4277 816 4348 Quid
845 4291 974 4347 ergo
1002 4275 1141 4330 inter
1169 4273 1311 4328 illam
1334 4271 1645 4343 pecorisque
1665 4269 1928 4324 distabat?
1947 4269 2028 4324 An

446 4371 720 4428 rationalis
745 4378 862 4426 erat
882 4369 990 4438 jam
1022 4365 1387 4437 possibilitate,
1412 4360 1646 4417 nondum
1671 4359 1954 4415 facultate?
1973 4359 2030 4416 Si

447 4465 590 4519 enim
612 4461 854 4517 videmus
879 4441 1170 4514 infantilem
1191 4456 1443 4518 animam,
1461 4453 1573 4523 jam
1595 4451 1777 4522 utique
1800 4449 2030 4504 hominis

447 4554 676 4607 animam
701 4593 716 4616 ,
741 4549 974 4606 nondum
1001 4549 1228 4619 cmpisse
1251 4547 1327 4601 uti
1354 4545 1581 4611 ratione,
1612 4553 1667 4600 et
1706 4553 1882 4598 tamen
1909 4557 2028 4597 eam

447 4642 760 4699 rationalem
786 4641 1044 4704 dicimus;
1075 4653 1171 4694 cur
1211 4651 1316 4692 non
1352 4633 1599 4690 credatur
1625 4634 1704 4689 sic
1731 4634 1784 4688 in
1806 4633 1891 4688 illa
1918 4650 2030 4689 maâ€”

447 4734 602 4801 terie,
627 4731 697 4788 de
720 4746 825 4803 qua
868 4729 1006 4785 facta
1030 4737 1114 4785 est
1139 4728 1337 4794 anima,
1373 4726 1608 4796 quietum
1634 4725 1798 4780 fuisse
1825 4735 2027 4781 motum

448 4829 609 4885 etiam
636 4823 900 4883 sentiendi
920 4864 936 4889 ,
964 4823 1102 4878 sicut
1126 4821 1181 4875 in
1211 4821 1310 4875 ista
1337 4816 1584 4884 infantili,
1610 4832 1728 4886 qua:
1749 4816 1861 4887 jam
1883 4825 2029 4874 certe

444 4923 620 4979 anima
643 4930 726 4978 est
753 4918 985 4975 hominis
1008 4956 1026 4984 ,
1053 4915 1266 4988 quietus
1287 4922 1372 4970 est
1405 4911 1579 4968 adhuc
1619 4920 1794 4968 motus
1819 4911 2028 4967 ratioci-

443 5014 651 5073 nandi?

441 5105 669 5164 CAPUT
701 5103 834 5162 Vlll.
858 5133 933 5147 â€”
957 5102 1169 5159 Beatam
1193 5101 1354 5174 fuisse
1372 5099 1629 5156 materiem
1663 5098 1807 5155 illam
1829 5097 2025 5153 admitti

896 5238 902 5243 .
1079 5210 1183 5250 non
1207 5202 1389 5266 potest.

513 5293 603 5349 11.
642 5291 775 5349 Nam
819 5290 865 5347 si
889 5289 1000 5361 jam
1039 5288 1196 5345 beata
1235 5295 1352 5344 erat
1376 5286 1518 5355 vita,
1545 5287 1614 5343 de
1640 5300 1746 5358 qua
1785 5285 1918 5341 facta
1944 5293 2029 5341 est

442 5381 676 5438 hominis
715 5382 922 5450 anima;
951 5381 1187 5438 deterius
1211 5395 1338 5450 ergo
1368 5377 1502 5434 facta
1540 5387 1623 5433 est
1652 5395 1667 5431 :
1697 5386 1754 5432 et
1777 5377 1895 5432 ideo
1920 5393 2024 5433 nou

436 5476 550 5545 jam
593 5475 678 5529 illa
724 5475 974 5531 materies
1014 5473 1169 5543 hujus
1191 5515 1207 5538 ,
1256 5473 1349 5528 sed
1379 5472 1517 5527 illius
1543 5472 1641 5526 ista
1665 5470 1896 5527 deï¬‚uxiu
1919 5480 2022 5526 est.

440 5565 573 5621 Nam
601 5568 847 5623 materies
865 5568 1040 5636 aliqua
1065 5581 1185 5621 cum
1209 5565 1484 5632 formatur,
1517 5565 1808 5636 praesertim
1831 5579 1860 5617 a
1893 5563 2022 5631 Deo,

441 5659 494 5722 io
521 5659 710 5716 melius
735 5660 851 5717 sine
874 5659 1203 5715 dubitatione
1229 5658 1504 5714 formatur.
1537 5656 1643 5715 Sed
1672 5657 1831 5714 etiam
1857 5657 1902 5714 si
1926 5671 2021 5715 cu-

1393 221 1482 279 DE
1518 219 1759 278 GENESI
1799 220 1890 276 AD
1927 211 2295 285 LITTERAM.
2336 220 2393 275 S.
2423 217 2786 278 AUGUSTINI

3614 223 3725 282 860

2129 335 2376 406 jusquam
2403 336 2454 390 in
2492 336 2664 408 aliqua
2695 334 3016 392 beatitudine
3058 334 3209 390 factm
3237 350 3270 390 a
3315 334 3426 392 Deo
3470 337 3591 394 vitae
3618 340 3724 397 de-

2131 425 2292 482 fluxio
2317 427 2490 481 anima
2518 427 2746 482 humana
2769 437 2948 498 posset
2968 427 3208 498 intelligi.
3227 443 3327 483 nec
3349 428 3427 484 sic
3449 432 3722 488 credenda

2130 525 2243 571 erat
2270 531 2388 572 esse
2413 518 2640 586 coepisse
2679 518 2729 572 in
2757 519 2938 588 aliquo
2963 528 3082 574 actu
3122 520 3432 575 meritorum
3459 536 3677 578 suorum
3703 567 3720 591 ,

2130 609 2230 664 nisi
2259 625 2325 665 cx
2352 626 2457 681 quo
2484 611 2756 682 propriam
2785 611 2948 681 coepit
2981 626 3137 682 agere
3161 613 3323 667 vitam
3342 653 3359 681 ,
3387 614 3516 669 dum
3543 617 3727 671 anima

2131 700 2266 756 facta
2291 711 2374 758 est
2403 703 2646 758 animans
2669 718 2908 778 carnem,
2934 711 2989 758 et
3015 703 3130 774 ejus
3149 705 3394 759 sensibus
3413 706 3561 761 velut
3580 723 3725 763 nun-

2131 795 2221 849 tiis
2242 805 2394 850 utens
2412 835 2427 862 ,
2470 804 2628 865 atque
2655 794 2709 848 in
2740 794 2916 865 seipsa
2945 809 3003 849 se
3028 796 3210 850 vivere
3232 797 3471 851 sentiens
3497 810 3592 852 sua
3624 815 3728 853 vo-

2131 887 2333 942 luntate
2358 929 2372 952 ,
2425 888 2734 951 intellectu,
2776 887 3052 942 memoria.
3083 886 3138 944 Si
3167 887 3310 943 enim
3357 897 3441 943 est
3482 888 3683 958 aliquid
3706 933 3724 956 ,

2131 978 2273 1033 unde
2305 978 2458 1032 istam
2490 979 2847 1035 delluxionem
2874 980 3116 1035 formata:
3149 981 3294 1035 carui
3323 982 3462 1037 Deus
3492 983 3728 1052 inspira-

2129 1079 2253 1136 ret,
2311 1078 2559 1141 tanquam
2610 1070 2873 1126 sufï¬‚ando
2922 1072 3152 1126 animam
3194 1072 3428 1138 faciens,
3474 1073 3730 1144 idemque

2129 1159 2343 1215 beatum
2369 1171 2484 1227 est;
2513 1162 2658 1217 nullo
2691 1163 2852 1218 modo
2896 1173 3171 1228 movetur.
3211 1174 3302 1219 aut
3333 1176 3601 1229 mutatur.
3630 1177 3729 1222 aut

2130 1252 2325 1307 amittit
2349 1253 2562 1322 aliquid,
2586 1268 2707 1310 cum
2731 1255 2833 1310 hoc
2858 1254 2926 1309 ab
2950 1269 3016 1310 eo
3039 1255 3242 1319 defluit,
3273 1258 3412 1312 unde
3437 1259 3616 1312 anima
3641 1258 3724 1314 fit.

2167 1342 2392 1400 CAPUT
2419 1342 2512 1400 IX.
2533 1375 2605 1385 â€”
2631 1344 2806 1414 Neque
2828 1345 2971 1401 illaut
3001 1348 3256 1402 materiem
3279 1364 3385 1402 esse
3410 1351 3688 1422 quamdam

2609 1437 2953 1492 irrationalem
2975 1440 3218 1492 animam.

2204 1527 2318 1584 Non
2348 1537 2431 1585 est
2474 1531 2618 1585 enim
2655 1543 2849 1600 corpus
2871 1571 2887 1596 ,
2929 1539 2984 1584 ut
3011 1540 3260 1601 tauquam
3286 1531 3585 1589 exbalaudo
3611 1534 3722 1590 mi-

2132 1631 2345 1675 nuatur.

2203 1714 2291 1769 12.
2331 1714 2385 1770 Si
2406 1723 2584 1770 autem
2613 1715 2788 1770 anima
2818 1715 3158 1783 irrationalis,
3191 1717 3443 1773 materies
3467 1728 3549 1774 est
3571 1734 3718 1789 quo-

2131 1805 2433 1870 dammodo,
2459 1805 2527 1860 de
2547 1821 2649 1875 qua
2681 1809 2737 1860 fit
2757 1808 2930 1862 anima
2951 1807 3247 1872 rationalis,
3274 1811 3322 1863 id
3353 1821 3429 1864 est
3461 1810 3722 1876 humana,

2131 1911 2316 1951 rursus
2335 1896 2590 1966 quaeritur
2617 1899 2776 1952 etiam
2802 1898 2915 1967 ipsa
2940 1897 3256 1953 irrationalis
3284 1900 3422 1955 unde
3443 1900 3563 1967 fiat;
3592 1903 3723 1972 quia

2131 1995 2186 2042 et
2226 1988 2392 2058 ipsam
2432 2003 2536 2043 non
2569 1989 2690 2044 facit
2727 1989 2826 2044 nisi
2855 1999 3064 2045 creator
3104 1992 3339 2046 omnium
3386 2003 3718 2048 naturarum.

2131 2080 2211 2133 Au
2243 2079 2330 2133 illa
2356 2079 2432 2135 'de
2459 2081 2680 2136 materie
2721 2081 3018 2150 corporali?
3056 2082 3163 2136 Cur
3195 2097 3298 2137 non
3329 2099 3455 2153 ergo
3492 2094 3546 2139 et
3581 2085 3724 2139 ista?

2128 2167 2239 2224 Nisi
2265 2170 2396 2224 forte
2425 2169 2564 2239 quod
2590 2170 2735 2226 velut
2771 2171 3026 2241 gradatim
3056 2171 3169 2227 fieri
3195 2174 3530 2238 conceditur,
3560 2190 3722 2229 com-

2130 2262 2324 2331 pendio
2351 2277 2506 2332 posse
2533 2263 2696 2317 Deum
2719 2261 2892 2318 facere
2920 2263 3194 2333 quisquam
3221 2265 3450 2335 negabit.
3483 2265 3720 2323 Proinde

2129 2353 2380 2424 quarlibet
2407 2354 2719 2409 adhibeatur
2750 2354 3103 2425 interpositio,
3132 2356 3179 2410 si
3204 2372 3396 2427 corpus
3424 2368 3505 2413 est
3532 2368 3719 2415 mate-

2129 2446 2234 2499 ries
2261 2445 2454 2499 animae
2480 2445 2833 2512 irrationalis,
2861 2457 2916 2501 et
2943 2448 3115 2500 anima
3143 2447 3461 2503 irrationalis
3487 2458 3568 2506 est
3599 2465 3721 2504 ma-

2131 2535 2290 2589 teries
2313 2535 2506 2590 anima:
2531 2535 2824 2600 rationalis,
2852 2537 3030 2606 procul
3052 2537 3212 2592 dubio
3230 2554 3424 2608 corpus
3445 2551 3525 2594 est
3546 2551 3720 2596 ntale-

2128 2627 2235 2681 rics
2277 2626 2468 2680 anima:
2511 2627 2806 2681 rationalis.
2837 2627 2987 2695 Quod
3018 2629 3284 2683 nominent
3329 2645 3553 2699 unquam
3596 2631 3720 2688 scio

2128 2733 2314 2774 ausum
2341 2733 2462 2774 esse
2481 2719 2700 2784 sentire,
2731 2719 2831 2773 nisi
2853 2719 2940 2789 qui
2971 2720 3221 2790 etvipsam
3247 2721 3476 2776 animam
3500 2723 3719 2778 nonnisi

2129 2812 2182 2867 in
2203 2827 2399 2883 genere
2424 2811 2646 2881 alicujus
2673 2812 2912 2882 corporis
2940 2813 3109 2881 ponit.

2201 2905 2290 2960 15.
2333 2904 2537 2961 Deinde
2580 2905 2872 2960 cavendum
2915 2915 2999 2960 est
3040 2921 3109 2962 ne
3149 2907 3391 2977 quaedam
3439 2907 3722 2964 translatio

2129 2995 2320 3051 anima:
2365 2995 2479 3051 fieri
2529 3011 2558 3050 a
2603 3010 2796 3064 pecore
2849 2996 2899 3051 in
2950 2996 3218 3052 hominem
3262 3013 3422 3068 posse
3466 2999 3722 3055 credatur

2129 3087 2292 3160 (quod
2323 3087 2529 3143 veritati
2574 3086 2800 3159 fideique
2836 3087 3111 3144 catholica:
3147 3091 3362 3144 omnino
3389 3093 3718 3158 contrarium

2131 3180 2258 3251 est),
2304 3181 2348 3234 si
2392 3181 2816 3236 concesserimus
2867 3180 3222 3236 irrationalem
3273 3182 3500 3237 animam
3548 3185 3723 3240 veluti

2130 3271 2408 3327 materiem
2451 3271 2757 3340 subjacere,
2789 3272 2930 3328 unde
2974 3273 3246 3328 rationalis
3273 3275 3444 3328 anima
3480 3277 3583 3329 tiat.
3626 3275 3725 3332 Sic

2132 3365 2274 3418 enim
2293 3363 2402 3427 fiet,
2416 3371 2473 3416 ut
2492 3361 2538 3417 si
2559 3361 2671 3418 haac
2688 3363 2739 3416 in
2758 3363 2946 3418 melius
2970 3373 3309 3429 commutata,
3334 3365 3434 3420 erit
3456 3365 3721 3432 hominis;

2133 3453 2221 3509 illa
2249 3468 2460 3524 quoque
2477 3454 2526 3507 in
2546 3453 2780 3508 deterius
2806 3464 3159 3519 commutata,
3180 3455 3249 3509 sit
3270 3457 3493 3524 pecoris.
3521 3457 3593 3511 De
3606 3471 3725 3528 quo

2132 3545 2364 3600 ludibrio
2419 3545 2768 3615 quorumdam
2829 3545 3262 3616 philosophorum
3315 3546 3474 3602 etiam
3529 3562 3726 3604 eorum

2135 3635 2334 3706 posteri
2361 3636 2727 3701 erubuerunt,
2758 3651 2856 3692 nec
2901 3652 2994 3690 eos
3032 3636 3134 3692 huc
3175 3637 3425 3703 sensisse,
3471 3638 3562 3692 sed
3607 3653 3725 3694 non

2132 3736 2277 3782 recte
2302 3726 2596 3781 iutcllectos
2610 3739 2728 3780 esse
2747 3725 3012 3782 dixerunt.
3044 3727 3112 3782 Et
3132 3727 3292 3783 credo
3313 3729 3382 3782 ita
3408 3743 3545 3792 esse,
3571 3729 3729 3785 velut

2133 3821 2178 3874 si
2204 3820 2482 3890 quisquam
2518 3820 2677 3874 etiam
2705 3818 2772 3874 de
2810 3819 3096 3889 Scripturis
3127 3822 3322 3875 nostris
3352 3821 3451 3876 huc
3478 3823 3717 3889 sentiat,

2133 3909 2220 3965 ubi
2251 3909 2448 3964 dictum
2475 3918 2576 3976 est,
2605 3907 2774 3963 Homo
2797 3910 2850 3963 in
2873 3909 3062 3964 honore
3083 3911 3276 3979 positus
3313 3927 3413 3965 non
3441 3912 3724 3978 intellexit;

2133 4011 2454 4073 comparatus
2485 4010 2556 4055 est
2584 4001 2841 4072 pecoribus
2868 4001 3153 4066 insensatis,
3183 4010 3230 4055 et
3253 4002 3432 4056 similis
3455 4006 3617 4074 factus
3641 4015 3724 4058 est

2133 4095 2204 4149 eis
2233 4092 2404 4165 (Psal.
2433 4109 2618 4159 Î¹Î¹Î½Î¹Î¹Î¹,
2642 4093 2732 4166 15)
2759 4110 2772 4146 :
2803 4103 2894 4148 aut
2919 4093 3006 4149 ubi
3034 4094 3157 4148 item
3190 4093 3402 4163 legitur,
3443 4092 3526 4148 Ne
3549 4095 3724 4148 tradi-

2131 4186 2265 4239 deris
2292 4185 2456 4240 bestiis
2479 4187 2702 4240 animam
2723 4177 3038 4252 eoï¬ï¬tentent
3065 4185 3155 4240 tibi
3180 4185 3352 4258 (Psal.
3385 4203 3563 4248 usui.
3596 4188 3717 4258 19).

2131 4277 2314 4348 Neque
2332 4279 2473 4334 enim
2503 4293 2606 4334 non
2637 4294 2821 4334 omnes
2845 4279 3078 4335 lueretici
3105 4279 3402 4350 Seripturas
3423 4279 3721 4336 catholicas

2133 4370 2339 4440 legunt;
2367 4385 2465 4425 nec
2492 4370 2563 4426 ob
2581 4370 2724 4425 aliud
2750 4380 2873 4425 sunt
2898 4369 3152 4436 hteretici,
3181 4371 3282 4424 nisi
3308 4369 3448 4440 quod
3475 4386 3564 4426 cas
3602 4386 3714 4425 non

2131 4470 2275 4516 recte
2297 4461 2670 4530 intelligentes,
2692 4475 2817 4516 suas
2841 4459 2996 4514 falsas
3016 4461 3292 4530 Opiniones
3319 4471 3502 4515 contra
3526 4474 3715 4516 earum

2130 4553 2406 4608 veritatem
2437 4553 2781 4622 pervicaciter
2801 4560 3066 4608 asserunt.
3093 4552 3197 4608 Sed
3223 4568 3436 4623 quoquo
3464 4552 3621 4607 modo
3653 4567 3717 4608 se

2131 4644 2324 4700 habeat
2351 4645 2437 4700 vel
2467 4659 2570 4698 non
2604 4644 2794 4698 habeat
2825 4643 3006 4713 Opinio
3046 4641 3479 4712 philosophorum
3523 4642 3589 4696 de
3620 4659 3715 4698 re-

2129 4737 2485 4792 volutionibus
2530 4737 2849 4800 animarum,
2898 4735 3173 4790 catholica:
3215 4743 3390 4789 tamen
3436 4733 3557 4789 ï¬dei
3603 4748 3717 4790 non

2129 4831 2372 4886 convenit
2414 4827 2632 4883 credere
2673 4827 2877 4880 animas
2901 4840 3151 4897 pecorum
3197 4826 3250 4880 iu
3297 4826 3574 4892 homines,
3619 4837 3717 4882 aut

2130 4918 2402 4974 hominum
2431 4919 2482 4972 in
2511 4931 2698 4987 pecora
2730 4917 3125 4986 transmigrare.

2129 5011 2353 5067 CAPUT
2375 5007 2608 5066 X.â€”Ea:
2626 5025 2822 5064 morum
2845 5008 3176 5063 similitudine
3198 5025 3300 5064 non
3323 5009 3445 5081 (fici
3465 5018 3518 5064 ut
3536 5010 3716 5065 anima

2549 5099 2764 5154 hominis
2784 5098 2837 5152 in
2863 5114 3014 5168 pecus
3040 5108 3284 5154 transeat.

2201 5195 2290 5250 M.
2329 5193 2470 5250 Fieri
2498 5207 2626 5248 sane
2656 5191 2902 5246 homines
2931 5190 3051 5245 vitae
3080 5206 3278 5262 genere
3309 5191 3585 5262 pecoribus
3627 5192 3709 5248 si-

2128 5289 2304 5355 miles,
2327 5297 2382 5342 et
2409 5287 2538 5357 ipsae
2565 5301 2651 5341 res
2679 5284 2923 5340 humana:
2947 5282 3201 5350 clamant,
3232 5291 3287 5338 et
3311 5282 3593 5354 Scriptura:
3623 5292 3710 5339 te-

2129 5388 2353 5435 stantur.
2382 5375 2536 5434 Unde
2575 5384 2658 5432 est
2681 5375 2807 5430 illud
2831 5374 2976 5445 quod
3000 5375 3435 5440 commemoravi,
3463 5373 3630 5428 Homo
3657 5375 3712 5428 in

2129 5472 2320 5527 honore
2357 5471 2545 5544 positus
2581 5486 2680 5524 non
2705 5467 2985 5532 intellexit;
3012 5477 3331 5538 comparatus
3362 5478 3434 5522 est
3463 5468 3712 5538 jumentis

2126 5564 2409 5628 intentatis,
2439 5570 2484 5616 et
2511 5559 2690 5615 similis
2719 5561 2882 5631 factus
2907 5567 2978 5614 est
3002 5558 3073 5612 eis
3095 5573 3114 5612 :
3138 5556 3232 5612 sed
3262 5558 3313 5614 iu
3344 5556 3445 5613 hac
3471 5558 3574 5612 vita
3601 5559 3709 5612 uti-

2130 5670 2252 5731 que,
2279 5668 2386 5711 non
2411 5663 2534 5727 post
2552 5663 2797 5710 mortem.
2817 5650 3048 5712 Proinde
3075 5649 3160 5708 vel
3181 5650 3374 5708 talibus
3398 5651 3583 5708 bestiis
3606 5665 3712 5710 no-
