  <div class='ocr_page' id='page_1' title='image "/cluster/home/n/w/nwhite01/storage/ocr_20150623/34/uva.x000826574/194.png"; bbox 0 0 3902 6310; ppageno 0'>
   <div class='ocr_carea' id='block_1_1' title="bbox 173 427 1767 500">
    <p class='ocr_par' dir='ltr' id='par_1_1' title="bbox 173 427 1767 500">
     <span class='ocr_line' id='line_1_1' title="bbox 173 427 1767 500; baseline -0.002 -12"><span class='ocrx_word' id='word_1_1' title='bbox 173 431 317 488; x_wconf 87' lang='lat' dir='ltr'><strong>lebat</strong></span> <span class='ocrx_word' id='word_1_2' title='bbox 345 430 397 484; x_wconf 92' lang='lat' dir='ltr'><strong>in</strong></span> <span class='ocrx_word' id='word_1_3' title='bbox 426 437 744 500; x_wconf 86' lang='lat' dir='ltr'><strong>potestatem</strong></span> <span class='ocrx_word' id='word_1_4' title='bbox 767 427 881 485; x_wconf 87' lang='lat' dir='ltr'><strong>dari</strong></span> <span class='ocrx_word' id='word_1_5' title='bbox 906 428 1139 483; x_wconf 87' lang='lat' dir='ltr'><strong>animam</strong></span> <span class='ocrx_word' id='word_1_6' title='bbox 1174 442 1323 484; x_wconf 88' lang='lat' dir='ltr'><strong>suam</strong></span> <span class='ocrx_word' id='word_1_7' title='bbox 1345 470 1358 491; x_wconf 86' lang='lat'><strong>.</strong></span> <span class='ocrx_word' id='word_1_8' title='bbox 1399 430 1490 499; x_wconf 86' lang='lat' dir='ltr'><strong>qui</strong></span> <span class='ocrx_word' id='word_1_9' title='bbox 1521 430 1767 499; x_wconf 91' lang='lat' dir='ltr'><strong>dicebat,</strong></span> 
     </span>
    </p>
   </div>
   <div class='ocr_carea' id='block_1_2' title="bbox 178 522 1772 593">
    <p class='ocr_par' dir='ltr' id='par_1_2' title="bbox 178 522 1772 593">
     <span class='ocr_line' id='line_1_2' title="bbox 178 522 1772 593; baseline -0.002 -13"><span class='ocrx_word' id='word_1_10' title='bbox 178 523 266 580; x_wconf 80' lang='lat' dir='ltr'><strong>Ne</strong></span> <span class='ocrx_word' id='word_1_11' title='bbox 290 522 561 579; x_wconf 74' lang='lat' dir='ltr'><strong>tradideris</strong></span> <span class='ocrx_word' id='word_1_12' title='bbox 604 522 771 578; x_wconf 74' lang='lat' dir='ltr'><strong>bestiis</strong></span> <span class='ocrx_word' id='word_1_13' title='bbox 810 522 1034 576; x_wconf 82' lang='lat' dir='ltr'><strong>animam</strong></span> <span class='ocrx_word' id='word_1_14' title='bbox 1059 522 1377 591; x_wconf 80' lang='lat' dir='ltr'><strong>conﬁtentem</strong></span> <span class='ocrx_word' id='word_1_15' title='bbox 1420 522 1545 588; x_wconf 84' lang='lat' dir='ltr'><strong>tibi;</strong></span> <span class='ocrx_word' id='word_1_16' title='bbox 1585 522 1772 593; x_wconf 85' lang='lat' dir='ltr'><strong>quales</strong></span> 
     </span>
    </p>
   </div>
   <div class='ocr_carea' id='block_1_3' title="bbox 175 612 1772 685">
    <p class='ocr_par' dir='ltr' id='par_1_3' title="bbox 175 612 1772 685">
     <span class='ocr_line' id='line_1_3' title="bbox 175 612 1772 685; baseline -0.001 -14"><span class='ocrx_word' id='word_1_17' title='bbox 175 614 445 671; x_wconf 80' lang='lat' dir='ltr'><strong>cavendus</strong></span> <span class='ocrx_word' id='word_1_18' title='bbox 489 614 743 668; x_wconf 81' lang='lat' dir='ltr'><strong>Dominus</strong></span> <span class='ocrx_word' id='word_1_19' title='bbox 780 612 1074 685; x_wconf 83' lang='lat' dir='ltr'><strong>signiﬁcat,</strong></span> <span class='ocrx_word' id='word_1_20' title='bbox 1116 613 1204 668; x_wconf 87' lang='lat' dir='ltr'><strong>ubi</strong></span> <span class='ocrx_word' id='word_1_21' title='bbox 1242 612 1369 668; x_wconf 92' lang='lat' dir='ltr'><strong>dicit</strong></span> <span class='ocrx_word' id='word_1_22' title='bbox 1414 627 1509 668; x_wconf 86' lang='lat' dir='ltr'><strong>eos</strong></span> <span class='ocrx_word' id='word_1_23' title='bbox 1561 612 1772 669; x_wconf 89' lang='lat' dir='ltr'><strong>indutos</strong></span> 
     </span>
    </p>
   </div>
   <div class='ocr_carea' id='block_1_4' title="bbox 176 704 1765 775">
    <p class='ocr_par' dir='ltr' id='par_1_4' title="bbox 176 704 1765 775">
     <span class='ocr_line' id='line_1_4' title="bbox 176 704 1765 775; baseline -0.001 -14"><span class='ocrx_word' id='word_1_24' title='bbox 176 708 370 762; x_wconf 73' lang='lat' dir='ltr'><strong>vestitu</strong></span> <span class='ocrx_word' id='word_1_25' title='bbox 392 707 593 771; x_wconf 87' lang='lat' dir='ltr'><strong>ovium,</strong></span> <span class='ocrx_word' id='word_1_26' title='bbox 624 705 765 760; x_wconf 90' lang='lat' dir='ltr'><strong>intus</strong></span> <span class='ocrx_word' id='word_1_27' title='bbox 784 714 960 760; x_wconf 90' lang='lat' dir='ltr'><strong>autem</strong></span> <span class='ocrx_word' id='word_1_28' title='bbox 982 720 1102 761; x_wconf 90' lang='lat' dir='ltr'><strong>esse</strong></span> <span class='ocrx_word' id='word_1_29' title='bbox 1124 706 1275 774; x_wconf 90' lang='lat' dir='ltr'><strong>lupos</strong></span> <span class='ocrx_word' id='word_1_30' title='bbox 1302 719 1522 775; x_wconf 89' lang='lat' dir='ltr'><strong>rapaces</strong></span> <span class='ocrx_word' id='word_1_31' title='bbox 1544 704 1765 774; x_wconf 82' lang='lat' dir='ltr'><strong>(Matth.</strong></span> 
     </span>
    </p>
   </div>
   <div class='ocr_carea' id='block_1_5' title="bbox 176 798 1770 873">
    <p class='ocr_par' dir='ltr' id='par_1_5' title="bbox 176 798 1770 873">
     <span class='ocr_line' id='line_1_5' title="bbox 176 798 1770 873; baseline 0 -18"><span class='ocrx_word' id='word_1_32' title='bbox 176 817 271 867; x_wconf 79' lang='lat' dir='ltr'><strong>vit,</strong></span> <span class='ocrx_word' id='word_1_33' title='bbox 304 800 432 873; x_wconf 67' lang='lat'><strong>45):</strong></span> <span class='ocrx_word' id='word_1_34' title='bbox 465 800 544 855; x_wconf 89' lang='lat' dir='ltr'><strong>vcl</strong></span> <span class='ocrx_word' id='word_1_35' title='bbox 585 798 684 870; x_wconf 86' lang='lat' dir='ltr'><strong>ipsi</strong></span> <span class='ocrx_word' id='word_1_36' title='bbox 711 798 924 855; x_wconf 75' lang='lat' dir='ltr'><strong>diabolo</strong></span> <span class='ocrx_word' id='word_1_37' title='bbox 948 808 1001 854; x_wconf 90' lang='lat' dir='ltr'><strong>et</strong></span> <span class='ocrx_word' id='word_1_38' title='bbox 1027 799 1229 870; x_wconf 80' lang='lat' dir='ltr'><strong>angelis</strong></span> <span class='ocrx_word' id='word_1_39' title='bbox 1256 799 1404 869; x_wconf 90' lang='lat' dir='ltr'><strong>ejus;</strong></span> <span class='ocrx_word' id='word_1_40' title='bbox 1434 815 1555 854; x_wconf 87' lang='lat' dir='ltr'><strong>nam</strong></span> <span class='ocrx_word' id='word_1_41' title='bbox 1589 807 1643 855; x_wconf 90' lang='lat' dir='ltr'><strong>et</strong></span> <span class='ocrx_word' id='word_1_42' title='bbox 1679 799 1770 855; x_wconf 90' lang='lat' dir='ltr'><strong>ille</strong></span> 
     </span>
    </p>
   </div>
   <div class='ocr_carea' id='block_1_6' title="bbox 175 891 1305 962">
    <p class='ocr_par' dir='ltr' id='par_1_6' title="bbox 175 891 1305 962">
     <span class='ocr_line' id='line_1_6' title="bbox 175 891 1305 962; baseline -0.004 -14"><span class='ocrx_word' id='word_1_43' title='bbox 175 893 349 950; x_wconf 84' lang='lat' dir='ltr'><strong>dietus</strong></span> <span class='ocrx_word' id='word_1_44' title='bbox 378 902 461 948; x_wconf 88' lang='lat' dir='ltr'><strong>est</strong></span> <span class='ocrx_word' id='word_1_45' title='bbox 486 892 572 947; x_wconf 92' lang='lat' dir='ltr'><strong>leo</strong></span> <span class='ocrx_word' id='word_1_46' title='bbox 596 901 650 948; x_wconf 89' lang='lat' dir='ltr'><strong>et</strong></span> <span class='ocrx_word' id='word_1_47' title='bbox 677 891 839 947; x_wconf 82' lang='lat' dir='ltr'><strong>draco</strong></span> <span class='ocrx_word' id='word_1_48' title='bbox 862 891 1034 962; x_wconf 80' lang='lat' dir='ltr'><strong>(Psal.</strong></span> <span class='ocrx_word' id='word_1_49' title='bbox 1070 907 1160 951; x_wconf 83' lang='lat' dir='ltr'><strong>xc.</strong></span> <span class='ocrx_word' id='word_1_50' title='bbox 1194 891 1305 962; x_wconf 78' lang='grc'><strong>13).</strong></span> 
     </span>
    </p>
   </div>
   <div class='ocr_carea' id='block_1_7' title="bbox 250 981 1769 1053">
    <p class='ocr_par' dir='ltr' id='par_1_7' title="bbox 250 981 1769 1053">
     <span class='ocr_line' id='line_1_7' title="bbox 250 981 1769 1053; baseline -0.001 -14"><span class='ocrx_word' id='word_1_51' title='bbox 250 985 338 1040; x_wconf 76' lang='grc'><strong>15.</strong></span> <span class='ocrx_word' id='word_1_52' title='bbox 379 984 515 1047; x_wconf 85' lang='lat' dir='ltr'><strong>Quid</strong></span> <span class='ocrx_word' id='word_1_53' title='bbox 551 984 693 1040; x_wconf 88' lang='lat' dir='ltr'><strong>enim</strong></span> <span class='ocrx_word' id='word_1_54' title='bbox 735 981 963 1038; x_wconf 86' lang='lat' dir='ltr'><strong>afferunt</strong></span> <span class='ocrx_word' id='word_1_55' title='bbox 1000 984 1296 1053; x_wconf 76' lang='lat' dir='ltr'><strong>argumenti</strong></span> <span class='ocrx_word' id='word_1_56' title='bbox 1338 982 1636 1052; x_wconf 73' lang='lat' dir='ltr'><strong>philosophi</strong></span> <span class='ocrx_word' id='word_1_57' title='bbox 1679 986 1769 1053; x_wconf 89' lang='lat' dir='ltr'><strong>qui</strong></span> 
     </span>
    </p>
   </div>
   <div class='ocr_carea' id='block_1_8' title="bbox 175 1074 1766 1147">
    <p class='ocr_par' dir='ltr' id='par_1_8' title="bbox 175 1074 1766 1147">
     <span class='ocr_line' id='line_1_8' title="bbox 175 1074 1766 1147; baseline -0.002 -17"><span class='ocrx_word' id='word_1_58' title='bbox 175 1085 363 1147; x_wconf 84' lang='lat' dir='ltr'><strong>putant</strong></span> <span class='ocrx_word' id='word_1_59' title='bbox 410 1075 687 1131; x_wconf 87' lang='lat' dir='ltr'><strong>hominum</strong></span> <span class='ocrx_word' id='word_1_60' title='bbox 725 1074 932 1130; x_wconf 87' lang='lat' dir='ltr'><strong>animas</strong></span> <span class='ocrx_word' id='word_1_61' title='bbox 958 1074 1011 1128; x_wconf 90' lang='lat' dir='ltr'><strong>in</strong></span> <span class='ocrx_word' id='word_1_62' title='bbox 1041 1089 1263 1143; x_wconf 81' lang='lat' dir='ltr'><strong>pecora,</strong></span> <span class='ocrx_word' id='word_1_63' title='bbox 1304 1074 1385 1128; x_wconf 83' lang='lat' dir='ltr'><strong>vel</strong></span> <span class='ocrx_word' id='word_1_64' title='bbox 1434 1089 1683 1143; x_wconf 73' lang='lat' dir='ltr'><strong>pectirum</strong></span> <span class='ocrx_word' id='word_1_65' title='bbox 1716 1074 1766 1127; x_wconf 91' lang='lat' dir='ltr'><strong>in</strong></span> 
     </span>
    </p>
   </div>
   <div class='ocr_carea' id='block_1_9' title="bbox 175 1163 1764 1237">
    <p class='ocr_par' dir='ltr' id='par_1_9' title="bbox 175 1163 1764 1237">
     <span class='ocr_line' id='line_1_9' title="bbox 175 1163 1764 1237; baseline -0.001 -16"><span class='ocrx_word' id='word_1_66' title='bbox 175 1166 426 1223; x_wconf 82' lang='lat' dir='ltr'><strong>homines</strong></span> <span class='ocrx_word' id='word_1_67' title='bbox 457 1175 577 1237; x_wconf 85' lang='lat' dir='ltr'><strong>post</strong></span> <span class='ocrx_word' id='word_1_68' title='bbox 616 1174 842 1221; x_wconf 92' lang='lat' dir='ltr'><strong>mortem</strong></span> <span class='ocrx_word' id='word_1_69' title='bbox 884 1179 1042 1235; x_wconf 81' lang='lat' dir='ltr'><strong>posse</strong></span> <span class='ocrx_word' id='word_1_70' title='bbox 1090 1163 1403 1219; x_wconf 87' lang='lat' dir='ltr'><strong>transferri?</strong></span> <span class='ocrx_word' id='word_1_71' title='bbox 1449 1165 1560 1220; x_wconf 92' lang='lat' dir='ltr'><strong>lloc</strong></span> <span class='ocrx_word' id='word_1_72' title='bbox 1599 1173 1764 1231; x_wconf 90' lang='lat' dir='ltr'><strong>certe,</strong></span> 
     </span>
    </p>
   </div>
   <div class='ocr_carea' id='block_1_10' title="bbox 172 1256 1768 1329">
    <p class='ocr_par' dir='ltr' id='par_1_10' title="bbox 172 1256 1768 1329">
     <span class='ocr_line' id='line_1_10' title="bbox 172 1256 1768 1329; baseline 0 -17"><span class='ocrx_word' id='word_1_73' title='bbox 172 1258 317 1329; x_wconf 90' lang='lat' dir='ltr'><strong>quod</strong></span> <span class='ocrx_word' id='word_1_74' title='bbox 357 1274 564 1313; x_wconf 87' lang='lat' dir='ltr'><strong>morum</strong></span> <span class='ocrx_word' id='word_1_75' title='bbox 596 1256 886 1313; x_wconf 74' lang='lat' dir='ltr'><strong>similitudo</strong></span> <span class='ocrx_word' id='word_1_76' title='bbox 915 1257 980 1310; x_wconf 89' lang='lat' dir='ltr'><strong>ad</strong></span> <span class='ocrx_word' id='word_1_77' title='bbox 1014 1256 1067 1312; x_wconf 89' lang='lat' dir='ltr'><strong>id</strong></span> <span class='ocrx_word' id='word_1_78' title='bbox 1093 1256 1299 1322; x_wconf 82' lang='lat' dir='ltr'><strong>trahat,</strong></span> <span class='ocrx_word' id='word_1_79' title='bbox 1324 1257 1467 1312; x_wconf 87' lang='lat' dir='ltr'><strong>velut</strong></span> <span class='ocrx_word' id='word_1_80' title='bbox 1492 1272 1681 1312; x_wconf 85' lang='lat' dir='ltr'><strong>avaros</strong></span> <span class='ocrx_word' id='word_1_81' title='bbox 1715 1258 1768 1312; x_wconf 92' lang='lat' dir='ltr'><strong>in</strong></span> 
     </span>
    </p>
   </div>
   <div class='ocr_carea' id='block_1_11' title="bbox 176 1347 1768 1420">
    <p class='ocr_par' dir='ltr' id='par_1_11' title="bbox 176 1347 1768 1420">
     <span class='ocr_line' id='line_1_11' title="bbox 176 1347 1768 1420; baseline 0.001 -17"><span class='ocrx_word' id='word_1_82' title='bbox 176 1349 463 1418; x_wconf 73' lang='lat' dir='ltr'><strong>formicas,</strong></span> <span class='ocrx_word' id='word_1_83' title='bbox 496 1364 715 1420; x_wconf 86' lang='lat' dir='ltr'><strong>rapaces</strong></span> <span class='ocrx_word' id='word_1_84' title='bbox 757 1349 812 1404; x_wconf 91' lang='lat' dir='ltr'><strong>in</strong></span> <span class='ocrx_word' id='word_1_85' title='bbox 840 1347 1065 1417; x_wconf 87' lang='lat' dir='ltr'><strong>milvos,</strong></span> <span class='ocrx_word' id='word_1_86' title='bbox 1114 1364 1283 1405; x_wconf 73' lang='lat' dir='ltr'><strong>smvos</strong></span> <span class='ocrx_word' id='word_1_87' title='bbox 1312 1364 1376 1403; x_wconf 92' lang='lat' dir='ltr'><strong>ae</strong></span> <span class='ocrx_word' id='word_1_88' title='bbox 1414 1350 1673 1419; x_wconf 87' lang='lat' dir='ltr'><strong>superbos</strong></span> <span class='ocrx_word' id='word_1_89' title='bbox 1712 1349 1768 1404; x_wconf 91' lang='lat' dir='ltr'><strong>in</strong></span> 
     </span>
    </p>
   </div>
   <div class='ocr_carea' id='block_1_12' title="bbox 173 1440 1769 1512">
    <p class='ocr_par' dir='ltr' id='par_1_12' title="bbox 173 1440 1769 1512">
     <span class='ocr_line' id='line_1_12' title="bbox 173 1440 1769 1512; baseline 0 -16"><span class='ocrx_word' id='word_1_90' title='bbox 173 1440 398 1509; x_wconf 87' lang='lat' dir='ltr'><strong>leones,</strong></span> <span class='ocrx_word' id='word_1_91' title='bbox 450 1453 741 1498; x_wconf 83' lang='lat' dir='ltr'><strong>sectatores</strong></span> <span class='ocrx_word' id='word_1_92' title='bbox 776 1441 1062 1496; x_wconf 74' lang='lat' dir='ltr'><strong>immunda:</strong></span> <span class='ocrx_word' id='word_1_93' title='bbox 1102 1442 1392 1512; x_wconf 84' lang='lat' dir='ltr'><strong>voluptatis</strong></span> <span class='ocrx_word' id='word_1_94' title='bbox 1438 1442 1489 1496; x_wconf 92' lang='lat' dir='ltr'><strong>in</strong></span> <span class='ocrx_word' id='word_1_95' title='bbox 1521 1457 1643 1497; x_wconf 88' lang='lat' dir='ltr'><strong>sues</strong></span> <span class='ocrx_word' id='word_1_96' title='bbox 1672 1460 1685 1495; x_wconf 88' lang='lat'><strong>:</strong></span> <span class='ocrx_word' id='word_1_97' title='bbox 1716 1452 1769 1498; x_wconf 92' lang='lat' dir='ltr'><strong>et</strong></span> 
     </span>
    </p>
   </div>
   <div class='ocr_carea' id='block_1_13' title="bbox 170 1534 1770 1607">
    <p class='ocr_par' dir='ltr' id='par_1_13' title="bbox 170 1534 1770 1607">
     <span class='ocr_line' id='line_1_13' title="bbox 170 1534 1770 1607; baseline 0.001 -16"><span class='ocrx_word' id='word_1_98' title='bbox 170 1534 219 1591; x_wconf 83' lang='lat' dir='ltr'><strong>si</strong></span> <span class='ocrx_word' id='word_1_99' title='bbox 249 1551 356 1606; x_wconf 82' lang='lat' dir='ltr'><strong>qua</strong></span> <span class='ocrx_word' id='word_1_100' title='bbox 377 1536 591 1591; x_wconf 87' lang='lat' dir='ltr'><strong>similia.</strong></span> <span class='ocrx_word' id='word_1_101' title='bbox 618 1535 745 1591; x_wconf 72' lang='lat' dir='ltr'><strong>llaec</strong></span> <span class='ocrx_word' id='word_1_102' title='bbox 772 1535 966 1606; x_wconf 88' lang='lat' dir='ltr'><strong>quippe</strong></span> <span class='ocrx_word' id='word_1_103' title='bbox 987 1534 1235 1603; x_wconf 85' lang='lat' dir='ltr'><strong>afferunt,</strong></span> <span class='ocrx_word' id='word_1_104' title='bbox 1259 1551 1357 1591; x_wconf 89' lang='lat' dir='ltr'><strong>nec</strong></span> <span class='ocrx_word' id='word_1_105' title='bbox 1376 1536 1653 1591; x_wconf 90' lang='lat' dir='ltr'><strong>attendunt</strong></span> <span class='ocrx_word' id='word_1_106' title='bbox 1674 1552 1770 1607; x_wconf 87' lang='lat' dir='ltr'><strong>per</strong></span> 
     </span>
    </p>
   </div>
   <div class='ocr_carea' id='block_1_14' title="bbox 172 1628 1770 1700">
    <p class='ocr_par' dir='ltr' id='par_1_14' title="bbox 172 1628 1770 1700">
     <span class='ocr_line' id='line_1_14' title="bbox 172 1628 1770 1700; baseline 0 -17"><span class='ocrx_word' id='word_1_107' title='bbox 172 1628 316 1684; x_wconf 87' lang='lat' dir='ltr'><strong>hanc</strong></span> <span class='ocrx_word' id='word_1_108' title='bbox 344 1630 603 1685; x_wconf 88' lang='lat' dir='ltr'><strong>rationem</strong></span> <span class='ocrx_word' id='word_1_109' title='bbox 635 1629 780 1684; x_wconf 88' lang='lat' dir='ltr'><strong>nullo</strong></span> <span class='ocrx_word' id='word_1_110' title='bbox 808 1628 968 1684; x_wconf 91' lang='lat' dir='ltr'><strong>modo</strong></span> <span class='ocrx_word' id='word_1_111' title='bbox 994 1630 1105 1683; x_wconf 87' lang='lat' dir='ltr'><strong>fieri</strong></span> <span class='ocrx_word' id='word_1_112' title='bbox 1139 1644 1312 1699; x_wconf 78' lang='lat' dir='ltr'><strong>posse,</strong></span> <span class='ocrx_word' id='word_1_113' title='bbox 1346 1639 1401 1684; x_wconf 92' lang='lat' dir='ltr'><strong>ut</strong></span> <span class='ocrx_word' id='word_1_114' title='bbox 1426 1631 1633 1700; x_wconf 84' lang='lat' dir='ltr'><strong>pecoris</strong></span> <span class='ocrx_word' id='word_1_115' title='bbox 1656 1629 1770 1684; x_wconf 84' lang='lat' dir='ltr'><strong>ani-</strong></span> 
     </span>
    </p>
   </div>
   <div class='ocr_carea' id='block_1_15' title="bbox 170 1719 1768 1791">
    <p class='ocr_par' dir='ltr' id='par_1_15' title="bbox 170 1719 1768 1791">
     <span class='ocr_line' id='line_1_15' title="bbox 170 1719 1768 1791; baseline -0.001 -14"><span class='ocrx_word' id='word_1_116' title='bbox 170 1736 259 1777; x_wconf 82' lang='lat' dir='ltr'><strong>ma</strong></span> <span class='ocrx_word' id='word_1_117' title='bbox 294 1730 413 1791; x_wconf 86' lang='lat' dir='ltr'><strong>post</strong></span> <span class='ocrx_word' id='word_1_118' title='bbox 435 1730 659 1776; x_wconf 88' lang='lat' dir='ltr'><strong>mortem</strong></span> <span class='ocrx_word' id='word_1_119' title='bbox 679 1722 730 1775; x_wconf 92' lang='lat' dir='ltr'><strong>in</strong></span> <span class='ocrx_word' id='word_1_120' title='bbox 751 1720 1021 1776; x_wconf 83' lang='lat' dir='ltr'><strong>hominem</strong></span> <span class='ocrx_word' id='word_1_121' title='bbox 1047 1719 1414 1776; x_wconf 77' lang='lat' dir='ltr'><strong>transferatur.</strong></span> <span class='ocrx_word' id='word_1_122' title='bbox 1439 1720 1594 1775; x_wconf 87' lang='lat' dir='ltr'><strong>Nullo</strong></span> <span class='ocrx_word' id='word_1_123' title='bbox 1610 1721 1768 1776; x_wconf 91' lang='lat' dir='ltr'><strong>modo</strong></span> 
     </span>
    </p>
   </div>
   <div class='ocr_carea' id='block_1_16' title="bbox 173 1812 1767 1883">
    <p class='ocr_par' dir='ltr' id='par_1_16' title="bbox 173 1812 1767 1883">
     <span class='ocr_line' id='line_1_16' title="bbox 173 1812 1767 1883; baseline 0.001 -16"><span class='ocrx_word' id='word_1_124' title='bbox 173 1813 322 1867; x_wconf 89' lang='lat' dir='ltr'><strong>enim</strong></span> <span class='ocrx_word' id='word_1_125' title='bbox 356 1828 549 1883; x_wconf 84' lang='lat' dir='ltr'><strong>porcus</strong></span> <span class='ocrx_word' id='word_1_126' title='bbox 574 1813 797 1883; x_wconf 78' lang='lat' dir='ltr'><strong>similior</strong></span> <span class='ocrx_word' id='word_1_127' title='bbox 823 1812 925 1868; x_wconf 91' lang='lat' dir='ltr'><strong>erit</strong></span> <span class='ocrx_word' id='word_1_128' title='bbox 947 1812 1145 1866; x_wconf 91' lang='lat' dir='ltr'><strong>homini</strong></span> <span class='ocrx_word' id='word_1_129' title='bbox 1170 1828 1328 1883; x_wconf 86' lang='lat' dir='ltr'><strong>quam</strong></span> <span class='ocrx_word' id='word_1_130' title='bbox 1353 1827 1541 1882; x_wconf 88' lang='lat' dir='ltr'><strong>porco;</strong></span> <span class='ocrx_word' id='word_1_131' title='bbox 1570 1822 1767 1869; x_wconf 90' lang='lat' dir='ltr'><strong>etcum</strong></span> 
     </span>
    </p>
   </div>
   <div class='ocr_carea' id='block_1_17' title="bbox 172 1902 1771 1971">
    <p class='ocr_par' dir='ltr' id='par_1_17' title="bbox 172 1902 1771 1971">
     <span class='ocr_line' id='line_1_17' title="bbox 172 1902 1771 1971; baseline -0.001 -10"><span class='ocrx_word' id='word_1_132' title='bbox 172 1914 561 1961; x_wconf 86' lang='lat' dir='ltr'><strong>mansuescunt</strong></span> <span class='ocrx_word' id='word_1_133' title='bbox 610 1904 829 1971; x_wconf 88' lang='lat' dir='ltr'><strong>leones,</strong></span> <span class='ocrx_word' id='word_1_134' title='bbox 868 1903 1090 1958; x_wconf 85' lang='lat' dir='ltr'><strong>canibus</strong></span> <span class='ocrx_word' id='word_1_135' title='bbox 1114 1902 1197 1956; x_wconf 87' lang='lat' dir='ltr'><strong>vel</strong></span> <span class='ocrx_word' id='word_1_136' title='bbox 1225 1903 1383 1957; x_wconf 89' lang='lat' dir='ltr'><strong>etiam</strong></span> <span class='ocrx_word' id='word_1_137' title='bbox 1423 1904 1611 1959; x_wconf 90' lang='lat' dir='ltr'><strong>ovibus</strong></span> <span class='ocrx_word' id='word_1_138' title='bbox 1640 1904 1771 1959; x_wconf 84' lang='lat' dir='ltr'><strong>fiunt</strong></span> 
     </span>
    </p>
   </div>
   <div class='ocr_carea' id='block_1_18' title="bbox 172 1991 1767 2067">
    <p class='ocr_par' dir='ltr' id='par_1_18' title="bbox 172 1991 1767 2067">
     <span class='ocr_line' id='line_1_18' title="bbox 172 1991 1767 2067; baseline -0.001 -16"><span class='ocrx_word' id='word_1_139' title='bbox 172 1996 461 2052; x_wconf 84' lang='lat' dir='ltr'><strong>similiores</strong></span> <span class='ocrx_word' id='word_1_140' title='bbox 509 2012 667 2067; x_wconf 89' lang='lat' dir='ltr'><strong>quam</strong></span> <span class='ocrx_word' id='word_1_141' title='bbox 711 1994 1033 2050; x_wconf 84' lang='lat' dir='ltr'><strong>hominibus.</strong></span> <span class='ocrx_word' id='word_1_142' title='bbox 1082 1991 1215 2049; x_wconf 89' lang='lat' dir='ltr'><strong>Cum</strong></span> <span class='ocrx_word' id='word_1_143' title='bbox 1257 1995 1416 2064; x_wconf 82' lang='lat' dir='ltr'><strong>igitur</strong></span> <span class='ocrx_word' id='word_1_144' title='bbox 1443 2009 1473 2047; x_wconf 90' lang='lat' dir='ltr'><strong>a</strong></span> <span class='ocrx_word' id='word_1_145' title='bbox 1520 2009 1767 2064; x_wconf 88' lang='lat' dir='ltr'><strong>pecorum</strong></span> 
     </span>
    </p>
   </div>
   <div class='ocr_carea' id='block_1_19' title="bbox 172 2085 1768 2157">
    <p class='ocr_par' dir='ltr' id='par_1_19' title="bbox 172 2085 1768 2157">
     <span class='ocr_line' id='line_1_19' title="bbox 172 2085 1768 2157; baseline -0.001 -14"><span class='ocrx_word' id='word_1_146' title='bbox 172 2088 416 2143; x_wconf 87' lang='lat' dir='ltr'><strong>moribus</strong></span> <span class='ocrx_word' id='word_1_147' title='bbox 458 2103 650 2157; x_wconf 86' lang='lat' dir='ltr'><strong>pecora</strong></span> <span class='ocrx_word' id='word_1_148' title='bbox 700 2103 804 2141; x_wconf 91' lang='lat' dir='ltr'><strong>non</strong></span> <span class='ocrx_word' id='word_1_149' title='bbox 835 2085 1126 2153; x_wconf 87' lang='lat' dir='ltr'><strong>recedunt,</strong></span> <span class='ocrx_word' id='word_1_150' title='bbox 1157 2093 1213 2140; x_wconf 91' lang='lat' dir='ltr'><strong>et</strong></span> <span class='ocrx_word' id='word_1_151' title='bbox 1239 2100 1359 2154; x_wconf 73' lang='lat' dir='ltr'><strong>qua:</strong></span> <span class='ocrx_word' id='word_1_152' title='bbox 1385 2085 1768 2155; x_wconf 89' lang='lat' dir='ltr'><strong>aliquantulum</strong></span> 
     </span>
    </p>
   </div>
   <div class='ocr_carea' id='block_1_20' title="bbox 173 2178 1768 2251">
    <p class='ocr_par' dir='ltr' id='par_1_20' title="bbox 173 2178 1768 2251">
     <span class='ocr_line' id='line_1_20' title="bbox 173 2178 1768 2251; baseline 0 -16"><span class='ocrx_word' id='word_1_153' title='bbox 173 2181 387 2236; x_wconf 72' lang='lat' dir='ltr'><strong>caeteris</strong></span> <span class='ocrx_word' id='word_1_154' title='bbox 416 2178 698 2235; x_wconf 80' lang='lat' dir='ltr'><strong>diSsimilia</strong></span> <span class='ocrx_word' id='word_1_155' title='bbox 730 2179 880 2244; x_wconf 88' lang='lat' dir='ltr'><strong>fiunt,</strong></span> <span class='ocrx_word' id='word_1_156' title='bbox 910 2178 1166 2233; x_wconf 87' lang='lat' dir='ltr'><strong>similiora</strong></span> <span class='ocrx_word' id='word_1_157' title='bbox 1194 2189 1320 2233; x_wconf 88' lang='lat' dir='ltr'><strong>sunt</strong></span> <span class='ocrx_word' id='word_1_158' title='bbox 1349 2188 1522 2233; x_wconf 87' lang='lat' dir='ltr'><strong>tamen</strong></span> <span class='ocrx_word' id='word_1_159' title='bbox 1548 2194 1647 2235; x_wconf 88' lang='lat' dir='ltr'><strong>suo</strong></span> <span class='ocrx_word' id='word_1_160' title='bbox 1673 2195 1768 2251; x_wconf 90' lang='lat' dir='ltr'><strong>ge-</strong></span> 
     </span>
    </p>
   </div>
   <div class='ocr_carea' id='block_1_21' title="bbox 173 2272 1770 2346">
    <p class='ocr_par' dir='ltr' id='par_1_21' title="bbox 173 2272 1770 2346">
     <span class='ocr_line' id='line_1_21' title="bbox 173 2272 1770 2346; baseline -0.001 -16"><span class='ocrx_word' id='word_1_161' title='bbox 173 2275 293 2331; x_wconf 84' lang='lat' dir='ltr'><strong>neri</strong></span> <span class='ocrx_word' id='word_1_162' title='bbox 317 2290 477 2346; x_wconf 81' lang='lat' dir='ltr'><strong>quam</strong></span> <span class='ocrx_word' id='word_1_163' title='bbox 499 2275 752 2339; x_wconf 90' lang='lat' dir='ltr'><strong>humano,</strong></span> <span class='ocrx_word' id='word_1_164' title='bbox 780 2274 1040 2344; x_wconf 89' lang='lat' dir='ltr'><strong>longeque</strong></span> <span class='ocrx_word' id='word_1_165' title='bbox 1063 2272 1181 2343; x_wconf 90' lang='lat' dir='ltr'><strong>plus</strong></span> <span class='ocrx_word' id='word_1_166' title='bbox 1201 2273 1269 2327; x_wconf 89' lang='lat' dir='ltr'><strong>ab</strong></span> <span class='ocrx_word' id='word_1_167' title='bbox 1292 2273 1593 2328; x_wconf 89' lang='lat' dir='ltr'><strong>hominibus</strong></span> <span class='ocrx_word' id='word_1_168' title='bbox 1610 2288 1770 2343; x_wconf 89' lang='lat' dir='ltr'><strong>quam</strong></span> 
     </span>
    </p>
   </div>
   <div class='ocr_carea' id='block_1_22' title="bbox 171 2365 1770 2437">
    <p class='ocr_par' dir='ltr' id='par_1_22' title="bbox 171 2365 1770 2437">
     <span class='ocr_line' id='line_1_22' title="bbox 171 2365 1770 2437; baseline -0.001 -15"><span class='ocrx_word' id='word_1_169' title='bbox 171 2383 202 2422; x_wconf 87' lang='lat' dir='ltr'><strong>a</strong></span> <span class='ocrx_word' id='word_1_170' title='bbox 218 2368 505 2437; x_wconf 88' lang='lat' dir='ltr'><strong>pecoribus</strong></span> <span class='ocrx_word' id='word_1_171' title='bbox 523 2368 774 2423; x_wconf 84' lang='lat' dir='ltr'><strong>differunt</strong></span> <span class='ocrx_word' id='word_1_172' title='bbox 791 2383 807 2422; x_wconf 88' lang='lat'><strong>:</strong></span> <span class='ocrx_word' id='word_1_173' title='bbox 824 2382 1091 2437; x_wconf 67' lang='lat' dir='ltr'><strong>nunquam</strong></span> <span class='ocrx_word' id='word_1_174' title='bbox 1112 2374 1270 2419; x_wconf 88' lang='lat' dir='ltr'><strong>erunt</strong></span> <span class='ocrx_word' id='word_1_175' title='bbox 1286 2365 1557 2419; x_wconf 88' lang='lat' dir='ltr'><strong>hominum</strong></span> <span class='ocrx_word' id='word_1_176' title='bbox 1578 2366 1770 2421; x_wconf 61' lang='lat' dir='ltr'><strong>animae</strong></span> 
     </span>
    </p>
   </div>
   <div class='ocr_carea' id='block_1_23' title="bbox 172 2458 1771 2531">
    <p class='ocr_par' dir='ltr' id='par_1_23' title="bbox 172 2458 1771 2531">
     <span class='ocr_line' id='line_1_23' title="bbox 172 2458 1771 2531; baseline 0.001 -16"><span class='ocrx_word' id='word_1_177' title='bbox 172 2460 327 2526; x_wconf 67' lang='lat' dir='ltr'><strong>istae,</strong></span> <span class='ocrx_word' id='word_1_178' title='bbox 358 2460 403 2514; x_wconf 91' lang='lat' dir='ltr'><strong>si</strong></span> <span class='ocrx_word' id='word_1_179' title='bbox 438 2475 501 2514; x_wconf 88' lang='lat' dir='ltr'><strong>ea</strong></span> <span class='ocrx_word' id='word_1_180' title='bbox 532 2476 651 2531; x_wconf 79' lang='lat' dir='ltr'><strong>qua:</strong></span> <span class='ocrx_word' id='word_1_181' title='bbox 693 2461 947 2516; x_wconf 77' lang='lat' dir='ltr'><strong>similiora</strong></span> <span class='ocrx_word' id='word_1_182' title='bbox 981 2461 1090 2515; x_wconf 89' lang='lat' dir='ltr'><strong>sint</strong></span> <span class='ocrx_word' id='word_1_183' title='bbox 1116 2461 1350 2515; x_wconf 88' lang='lat' dir='ltr'><strong>trahunt.</strong></span> <span class='ocrx_word' id='word_1_184' title='bbox 1382 2458 1437 2515; x_wconf 91' lang='lat' dir='ltr'><strong>Si</strong></span> <span class='ocrx_word' id='word_1_185' title='bbox 1464 2468 1640 2516; x_wconf 89' lang='lat' dir='ltr'><strong>autem</strong></span> <span class='ocrx_word' id='word_1_186' title='bbox 1671 2460 1771 2516; x_wconf 90' lang='lat' dir='ltr'><strong>hoc</strong></span> 
     </span>
    </p>
   </div>
   <div class='ocr_carea' id='block_1_24' title="bbox 172 2552 1768 2626">
    <p class='ocr_par' dir='ltr' id='par_1_24' title="bbox 172 2552 1768 2626">
     <span class='ocr_line' id='line_1_24' title="bbox 172 2552 1768 2626; baseline 0.001 -19"><span class='ocrx_word' id='word_1_187' title='bbox 172 2564 544 2626; x_wconf 82' lang='lat' dir='ltr'><strong>argumentum</strong></span> <span class='ocrx_word' id='word_1_188' title='bbox 565 2553 756 2609; x_wconf 86' lang='lat' dir='ltr'><strong>falsum</strong></span> <span class='ocrx_word' id='word_1_189' title='bbox 774 2562 876 2615; x_wconf 88' lang='lat' dir='ltr'><strong>est,</strong></span> <span class='ocrx_word' id='word_1_190' title='bbox 900 2553 1167 2623; x_wconf 80' lang='lat' dir='ltr'><strong>quomodo</strong></span> <span class='ocrx_word' id='word_1_191' title='bbox 1184 2553 1283 2608; x_wconf 88' lang='lat' dir='ltr'><strong>erit</strong></span> <span class='ocrx_word' id='word_1_192' title='bbox 1302 2554 1388 2607; x_wconf 87' lang='lat' dir='ltr'><strong>illa</strong></span> <span class='ocrx_word' id='word_1_193' title='bbox 1410 2569 1533 2607; x_wconf 88' lang='lat' dir='ltr'><strong>vera</strong></span> <span class='ocrx_word' id='word_1_194' title='bbox 1558 2552 1768 2623; x_wconf 87' lang='lat' dir='ltr'><strong>opinio;</strong></span> 
     </span>
    </p>
   </div>
   <div class='ocr_carea' id='block_1_25' title="bbox 174 2644 1767 2716">
    <p class='ocr_par' dir='ltr' id='par_1_25' title="bbox 174 2644 1767 2716">
     <span class='ocr_line' id='line_1_25' title="bbox 174 2644 1767 2716; baseline 0 -17"><span class='ocrx_word' id='word_1_195' title='bbox 174 2645 606 2716; x_wconf 84' lang='lat' dir='ltr'><strong>quandoquidem</strong></span> <span class='ocrx_word' id='word_1_196' title='bbox 651 2644 783 2699; x_wconf 85' lang='lat' dir='ltr'><strong>nihil</strong></span> <span class='ocrx_word' id='word_1_197' title='bbox 811 2644 956 2699; x_wconf 89' lang='lat' dir='ltr'><strong>aliud</strong></span> <span class='ocrx_word' id='word_1_198' title='bbox 980 2645 1246 2712; x_wconf 80' lang='lat' dir='ltr'><strong>afferunt,</strong></span> <span class='ocrx_word' id='word_1_199' title='bbox 1290 2660 1398 2715; x_wconf 90' lang='lat' dir='ltr'><strong>quo</strong></span> <span class='ocrx_word' id='word_1_200' title='bbox 1422 2645 1631 2700; x_wconf 87' lang='lat' dir='ltr'><strong>etiamsi</strong></span> <span class='ocrx_word' id='word_1_201' title='bbox 1661 2660 1767 2699; x_wconf 92' lang='lat' dir='ltr'><strong>non</strong></span> 
     </span>
    </p>
   </div>
   <div class='ocr_carea' id='block_1_26' title="bbox 175 2734 1773 2805">
    <p class='ocr_par' dir='ltr' id='par_1_26' title="bbox 175 2734 1773 2805">
     <span class='ocr_line' id='line_1_26' title="bbox 175 2734 1773 2805; baseline -0.001 -14"><span class='ocrx_word' id='word_1_202' title='bbox 175 2751 327 2800; x_wconf 85' lang='lat' dir='ltr'><strong>vera,</strong></span> <span class='ocrx_word' id='word_1_203' title='bbox 351 2736 541 2791; x_wconf 89' lang='lat' dir='ltr'><strong>saltem</strong></span> <span class='ocrx_word' id='word_1_204' title='bbox 564 2735 868 2791; x_wconf 81' lang='lat' dir='ltr'><strong>verisimilis</strong></span> <span class='ocrx_word' id='word_1_205' title='bbox 898 2734 1189 2790; x_wconf 84' lang='lat' dir='ltr'><strong>habeatur?</strong></span> <span class='ocrx_word' id='word_1_206' title='bbox 1221 2734 1373 2791; x_wconf 87' lang='lat' dir='ltr'><strong>Unde</strong></span> <span class='ocrx_word' id='word_1_207' title='bbox 1410 2734 1694 2805; x_wconf 80' lang='lat' dir='ltr'><strong>proclivius</strong></span> <span class='ocrx_word' id='word_1_208' title='bbox 1718 2743 1773 2789; x_wconf 90' lang='lat' dir='ltr'><strong>et</strong></span> 
     </span>
    </p>
   </div>
   <div class='ocr_carea' id='block_1_27' title="bbox 173 2827 1767 2899">
    <p class='ocr_par' dir='ltr' id='par_1_27' title="bbox 173 2827 1767 2899">
     <span class='ocr_line' id='line_1_27' title="bbox 173 2827 1767 2899; baseline 0.001 -15"><span class='ocrx_word' id='word_1_209' title='bbox 173 2829 290 2899; x_wconf 88' lang='lat' dir='ltr'><strong>ipse</strong></span> <span class='ocrx_word' id='word_1_210' title='bbox 318 2827 658 2894; x_wconf 88' lang='lat' dir='ltr'><strong>crediderim,</strong></span> <span class='ocrx_word' id='word_1_211' title='bbox 681 2828 822 2899; x_wconf 87' lang='lat' dir='ltr'><strong>quod</strong></span> <span class='ocrx_word' id='word_1_212' title='bbox 848 2828 1008 2883; x_wconf 86' lang='lat' dir='ltr'><strong>etiam</strong></span> <span class='ocrx_word' id='word_1_213' title='bbox 1026 2844 1210 2883; x_wconf 89' lang='lat' dir='ltr'><strong>eorum</strong></span> <span class='ocrx_word' id='word_1_214' title='bbox 1236 2838 1430 2898; x_wconf 90' lang='lat' dir='ltr'><strong>postert</strong></span> <span class='ocrx_word' id='word_1_215' title='bbox 1456 2837 1767 2897; x_wconf 83' lang='lat' dir='ltr'><strong>sectatores,</strong></span> 
     </span>
    </p>
   </div>
   <div class='ocr_carea' id='block_1_28' title="bbox 174 2920 1765 2991">
    <p class='ocr_par' dir='ltr' id='par_1_28' title="bbox 174 2920 1765 2991">
     <span class='ocr_line' id='line_1_28' title="bbox 174 2920 1765 2991; baseline 0.001 -16"><span class='ocrx_word' id='word_1_216' title='bbox 174 2920 297 2976; x_wconf 85' lang='lat' dir='ltr'><strong>illos</strong></span> <span class='ocrx_word' id='word_1_217' title='bbox 317 2920 562 2976; x_wconf 81' lang='lat' dir='ltr'><strong>homines</strong></span> <span class='ocrx_word' id='word_1_218' title='bbox 576 2921 667 2991; x_wconf 89' lang='lat' dir='ltr'><strong>qui</strong></span> <span class='ocrx_word' id='word_1_219' title='bbox 689 2920 803 2975; x_wconf 75' lang='lat' dir='ltr'><strong>llch</strong></span> <span class='ocrx_word' id='word_1_220' title='bbox 824 2920 1069 2990; x_wconf 88' lang='lat' dir='ltr'><strong>primitus</strong></span> <span class='ocrx_word' id='word_1_221' title='bbox 1086 2921 1137 2975; x_wconf 91' lang='lat' dir='ltr'><strong>in</strong></span> <span class='ocrx_word' id='word_1_222' title='bbox 1155 2921 1265 2974; x_wconf 88' lang='lat' dir='ltr'><strong>suis</strong></span> <span class='ocrx_word' id='word_1_223' title='bbox 1286 2921 1435 2977; x_wconf 85' lang='lat' dir='ltr'><strong>libris</strong></span> <span class='ocrx_word' id='word_1_224' title='bbox 1457 2930 1765 2990; x_wconf 86' lang='lat' dir='ltr'><strong>posuerunt,</strong></span> 
     </span>
    </p>
   </div>
   <div class='ocr_carea' id='block_1_29' title="bbox 174 3013 1772 3086">
    <p class='ocr_par' dir='ltr' id='par_1_29' title="bbox 174 3013 1772 3086">
     <span class='ocr_line' id='line_1_29' title="bbox 174 3013 1772 3086; baseline 0.001 -17"><span class='ocrx_word' id='word_1_225' title='bbox 174 3013 225 3070; x_wconf 89' lang='lat' dir='ltr'><strong>in</strong></span> <span class='ocrx_word' id='word_1_226' title='bbox 255 3014 363 3069; x_wconf 79' lang='lat' dir='ltr'><strong>hac</strong></span> <span class='ocrx_word' id='word_1_227' title='bbox 389 3014 494 3069; x_wconf 89' lang='lat' dir='ltr'><strong>vita</strong></span> <span class='ocrx_word' id='word_1_228' title='bbox 521 3014 697 3084; x_wconf 83' lang='lat' dir='ltr'><strong>potius</strong></span> <span class='ocrx_word' id='word_1_229' title='bbox 726 3014 947 3085; x_wconf 83' lang='lat' dir='ltr'><strong>intelligi</strong></span> <span class='ocrx_word' id='word_1_230' title='bbox 972 3014 1219 3081; x_wconf 87' lang='lat' dir='ltr'><strong>voluisse,</strong></span> <span class='ocrx_word' id='word_1_231' title='bbox 1254 3016 1479 3086; x_wconf 90' lang='lat' dir='ltr'><strong>quadam</strong></span> <span class='ocrx_word' id='word_1_232' title='bbox 1512 3018 1772 3085; x_wconf 88' lang='lat' dir='ltr'><strong>perversi-</strong></span> 
     </span>
    </p>
   </div>
   <div class='ocr_carea' id='block_1_30' title="bbox 158 3105 1771 3176">
    <p class='ocr_par' dir='ltr' id='par_1_30' title="bbox 158 3105 1771 3176">
     <span class='ocr_line' id='line_1_30' title="bbox 158 3105 1771 3176; baseline 0.003 -17"><span class='ocrx_word' id='word_1_233' title='bbox 158 3114 282 3175; x_wconf 82' lang='lat' dir='ltr'><strong>_tate</strong></span> <span class='ocrx_word' id='word_1_234' title='bbox 326 3120 534 3161; x_wconf 89' lang='lat' dir='ltr'><strong>morum</strong></span> <span class='ocrx_word' id='word_1_235' title='bbox 560 3120 624 3161; x_wconf 89' lang='lat' dir='ltr'><strong>ac</strong></span> <span class='ocrx_word' id='word_1_236' title='bbox 659 3105 983 3175; x_wconf 87' lang='lat' dir='ltr'><strong>turpitudine</strong></span> <span class='ocrx_word' id='word_1_237' title='bbox 1008 3106 1250 3161; x_wconf 87' lang='lat' dir='ltr'><strong>homines</strong></span> <span class='ocrx_word' id='word_1_238' title='bbox 1287 3120 1541 3176; x_wconf 88' lang='lat' dir='ltr'><strong>pecorum</strong></span> <span class='ocrx_word' id='word_1_239' title='bbox 1570 3108 1771 3164; x_wconf 88' lang='lat' dir='ltr'><strong>similes</strong></span> 
     </span>
    </p>
   </div>
   <div class='ocr_carea' id='block_1_31' title="bbox 172 3195 1772 3268">
    <p class='ocr_par' dir='ltr' id='par_1_31' title="bbox 172 3195 1772 3268">
     <span class='ocr_line' id='line_1_31' title="bbox 172 3195 1772 3268; baseline 0.003 -17"><span class='ocrx_word' id='word_1_240' title='bbox 172 3195 312 3264; x_wconf 87' lang='lat' dir='ltr'><strong>fieri,</strong></span> <span class='ocrx_word' id='word_1_241' title='bbox 339 3211 402 3252; x_wconf 87' lang='lat' dir='ltr'><strong>ac</strong></span> <span class='ocrx_word' id='word_1_242' title='bbox 422 3197 501 3252; x_wconf 88' lang='lat' dir='ltr'><strong>sic</strong></span> <span class='ocrx_word' id='word_1_243' title='bbox 518 3196 915 3268; x_wconf 88' lang='lat' dir='ltr'><strong>quodammodo</strong></span> <span class='ocrx_word' id='word_1_244' title='bbox 937 3197 989 3250; x_wconf 93' lang='lat' dir='ltr'><strong>in</strong></span> <span class='ocrx_word' id='word_1_245' title='bbox 1018 3212 1209 3266; x_wconf 88' lang='lat' dir='ltr'><strong>pecora</strong></span> <span class='ocrx_word' id='word_1_246' title='bbox 1230 3199 1564 3264; x_wconf 88' lang='lat' dir='ltr'><strong>commutari,</strong></span> <span class='ocrx_word' id='word_1_247' title='bbox 1591 3207 1649 3253; x_wconf 89' lang='lat' dir='ltr'><strong>ut</strong></span> <span class='ocrx_word' id='word_1_248' title='bbox 1669 3198 1772 3256; x_wconf 87' lang='lat' dir='ltr'><strong>hoc</strong></span> 
     </span>
    </p>
   </div>
   <div class='ocr_carea' id='block_1_32' title="bbox 174 3288 1769 3360">
    <p class='ocr_par' dir='ltr' id='par_1_32' title="bbox 174 3288 1769 3360">
     <span class='ocr_line' id='line_1_32' title="bbox 174 3288 1769 3360; baseline 0.002 -17"><span class='ocrx_word' id='word_1_249' title='bbox 174 3289 441 3345; x_wconf 84' lang='lat' dir='ltr'><strong>dedecore</strong></span> <span class='ocrx_word' id='word_1_250' title='bbox 468 3288 679 3360; x_wconf 88' lang='lat' dir='ltr'><strong>objecto</strong></span> <span class='ocrx_word' id='word_1_251' title='bbox 698 3331 713 3357; x_wconf 91' lang='lat'><strong>,</strong></span> <span class='ocrx_word' id='word_1_252' title='bbox 751 3304 845 3345; x_wconf 90' lang='lat' dir='ltr'><strong>eos</strong></span> <span class='ocrx_word' id='word_1_253' title='bbox 881 3304 911 3343; x_wconf 91' lang='lat' dir='ltr'><strong>a</strong></span> <span class='ocrx_word' id='word_1_254' title='bbox 938 3288 1286 3359; x_wconf 85' lang='lat' dir='ltr'><strong>cupiditatum</strong></span> <span class='ocrx_word' id='word_1_255' title='bbox 1331 3290 1587 3359; x_wconf 84' lang='lat' dir='ltr'><strong>pravitate</strong></span> <span class='ocrx_word' id='word_1_256' title='bbox 1615 3305 1769 3346; x_wconf 83' lang='lat' dir='ltr'><strong>revo-</strong></span> 
     </span>
    </p>
   </div>
   <div class='ocr_carea' id='block_1_33' title="bbox 173 3389 381 3437">
    <p class='ocr_par' dir='ltr' id='par_1_33' title="bbox 173 3389 381 3437">
     <span class='ocr_line' id='line_1_33' title="bbox 173 3389 381 3437; baseline -0.005 -2"><span class='ocrx_word' id='word_1_257' title='bbox 173 3389 381 3437; x_wconf 80' lang='lat' dir='ltr'><strong>carent.</strong></span> 
     </span>
    </p>
   </div>
   <div class='ocr_carea' id='block_1_34' title="bbox 172 3472 1767 3545">
    <p class='ocr_par' dir='ltr' id='par_1_34' title="bbox 172 3472 1767 3545">
     <span class='ocr_line' id='line_1_34' title="bbox 172 3472 1767 3545; baseline 0.001 -16"><span class='ocrx_word' id='word_1_258' title='bbox 172 3472 404 3530; x_wconf 77' lang='lat' dir='ltr'><strong>CAPUT</strong></span> <span class='ocrx_word' id='word_1_259' title='bbox 442 3473 531 3529; x_wconf 81' lang='lat' dir='ltr'><strong>XI.</strong></span> <span class='ocrx_word' id='word_1_260' title='bbox 556 3472 867 3528; x_wconf 74' lang='lat' dir='ltr'><strong>-—Fictitite</strong></span> <span class='ocrx_word' id='word_1_261' title='bbox 901 3473 1238 3545; x_wconf 83' lang='lat' dir='ltr'><strong>quarumdam</strong></span> <span class='ocrx_word' id='word_1_262' title='bbox 1274 3474 1561 3529; x_wconf 83' lang='lat' dir='ltr'><strong>animarum</strong></span> <span class='ocrx_word' id='word_1_263' title='bbox 1594 3485 1767 3531; x_wconf 76' lang='lat' dir='ltr'><strong>trans-</strong></span> 
     </span>
    </p>
   </div>
   <div class='ocr_carea' id='block_1_35' title="bbox 242 3564 1767 3638">
    <p class='ocr_par' dir='ltr' id='par_1_35' title="bbox 242 3564 1767 3638">
     <span class='ocr_line' id='line_1_35' title="bbox 242 3564 1767 3638; baseline 0.003 -19"><span class='ocrx_word' id='word_1_264' title='bbox 242 3566 596 3637; x_wconf 72' lang='lat' dir='ltr'><strong>migrationes.</strong></span> <span class='ocrx_word' id='word_1_265' title='bbox 643 3564 1047 3621; x_wconf 73' lang='lat' dir='ltr'><strong>Manichworum</strong></span> <span class='ocrx_word' id='word_1_266' title='bbox 1089 3565 1306 3619; x_wconf 80' lang='lat' dir='ltr'><strong>deterior</strong></span> <span class='ocrx_word' id='word_1_267' title='bbox 1355 3582 1508 3637; x_wconf 86' lang='lat' dir='ltr'><strong>quam</strong></span> <span class='ocrx_word' id='word_1_268' title='bbox 1540 3567 1767 3638; x_wconf 72' lang='lat' dir='ltr'><strong>philoso-</strong></span> 
     </span>
    </p>
   </div>
   <div class='ocr_carea' id='block_1_36' title="bbox 242 3658 678 3729">
    <p class='ocr_par' dir='ltr' id='par_1_36' title="bbox 242 3658 678 3729">
     <span class='ocr_line' id='line_1_36' title="bbox 242 3658 678 3729; baseline 0.002 -17"><span class='ocrx_word' id='word_1_269' title='bbox 242 3658 466 3729; x_wconf 78' lang='lat' dir='ltr'><strong>phorum</strong></span> <span class='ocrx_word' id='word_1_270' title='bbox 486 3659 678 3729; x_wconf 81' lang='lat' dir='ltr'><strong>opinio.</strong></span> 
     </span>
    </p>
   </div>
   <div class='ocr_carea' id='block_1_37' title="bbox 244 3750 1765 3823">
    <p class='ocr_par' dir='ltr' id='par_1_37' title="bbox 244 3750 1765 3823">
     <span class='ocr_line' id='line_1_37' title="bbox 244 3750 1765 3823; baseline 0.001 -17"><span class='ocrx_word' id='word_1_271' title='bbox 244 3752 338 3807; x_wconf 73' lang='grc'><strong>16.</strong></span> <span class='ocrx_word' id='word_1_272' title='bbox 377 3750 511 3806; x_wconf 80' lang='lat' dir='ltr'><strong>Nam</strong></span> <span class='ocrx_word' id='word_1_273' title='bbox 560 3752 652 3806; x_wconf 87' lang='lat' dir='ltr'><strong>illa</strong></span> <span class='ocrx_word' id='word_1_274' title='bbox 691 3766 812 3820; x_wconf 70' lang='lat' dir='ltr'><strong>quae</strong></span> <span class='ocrx_word' id='word_1_275' title='bbox 847 3751 1091 3806; x_wconf 86' lang='lat' dir='ltr'><strong>feruntur</strong></span> <span class='ocrx_word' id='word_1_276' title='bbox 1129 3752 1407 3819; x_wconf 88' lang='lat' dir='ltr'><strong>accidisse,</strong></span> <span class='ocrx_word' id='word_1_277' title='bbox 1450 3761 1507 3808; x_wconf 93' lang='lat' dir='ltr'><strong>ut</strong></span> <span class='ocrx_word' id='word_1_278' title='bbox 1552 3753 1765 3823; x_wconf 88' lang='lat' dir='ltr'><strong>quidam</strong></span> 
     </span>
    </p>
   </div>
   <div class='ocr_carea' id='block_1_38' title="bbox 176 3843 1768 3914">
    <p class='ocr_par' dir='ltr' id='par_1_38' title="bbox 176 3843 1768 3914">
     <span class='ocr_line' id='line_1_38' title="bbox 176 3843 1768 3914; baseline 0.001 -15"><span class='ocrx_word' id='word_1_279' title='bbox 176 3843 329 3913; x_wconf 85' lang='lat' dir='ltr'><strong>quasi</strong></span> <span class='ocrx_word' id='word_1_280' title='bbox 355 3843 765 3899; x_wconf 86' lang='lat' dir='ltr'><strong>recordarentur</strong></span> <span class='ocrx_word' id='word_1_281' title='bbox 790 3844 841 3897; x_wconf 91' lang='lat' dir='ltr'><strong>in</strong></span> <span class='ocrx_word' id='word_1_282' title='bbox 866 3858 1094 3914; x_wconf 88' lang='lat' dir='ltr'><strong>quorum</strong></span> <span class='ocrx_word' id='word_1_283' title='bbox 1123 3845 1430 3899; x_wconf 87' lang='lat' dir='ltr'><strong>animalium</strong></span> <span class='ocrx_word' id='word_1_284' title='bbox 1458 3846 1768 3914; x_wconf 89' lang='lat' dir='ltr'><strong>corporibus</strong></span> 
     </span>
    </p>
   </div>
   <div class='ocr_carea' id='block_1_39' title="bbox 174 3934 1769 4001">
    <p class='ocr_par' dir='ltr' id='par_1_39' title="bbox 174 3934 1769 4001">
     <span class='ocr_line' id='line_1_39' title="bbox 174 3934 1769 4001; baseline 0.001 -12"><span class='ocrx_word' id='word_1_285' title='bbox 174 3934 504 4001; x_wconf 86' lang='lat' dir='ltr'><strong>fuerint,ant</strong></span> <span class='ocrx_word' id='word_1_286' title='bbox 548 3934 676 3990; x_wconf 88' lang='lat' dir='ltr'><strong>falsa</strong></span> <span class='ocrx_word' id='word_1_287' title='bbox 706 3945 1006 3999; x_wconf 85' lang='lat' dir='ltr'><strong>narrantur,</strong></span> <span class='ocrx_word' id='word_1_288' title='bbox 1050 3946 1140 3991; x_wconf 89' lang='lat' dir='ltr'><strong>aut</strong></span> <span class='ocrx_word' id='word_1_289' title='bbox 1188 3935 1635 3991; x_wconf 87' lang='lat' dir='ltr'><strong>ludificationibus</strong></span> <span class='ocrx_word' id='word_1_290' title='bbox 1659 3936 1769 3991; x_wconf 69' lang='lat' dir='ltr'><strong>da:-</strong></span> 
     </span>
    </p>
   </div>
   <div class='ocr_carea' id='block_1_40' title="bbox 175 4026 1769 4084">
    <p class='ocr_par' dir='ltr' id='par_1_40' title="bbox 175 4026 1769 4084">
     <span class='ocr_line' id='line_1_40' title="bbox 175 4026 1769 4084; baseline 0.002 -3"><span class='ocrx_word' id='word_1_291' title='bbox 175 4041 398 4082; x_wconf 87' lang='lat' dir='ltr'><strong>monum</strong></span> <span class='ocrx_word' id='word_1_292' title='bbox 423 4026 523 4082; x_wconf 90' lang='lat' dir='ltr'><strong>hoc</strong></span> <span class='ocrx_word' id='word_1_293' title='bbox 547 4027 599 4081; x_wconf 94' lang='lat' dir='ltr'><strong>in</strong></span> <span class='ocrx_word' id='word_1_294' title='bbox 621 4042 805 4081; x_wconf 90' lang='lat' dir='ltr'><strong>eorum</strong></span> <span class='ocrx_word' id='word_1_295' title='bbox 827 4026 1019 4081; x_wconf 89' lang='lat' dir='ltr'><strong>animis</strong></span> <span class='ocrx_word' id='word_1_296' title='bbox 1049 4026 1241 4081; x_wconf 88' lang='lat' dir='ltr'><strong>factum</strong></span> <span class='ocrx_word' id='word_1_297' title='bbox 1264 4036 1366 4081; x_wconf 88' lang='lat' dir='ltr'><strong>est.</strong></span> <span class='ocrx_word' id='word_1_298' title='bbox 1395 4027 1451 4082; x_wconf 90' lang='lat' dir='ltr'><strong>Si</strong></span> <span class='ocrx_word' id='word_1_299' title='bbox 1476 4026 1618 4082; x_wconf 90' lang='lat' dir='ltr'><strong>enim</strong></span> <span class='ocrx_word' id='word_1_300' title='bbox 1639 4043 1769 4084; x_wconf 88' lang='lat' dir='ltr'><strong>con-</strong></span> 
     </span>
    </p>
   </div>
   <div class='ocr_carea' id='block_1_41' title="bbox 173 4117 1768 4191">
    <p class='ocr_par' dir='ltr' id='par_1_41' title="bbox 173 4117 1768 4191">
     <span class='ocr_line' id='line_1_41' title="bbox 173 4117 1768 4191; baseline 0 -17"><span class='ocrx_word' id='word_1_301' title='bbox 173 4119 333 4191; x_wconf 82' lang='lat' dir='ltr'><strong>tingit</strong></span> <span class='ocrx_word' id='word_1_302' title='bbox 362 4119 415 4174; x_wconf 91' lang='lat' dir='ltr'><strong>in</strong></span> <span class='ocrx_word' id='word_1_303' title='bbox 447 4120 671 4185; x_wconf 89' lang='lat' dir='ltr'><strong>somnis,</strong></span> <span class='ocrx_word' id='word_1_304' title='bbox 694 4128 751 4174; x_wconf 93' lang='lat' dir='ltr'><strong>ut</strong></span> <span class='ocrx_word' id='word_1_305' title='bbox 782 4117 957 4173; x_wconf 78' lang='lat' dir='ltr'><strong>fallaci</strong></span> <span class='ocrx_word' id='word_1_306' title='bbox 985 4119 1243 4174; x_wconf 87' lang='lat' dir='ltr'><strong>memoria</strong></span> <span class='ocrx_word' id='word_1_307' title='bbox 1266 4120 1417 4190; x_wconf 89' lang='lat' dir='ltr'><strong>quasi</strong></span> <span class='ocrx_word' id='word_1_308' title='bbox 1450 4120 1768 4176; x_wconf 89' lang='lat' dir='ltr'><strong>recordetur</strong></span> 
     </span>
    </p>
   </div>
   <div class='ocr_carea' id='block_1_42' title="bbox 173 4210 1767 4284">
    <p class='ocr_par' dir='ltr' id='par_1_42' title="bbox 173 4210 1767 4284">
     <span class='ocr_line' id='line_1_42' title="bbox 173 4210 1767 4284; baseline 0.001 -17"><span class='ocrx_word' id='word_1_309' title='bbox 173 4224 229 4267; x_wconf 87' lang='lat' dir='ltr'><strong>se</strong></span> <span class='ocrx_word' id='word_1_310' title='bbox 283 4212 453 4267; x_wconf 87' lang='lat' dir='ltr'><strong>homo</strong></span> <span class='ocrx_word' id='word_1_311' title='bbox 478 4211 642 4267; x_wconf 89' lang='lat' dir='ltr'><strong>fuisse</strong></span> <span class='ocrx_word' id='word_1_312' title='bbox 690 4210 834 4283; x_wconf 86' lang='lat' dir='ltr'><strong>quod</strong></span> <span class='ocrx_word' id='word_1_313' title='bbox 871 4227 977 4266; x_wconf 92' lang='lat' dir='ltr'><strong>non</strong></span> <span class='ocrx_word' id='word_1_314' title='bbox 1022 4210 1140 4278; x_wconf 91' lang='lat' dir='ltr'><strong>fuit,</strong></span> <span class='ocrx_word' id='word_1_315' title='bbox 1169 4221 1261 4266; x_wconf 90' lang='lat' dir='ltr'><strong>aut</strong></span> <span class='ocrx_word' id='word_1_316' title='bbox 1296 4212 1470 4282; x_wconf 79' lang='lat' dir='ltr'><strong>egisse</strong></span> <span class='ocrx_word' id='word_1_317' title='bbox 1493 4212 1636 4284; x_wconf 90' lang='lat' dir='ltr'><strong>quod</strong></span> <span class='ocrx_word' id='word_1_318' title='bbox 1660 4228 1767 4269; x_wconf 89' lang='lat' dir='ltr'><strong>non</strong></span> 
     </span>
    </p>
   </div>
   <div class='ocr_carea' id='block_1_43' title="bbox 175 4304 1769 4377">
    <p class='ocr_par' dir='ltr' id='par_1_43' title="bbox 175 4304 1769 4377">
     <span class='ocr_line' id='line_1_43' title="bbox 175 4304 1769 4377; baseline 0.002 -19"><span class='ocrx_word' id='word_1_319' title='bbox 175 4304 317 4376; x_wconf 83' lang='lat' dir='ltr'><strong>egit;</strong></span> <span class='ocrx_word' id='word_1_320' title='bbox 370 4304 499 4375; x_wconf 89' lang='lat' dir='ltr'><strong>quid</strong></span> <span class='ocrx_word' id='word_1_321' title='bbox 552 4304 745 4359; x_wconf 90' lang='lat' dir='ltr'><strong>mirum</strong></span> <span class='ocrx_word' id='word_1_322' title='bbox 793 4305 837 4358; x_wconf 91' lang='lat' dir='ltr'><strong>si</strong></span> <span class='ocrx_word' id='word_1_323' title='bbox 863 4304 1093 4375; x_wconf 88' lang='lat' dir='ltr'><strong>quodam</strong></span> <span class='ocrx_word' id='word_1_324' title='bbox 1127 4304 1219 4359; x_wconf 88' lang='lat' dir='ltr'><strong>Dei</strong></span> <span class='ocrx_word' id='word_1_325' title='bbox 1253 4304 1398 4374; x_wconf 86' lang='lat' dir='ltr'><strong>justo</strong></span> <span class='ocrx_word' id='word_1_326' title='bbox 1452 4306 1769 4377; x_wconf 87' lang='lat' dir='ltr'><strong>occultoque</strong></span> 
     </span>
    </p>
   </div>
   <div class='ocr_carea' id='block_1_44' title="bbox 170 4397 1767 4472">
    <p class='ocr_par' dir='ltr' id='par_1_44' title="bbox 170 4397 1767 4472">
     <span class='ocr_line' id='line_1_44' title="bbox 170 4397 1767 4472; baseline 0.001 -19"><span class='ocrx_word' id='word_1_327' title='bbox 170 4397 392 4468; x_wconf 82' lang='lat' dir='ltr'><strong>judicio,</strong></span> <span class='ocrx_word' id='word_1_328' title='bbox 429 4397 676 4453; x_wconf 83' lang='lat' dir='ltr'><strong>sinuntur</strong></span> <span class='ocrx_word' id='word_1_329' title='bbox 694 4397 970 4453; x_wconf 75' lang='lat' dir='ltr'><strong>daemones</strong></span> <span class='ocrx_word' id='word_1_330' title='bbox 996 4398 1049 4452; x_wconf 89' lang='lat' dir='ltr'><strong>itt</strong></span> <span class='ocrx_word' id='word_1_331' title='bbox 1080 4397 1333 4453; x_wconf 89' lang='lat' dir='ltr'><strong>cordibus</strong></span> <span class='ocrx_word' id='word_1_332' title='bbox 1356 4399 1517 4454; x_wconf 90' lang='lat' dir='ltr'><strong>etiam</strong></span> <span class='ocrx_word' id='word_1_333' title='bbox 1544 4399 1767 4472; x_wconf 85' lang='lat' dir='ltr'><strong>vigilan-</strong></span> 
     </span>
    </p>
   </div>
   <div class='ocr_carea' id='block_1_45' title="bbox 175 4489 891 4561">
    <p class='ocr_par' dir='ltr' id='par_1_45' title="bbox 175 4489 891 4561">
     <span class='ocr_line' id='line_1_45' title="bbox 175 4489 891 4561; baseline -0.003 -16"><span class='ocrx_word' id='word_1_334' title='bbox 175 4490 302 4546; x_wconf 87' lang='lat' dir='ltr'><strong>tium</strong></span> <span class='ocrx_word' id='word_1_335' title='bbox 340 4491 442 4546; x_wconf 88' lang='lat' dir='ltr'><strong>tale</strong></span> <span class='ocrx_word' id='word_1_336' title='bbox 464 4490 663 4561; x_wconf 86' lang='lat' dir='ltr'><strong>aliquid</strong></span> <span class='ocrx_word' id='word_1_337' title='bbox 692 4489 891 4560; x_wconf 78' lang='lat' dir='ltr'><strong>posse?</strong></span> 
     </span>
    </p>
   </div>
   <div class='ocr_carea' id='block_1_46' title="bbox 242 4580 1761 4654">
    <p class='ocr_par' dir='ltr' id='par_1_46' title="bbox 242 4580 1761 4654">
     <span class='ocr_line' id='line_1_46' title="bbox 242 4580 1761 4654; baseline 0 -15"><span class='ocrx_word' id='word_1_338' title='bbox 242 4584 338 4639; x_wconf 81' lang='lat' dir='ltr'><strong>l7.</strong></span> <span class='ocrx_word' id='word_1_339' title='bbox 380 4582 652 4639; x_wconf 79' lang='lat' dir='ltr'><strong>Manicfnci</strong></span> <span class='ocrx_word' id='word_1_340' title='bbox 680 4590 857 4637; x_wconf 88' lang='lat' dir='ltr'><strong>autem</strong></span> <span class='ocrx_word' id='word_1_341' title='bbox 888 4580 978 4652; x_wconf 90' lang='lat' dir='ltr'><strong>qui</strong></span> <span class='ocrx_word' id='word_1_342' title='bbox 1008 4596 1066 4636; x_wconf 89' lang='lat' dir='ltr'><strong>se</strong></span> <span class='ocrx_word' id='word_1_343' title='bbox 1095 4580 1415 4637; x_wconf 89' lang='lat' dir='ltr'><strong>christianos</strong></span> <span class='ocrx_word' id='word_1_344' title='bbox 1442 4583 1522 4637; x_wconf 86' lang='lat' dir='ltr'><strong>vel</strong></span> <span class='ocrx_word' id='word_1_345' title='bbox 1553 4592 1761 4654; x_wconf 87' lang='lat' dir='ltr'><strong>putant,</strong></span> 
     </span>
    </p>
   </div>
   <div class='ocr_carea' id='block_1_47' title="bbox 179 4672 1764 4747">
    <p class='ocr_par' dir='ltr' id='par_1_47' title="bbox 179 4672 1764 4747">
     <span class='ocr_line' id='line_1_47' title="bbox 179 4672 1764 4747; baseline 0.001 -19"><span class='ocrx_word' id='word_1_346' title='bbox 179 4676 257 4733; x_wconf 84' lang='lat' dir='ltr'><strong>vel</strong></span> <span class='ocrx_word' id='word_1_347' title='bbox 282 4675 461 4747; x_wconf 86' lang='lat' dir='ltr'><strong>putari</strong></span> <span class='ocrx_word' id='word_1_348' title='bbox 510 4674 713 4735; x_wconf 87' lang='lat' dir='ltr'><strong>volunt,</strong></span> <span class='ocrx_word' id='word_1_349' title='bbox 747 4676 800 4728; x_wconf 91' lang='lat' dir='ltr'><strong>in</strong></span> <span class='ocrx_word' id='word_1_350' title='bbox 853 4672 952 4728; x_wconf 91' lang='lat' dir='ltr'><strong>hac</strong></span> <span class='ocrx_word' id='word_1_351' title='bbox 994 4672 1246 4743; x_wconf 88' lang='lat' dir='ltr'><strong>opinione</strong></span> <span class='ocrx_word' id='word_1_352' title='bbox 1281 4675 1642 4729; x_wconf 88' lang='lat' dir='ltr'><strong>translationis</strong></span> <span class='ocrx_word' id='word_1_353' title='bbox 1682 4676 1764 4731; x_wconf 90' lang='lat' dir='ltr'><strong>vel</strong></span> 
     </span>
    </p>
   </div>
   <div class='ocr_carea' id='block_1_48' title="bbox 185 4762 1763 4834">
    <p class='ocr_par' dir='ltr' id='par_1_48' title="bbox 185 4762 1763 4834">
     <span class='ocr_line' id='line_1_48' title="bbox 185 4762 1763 4834; baseline -0.001 -12"><span class='ocrx_word' id='word_1_354' title='bbox 185 4766 533 4822; x_wconf 80' lang='lat' dir='ltr'><strong>revolutionis</strong></span> <span class='ocrx_word' id='word_1_355' title='bbox 560 4764 857 4819; x_wconf 86' lang='lat' dir='ltr'><strong>animarum</strong></span> <span class='ocrx_word' id='word_1_356' title='bbox 886 4780 953 4820; x_wconf 89' lang='lat' dir='ltr'><strong>eo</strong></span> <span class='ocrx_word' id='word_1_357' title='bbox 977 4772 1101 4818; x_wconf 86' lang='lat' dir='ltr'><strong>sunt</strong></span> <span class='ocrx_word' id='word_1_358' title='bbox 1127 4762 1231 4817; x_wconf 89' lang='lat' dir='ltr'><strong>illis</strong></span> <span class='ocrx_word' id='word_1_359' title='bbox 1256 4763 1504 4820; x_wconf 83' lang='lat' dir='ltr'><strong>Gentium</strong></span> <span class='ocrx_word' id='word_1_360' title='bbox 1529 4764 1763 4834; x_wconf 85' lang='lat' dir='ltr'><strong>philoso-</strong></span> 
     </span>
    </p>
   </div>
   <div class='ocr_carea' id='block_1_49' title="bbox 180 4854 1764 4928">
    <p class='ocr_par' dir='ltr' id='par_1_49' title="bbox 180 4854 1764 4928">
     <span class='ocr_line' id='line_1_49' title="bbox 180 4854 1764 4928; baseline -0.001 -15"><span class='ocrx_word' id='word_1_361' title='bbox 180 4857 319 4927; x_wconf 79' lang='lat' dir='ltr'><strong>phis,</strong></span> <span class='ocrx_word' id='word_1_362' title='bbox 347 4858 428 4913; x_wconf 82' lang='lat' dir='ltr'><strong>vel</strong></span> <span class='ocrx_word' id='word_1_363' title='bbox 450 4857 494 4913; x_wconf 89' lang='lat' dir='ltr'><strong>si</strong></span> <span class='ocrx_word' id='word_1_364' title='bbox 516 4856 604 4928; x_wconf 89' lang='lat' dir='ltr'><strong>qui</strong></span> <span class='ocrx_word' id='word_1_365' title='bbox 630 4856 719 4911; x_wconf 89' lang='lat' dir='ltr'><strong>alii</strong></span> <span class='ocrx_word' id='word_1_366' title='bbox 741 4855 863 4911; x_wconf 89' lang='lat' dir='ltr'><strong>vani</strong></span> <span class='ocrx_word' id='word_1_367' title='bbox 901 4855 1144 4911; x_wconf 88' lang='lat' dir='ltr'><strong>homines</strong></span> <span class='ocrx_word' id='word_1_368' title='bbox 1166 4854 1269 4911; x_wconf 90' lang='lat' dir='ltr'><strong>hoc</strong></span> <span class='ocrx_word' id='word_1_369' title='bbox 1300 4865 1502 4925; x_wconf 86' lang='lat' dir='ltr'><strong>putent.</strong></span> <span class='ocrx_word' id='word_1_370' title='bbox 1530 4856 1764 4912; x_wconf 90' lang='lat' dir='ltr'><strong>deterio-</strong></span> 
     </span>
    </p>
   </div>
   <div class='ocr_carea' id='block_1_50' title="bbox 178 4947 1762 5019">
    <p class='ocr_par' dir='ltr' id='par_1_50' title="bbox 178 4947 1762 5019">
     <span class='ocr_line' id='line_1_50' title="bbox 178 4947 1762 5019; baseline 0.002 -16"><span class='ocrx_word' id='word_1_371' title='bbox 178 4963 264 5006; x_wconf 89' lang='lat' dir='ltr'><strong>res</strong></span> <span class='ocrx_word' id='word_1_372' title='bbox 311 4958 370 5004; x_wconf 87' lang='lat' dir='ltr'><strong>et</strong></span> <span class='ocrx_word' id='word_1_373' title='bbox 404 4947 851 5012; x_wconf 86' lang='lat' dir='ltr'><strong>detestabiliores,</strong></span> <span class='ocrx_word' id='word_1_374' title='bbox 880 4948 1022 5019; x_wconf 86' lang='lat' dir='ltr'><strong>quod</strong></span> <span class='ocrx_word' id='word_1_375' title='bbox 1079 4948 1154 5003; x_wconf 90' lang='lat' dir='ltr'><strong>illi</strong></span> <span class='ocrx_word' id='word_1_376' title='bbox 1194 4949 1385 5003; x_wconf 66' lang='lat' dir='ltr'><strong>animae</strong></span> <span class='ocrx_word' id='word_1_377' title='bbox 1436 4958 1679 5004; x_wconf 88' lang='lat' dir='ltr'><strong>naturam</strong></span> <span class='ocrx_word' id='word_1_378' title='bbox 1732 4966 1762 5006; x_wconf 91' lang='lat' dir='ltr'><strong>a</strong></span> 
     </span>
    </p>
   </div>
   <div class='ocr_carea' id='block_1_51' title="bbox 181 5038 1765 5106">
    <p class='ocr_par' dir='ltr' id='par_1_51' title="bbox 181 5038 1765 5106">
     <span class='ocr_line' id='line_1_51' title="bbox 181 5038 1765 5106; baseline 0.001 -11"><span class='ocrx_word' id='word_1_379' title='bbox 181 5038 269 5096; x_wconf 83' lang='lat' dir='ltr'><strong>Dei</strong></span> <span class='ocrx_word' id='word_1_380' title='bbox 297 5051 489 5097; x_wconf 83' lang='lat' dir='ltr'><strong>natura</strong></span> <span class='ocrx_word' id='word_1_381' title='bbox 507 5040 839 5106; x_wconf 88' lang='lat' dir='ltr'><strong>discernunt,</strong></span> <span class='ocrx_word' id='word_1_382' title='bbox 886 5040 971 5094; x_wconf 92' lang='lat' dir='ltr'><strong>isti</strong></span> <span class='ocrx_word' id='word_1_383' title='bbox 993 5049 1172 5094; x_wconf 88' lang='lat' dir='ltr'><strong>autem</strong></span> <span class='ocrx_word' id='word_1_384' title='bbox 1200 5055 1323 5094; x_wconf 91' lang='lat' dir='ltr'><strong>cum</strong></span> <span class='ocrx_word' id='word_1_385' title='bbox 1353 5039 1495 5096; x_wconf 90' lang='lat' dir='ltr'><strong>aliud</strong></span> <span class='ocrx_word' id='word_1_386' title='bbox 1529 5042 1657 5095; x_wconf 91' lang='lat' dir='ltr'><strong>nihil</strong></span> <span class='ocrx_word' id='word_1_387' title='bbox 1684 5040 1765 5096; x_wconf 86' lang='lat' dir='ltr'><strong>di-</strong></span> 
     </span>
    </p>
   </div>
   <div class='ocr_carea' id='block_1_52' title="bbox 181 5131 1764 5203">
    <p class='ocr_par' dir='ltr' id='par_1_52' title="bbox 181 5131 1764 5203">
     <span class='ocr_line' id='line_1_52' title="bbox 181 5131 1764 5203; baseline 0.001 -17"><span class='ocrx_word' id='word_1_388' title='bbox 181 5142 299 5188; x_wconf 84' lang='lat' dir='ltr'><strong>cant</strong></span> <span class='ocrx_word' id='word_1_389' title='bbox 326 5148 449 5189; x_wconf 86' lang='lat' dir='ltr'><strong>esse</strong></span> <span class='ocrx_word' id='word_1_390' title='bbox 467 5132 699 5186; x_wconf 87' lang='lat' dir='ltr'><strong>animam</strong></span> <span class='ocrx_word' id='word_1_391' title='bbox 725 5146 885 5202; x_wconf 88' lang='lat' dir='ltr'><strong>quam</strong></span> <span class='ocrx_word' id='word_1_392' title='bbox 917 5131 1085 5202; x_wconf 82' lang='lat' dir='ltr'><strong>ipsam</strong></span> <span class='ocrx_word' id='word_1_393' title='bbox 1108 5131 1198 5184; x_wconf 90' lang='lat' dir='ltr'><strong>Dei</strong></span> <span class='ocrx_word' id='word_1_394' title='bbox 1217 5131 1764 5203; x_wconf 88' lang='lat' dir='ltr'><strong>substantiam,atque</strong></span> 
     </span>
    </p>
   </div>
   <div class='ocr_carea' id='block_1_53' title="bbox 184 5222 1761 5295">
    <p class='ocr_par' dir='ltr' id='par_1_53' title="bbox 184 5222 1761 5295">
     <span class='ocr_line' id='line_1_53' title="bbox 184 5222 1761 5295; baseline 0 -15"><span class='ocrx_word' id='word_1_395' title='bbox 184 5224 233 5279; x_wconf 92' lang='lat' dir='ltr'><strong>id</strong></span> <span class='ocrx_word' id='word_1_396' title='bbox 258 5227 476 5280; x_wconf 87' lang='lat' dir='ltr'><strong>omnino</strong></span> <span class='ocrx_word' id='word_1_397' title='bbox 502 5223 643 5295; x_wconf 89' lang='lat' dir='ltr'><strong>quod</strong></span> <span class='ocrx_word' id='word_1_398' title='bbox 666 5224 807 5279; x_wconf 88' lang='lat' dir='ltr'><strong>Deus</strong></span> <span class='ocrx_word' id='word_1_399' title='bbox 825 5232 927 5291; x_wconf 88' lang='lat' dir='ltr'><strong>est,</strong></span> <span class='ocrx_word' id='word_1_400' title='bbox 951 5238 1057 5278; x_wconf 92' lang='lat' dir='ltr'><strong>non</strong></span> <span class='ocrx_word' id='word_1_401' title='bbox 1087 5222 1353 5293; x_wconf 84' lang='lat' dir='ltr'><strong>trepidant</strong></span> <span class='ocrx_word' id='word_1_402' title='bbox 1373 5238 1491 5278; x_wconf 88' lang='lat' dir='ltr'><strong>eam</strong></span> <span class='ocrx_word' id='word_1_403' title='bbox 1512 5234 1616 5279; x_wconf 84' lang='lat' dir='ltr'><strong>tam</strong></span> <span class='ocrx_word' id='word_1_404' title='bbox 1646 5234 1761 5280; x_wconf 87' lang='lat' dir='ltr'><strong>tur-</strong></span> 
     </span>
    </p>
   </div>
   <div class='ocr_carea' id='block_1_54' title="bbox 184 5315 1764 5389">
    <p class='ocr_par' dir='ltr' id='par_1_54' title="bbox 184 5315 1764 5389">
     <span class='ocr_line' id='line_1_54' title="bbox 184 5315 1764 5389; baseline 0.001 -18"><span class='ocrx_word' id='word_1_405' title='bbox 184 5318 317 5389; x_wconf 87' lang='lat' dir='ltr'><strong>piter</strong></span> <span class='ocrx_word' id='word_1_406' title='bbox 341 5316 775 5373; x_wconf 83' lang='lat' dir='ltr'><strong>commutabilem</strong></span> <span class='ocrx_word' id='word_1_407' title='bbox 793 5315 993 5381; x_wconf 87' lang='lat' dir='ltr'><strong>dicere,</strong></span> <span class='ocrx_word' id='word_1_408' title='bbox 1018 5326 1074 5370; x_wconf 86' lang='lat' dir='ltr'><strong>ut</strong></span> <span class='ocrx_word' id='word_1_409' title='bbox 1104 5315 1306 5369; x_wconf 90' lang='lat' dir='ltr'><strong>nullum</strong></span> <span class='ocrx_word' id='word_1_410' title='bbox 1346 5316 1417 5370; x_wconf 87' lang='lat' dir='ltr'><strong>sit</strong></span> <span class='ocrx_word' id='word_1_411' title='bbox 1444 5316 1622 5372; x_wconf 75' lang='lat' dir='ltr'><strong>herbae</strong></span> <span class='ocrx_word' id='word_1_412' title='bbox 1666 5332 1764 5372; x_wconf 89' lang='lat' dir='ltr'><strong>seu</strong></span> 
     </span>
    </p>
   </div>
   <div class='ocr_carea' id='block_1_55' title="bbox 184 5406 1763 5479">
    <p class='ocr_par' dir='ltr' id='par_1_55' title="bbox 184 5406 1763 5479">
     <span class='ocr_line' id='line_1_55' title="bbox 184 5406 1763 5479; baseline 0.001 -17"><span class='ocrx_word' id='word_1_413' title='bbox 184 5408 454 5464; x_wconf 84' lang='lat' dir='ltr'><strong>vermiculi</strong></span> <span class='ocrx_word' id='word_1_414' title='bbox 502 5422 695 5479; x_wconf 89' lang='lat' dir='ltr'><strong>genus,</strong></span> <span class='ocrx_word' id='word_1_415' title='bbox 724 5406 813 5462; x_wconf 86' lang='lat' dir='ltr'><strong>ubi</strong></span> <span class='ocrx_word' id='word_1_416' title='bbox 862 5420 982 5461; x_wconf 84' lang='lat' dir='ltr'><strong>eam</strong></span> <span class='ocrx_word' id='word_1_417' title='bbox 1027 5420 1134 5461; x_wconf 89' lang='lat' dir='ltr'><strong>non</strong></span> <span class='ocrx_word' id='word_1_418' title='bbox 1175 5420 1297 5461; x_wconf 83' lang='lat' dir='ltr'><strong>esse</strong></span> <span class='ocrx_word' id='word_1_419' title='bbox 1324 5407 1659 5475; x_wconf 74' lang='lat' dir='ltr'><strong>permixtam,</strong></span> <span class='ocrx_word' id='word_1_420' title='bbox 1678 5408 1763 5463; x_wconf 88' lang='lat' dir='ltr'><strong>vel</strong></span> 
     </span>
    </p>
   </div>
   <div class='ocr_carea' id='block_1_56' title="bbox 184 5496 1762 5571">
    <p class='ocr_par' dir='ltr' id='par_1_56' title="bbox 184 5496 1762 5571">
     <span class='ocr_line' id='line_1_56' title="bbox 184 5496 1762 5571; baseline -0.001 -16"><span class='ocrx_word' id='word_1_421' title='bbox 184 5516 289 5571; x_wconf 87' lang='lat' dir='ltr'><strong>quo</strong></span> <span class='ocrx_word' id='word_1_422' title='bbox 316 5501 518 5556; x_wconf 83' lang='lat' dir='ltr'><strong>revolvi</strong></span> <span class='ocrx_word' id='word_1_423' title='bbox 550 5515 657 5555; x_wconf 92' lang='lat' dir='ltr'><strong>non</strong></span> <span class='ocrx_word' id='word_1_424' title='bbox 686 5498 1087 5571; x_wconf 85' lang='lat' dir='ltr'><strong>possemirabili</strong></span> <span class='ocrx_word' id='word_1_425' title='bbox 1114 5496 1397 5567; x_wconf 85' lang='lat' dir='ltr'><strong>epinentur</strong></span> <span class='ocrx_word' id='word_1_426' title='bbox 1420 5498 1643 5554; x_wconf 89' lang='lat' dir='ltr'><strong>insania.</strong></span> <span class='ocrx_word' id='word_1_427' title='bbox 1661 5499 1762 5568; x_wconf 88' lang='lat' dir='ltr'><strong>Qui</strong></span> 
     </span>
    </p>
   </div>
   <div class='ocr_carea' id='block_1_57' title="bbox 185 5590 1765 5649">
    <p class='ocr_par' dir='ltr' id='par_1_57' title="bbox 185 5590 1765 5649">
     <span class='ocr_line' id='line_1_57' title="bbox 185 5590 1765 5649; baseline 0.002 -5"><span class='ocrx_word' id='word_1_428' title='bbox 185 5597 363 5649; x_wconf 83' lang='lat' dir='ltr'><strong>tamen</strong></span> <span class='ocrx_word' id='word_1_429' title='bbox 394 5595 437 5647; x_wconf 89' lang='lat' dir='ltr'><strong>si</strong></span> <span class='ocrx_word' id='word_1_430' title='bbox 463 5592 687 5649; x_wconf 87' lang='lat' dir='ltr'><strong>remotis</strong></span> <span class='ocrx_word' id='word_1_431' title='bbox 714 5592 781 5647; x_wconf 89' lang='lat' dir='ltr'><strong>ab</strong></span> <span class='ocrx_word' id='word_1_432' title='bbox 803 5590 984 5645; x_wconf 91' lang='lat' dir='ltr'><strong>animo</strong></span> <span class='ocrx_word' id='word_1_433' title='bbox 1032 5605 1131 5644; x_wconf 90' lang='lat' dir='ltr'><strong>suo</strong></span> <span class='ocrx_word' id='word_1_434' title='bbox 1154 5605 1334 5645; x_wconf 90' lang='lat' dir='ltr'><strong>rerum</strong></span> <span class='ocrx_word' id='word_1_435' title='bbox 1360 5590 1765 5647; x_wconf 67' lang='lat' dir='ltr'><strong>obscurissima»</strong></span> 
     </span>
    </p>
   </div>
   <div class='ocr_carea' id='block_1_58' title="bbox 130 5681 1757 5755">
    <p class='ocr_par' dir='ltr' id='par_1_58' title="bbox 130 5681 1757 5755">
     <span class='ocr_line' id='line_1_58' title="bbox 130 5681 1757 5755; baseline 0.002 -17"><span class='ocrx_word' id='word_1_436' title='bbox 130 5704 136 5709; x_wconf 66' lang='lat'><strong><em>-</em></strong></span> <span class='ocrx_word' id='word_1_437' title='bbox 184 5696 301 5738; x_wconf 86' lang='lat' dir='ltr'><strong>rum</strong></span> <span class='ocrx_word' id='word_1_438' title='bbox 331 5684 731 5755; x_wconf 73' lang='lat' dir='ltr'><strong>qumstionibus,</strong></span> <span class='ocrx_word' id='word_1_439' title='bbox 762 5697 895 5753; x_wconf 90' lang='lat' dir='ltr'><strong>quas</strong></span> <span class='ocrx_word' id='word_1_440' title='bbox 915 5682 1121 5738; x_wconf 84' lang='lat' dir='ltr'><strong>carnali</strong></span> <span class='ocrx_word' id='word_1_441' title='bbox 1145 5681 1307 5738; x_wconf 84' lang='lat' dir='ltr'><strong>corde</strong></span> <span class='ocrx_word' id='word_1_442' title='bbox 1335 5692 1629 5748; x_wconf 87' lang='lat' dir='ltr'><strong>versantes,</strong></span> <span class='ocrx_word' id='word_1_443' title='bbox 1659 5700 1757 5742; x_wconf 83' lang='lat' dir='ltr'><strong>ne-</strong></span> 
     </span>
    </p>
   </div>
   <div class='ocr_carea' id='block_1_59' title="bbox 186 5774 1758 5849">
    <p class='ocr_par' dir='ltr' id='par_1_59' title="bbox 186 5774 1758 5849">
     <span class='ocr_line' id='line_1_59' title="bbox 186 5774 1758 5849; baseline 0.003 -16"><span class='ocrx_word' id='word_1_444' title='bbox 186 5789 335 5833; x_wconf 87' lang='lat' dir='ltr'><strong>cesse</strong></span> <span class='ocrx_word' id='word_1_445' title='bbox 358 5785 440 5834; x_wconf 83' lang='lat' dir='ltr'><strong>est</strong></span> <span class='ocrx_word' id='word_1_446' title='bbox 461 5785 521 5833; x_wconf 90' lang='lat' dir='ltr'><strong>ut</strong></span> <span class='ocrx_word' id='word_1_447' title='bbox 541 5778 594 5833; x_wconf 88' lang='lat' dir='ltr'><strong>in</strong></span> <span class='ocrx_word' id='word_1_448' title='bbox 617 5776 894 5848; x_wconf 84' lang='lat' dir='ltr'><strong>opiniones</strong></span> <span class='ocrx_word' id='word_1_449' title='bbox 918 5774 1099 5842; x_wconf 84' lang='lat' dir='ltr'><strong>falsas,</strong></span> <span class='ocrx_word' id='word_1_450' title='bbox 1123 5774 1308 5832; x_wconf 80' lang='lat' dir='ltr'><strong>noxias</strong></span> <span class='ocrx_word' id='word_1_451' title='bbox 1328 5783 1758 5849; x_wconf 84' lang='lat' dir='ltr'><strong>moustrosasque</strong></span> 
     </span>
    </p>
   </div>
   <div class='ocr_carea' id='block_1_60' title="bbox 420 5868 1124 5937">
    <p class='ocr_par' dir='ltr' id='par_1_60' title="bbox 420 5868 1124 5937">
     <span class='ocr_line' id='line_1_60' title="bbox 420 5868 1124 5937; baseline -0.011 -1"><span class='ocrx_word' id='word_1_452' title='bbox 420 5872 646 5937; x_wconf 61' lang='lat' dir='ltr'><strong>Sacr.</strong></span> <span class='ocrx_word' id='word_1_453' title='bbox 693 5871 967 5933; x_wconf 74' lang='lat' dir='ltr'><strong>Auensr.</strong></span> <span class='ocrx_word' id='word_1_454' title='bbox 1014 5868 1124 5931; x_wconf 88' lang='lat' dir='ltr'><strong>Ill.</strong></span> 
     </span>
    </p>
   </div>
   <div class='ocr_carea' id='block_1_61' title="bbox 1497 310 2089 375">
    <p class='ocr_par' dir='ltr' id='par_1_61' title="bbox 1497 310 2089 375">
     <span class='ocr_line' id='line_1_61' title="bbox 1497 310 2089 375; baseline 0.002 -5"><span class='ocrx_word' id='word_1_455' title='bbox 1497 314 1699 371; x_wconf 75' lang='lat' dir='ltr'><strong>LIBER</strong></span> <span class='ocrx_word' id='word_1_456' title='bbox 1736 310 2089 375; x_wconf 81' lang='lat' dir='ltr'><strong>SEPTIMUS.</strong></span> 
     </span>
    </p>
   </div>
   <div class='ocr_carea' id='block_1_62' title="bbox 3360 327 3465 385">
    <p class='ocr_par' dir='ltr' id='par_1_62' title="bbox 3360 327 3465 385">
     <span class='ocr_line' id='line_1_62' title="bbox 3360 327 3465 385; baseline 0.019 -3"><span class='ocrx_word' id='word_1_457' title='bbox 3360 327 3465 385; x_wconf 68' lang='lat'><strong>36:!</strong></span> 
     </span>
    </p>
   </div>
   <div class='ocr_carea' id='block_1_63' title="bbox 1880 429 3462 499">
    <p class='ocr_par' dir='ltr' id='par_1_63' title="bbox 1880 429 3462 499">
     <span class='ocr_line' id='line_1_63' title="bbox 1880 429 3462 499; baseline 0.007 -14"><span class='ocrx_word' id='word_1_458' title='bbox 1880 429 2126 486; x_wconf 90' lang='lat' dir='ltr'><strong>labantur</strong></span> <span class='ocrx_word' id='word_1_459' title='bbox 2153 438 2207 484; x_wconf 91' lang='lat' dir='ltr'><strong>et</strong></span> <span class='ocrx_word' id='word_1_460' title='bbox 2244 429 2640 499; x_wconf 90' lang='lat' dir='ltr'><strong>provolvantur,</strong></span> <span class='ocrx_word' id='word_1_461' title='bbox 2682 446 2847 486; x_wconf 90' lang='lat' dir='ltr'><strong>unum</strong></span> <span class='ocrx_word' id='word_1_462' title='bbox 2894 430 3019 488; x_wconf 87' lang='lat' dir='ltr'><strong>illud</strong></span> <span class='ocrx_word' id='word_1_463' title='bbox 3050 436 3349 495; x_wconf 87' lang='lat' dir='ltr'><strong>firmissime</strong></span> <span class='ocrx_word' id='word_1_464' title='bbox 3380 452 3462 498; x_wconf 89' lang='lat' dir='ltr'><strong>te-</strong></span> 
     </span>
    </p>
   </div>
   <div class='ocr_carea' id='block_1_64' title="bbox 1881 522 3463 604">
    <p class='ocr_par' dir='ltr' id='par_1_64' title="bbox 1881 522 3463 604">
     <span class='ocr_line' id='line_1_64' title="bbox 1881 522 3463 604; baseline 0.009 -27"><span class='ocrx_word' id='word_1_465' title='bbox 1881 530 2065 588; x_wconf 87' lang='lat' dir='ltr'><strong>neant,</strong></span> <span class='ocrx_word' id='word_1_466' title='bbox 2095 522 2237 593; x_wconf 88' lang='lat' dir='ltr'><strong>quod</strong></span> <span class='ocrx_word' id='word_1_467' title='bbox 2266 524 2413 579; x_wconf 92' lang='lat' dir='ltr'><strong>omni</strong></span> <span class='ocrx_word' id='word_1_468' title='bbox 2452 525 2645 581; x_wconf 66' lang='lat' dir='ltr'><strong>animae</strong></span> <span class='ocrx_word' id='word_1_469' title='bbox 2675 526 2918 585; x_wconf 87' lang='lat' dir='ltr'><strong>rationali</strong></span> <span class='ocrx_word' id='word_1_470' title='bbox 2954 530 3071 586; x_wconf 92' lang='lat' dir='ltr'><strong>sine</strong></span> <span class='ocrx_word' id='word_1_471' title='bbox 3098 533 3253 589; x_wconf 92' lang='lat' dir='ltr'><strong>ullius</strong></span> <span class='ocrx_word' id='word_1_472' title='bbox 3278 534 3463 604; x_wconf 84' lang='lat' dir='ltr'><strong>dispu-</strong></span> 
     </span>
    </p>
   </div>
   <div class='ocr_carea' id='block_1_65' title="bbox 1880 614 3466 686">
    <p class='ocr_par' dir='ltr' id='par_1_65' title="bbox 1880 614 3466 686">
     <span class='ocr_line' id='line_1_65' title="bbox 1880 614 3466 686; baseline 0.011 -19"><span class='ocrx_word' id='word_1_473' title='bbox 1880 614 2097 669; x_wconf 90' lang='lat' dir='ltr'><strong>tationis</strong></span> <span class='ocrx_word' id='word_1_474' title='bbox 2138 615 2449 686; x_wconf 82' lang='lat' dir='ltr'><strong>ambagibus</strong></span> <span class='ocrx_word' id='word_1_475' title='bbox 2493 618 2806 675; x_wconf 85' lang='lat' dir='ltr'><strong>naturaliter</strong></span> <span class='ocrx_word' id='word_1_476' title='bbox 2852 630 2909 677; x_wconf 92' lang='lat' dir='ltr'><strong>et</strong></span> <span class='ocrx_word' id='word_1_477' title='bbox 2952 625 3214 680; x_wconf 89' lang='lat' dir='ltr'><strong>veraciter</strong></span> <span class='ocrx_word' id='word_1_478' title='bbox 3247 626 3466 685; x_wconf 88' lang='lat' dir='ltr'><strong>insitum</strong></span> 
     </span>
    </p>
   </div>
   <div class='ocr_carea' id='block_1_66' title="bbox 1881 707 3466 789">
    <p class='ocr_par' dir='ltr' id='par_1_66' title="bbox 1881 707 3466 789">
     <span class='ocr_line' id='line_1_66' title="bbox 1881 707 3466 789; baseline 0.012 -32"><span class='ocrx_word' id='word_1_479' title='bbox 1881 712 1983 771; x_wconf 90' lang='lat' dir='ltr'><strong>est,</strong></span> <span class='ocrx_word' id='word_1_480' title='bbox 2013 719 2132 760; x_wconf 87' lang='lat' dir='ltr'><strong>esse</strong></span> <span class='ocrx_word' id='word_1_481' title='bbox 2156 707 2375 762; x_wconf 90' lang='lat' dir='ltr'><strong>omnino</strong></span> <span class='ocrx_word' id='word_1_482' title='bbox 2396 707 2883 769; x_wconf 88' lang='lat' dir='ltr'><strong>incommutabilem</strong></span> <span class='ocrx_word' id='word_1_483' title='bbox 2908 723 2962 769; x_wconf 91' lang='lat' dir='ltr'><strong>et</strong></span> <span class='ocrx_word' id='word_1_484' title='bbox 3006 716 3466 789; x_wconf 85' lang='lat' dir='ltr'><strong>incorruptibilcm</strong></span> 
     </span>
    </p>
   </div>
   <div class='ocr_carea' id='block_1_67' title="bbox 1879 793 3465 878">
    <p class='ocr_par' dir='ltr' id='par_1_67' title="bbox 1879 793 3465 878">
     <span class='ocr_line' id='line_1_67' title="bbox 1879 793 3465 878; baseline 0.011 -30"><span class='ocrx_word' id='word_1_485' title='bbox 1879 793 2081 863; x_wconf 89' lang='lat' dir='ltr'><strong>Deum;</strong></span> <span class='ocrx_word' id='word_1_486' title='bbox 2111 805 2219 851; x_wconf 87' lang='lat' dir='ltr'><strong>tota</strong></span> <span class='ocrx_word' id='word_1_487' title='bbox 2266 813 2448 853; x_wconf 92' lang='lat' dir='ltr'><strong>eorum</strong></span> <span class='ocrx_word' id='word_1_488' title='bbox 2491 799 2639 857; x_wconf 91' lang='lat' dir='ltr'><strong>mille</strong></span> <span class='ocrx_word' id='word_1_489' title='bbox 2669 800 2855 859; x_wconf 88' lang='lat' dir='ltr'><strong>formis</strong></span> <span class='ocrx_word' id='word_1_490' title='bbox 2881 803 3053 860; x_wconf 86' lang='lat' dir='ltr'><strong>fabula</strong></span> <span class='ocrx_word' id='word_1_491' title='bbox 3081 818 3299 878; x_wconf 86' lang='lat' dir='ltr'><strong>repente</strong></span> <span class='ocrx_word' id='word_1_492' title='bbox 3329 810 3465 866; x_wconf 88' lang='lat' dir='ltr'><strong>dila-</strong></span> 
     </span>
    </p>
   </div>
   <div class='ocr_carea' id='block_1_68' title="bbox 1876 885 3463 967">
    <p class='ocr_par' dir='ltr' id='par_1_68' title="bbox 1876 885 3463 967">
     <span class='ocr_line' id='line_1_68' title="bbox 1876 885 3463 967; baseline 0.011 -26"><span class='ocrx_word' id='word_1_493' title='bbox 1876 885 2038 955; x_wconf 88' lang='lat' dir='ltr'><strong>bitur,</strong></span> <span class='ocrx_word' id='word_1_494' title='bbox 2066 904 2225 959; x_wconf 88' lang='lat' dir='ltr'><strong>quam</strong></span> <span class='ocrx_word' id='word_1_495' title='bbox 2248 890 2301 942; x_wconf 92' lang='lat' dir='ltr'><strong>in</strong></span> <span class='ocrx_word' id='word_1_496' title='bbox 2329 890 2440 945; x_wconf 89' lang='lat' dir='ltr'><strong>suis</strong></span> <span class='ocrx_word' id='word_1_497' title='bbox 2461 892 2609 947; x_wconf 89' lang='lat' dir='ltr'><strong>vanis</strong></span> <span class='ocrx_word' id='word_1_498' title='bbox 2623 908 2686 948; x_wconf 91' lang='lat' dir='ltr'><strong>ac</strong></span> <span class='ocrx_word' id='word_1_499' title='bbox 2710 895 2978 967; x_wconf 84' lang='lat' dir='ltr'><strong>sacrilegis</strong></span> <span class='ocrx_word' id='word_1_500' title='bbox 3009 898 3295 967; x_wconf 88' lang='lat' dir='ltr'><strong>mentibus,</strong></span> <span class='ocrx_word' id='word_1_501' title='bbox 3321 916 3463 958; x_wconf 83' lang='lat' dir='ltr'><strong>non-</strong></span> 
     </span>
    </p>
   </div>
   <div class='ocr_carea' id='block_1_69' title="bbox 1876 976 3220 1050">
    <p class='ocr_par' dir='ltr' id='par_1_69' title="bbox 1876 976 3220 1050">
     <span class='ocr_line' id='line_1_69' title="bbox 1876 976 3220 1050; baseline 0.011 -20"><span class='ocrx_word' id='word_1_502' title='bbox 1876 977 1977 1031; x_wconf 86' lang='lat' dir='ltr'><strong>nisi</strong></span> <span class='ocrx_word' id='word_1_503' title='bbox 1995 976 2062 1033; x_wconf 92' lang='lat' dir='ltr'><strong>de</strong></span> <span class='ocrx_word' id='word_1_504' title='bbox 2085 979 2177 1034; x_wconf 87' lang='lat' dir='ltr'><strong>Dei</strong></span> <span class='ocrx_word' id='word_1_505' title='bbox 2201 980 2502 1050; x_wconf 87' lang='lat' dir='ltr'><strong>turpissima</strong></span> <span class='ocrx_word' id='word_1_506' title='bbox 2533 984 2886 1042; x_wconf 87' lang='lat' dir='ltr'><strong>mutabilitate</strong></span> <span class='ocrx_word' id='word_1_507' title='bbox 2910 981 3220 1045; x_wconf 43' lang='lat' dir='ltr'><strong>finxerunt.‘</strong></span> 
     </span>
    </p>
   </div>
   <div class='ocr_carea' id='block_1_70' title="bbox 1949 1070 3463 1153">
    <p class='ocr_par' dir='ltr' id='par_1_70' title="bbox 1949 1070 3463 1153">
     <span class='ocr_line' id='line_1_70' title="bbox 1949 1070 3463 1153; baseline 0.013 -28"><span class='ocrx_word' id='word_1_508' title='bbox 1949 1070 2037 1126; x_wconf 79' lang='lat' dir='ltr'><strong>f8.</strong></span> <span class='ocrx_word' id='word_1_509' title='bbox 2076 1070 2193 1126; x_wconf 88' lang='lat' dir='ltr'><strong>Non</strong></span> <span class='ocrx_word' id='word_1_510' title='bbox 2219 1082 2301 1128; x_wconf 88' lang='lat' dir='ltr'><strong>est</strong></span> <span class='ocrx_word' id='word_1_511' title='bbox 2326 1074 2482 1145; x_wconf 82' lang='lat' dir='ltr'><strong>igitur</strong></span> <span class='ocrx_word' id='word_1_512' title='bbox 2503 1079 2751 1133; x_wconf 88' lang='lat' dir='ltr'><strong>materies</strong></span> <span class='ocrx_word' id='word_1_513' title='bbox 2776 1080 2968 1136; x_wconf 63' lang='lat' dir='ltr'><strong>anima:</strong></span> <span class='ocrx_word' id='word_1_514' title='bbox 2992 1080 3260 1153; x_wconf 66' lang='lat' dir='ltr'><strong>humanm,</strong></span> <span class='ocrx_word' id='word_1_515' title='bbox 3284 1087 3463 1143; x_wconf 85' lang='lat' dir='ltr'><strong>anima</strong></span> 
     </span>
    </p>
   </div>
   <div class='ocr_carea' id='block_1_71' title="bbox 1875 1161 3126 1219">
    <p class='ocr_par' dir='ltr' id='par_1_71' title="bbox 1875 1161 3126 1219">
     <span class='ocr_line' id='line_1_71' title="bbox 1875 1161 3126 1219; baseline 0.003 -3"><span class='ocrx_word' id='word_1_516' title='bbox 1875 1161 2219 1219; x_wconf 89' lang='lat' dir='ltr'><strong>irrationalis.</strong></span> <span class='ocrx_word' id='word_1_517' title='bbox 3118 1182 3126 1187; x_wconf 82' lang='lat'>&#39;</span> 
     </span>
    </p>
   </div>
   <div class='ocr_carea' id='block_1_72' title="bbox 2016 1275 3320 1363">
    <p class='ocr_par' dir='ltr' id='par_1_72' title="bbox 2016 1275 3320 1363">
     <span class='ocr_line' id='line_1_72' title="bbox 2016 1275 3320 1363; baseline 0.015 -32"><span class='ocrx_word' id='word_1_518' title='bbox 2016 1275 2242 1335; x_wconf 84' lang='lat' dir='ltr'><strong>CAPUT</strong></span> <span class='ocrx_word' id='word_1_519' title='bbox 2281 1280 2394 1335; x_wconf 82' lang='lat' dir='ltr'><strong>XII.</strong></span> <span class='ocrx_word' id='word_1_520' title='bbox 2422 1285 2696 1339; x_wconf 78' lang='lat' dir='ltr'><strong>—Anima</strong></span> <span class='ocrx_word' id='word_1_521' title='bbox 2736 1302 2837 1340; x_wconf 85' lang='lat' dir='ltr'><strong>non</strong></span> <span class='ocrx_word' id='word_1_522' title='bbox 2876 1298 2951 1342; x_wconf 72' lang='lat' dir='ltr'><strong>est</strong></span> <span class='ocrx_word' id='word_1_523' title='bbox 2979 1306 3043 1344; x_wconf 79' lang='lat' dir='ltr'><strong>ea:</strong></span> <span class='ocrx_word' id='word_1_524' title='bbox 3078 1308 3320 1363; x_wconf 85' lang='lat' dir='ltr'><strong>corporeo</strong></span> 
     </span>
    </p>
   </div>
   <div class='ocr_carea' id='block_1_73' title="bbox 2541 1376 2803 1432">
    <p class='ocr_par' dir='ltr' id='par_1_73' title="bbox 2541 1376 2803 1432">
     <span class='ocr_line' id='line_1_73' title="bbox 2541 1376 2803 1432; baseline 0 -1"><span class='ocrx_word' id='word_1_525' title='bbox 2541 1376 2803 1432; x_wconf 83' lang='lat' dir='ltr'><strong>elemento.</strong></span> 
     </span>
    </p>
   </div>
   <div class='ocr_carea' id='block_1_74' title="bbox 1948 1481 3462 1559">
    <p class='ocr_par' dir='ltr' id='par_1_74' title="bbox 1948 1481 3462 1559">
     <span class='ocr_line' id='line_1_74' title="bbox 1948 1481 3462 1559; baseline 0.016 -24"><span class='ocrx_word' id='word_1_526' title='bbox 1948 1481 2086 1547; x_wconf 87' lang='lat' dir='ltr'><strong>Quid</strong></span> <span class='ocrx_word' id='word_1_527' title='bbox 2115 1492 2197 1538; x_wconf 91' lang='lat' dir='ltr'><strong>est</strong></span> <span class='ocrx_word' id='word_1_528' title='bbox 2218 1500 2366 1555; x_wconf 87' lang='lat' dir='ltr'><strong>ergo,</strong></span> <span class='ocrx_word' id='word_1_529' title='bbox 2410 1487 2549 1544; x_wconf 91' lang='lat' dir='ltr'><strong>unde</strong></span> <span class='ocrx_word' id='word_1_530' title='bbox 2579 1490 2756 1545; x_wconf 88' lang='lat' dir='ltr'><strong>anima</strong></span> <span class='ocrx_word' id='word_1_531' title='bbox 2782 1491 2906 1548; x_wconf 86' lang='lat' dir='ltr'><strong>flatu</strong></span> <span class='ocrx_word' id='word_1_532' title='bbox 2934 1495 3026 1550; x_wconf 92' lang='lat' dir='ltr'><strong>Dei</strong></span> <span class='ocrx_word' id='word_1_533' title='bbox 3070 1496 3208 1553; x_wconf 90' lang='lat' dir='ltr'><strong>facta</strong></span> <span class='ocrx_word' id='word_1_534' title='bbox 3231 1502 3350 1555; x_wconf 88' lang='lat' dir='ltr'><strong>est?</strong></span> <span class='ocrx_word' id='word_1_535' title='bbox 3376 1504 3462 1559; x_wconf 85' lang='lat' dir='ltr'><strong>An</strong></span> 
     </span>
    </p>
   </div>
   <div class='ocr_carea' id='block_1_75' title="bbox 1874 1574 3463 1654">
    <p class='ocr_par' dir='ltr' id='par_1_75' title="bbox 1874 1574 3463 1654">
     <span class='ocr_line' id='line_1_75' title="bbox 1874 1574 3463 1654; baseline 0.014 -29"><span class='ocrx_word' id='word_1_536' title='bbox 1874 1586 2067 1643; x_wconf 89' lang='lat' dir='ltr'><strong>corpus</strong></span> <span class='ocrx_word' id='word_1_537' title='bbox 2106 1574 2317 1645; x_wconf 87' lang='lat' dir='ltr'><strong>aliquod</strong></span> <span class='ocrx_word' id='word_1_538' title='bbox 2356 1589 2471 1633; x_wconf 89' lang='lat' dir='ltr'><strong>erat</strong></span> <span class='ocrx_word' id='word_1_539' title='bbox 2517 1588 2784 1637; x_wconf 86' lang='lat' dir='ltr'><strong>terrenum</strong></span> <span class='ocrx_word' id='word_1_540' title='bbox 2815 1585 3027 1654; x_wconf 88' lang='lat' dir='ltr'><strong>quidem</strong></span> <span class='ocrx_word' id='word_1_541' title='bbox 3074 1597 3128 1642; x_wconf 87' lang='lat' dir='ltr'><strong>et</strong></span> <span class='ocrx_word' id='word_1_542' title='bbox 3155 1590 3463 1648; x_wconf 75' lang='lat' dir='ltr'><strong>humidum?</strong></span> 
     </span>
    </p>
   </div>
   <div class='ocr_carea' id='block_1_76' title="bbox 1874 1663 3462 1743">
    <p class='ocr_par' dir='ltr' id='par_1_76' title="bbox 1874 1663 3462 1743">
     <span class='ocr_line' id='line_1_76' title="bbox 1874 1663 3462 1743; baseline 0.013 -26"><span class='ocrx_word' id='word_1_543' title='bbox 1874 1663 2030 1718; x_wconf 90' lang='lat' dir='ltr'><strong>Nullo</strong></span> <span class='ocrx_word' id='word_1_544' title='bbox 2075 1666 2231 1720; x_wconf 82' lang='lat' dir='ltr'><strong>modo</strong></span> <span class='ocrx_word' id='word_1_545' title='bbox 2267 1668 2431 1724; x_wconf 89' lang='lat' dir='ltr'><strong>:hinc</strong></span> <span class='ocrx_word' id='word_1_546' title='bbox 2474 1670 2618 1725; x_wconf 88' lang='lat' dir='ltr'><strong>enim</strong></span> <span class='ocrx_word' id='word_1_547' title='bbox 2666 1674 2843 1743; x_wconf 90' lang='lat' dir='ltr'><strong>potius</strong></span> <span class='ocrx_word' id='word_1_548' title='bbox 2883 1691 3009 1731; x_wconf 86' lang='lat' dir='ltr'><strong>caro</strong></span> <span class='ocrx_word' id='word_1_549' title='bbox 3048 1678 3181 1733; x_wconf 88' lang='lat' dir='ltr'><strong>facta</strong></span> <span class='ocrx_word' id='word_1_550' title='bbox 3204 1692 3305 1735; x_wconf 91' lang='lat' dir='ltr'><strong>est.</strong></span> <span class='ocrx_word' id='word_1_551' title='bbox 3328 1682 3462 1738; x_wconf 88' lang='lat' dir='ltr'><strong>Nam</strong></span> 
     </span>
    </p>
   </div>
   <div class='ocr_carea' id='block_1_77' title="bbox 1874 1756 3465 1832">
    <p class='ocr_par' dir='ltr' id='par_1_77' title="bbox 1874 1756 3465 1832">
     <span class='ocr_line' id='line_1_77' title="bbox 1874 1756 3465 1832; baseline 0.015 -25"><span class='ocrx_word' id='word_1_552' title='bbox 1874 1756 1998 1825; x_wconf 87' lang='lat' dir='ltr'><strong>quid</strong></span> <span class='ocrx_word' id='word_1_553' title='bbox 2019 1756 2159 1810; x_wconf 87' lang='lat' dir='ltr'><strong>aliud</strong></span> <span class='ocrx_word' id='word_1_554' title='bbox 2191 1769 2273 1813; x_wconf 91' lang='lat' dir='ltr'><strong>est</strong></span> <span class='ocrx_word' id='word_1_555' title='bbox 2300 1759 2458 1815; x_wconf 89' lang='lat' dir='ltr'><strong>limus</strong></span> <span class='ocrx_word' id='word_1_556' title='bbox 2487 1777 2645 1832; x_wconf 90' lang='lat' dir='ltr'><strong>quam</strong></span> <span class='ocrx_word' id='word_1_557' title='bbox 2690 1774 2828 1819; x_wconf 85' lang='lat' dir='ltr'><strong>terra</strong></span> <span class='ocrx_word' id='word_1_558' title='bbox 2854 1766 3112 1823; x_wconf 87' lang='lat' dir='ltr'><strong>humida?</strong></span> <span class='ocrx_word' id='word_1_559' title='bbox 3139 1771 3247 1827; x_wconf 85' lang='lat' dir='ltr'><strong>Nec</strong></span> <span class='ocrx_word' id='word_1_560' title='bbox 3266 1773 3335 1829; x_wconf 90' lang='lat' dir='ltr'><strong>de</strong></span> <span class='ocrx_word' id='word_1_561' title='bbox 3364 1775 3465 1831; x_wconf 86' lang='lat' dir='ltr'><strong>ltu-</strong></span> 
     </span>
    </p>
   </div>
   <div class='ocr_carea' id='block_1_78' title="bbox 1873 1851 3466 1935">
    <p class='ocr_par' dir='ltr' id='par_1_78' title="bbox 1873 1851 3466 1935">
     <span class='ocr_line' id='line_1_78' title="bbox 1873 1851 3466 1935; baseline 0.016 -34"><span class='ocrx_word' id='word_1_562' title='bbox 1873 1864 2025 1904; x_wconf 90' lang='lat' dir='ltr'><strong>more</strong></span> <span class='ocrx_word' id='word_1_563' title='bbox 2054 1851 2169 1906; x_wconf 91' lang='lat' dir='ltr'><strong>solo</strong></span> <span class='ocrx_word' id='word_1_564' title='bbox 2201 1852 2217 1883; x_wconf 83' lang='grc'>¹</span> <span class='ocrx_word' id='word_1_565' title='bbox 2248 1855 2425 1908; x_wconf 86' lang='lat' dir='ltr'><strong>anima</strong></span> <span class='ocrx_word' id='word_1_566' title='bbox 2453 1854 2592 1911; x_wconf 83' lang='lat' dir='ltr'><strong>facta</strong></span> <span class='ocrx_word' id='word_1_567' title='bbox 2621 1858 2889 1915; x_wconf 84' lang='lat' dir='ltr'><strong>credenda</strong></span> <span class='ocrx_word' id='word_1_568' title='bbox 2930 1872 3031 1927; x_wconf 90' lang='lat' dir='ltr'><strong>cst,</strong></span> <span class='ocrx_word' id='word_1_569' title='bbox 3059 1866 3210 1935; x_wconf 89' lang='lat' dir='ltr'><strong>quasi</strong></span> <span class='ocrx_word' id='word_1_570' title='bbox 3245 1882 3370 1922; x_wconf 89' lang='lat' dir='ltr'><strong>caro</strong></span> <span class='ocrx_word' id='word_1_571' title='bbox 3396 1869 3466 1927; x_wconf 87' lang='lat' dir='ltr'><strong>de</strong></span> 
     </span>
    </p>
   </div>
   <div class='ocr_carea' id='block_1_79' title="bbox 1875 1944 3460 2031">
    <p class='ocr_par' dir='ltr' id='par_1_79' title="bbox 1875 1944 3460 2031">
     <span class='ocr_line' id='line_1_79' title="bbox 1875 1944 3460 2031; baseline 0.015 -37"><span class='ocrx_word' id='word_1_572' title='bbox 1875 1950 2017 1995; x_wconf 89' lang='lat' dir='ltr'><strong>terra</strong></span> <span class='ocrx_word' id='word_1_573' title='bbox 2051 1952 2105 1997; x_wconf 91' lang='lat' dir='ltr'><strong>et</strong></span> <span class='ocrx_word' id='word_1_574' title='bbox 2143 1944 2319 1999; x_wconf 88' lang='lat' dir='ltr'><strong>anima</strong></span> <span class='ocrx_word' id='word_1_575' title='bbox 2361 1946 2430 2001; x_wconf 89' lang='lat' dir='ltr'><strong>de</strong></span> <span class='ocrx_word' id='word_1_576' title='bbox 2466 1963 2624 2019; x_wconf 90' lang='lat' dir='ltr'><strong>aqua.</strong></span> <span class='ocrx_word' id='word_1_577' title='bbox 2664 1949 2834 2007; x_wconf 86' lang='lat' dir='ltr'><strong>Nimis</strong></span> <span class='ocrx_word' id='word_1_578' title='bbox 2866 1953 3009 2008; x_wconf 89' lang='lat' dir='ltr'><strong>enim</strong></span> <span class='ocrx_word' id='word_1_579' title='bbox 3038 1956 3327 2013; x_wconf 89' lang='lat' dir='ltr'><strong>absurdum</strong></span> <span class='ocrx_word' id='word_1_580' title='bbox 3357 1972 3460 2031; x_wconf 88' lang='lat' dir='ltr'><strong>est,</strong></span> 
     </span>
    </p>
   </div>
   <div class='ocr_carea' id='block_1_80' title="bbox 1873 2032 3461 2115">
    <p class='ocr_par' dir='ltr' id='par_1_80' title="bbox 1873 2032 3461 2115">
     <span class='ocr_line' id='line_1_80' title="bbox 1873 2032 3461 2115; baseline 0.014 -28"><span class='ocrx_word' id='word_1_581' title='bbox 1873 2032 1999 2089; x_wconf 90' lang='lat' dir='ltr'><strong>inde</strong></span> <span class='ocrx_word' id='word_1_582' title='bbox 2016 2033 2205 2090; x_wconf 84' lang='lat' dir='ltr'><strong>factam</strong></span> <span class='ocrx_word' id='word_1_583' title='bbox 2236 2048 2424 2107; x_wconf 89' lang='lat' dir='ltr'><strong>putare</strong></span> <span class='ocrx_word' id='word_1_584' title='bbox 2469 2041 2704 2096; x_wconf 89' lang='lat' dir='ltr'><strong>animam</strong></span> <span class='ocrx_word' id='word_1_585' title='bbox 2743 2042 2995 2115; x_wconf 91' lang='lat' dir='ltr'><strong>hominis,</strong></span> <span class='ocrx_word' id='word_1_586' title='bbox 3042 2048 3181 2104; x_wconf 88' lang='lat' dir='ltr'><strong>unde</strong></span> <span class='ocrx_word' id='word_1_587' title='bbox 3210 2049 3349 2107; x_wconf 84' lang='lat' dir='ltr'><strong>facta</strong></span> <span class='ocrx_word' id='word_1_588' title='bbox 3377 2063 3461 2109; x_wconf 90' lang='lat' dir='ltr'><strong>est</strong></span> 
     </span>
    </p>
   </div>
   <div class='ocr_carea' id='block_1_81' title="bbox 1873 2129 2541 2197">
    <p class='ocr_par' dir='ltr' id='par_1_81' title="bbox 1873 2129 2541 2197">
     <span class='ocr_line' id='line_1_81' title="bbox 1873 2129 2541 2197; baseline 0.012 -17"><span class='ocrx_word' id='word_1_589' title='bbox 1873 2139 2000 2181; x_wconf 88' lang='lat' dir='ltr'><strong>caro</strong></span> <span class='ocrx_word' id='word_1_590' title='bbox 2030 2129 2191 2197; x_wconf 90' lang='lat' dir='ltr'><strong>piscis</strong></span> <span class='ocrx_word' id='word_1_591' title='bbox 2210 2140 2265 2184; x_wconf 92' lang='lat' dir='ltr'><strong>et</strong></span> <span class='ocrx_word' id='word_1_592' title='bbox 2290 2132 2541 2188; x_wconf 84' lang='lat' dir='ltr'><strong>volucris.</strong></span> 
     </span>
    </p>
   </div>
   <div class='ocr_carea' id='block_1_82' title="bbox 1948 2220 3464 2297">
    <p class='ocr_par' dir='ltr' id='par_1_82' title="bbox 1948 2220 3464 2297">
     <span class='ocr_line' id='line_1_82' title="bbox 1948 2220 3464 2297; baseline 0.016 -23"><span class='ocrx_word' id='word_1_593' title='bbox 1948 2220 2035 2276; x_wconf 78' lang='lat' dir='ltr'><strong>l9.</strong></span> <span class='ocrx_word' id='word_1_594' title='bbox 2078 2222 2217 2292; x_wconf 83' lang='lat' dir='ltr'><strong>Ergo</strong></span> <span class='ocrx_word' id='word_1_595' title='bbox 2256 2223 2496 2280; x_wconf 86' lang='lat' dir='ltr'><strong>fortassis</strong></span> <span class='ocrx_word' id='word_1_596' title='bbox 2538 2243 2604 2283; x_wconf 68' lang='lat' dir='ltr'><strong>ea</strong></span> <span class='ocrx_word' id='word_1_597' title='bbox 2650 2231 2811 2286; x_wconf 82' lang='lat' dir='ltr'><strong>aere?</strong></span> <span class='ocrx_word' id='word_1_598' title='bbox 2852 2232 2986 2289; x_wconf 83' lang='lat' dir='ltr'><strong>lluic</strong></span> <span class='ocrx_word' id='word_1_599' title='bbox 3022 2236 3165 2292; x_wconf 90' lang='lat' dir='ltr'><strong>cnim</strong></span> <span class='ocrx_word' id='word_1_600' title='bbox 3194 2239 3464 2297; x_wconf 88' lang='lat' dir='ltr'><strong>elemento</strong></span> 
     </span>
    </p>
   </div>
   <div class='ocr_carea' id='block_1_83' title="bbox 1874 2313 3463 2390">
    <p class='ocr_par' dir='ltr' id='par_1_83' title="bbox 1874 2313 3463 2390">
     <span class='ocr_line' id='line_1_83' title="bbox 1874 2313 3463 2390; baseline 0.016 -25"><span class='ocrx_word' id='word_1_601' title='bbox 1874 2313 2034 2367; x_wconf 88' lang='lat' dir='ltr'><strong>etiam</strong></span> <span class='ocrx_word' id='word_1_602' title='bbox 2057 2314 2508 2387; x_wconf 88' lang='lat' dir='ltr'><strong>flatuscompelit;</strong></span> <span class='ocrx_word' id='word_1_603' title='bbox 2543 2321 2639 2376; x_wconf 84' lang='lat' dir='ltr'><strong>sed</strong></span> <span class='ocrx_word' id='word_1_604' title='bbox 2673 2334 2872 2390; x_wconf 91' lang='lat' dir='ltr'><strong>noster,</strong></span> <span class='ocrx_word' id='word_1_605' title='bbox 2903 2342 3009 2382; x_wconf 90' lang='lat' dir='ltr'><strong>non</strong></span> <span class='ocrx_word' id='word_1_606' title='bbox 3049 2328 3160 2384; x_wconf 90' lang='lat' dir='ltr'><strong>Dei.</strong></span> <span class='ocrx_word' id='word_1_607' title='bbox 3187 2330 3340 2388; x_wconf 88' lang='lat' dir='ltr'><strong>Unde</strong></span> <span class='ocrx_word' id='word_1_608' title='bbox 3368 2349 3463 2390; x_wconf 89' lang='lat' dir='ltr'><strong>su-</strong></span> 
     </span>
    </p>
   </div>
   <div class='ocr_carea' id='block_1_84' title="bbox 1875 2402 3466 2490">
    <p class='ocr_par' dir='ltr' id='par_1_84' title="bbox 1875 2402 3466 2490">
     <span class='ocr_line' id='line_1_84' title="bbox 1875 2402 3466 2490; baseline 0.017 -36"><span class='ocrx_word' id='word_1_609' title='bbox 1875 2417 1969 2471; x_wconf 89' lang='lat' dir='ltr'><strong>pra</strong></span> <span class='ocrx_word' id='word_1_610' title='bbox 1997 2402 2229 2459; x_wconf 80' lang='lat' dir='ltr'><strong>diximus</strong></span> <span class='ocrx_word' id='word_1_611' title='bbox 2259 2406 2361 2462; x_wconf 93' lang='lat' dir='ltr'><strong>hoc</strong></span> <span class='ocrx_word' id='word_1_612' title='bbox 2386 2410 2622 2478; x_wconf 85' lang='lat' dir='ltr'><strong>potuisse</strong></span> <span class='ocrx_word' id='word_1_613' title='bbox 2668 2428 3023 2483; x_wconf 80' lang='lat' dir='ltr'><strong>congruenter</strong></span> <span class='ocrx_word' id='word_1_614' title='bbox 3050 2424 3245 2490; x_wconf 86' lang='lat' dir='ltr'><strong>putari.</strong></span> <span class='ocrx_word' id='word_1_615' title='bbox 3276 2429 3321 2479; x_wconf 88' lang='lat' dir='ltr'><strong>si</strong></span> <span class='ocrx_word' id='word_1_616' title='bbox 3349 2427 3466 2481; x_wconf 87' lang='lat' dir='ltr'><strong>ani-</strong></span> 
     </span>
    </p>
   </div>
   <div class='ocr_carea' id='block_1_85' title="bbox 1876 2497 3463 2573">
    <p class='ocr_par' dir='ltr' id='par_1_85' title="bbox 1876 2497 3463 2573">
     <span class='ocr_line' id='line_1_85' title="bbox 1876 2497 3463 2573; baseline 0.016 -26"><span class='ocrx_word' id='word_1_617' title='bbox 1876 2509 2017 2549; x_wconf 87' lang='lat' dir='ltr'><strong>mam</strong></span> <span class='ocrx_word' id='word_1_618' title='bbox 2065 2497 2247 2551; x_wconf 89' lang='lat' dir='ltr'><strong>mundi</strong></span> <span class='ocrx_word' id='word_1_619' title='bbox 2267 2508 2515 2571; x_wconf 87' lang='lat' dir='ltr'><strong>tanquam</strong></span> <span class='ocrx_word' id='word_1_620' title='bbox 2545 2504 2698 2558; x_wconf 88' lang='lat' dir='ltr'><strong>uttius</strong></span> <span class='ocrx_word' id='word_1_621' title='bbox 2726 2509 2941 2562; x_wconf 81' lang='lat' dir='ltr'><strong>maximi</strong></span> <span class='ocrx_word' id='word_1_622' title='bbox 2986 2512 3271 2568; x_wconf 88' lang='lat' dir='ltr'><strong>animantis</strong></span> <span class='ocrx_word' id='word_1_623' title='bbox 3296 2516 3463 2573; x_wconf 71' lang='lat' dir='ltr'><strong>Deum</strong></span> 
     </span>
    </p>
   </div>
   <div class='ocr_carea' id='block_1_86' title="bbox 1875 2584 3458 2676">
    <p class='ocr_par' dir='ltr' id='par_1_86' title="bbox 1875 2584 3458 2676">
     <span class='ocr_line' id='line_1_86' title="bbox 1875 2584 3458 2676; baseline 0.016 -39"><span class='ocrx_word' id='word_1_624' title='bbox 1875 2584 2235 2676; x_wconf 86' lang='lat' dir='ltr'><strong>crederemus,</strong></span> <span class='ocrx_word' id='word_1_625' title='bbox 2264 2599 2320 2644; x_wconf 91' lang='lat' dir='ltr'><strong>ut</strong></span> <span class='ocrx_word' id='word_1_626' title='bbox 2345 2592 2413 2645; x_wconf 90' lang='lat' dir='ltr'><strong>ita</strong></span> <span class='ocrx_word' id='word_1_627' title='bbox 2433 2607 2551 2647; x_wconf 89' lang='lat' dir='ltr'><strong>eam</strong></span> <span class='ocrx_word' id='word_1_628' title='bbox 2574 2593 2782 2651; x_wconf 84' lang='lat' dir='ltr'><strong>ﬂaverit</strong></span> <span class='ocrx_word' id='word_1_629' title='bbox 2802 2596 2868 2652; x_wconf 90' lang='lat' dir='ltr'><strong>dc</strong></span> <span class='ocrx_word' id='word_1_630' title='bbox 2893 2614 3019 2657; x_wconf 90' lang='lat' dir='ltr'><strong>aere</strong></span> <span class='ocrx_word' id='word_1_631' title='bbox 3072 2607 3315 2674; x_wconf 90' lang='lat' dir='ltr'><strong>corporis</strong></span> <span class='ocrx_word' id='word_1_632' title='bbox 3355 2611 3458 2676; x_wconf 88' lang='lat' dir='ltr'><strong>sui,</strong></span> 
     </span>
    </p>
   </div>
   <div class='ocr_carea' id='block_1_87' title="bbox 1881 2675 3466 2755">
    <p class='ocr_par' dir='ltr' id='par_1_87' title="bbox 1881 2675 3466 2755">
     <span class='ocr_line' id='line_1_87' title="bbox 1881 2675 3466 2755; baseline 0.016 -25"><span class='ocrx_word' id='word_1_633' title='bbox 1881 2676 2022 2730; x_wconf 85' lang='lat' dir='ltr'><strong>sicut</strong></span> <span class='ocrx_word' id='word_1_634' title='bbox 2042 2675 2135 2732; x_wconf 90' lang='lat' dir='ltr'><strong>flat</strong></span> <span class='ocrx_word' id='word_1_635' title='bbox 2166 2691 2344 2735; x_wconf 87' lang='lat' dir='ltr'><strong>nostra</strong></span> <span class='ocrx_word' id='word_1_636' title='bbox 2360 2681 2429 2738; x_wconf 91' lang='lat' dir='ltr'><strong>de</strong></span> <span class='ocrx_word' id='word_1_637' title='bbox 2456 2683 2702 2739; x_wconf 90' lang='lat' dir='ltr'><strong>sui.Cum</strong></span> <span class='ocrx_word' id='word_1_638' title='bbox 2730 2702 2855 2741; x_wconf 89' lang='lat' dir='ltr'><strong>vero</strong></span> <span class='ocrx_word' id='word_1_639' title='bbox 2878 2689 3045 2744; x_wconf 86' lang='lat' dir='ltr'><strong>Deum</strong></span> <span class='ocrx_word' id='word_1_640' title='bbox 3086 2708 3206 2749; x_wconf 90' lang='lat' dir='ltr'><strong>esse</strong></span> <span class='ocrx_word' id='word_1_641' title='bbox 3251 2675 3466 2755; x_wconf 87' lang='lat' dir='ltr'><strong>constet</strong></span> 
     </span>
    </p>
   </div>
   <div class='ocr_carea' id='block_1_88' title="bbox 1875 2773 3455 2860">
    <p class='ocr_par' dir='ltr' id='par_1_88' title="bbox 1875 2773 3455 2860">
     <span class='ocr_line' id='line_1_88' title="bbox 1875 2773 3455 2860; baseline 0.016 -38"><span class='ocrx_word' id='word_1_642' title='bbox 1875 2783 2035 2839; x_wconf 90' lang='lat' dir='ltr'><strong>supra</strong></span> <span class='ocrx_word' id='word_1_643' title='bbox 2056 2786 2214 2827; x_wconf 88' lang='lat' dir='ltr'><strong>omne</strong></span> <span class='ocrx_word' id='word_1_644' title='bbox 2234 2773 2416 2833; x_wconf 89' lang='lat' dir='ltr'><strong>mundi</strong></span> <span class='ocrx_word' id='word_1_645' title='bbox 2450 2790 2667 2850; x_wconf 83' lang='lat' dir='ltr'><strong>corpus,</strong></span> <span class='ocrx_word' id='word_1_646' title='bbox 2696 2789 2751 2837; x_wconf 89' lang='lat' dir='ltr'><strong>et</strong></span> <span class='ocrx_word' id='word_1_647' title='bbox 2770 2795 2927 2853; x_wconf 86' lang='lat' dir='ltr'><strong>supra</strong></span> <span class='ocrx_word' id='word_1_648' title='bbox 2954 2801 3167 2842; x_wconf 62' lang='lat' dir='ltr'><strong>clunem</strong></span> <span class='ocrx_word' id='word_1_649' title='bbox 3208 2789 3455 2860; x_wconf 77' lang='lat' dir='ltr'><strong>Spiritum</strong></span> 
     </span>
    </p>
   </div>
   <div class='ocr_carea' id='block_1_89' title="bbox 1875 2868 3466 2953">
    <p class='ocr_par' dir='ltr' id='par_1_89' title="bbox 1875 2868 3466 2953">
     <span class='ocr_line' id='line_1_89' title="bbox 1875 2868 3466 2953; baseline 0.014 -36"><span class='ocrx_word' id='word_1_650' title='bbox 1875 2875 2032 2935; x_wconf 86' lang='lat' dir='ltr'><strong>quem</strong></span> <span class='ocrx_word' id='word_1_651' title='bbox 2062 2868 2282 2934; x_wconf 91' lang='lat' dir='ltr'><strong>creavit,</strong></span> <span class='ocrx_word' id='word_1_652' title='bbox 2315 2870 2717 2940; x_wconf 88' lang='lat' dir='ltr'><strong>incomparabili</strong></span> <span class='ocrx_word' id='word_1_653' title='bbox 2752 2876 2969 2931; x_wconf 89' lang='lat' dir='ltr'><strong>omnino</strong></span> <span class='ocrx_word' id='word_1_654' title='bbox 3001 2876 3283 2947; x_wconf 90' lang='lat' dir='ltr'><strong>distantia;</strong></span> <span class='ocrx_word' id='word_1_655' title='bbox 3325 2898 3466 2953; x_wconf 82' lang='lat' dir='ltr'><strong>quo-</strong></span> 
     </span>
    </p>
   </div>
   <div class='ocr_carea' id='block_1_90' title="bbox 1875 2956 3464 3041">
    <p class='ocr_par' dir='ltr' id='par_1_90' title="bbox 1875 2956 3464 3041">
     <span class='ocr_line' id='line_1_90' title="bbox 1875 2956 3464 3041; baseline 0.013 -33"><span class='ocrx_word' id='word_1_656' title='bbox 1875 2956 2034 3011; x_wconf 90' lang='lat' dir='ltr'><strong>modo</strong></span> <span class='ocrx_word' id='word_1_657' title='bbox 2063 2957 2115 3011; x_wconf 89' lang='lat' dir='ltr'><strong>id</strong></span> <span class='ocrx_word' id='word_1_658' title='bbox 2141 2967 2286 3013; x_wconf 89' lang='lat' dir='ltr'><strong>recte</strong></span> <span class='ocrx_word' id='word_1_659' title='bbox 2304 2959 2407 3015; x_wconf 91' lang='lat' dir='ltr'><strong>diei</strong></span> <span class='ocrx_word' id='word_1_660' title='bbox 2433 2965 2640 3031; x_wconf 86' lang='lat' dir='ltr'><strong>potest?</strong></span> <span class='ocrx_word' id='word_1_661' title='bbox 2656 2964 2741 3018; x_wconf 89' lang='lat' dir='ltr'><strong>An</strong></span> <span class='ocrx_word' id='word_1_662' title='bbox 2762 2963 2897 3022; x_wconf 91' lang='lat' dir='ltr'><strong>forte</strong></span> <span class='ocrx_word' id='word_1_663' title='bbox 2921 2976 3118 3037; x_wconf 91' lang='lat' dir='ltr'><strong>quanto</strong></span> <span class='ocrx_word' id='word_1_664' title='bbox 3139 2973 3307 3041; x_wconf 79' lang='lat' dir='ltr'><strong>magis</strong></span> <span class='ocrx_word' id='word_1_665' title='bbox 3322 2973 3464 3030; x_wconf 87' lang='lat' dir='ltr'><strong>Deus</strong></span> 
     </span>
    </p>
   </div>
   <div class='ocr_carea' id='block_1_91' title="bbox 1874 3047 3463 3131">
    <p class='ocr_par' dir='ltr' id='par_1_91' title="bbox 1874 3047 3463 3131">
     <span class='ocr_line' id='line_1_91' title="bbox 1874 3047 3463 3131; baseline 0.013 -32"><span class='ocrx_word' id='word_1_666' title='bbox 1874 3047 2138 3103; x_wconf 74' lang='lat' dir='ltr'><strong>universa:</strong></span> <span class='ocrx_word' id='word_1_667' title='bbox 2163 3064 2273 3105; x_wconf 74' lang='lat' dir='ltr'><strong>suae</strong></span> <span class='ocrx_word' id='word_1_668' title='bbox 2292 3061 2550 3108; x_wconf 74' lang='lat' dir='ltr'><strong>creatura:</strong></span> <span class='ocrx_word' id='word_1_669' title='bbox 2576 3070 2811 3124; x_wconf 65' lang='lat' dir='ltr'><strong>praesens</strong></span> <span class='ocrx_word' id='word_1_670' title='bbox 2840 3068 2920 3112; x_wconf 92' lang='lat' dir='ltr'><strong>est</strong></span> <span class='ocrx_word' id='word_1_671' title='bbox 2942 3060 3325 3131; x_wconf 88' lang='lat' dir='ltr'><strong>omnipotentia</strong></span> <span class='ocrx_word' id='word_1_672' title='bbox 3351 3066 3463 3120; x_wconf 86' lang='lat' dir='ltr'><strong>sin-</strong></span> 
     </span>
    </p>
   </div>
   <div class='ocr_carea' id='block_1_92' title="bbox 1872 3137 3465 3226">
    <p class='ocr_par' dir='ltr' id='par_1_92' title="bbox 1872 3137 3465 3226">
     <span class='ocr_line' id='line_1_92' title="bbox 1872 3137 3465 3226; baseline 0.013 -35"><span class='ocrx_word' id='word_1_673' title='bbox 1872 3137 2066 3208; x_wconf 83' lang='lat' dir='ltr'><strong>gulari,</strong></span> <span class='ocrx_word' id='word_1_674' title='bbox 2102 3149 2249 3196; x_wconf 87' lang='lat' dir='ltr'><strong>tanto</strong></span> <span class='ocrx_word' id='word_1_675' title='bbox 2282 3142 2450 3214; x_wconf 89' lang='lat' dir='ltr'><strong>magis</strong></span> <span class='ocrx_word' id='word_1_676' title='bbox 2479 3146 2648 3214; x_wconf 90' lang='lat' dir='ltr'><strong>potuit</strong></span> <span class='ocrx_word' id='word_1_677' title='bbox 2674 3162 2741 3201; x_wconf 80' lang='lat' dir='ltr'><strong>ex</strong></span> <span class='ocrx_word' id='word_1_678' title='bbox 2767 3162 2892 3203; x_wconf 91' lang='lat' dir='ltr'><strong>aere</strong></span> <span class='ocrx_word' id='word_1_679' title='bbox 2916 3149 3095 3204; x_wconf 87' lang='lat' dir='ltr'><strong>flatum</strong></span> <span class='ocrx_word' id='word_1_680' title='bbox 3124 3151 3319 3222; x_wconf 88' lang='lat' dir='ltr'><strong>facere,</strong></span> <span class='ocrx_word' id='word_1_681' title='bbox 3342 3172 3465 3226; x_wconf 71' lang='lat' dir='ltr'><strong>qua:</strong></span> 
     </span>
    </p>
   </div>
   <div class='ocr_carea' id='block_1_93' title="bbox 1873 3230 3461 3317">
    <p class='ocr_par' dir='ltr' id='par_1_93' title="bbox 1873 3230 3461 3317">
     <span class='ocr_line' id='line_1_93' title="bbox 1873 3230 3461 3317; baseline 0.013 -35"><span class='ocrx_word' id='word_1_682' title='bbox 1873 3230 2050 3284; x_wconf 85' lang='lat' dir='ltr'><strong>anima</strong></span> <span class='ocrx_word' id='word_1_683' title='bbox 2078 3231 2311 3288; x_wconf 90' lang='lat' dir='ltr'><strong>hominis</strong></span> <span class='ocrx_word' id='word_1_684' title='bbox 2350 3236 2532 3290; x_wconf 85' lang='lat' dir='ltr'><strong>esset?</strong></span> <span class='ocrx_word' id='word_1_685' title='bbox 2557 3236 2663 3292; x_wconf 88' lang='lat' dir='ltr'><strong>Sed</strong></span> <span class='ocrx_word' id='word_1_686' title='bbox 2693 3253 2815 3293; x_wconf 90' lang='lat' dir='ltr'><strong>cum</strong></span> <span class='ocrx_word' id='word_1_687' title='bbox 2840 3241 3015 3296; x_wconf 88' lang='lat' dir='ltr'><strong>anima</strong></span> <span class='ocrx_word' id='word_1_688' title='bbox 3043 3258 3147 3297; x_wconf 93' lang='lat' dir='ltr'><strong>non</strong></span> <span class='ocrx_word' id='word_1_689' title='bbox 3174 3246 3243 3299; x_wconf 90' lang='lat' dir='ltr'><strong>sit</strong></span> <span class='ocrx_word' id='word_1_690' title='bbox 3267 3263 3461 3317; x_wconf 87' lang='lat' dir='ltr'><strong>corpo-</strong></span> 
     </span>
    </p>
   </div>
   <div class='ocr_carea' id='block_1_94' title="bbox 1873 3321 3462 3406">
    <p class='ocr_par' dir='ltr' id='par_1_94' title="bbox 1873 3321 3462 3406">
     <span class='ocr_line' id='line_1_94' title="bbox 1873 3321 3462 3406; baseline 0.013 -33"><span class='ocrx_word' id='word_1_691' title='bbox 1873 3321 2255 3392; x_wconf 84' lang='lat' dir='ltr'><strong>rea,quidquid</strong></span> <span class='ocrx_word' id='word_1_692' title='bbox 2284 3332 2461 3380; x_wconf 89' lang='lat' dir='ltr'><strong>autem</strong></span> <span class='ocrx_word' id='word_1_693' title='bbox 2487 3340 2552 3381; x_wconf 80' lang='lat' dir='ltr'><strong>ex</strong></span> <span class='ocrx_word' id='word_1_694' title='bbox 2574 3329 2755 3383; x_wconf 91' lang='lat' dir='ltr'><strong>mundi</strong></span> <span class='ocrx_word' id='word_1_695' title='bbox 2777 3333 3049 3402; x_wconf 90' lang='lat' dir='ltr'><strong>corporeis</strong></span> <span class='ocrx_word' id='word_1_696' title='bbox 3071 3335 3351 3392; x_wconf 90' lang='lat' dir='ltr'><strong>elementis</strong></span> <span class='ocrx_word' id='word_1_697' title='bbox 3372 3339 3462 3406; x_wconf 74' lang='lat' dir='ltr'><strong>fit,</strong></span> 
     </span>
    </p>
   </div>
   <div class='ocr_carea' id='block_1_95' title="bbox 1873 3418 3465 3494">
    <p class='ocr_par' dir='ltr' id='par_1_95' title="bbox 1873 3418 3465 3494">
     <span class='ocr_line' id='line_1_95' title="bbox 1873 3418 3465 3494; baseline 0.013 -27"><span class='ocrx_word' id='word_1_698' title='bbox 1873 3428 2191 3484; x_wconf 90' lang='lat' dir='ltr'><strong>corporeum</strong></span> <span class='ocrx_word' id='word_1_699' title='bbox 2236 3418 2306 3472; x_wconf 93' lang='lat' dir='ltr'><strong>sit</strong></span> <span class='ocrx_word' id='word_1_700' title='bbox 2337 3434 2557 3475; x_wconf 88' lang='lat' dir='ltr'><strong>necesse</strong></span> <span class='ocrx_word' id='word_1_701' title='bbox 2601 3430 2703 3485; x_wconf 87' lang='lat' dir='ltr'><strong>est,</strong></span> <span class='ocrx_word' id='word_1_702' title='bbox 2750 3424 2908 3494; x_wconf 88' lang='lat' dir='ltr'><strong>inque</strong></span> <span class='ocrx_word' id='word_1_703' title='bbox 2942 3427 3125 3481; x_wconf 92' lang='lat' dir='ltr'><strong>mundi</strong></span> <span class='ocrx_word' id='word_1_704' title='bbox 3182 3430 3465 3487; x_wconf 87' lang='lat' dir='ltr'><strong>elementis</strong></span> 
     </span>
    </p>
   </div>
   <div class='ocr_carea' id='block_1_96' title="bbox 1873 3508 3461 3589">
    <p class='ocr_par' dir='ltr' id='par_1_96' title="bbox 1873 3508 3461 3589">
     <span class='ocr_line' id='line_1_96' title="bbox 1873 3508 3461 3589; baseline 0.012 -27"><span class='ocrx_word' id='word_1_705' title='bbox 1873 3508 2035 3563; x_wconf 88' lang='lat' dir='ltr'><strong>etiam</strong></span> <span class='ocrx_word' id='word_1_706' title='bbox 2066 3525 2160 3565; x_wconf 90' lang='lat' dir='ltr'><strong>aer</strong></span> <span class='ocrx_word' id='word_1_707' title='bbox 2184 3510 2285 3567; x_wconf 84' lang='lat' dir='ltr'><strong>iste</strong></span> <span class='ocrx_word' id='word_1_708' title='bbox 2314 3524 2655 3582; x_wconf 90' lang='lat' dir='ltr'><strong>numeretur;</strong></span> <span class='ocrx_word' id='word_1_709' title='bbox 2684 3531 2782 3571; x_wconf 90' lang='lat' dir='ltr'><strong>nec</strong></span> <span class='ocrx_word' id='word_1_710' title='bbox 2807 3518 2850 3571; x_wconf 92' lang='lat' dir='ltr'><strong>si</strong></span> <span class='ocrx_word' id='word_1_711' title='bbox 2880 3518 2949 3573; x_wconf 90' lang='lat' dir='ltr'><strong>de</strong></span> <span class='ocrx_word' id='word_1_712' title='bbox 2974 3521 3093 3589; x_wconf 89' lang='lat' dir='ltr'><strong>puri</strong></span> <span class='ocrx_word' id='word_1_713' title='bbox 3130 3521 3272 3577; x_wconf 88' lang='lat' dir='ltr'><strong>illius</strong></span> <span class='ocrx_word' id='word_1_714' title='bbox 3305 3513 3461 3581; x_wconf 77' lang='lat' dir='ltr'><strong>caele-</strong></span> 
     </span>
    </p>
   </div>
   <div class='ocr_carea' id='block_1_97' title="bbox 1873 3604 3463 3683">
    <p class='ocr_par' dir='ltr' id='par_1_97' title="bbox 1873 3604 3463 3683">
     <span class='ocr_line' id='line_1_97' title="bbox 1873 3604 3463 3683; baseline 0.011 -26"><span class='ocrx_word' id='word_1_715' title='bbox 1873 3604 2077 3673; x_wconf 85' lang='lat' dir='ltr'><strong>stisque</strong></span> <span class='ocrx_word' id='word_1_716' title='bbox 2118 3604 2253 3675; x_wconf 86' lang='lat' dir='ltr'><strong>ignis</strong></span> <span class='ocrx_word' id='word_1_717' title='bbox 2299 3606 2567 3663; x_wconf 90' lang='lat' dir='ltr'><strong>elemento</strong></span> <span class='ocrx_word' id='word_1_718' title='bbox 2614 3609 2749 3664; x_wconf 89' lang='lat' dir='ltr'><strong>facta</strong></span> <span class='ocrx_word' id='word_1_719' title='bbox 2798 3611 2973 3665; x_wconf 90' lang='lat' dir='ltr'><strong>anima</strong></span> <span class='ocrx_word' id='word_1_720' title='bbox 2998 3613 3283 3683; x_wconf 91' lang='lat' dir='ltr'><strong>diceretur,</strong></span> <span class='ocrx_word' id='word_1_721' title='bbox 3314 3619 3463 3675; x_wconf 88' lang='lat' dir='ltr'><strong>credi</strong></span> 
     </span>
    </p>
   </div>
   <div class='ocr_carea' id='block_1_98' title="bbox 1873 3696 3462 3779">
    <p class='ocr_par' dir='ltr' id='par_1_98' title="bbox 1873 3696 3462 3779">
     <span class='ocr_line' id='line_1_98' title="bbox 1873 3696 3462 3779; baseline 0.009 -28"><span class='ocrx_word' id='word_1_722' title='bbox 1873 3704 2171 3765; x_wconf 87' lang='lat' dir='ltr'><strong>oporteret.</strong></span> <span class='ocrx_word' id='word_1_723' title='bbox 2189 3696 2360 3753; x_wconf 90' lang='lat' dir='ltr'><strong>Omne</strong></span> <span class='ocrx_word' id='word_1_724' title='bbox 2379 3701 2575 3770; x_wconf 85' lang='lat' dir='ltr'><strong>quippe</strong></span> <span class='ocrx_word' id='word_1_725' title='bbox 2590 3716 2784 3771; x_wconf 87' lang='lat' dir='ltr'><strong>corpus</strong></span> <span class='ocrx_word' id='word_1_726' title='bbox 2812 3703 2863 3756; x_wconf 93' lang='lat' dir='ltr'><strong>in</strong></span> <span class='ocrx_word' id='word_1_727' title='bbox 2889 3718 3050 3759; x_wconf 90' lang='lat' dir='ltr'><strong>omne</strong></span> <span class='ocrx_word' id='word_1_728' title='bbox 3077 3721 3271 3777; x_wconf 90' lang='lat' dir='ltr'><strong>corpus</strong></span> <span class='ocrx_word' id='word_1_729' title='bbox 3300 3724 3462 3779; x_wconf 89' lang='lat' dir='ltr'><strong>posse</strong></span> 
     </span>
    </p>
   </div>
   <div class='ocr_carea' id='block_1_99' title="bbox 1874 3790 3459 3869">
    <p class='ocr_par' dir='ltr' id='par_1_99' title="bbox 1874 3790 3459 3869">
     <span class='ocr_line' id='line_1_99' title="bbox 1874 3790 3459 3869; baseline 0.01 -27"><span class='ocrx_word' id='word_1_730' title='bbox 1874 3790 2088 3855; x_wconf 90' lang='lat' dir='ltr'><strong>mutari,</strong></span> <span class='ocrx_word' id='word_1_731' title='bbox 2116 3806 2218 3845; x_wconf 92' lang='lat' dir='ltr'><strong>non</strong></span> <span class='ocrx_word' id='word_1_732' title='bbox 2240 3790 2525 3847; x_wconf 90' lang='lat' dir='ltr'><strong>defuerunt</strong></span> <span class='ocrx_word' id='word_1_733' title='bbox 2552 3794 2642 3864; x_wconf 89' lang='lat' dir='ltr'><strong>qui</strong></span> <span class='ocrx_word' id='word_1_734' title='bbox 2683 3805 3006 3852; x_wconf 87' lang='lat' dir='ltr'><strong>asserercnt.</strong></span> <span class='ocrx_word' id='word_1_735' title='bbox 3040 3797 3247 3869; x_wconf 89' lang='lat' dir='ltr'><strong>Corpus</strong></span> <span class='ocrx_word' id='word_1_736' title='bbox 3278 3812 3459 3859; x_wconf 86' lang='lat' dir='ltr'><strong>autem</strong></span> 
     </span>
    </p>
   </div>
   <div class='ocr_carea' id='block_1_100' title="bbox 1872 3880 3456 3953">
    <p class='ocr_par' dir='ltr' id='par_1_100' title="bbox 1872 3880 3456 3953">
     <span class='ocr_line' id='line_1_100' title="bbox 1872 3880 3456 3953; baseline 0.01 -19"><span class='ocrx_word' id='word_1_737' title='bbox 1872 3880 2087 3953; x_wconf 91' lang='lat' dir='ltr'><strong>aliquod</strong></span> <span class='ocrx_word' id='word_1_738' title='bbox 2112 3882 2225 3938; x_wconf 81' lang='lat' dir='ltr'><strong>sive</strong></span> <span class='ocrx_word' id='word_1_739' title='bbox 2252 3891 2522 3939; x_wconf 89' lang='lat' dir='ltr'><strong>terrenum</strong></span> <span class='ocrx_word' id='word_1_740' title='bbox 2549 3886 2661 3941; x_wconf 92' lang='lat' dir='ltr'><strong>sive</strong></span> <span class='ocrx_word' id='word_1_741' title='bbox 2687 3888 2906 3943; x_wconf 73' lang='lat' dir='ltr'><strong>cmleste</strong></span> <span class='ocrx_word' id='word_1_742' title='bbox 2925 3932 2939 3953; x_wconf 95' lang='lat'><strong>,</strong></span> <span class='ocrx_word' id='word_1_743' title='bbox 2972 3893 3211 3947; x_wconf 88' lang='lat' dir='ltr'><strong>converti</strong></span> <span class='ocrx_word' id='word_1_744' title='bbox 3241 3893 3293 3948; x_wconf 90' lang='lat' dir='ltr'><strong>in</strong></span> <span class='ocrx_word' id='word_1_745' title='bbox 3338 3897 3456 3949; x_wconf 89' lang='lat' dir='ltr'><strong>ani-</strong></span> 
     </span>
    </p>
   </div>
   <div class='ocr_carea' id='block_1_101' title="bbox 1874 3974 3459 4058">
    <p class='ocr_par' dir='ltr' id='par_1_101' title="bbox 1874 3974 3459 4058">
     <span class='ocr_line' id='line_1_101' title="bbox 1874 3974 3459 4058; baseline 0.01 -32"><span class='ocrx_word' id='word_1_746' title='bbox 1874 3987 2037 4039; x_wconf 87' lang='lat' dir='ltr'><strong>mam,</strong></span> <span class='ocrx_word' id='word_1_747' title='bbox 2067 3974 2288 4045; x_wconf 88' lang='lat' dir='ltr'><strong>fierique</strong></span> <span class='ocrx_word' id='word_1_748' title='bbox 2317 3985 2559 4032; x_wconf 70' lang='lat' dir='ltr'><strong>naturam</strong></span> <span class='ocrx_word' id='word_1_749' title='bbox 2588 3978 2975 4049; x_wconf 89' lang='lat' dir='ltr'><strong>incorpoream,</strong></span> <span class='ocrx_word' id='word_1_750' title='bbox 3006 3998 3105 4039; x_wconf 90' lang='lat' dir='ltr'><strong>nec</strong></span> <span class='ocrx_word' id='word_1_751' title='bbox 3140 4000 3459 4058; x_wconf 88' lang='lat' dir='ltr'><strong>quemquam</strong></span> 
     </span>
    </p>
   </div>
   <div class='ocr_carea' id='block_1_102' title="bbox 1875 4066 2901 4134">
    <p class='ocr_par' dir='ltr' id='par_1_102' title="bbox 1875 4066 2901 4134">
     <span class='ocr_line' id='line_1_102' title="bbox 1875 4066 2901 4134; baseline 0.007 -13"><span class='ocrx_word' id='word_1_752' title='bbox 1875 4066 2110 4123; x_wconf 87' lang='lat' dir='ltr'><strong>sensisse</strong></span> <span class='ocrx_word' id='word_1_753' title='bbox 2139 4068 2273 4134; x_wconf 90' lang='lat' dir='ltr'><strong>scio,</strong></span> <span class='ocrx_word' id='word_1_754' title='bbox 2306 4084 2405 4125; x_wconf 89' lang='lat' dir='ltr'><strong>nec</strong></span> <span class='ocrx_word' id='word_1_755' title='bbox 2435 4069 2567 4125; x_wconf 87' lang='lat' dir='ltr'><strong>fides</strong></span> <span class='ocrx_word' id='word_1_756' title='bbox 2598 4072 2699 4127; x_wconf 88' lang='lat' dir='ltr'><strong>hoc</strong></span> <span class='ocrx_word' id='word_1_757' title='bbox 2725 4071 2901 4128; x_wconf 88' lang='lat' dir='ltr'><strong>habet.</strong></span> 
     </span>
    </p>
   </div>
   <div class='ocr_carea' id='block_1_103' title="bbox 1979 4176 3352 4262">
    <p class='ocr_par' dir='ltr' id='par_1_103' title="bbox 1979 4176 3352 4262">
     <span class='ocr_line' id='line_1_103' title="bbox 1979 4176 3352 4262; baseline 0.011 -29"><span class='ocrx_word' id='word_1_758' title='bbox 1979 4176 2205 4235; x_wconf 85' lang='lat' dir='ltr'><strong>CAPUT</strong></span> <span class='ocrx_word' id='word_1_759' title='bbox 2225 4179 2363 4237; x_wconf 83' lang='lat' dir='ltr'><strong>Xlll.</strong></span> <span class='ocrx_word' id='word_1_760' title='bbox 2378 4211 2449 4221; x_wconf 95' lang='lat'><strong>—</strong></span> <span class='ocrx_word' id='word_1_761' title='bbox 2465 4180 2779 4239; x_wconf 82' lang='lat' dir='ltr'><strong>Medicorum</strong></span> <span class='ocrx_word' id='word_1_762' title='bbox 2801 4189 3046 4243; x_wconf 74' lang='lat' dir='ltr'><strong>sententia</strong></span> <span class='ocrx_word' id='word_1_763' title='bbox 3057 4188 3120 4244; x_wconf 89' lang='lat' dir='ltr'><strong>de</strong></span> <span class='ocrx_word' id='word_1_764' title='bbox 3141 4206 3352 4262; x_wconf 82' lang='lat' dir='ltr'><strong>corpore</strong></span> 
     </span>
    </p>
   </div>
   <div class='ocr_carea' id='block_1_104' title="bbox 2543 4276 2783 4331">
    <p class='ocr_par' dir='ltr' id='par_1_104' title="bbox 2543 4276 2783 4331">
     <span class='ocr_line' id='line_1_104' title="bbox 2543 4276 2783 4331; baseline 0.008 -2"><span class='ocrx_word' id='word_1_765' title='bbox 2543 4276 2783 4331; x_wconf 81' lang='lat' dir='ltr'><strong>humano.</strong></span> 
     </span>
    </p>
   </div>
   <div class='ocr_carea' id='block_1_105' title="bbox 1944 4389 3458 4467">
    <p class='ocr_par' dir='ltr' id='par_1_105' title="bbox 1944 4389 3458 4467">
     <span class='ocr_line' id='line_1_105' title="bbox 1944 4389 3458 4467; baseline 0.01 -23"><span class='ocrx_word' id='word_1_766' title='bbox 1944 4389 2033 4445; x_wconf 74' lang='lat'><strong>20.</strong></span> <span class='ocrx_word' id='word_1_767' title='bbox 2076 4389 2280 4445; x_wconf 88' lang='lat' dir='ltr'><strong>Deinde</strong></span> <span class='ocrx_word' id='word_1_768' title='bbox 2304 4391 2348 4444; x_wconf 92' lang='lat' dir='ltr'><strong>si</strong></span> <span class='ocrx_word' id='word_1_769' title='bbox 2380 4405 2485 4445; x_wconf 92' lang='lat' dir='ltr'><strong>non</strong></span> <span class='ocrx_word' id='word_1_770' title='bbox 2516 4398 2599 4445; x_wconf 89' lang='lat' dir='ltr'><strong>est</strong></span> <span class='ocrx_word' id='word_1_771' title='bbox 2620 4394 3066 4451; x_wconf 88' lang='lat' dir='ltr'><strong>contemnendum</strong></span> <span class='ocrx_word' id='word_1_772' title='bbox 3096 4398 3237 4467; x_wconf 86' lang='lat' dir='ltr'><strong>quod</strong></span> <span class='ocrx_word' id='word_1_773' title='bbox 3264 4401 3458 4460; x_wconf 83' lang='lat' dir='ltr'><strong>medici</strong></span> 
     </span>
    </p>
   </div>
   <div class='ocr_carea' id='block_1_106' title="bbox 1872 4480 3455 4561">
    <p class='ocr_par' dir='ltr' id='par_1_106' title="bbox 1872 4480 3455 4561">
     <span class='ocr_line' id='line_1_106' title="bbox 1872 4480 3455 4561; baseline 0.009 -26"><span class='ocrx_word' id='word_1_774' title='bbox 1872 4496 1979 4536; x_wconf 91' lang='lat' dir='ltr'><strong>non</strong></span> <span class='ocrx_word' id='word_1_775' title='bbox 2006 4488 2206 4535; x_wconf 85' lang='lat' dir='ltr'><strong>tantum</strong></span> <span class='ocrx_word' id='word_1_776' title='bbox 2223 4480 2426 4545; x_wconf 90' lang='lat' dir='ltr'><strong>dicunt,</strong></span> <span class='ocrx_word' id='word_1_777' title='bbox 2446 4497 2630 4536; x_wconf 90' lang='lat' dir='ltr'><strong>verum</strong></span> <span class='ocrx_word' id='word_1_778' title='bbox 2647 4483 2803 4538; x_wconf 89' lang='lat' dir='ltr'><strong>etiam</strong></span> <span class='ocrx_word' id='word_1_779' title='bbox 2829 4487 3056 4557; x_wconf 84' lang='lat' dir='ltr'><strong>probare</strong></span> <span class='ocrx_word' id='word_1_780' title='bbox 3080 4504 3139 4545; x_wconf 89' lang='lat' dir='ltr'><strong>se</strong></span> <span class='ocrx_word' id='word_1_781' title='bbox 3162 4489 3455 4561; x_wconf 87' lang='lat' dir='ltr'><strong>affirmant,</strong></span> 
     </span>
    </p>
   </div>
   <div class='ocr_carea' id='block_1_107' title="bbox 1872 4572 3456 4657">
    <p class='ocr_par' dir='ltr' id='par_1_107' title="bbox 1872 4572 3456 4657">
     <span class='ocr_line' id='line_1_107' title="bbox 1872 4572 3456 4657; baseline 0.011 -31"><span class='ocrx_word' id='word_1_782' title='bbox 1872 4572 2115 4644; x_wconf 72' lang='lat' dir='ltr'><strong>quamvis</strong></span> <span class='ocrx_word' id='word_1_783' title='bbox 2142 4574 2317 4628; x_wconf 92' lang='lat' dir='ltr'><strong>omnis</strong></span> <span class='ocrx_word' id='word_1_784' title='bbox 2344 4588 2470 4628; x_wconf 90' lang='lat' dir='ltr'><strong>caro</strong></span> <span class='ocrx_word' id='word_1_785' title='bbox 2493 4583 2758 4630; x_wconf 88' lang='lat' dir='ltr'><strong>terrenam</strong></span> <span class='ocrx_word' id='word_1_786' title='bbox 2779 4576 3099 4635; x_wconf 90' lang='lat' dir='ltr'><strong>soliditatem</strong></span> <span class='ocrx_word' id='word_1_787' title='bbox 3132 4582 3182 4636; x_wconf 91' lang='lat' dir='ltr'><strong>in</strong></span> <span class='ocrx_word' id='word_1_788' title='bbox 3206 4595 3456 4657; x_wconf 88' lang='lat' dir='ltr'><strong>promptu</strong></span> 
     </span>
    </p>
   </div>
   <div class='ocr_carea' id='block_1_108' title="bbox 1870 4664 3455 4750">
    <p class='ocr_par' dir='ltr' id='par_1_108' title="bbox 1870 4664 3455 4750">
     <span class='ocr_line' id='line_1_108' title="bbox 1870 4664 3455 4750; baseline 0.005 -29"><span class='ocrx_word' id='word_1_789' title='bbox 1870 4674 2041 4737; x_wconf 87' lang='lat' dir='ltr'><strong>gerat,</strong></span> <span class='ocrx_word' id='word_1_790' title='bbox 2074 4664 2233 4720; x_wconf 88' lang='lat' dir='ltr'><strong>habet</strong></span> <span class='ocrx_word' id='word_1_791' title='bbox 2261 4676 2437 4722; x_wconf 89' lang='lat' dir='ltr'><strong>tamen</strong></span> <span class='ocrx_word' id='word_1_792' title='bbox 2464 4667 2515 4721; x_wconf 89' lang='lat' dir='ltr'><strong>in</strong></span> <span class='ocrx_word' id='word_1_793' title='bbox 2538 4682 2595 4722; x_wconf 89' lang='lat' dir='ltr'><strong>se</strong></span> <span class='ocrx_word' id='word_1_794' title='bbox 2622 4676 2677 4723; x_wconf 89' lang='lat' dir='ltr'><strong>et</strong></span> <span class='ocrx_word' id='word_1_795' title='bbox 2694 4669 2833 4724; x_wconf 88' lang='lat' dir='ltr'><strong>aeris</strong></span> <span class='ocrx_word' id='word_1_796' title='bbox 2856 4670 3079 4741; x_wconf 84' lang='lat' dir='ltr'><strong>aliquid,</strong></span> <span class='ocrx_word' id='word_1_797' title='bbox 3101 4677 3242 4745; x_wconf 91' lang='lat' dir='ltr'><strong>quod</strong></span> <span class='ocrx_word' id='word_1_798' title='bbox 3272 4688 3327 4733; x_wconf 90' lang='lat' dir='ltr'><strong>et</strong></span> <span class='ocrx_word' id='word_1_799' title='bbox 3347 4682 3455 4750; x_wconf 86' lang='lat' dir='ltr'><strong>pul-</strong></span> 
     </span>
    </p>
   </div>
   <div class='ocr_carea' id='block_1_109' title="bbox 1871 4758 3457 4838">
    <p class='ocr_par' dir='ltr' id='par_1_109' title="bbox 1871 4758 3457 4838">
     <span class='ocr_line' id='line_1_109' title="bbox 1871 4758 3457 4838; baseline 0.009 -25"><span class='ocrx_word' id='word_1_800' title='bbox 1871 4758 2120 4813; x_wconf 86' lang='lat' dir='ltr'><strong>monibus</strong></span> <span class='ocrx_word' id='word_1_801' title='bbox 2142 4759 2459 4824; x_wconf 90' lang='lat' dir='ltr'><strong>continetur,</strong></span> <span class='ocrx_word' id='word_1_802' title='bbox 2488 4768 2542 4814; x_wconf 91' lang='lat' dir='ltr'><strong>et</strong></span> <span class='ocrx_word' id='word_1_803' title='bbox 2565 4774 2595 4813; x_wconf 89' lang='lat' dir='ltr'><strong>a</strong></span> <span class='ocrx_word' id='word_1_804' title='bbox 2620 4760 2780 4817; x_wconf 87' lang='lat' dir='ltr'><strong>corde</strong></span> <span class='ocrx_word' id='word_1_805' title='bbox 2810 4777 2905 4833; x_wconf 89' lang='lat' dir='ltr'><strong>per</strong></span> <span class='ocrx_word' id='word_1_806' title='bbox 2932 4779 3095 4821; x_wconf 88' lang='lat' dir='ltr'><strong>venas</strong></span> <span class='ocrx_word' id='word_1_807' title='bbox 3112 4807 3128 4833; x_wconf 95' lang='lat'><strong>,</strong></span> <span class='ocrx_word' id='word_1_808' title='bbox 3155 4784 3287 4838; x_wconf 85' lang='lat' dir='ltr'><strong>quas</strong></span> <span class='ocrx_word' id='word_1_809' title='bbox 3310 4782 3457 4827; x_wconf 80' lang='lat' dir='ltr'><strong>arte-</strong></span> 
     </span>
    </p>
   </div>
   <div class='ocr_carea' id='block_1_110' title="bbox 1870 4852 3455 4926">
    <p class='ocr_par' dir='ltr' id='par_1_110' title="bbox 1870 4852 3455 4926">
     <span class='ocr_line' id='line_1_110' title="bbox 1870 4852 3455 4926; baseline 0.007 -18"><span class='ocrx_word' id='word_1_810' title='bbox 1870 4853 1980 4908; x_wconf 88' lang='lat' dir='ltr'><strong>rias</strong></span> <span class='ocrx_word' id='word_1_811' title='bbox 2004 4863 2215 4918; x_wconf 86' lang='lat' dir='ltr'><strong>vocant,</strong></span> <span class='ocrx_word' id='word_1_812' title='bbox 2243 4852 2588 4917; x_wconf 76' lang='lat' dir='ltr'><strong>diffunditur;</strong></span> <span class='ocrx_word' id='word_1_813' title='bbox 2626 4862 2680 4908; x_wconf 92' lang='lat' dir='ltr'><strong>et</strong></span> <span class='ocrx_word' id='word_1_814' title='bbox 2704 4854 2839 4926; x_wconf 84' lang='lat' dir='ltr'><strong>ignis</strong></span> <span class='ocrx_word' id='word_1_815' title='bbox 2862 4871 2967 4910; x_wconf 91' lang='lat' dir='ltr'><strong>non</strong></span> <span class='ocrx_word' id='word_1_816' title='bbox 2991 4858 3163 4913; x_wconf 87' lang='lat' dir='ltr'><strong>solum</strong></span> <span class='ocrx_word' id='word_1_817' title='bbox 3190 4860 3455 4920; x_wconf 85' lang='lat' dir='ltr'><strong>fervidam</strong></span> 
     </span>
    </p>
   </div>
   <div class='ocr_carea' id='block_1_111' title="bbox 1870 4942 3455 5016">
    <p class='ocr_par' dir='ltr' id='par_1_111' title="bbox 1870 4942 3455 5016">
     <span class='ocr_line' id='line_1_111' title="bbox 1870 4942 3455 5016; baseline 0.009 -21"><span class='ocrx_word' id='word_1_818' title='bbox 1870 4942 2199 5013; x_wconf 87' lang='lat' dir='ltr'><strong>qualitatem,</strong></span> <span class='ocrx_word' id='word_1_819' title='bbox 2228 4942 2377 5012; x_wconf 90' lang='lat' dir='ltr'><strong>cujus</strong></span> <span class='ocrx_word' id='word_1_820' title='bbox 2405 4942 2562 4999; x_wconf 89' lang='lat' dir='ltr'><strong>sedes</strong></span> <span class='ocrx_word' id='word_1_821' title='bbox 2609 4944 2661 4998; x_wconf 91' lang='lat' dir='ltr'><strong>in</strong></span> <span class='ocrx_word' id='word_1_822' title='bbox 2688 4946 2868 5013; x_wconf 90' lang='lat' dir='ltr'><strong>jeeore</strong></span> <span class='ocrx_word' id='word_1_823' title='bbox 2893 4948 2913 4978; x_wconf 80' lang='grc'><strong>⁸</strong></span> <span class='ocrx_word' id='word_1_824' title='bbox 2941 4958 3051 5016; x_wconf 87' lang='lat' dir='ltr'><strong>est,</strong></span> <span class='ocrx_word' id='word_1_825' title='bbox 3083 4965 3263 5005; x_wconf 80' lang='lat' dir='ltr'><strong>verum</strong></span> <span class='ocrx_word' id='word_1_826' title='bbox 3291 4954 3455 5009; x_wconf 88' lang='lat' dir='ltr'><strong>etiam</strong></span> 
     </span>
    </p>
   </div>
   <div class='ocr_carea' id='block_1_112' title="bbox 1871 5032 3457 5105">
    <p class='ocr_par' dir='ltr' id='par_1_112' title="bbox 1871 5032 3457 5105">
     <span class='ocr_line' id='line_1_112' title="bbox 1871 5032 3457 5105; baseline 0.007 -18"><span class='ocrx_word' id='word_1_827' title='bbox 1871 5032 2217 5099; x_wconf 90' lang='lat' dir='ltr'><strong>luculentam,</strong></span> <span class='ocrx_word' id='word_1_828' title='bbox 2245 5048 2402 5102; x_wconf 80' lang='lat' dir='ltr'><strong>quam</strong></span> <span class='ocrx_word' id='word_1_829' title='bbox 2429 5034 2569 5087; x_wconf 91' lang='lat' dir='ltr'><strong>velut</strong></span> <span class='ocrx_word' id='word_1_830' title='bbox 2622 5033 2843 5105; x_wconf 86' lang='lat' dir='ltr'><strong>eliquari</strong></span> <span class='ocrx_word' id='word_1_831' title='bbox 2873 5050 2936 5089; x_wconf 90' lang='lat' dir='ltr'><strong>ac</strong></span> <span class='ocrx_word' id='word_1_832' title='bbox 2961 5037 3241 5094; x_wconf 89' lang='lat' dir='ltr'><strong>subvolare</strong></span> <span class='ocrx_word' id='word_1_833' title='bbox 3273 5052 3457 5098; x_wconf 84' lang='lat' dir='ltr'><strong>osten-</strong></span> 
     </span>
    </p>
   </div>
   <div class='ocr_carea' id='block_1_113' title="bbox 1869 5122 3471 5197">
    <p class='ocr_par' dir='ltr' id='par_1_113' title="bbox 1869 5122 3471 5197">
     <span class='ocr_line' id='line_1_113' title="bbox 1869 5122 3471 5197; baseline 0.006 -18"><span class='ocrx_word' id='word_1_834' title='bbox 1869 5122 2003 5179; x_wconf 92' lang='lat' dir='ltr'><strong>dunt</strong></span> <span class='ocrx_word' id='word_1_835' title='bbox 2047 5123 2100 5178; x_wconf 92' lang='lat' dir='ltr'><strong>in</strong></span> <span class='ocrx_word' id='word_1_836' title='bbox 2126 5124 2397 5180; x_wconf 76' lang='lat' dir='ltr'><strong>excelsum</strong></span> <span class='ocrx_word' id='word_1_837' title='bbox 2422 5123 2628 5179; x_wconf 90' lang='lat' dir='ltr'><strong>cerebri</strong></span> <span class='ocrx_word' id='word_1_838' title='bbox 2654 5124 2850 5193; x_wconf 90' lang='lat' dir='ltr'><strong>locum,</strong></span> <span class='ocrx_word' id='word_1_839' title='bbox 2879 5134 3127 5197; x_wconf 82' lang='lat' dir='ltr'><strong>tanquam</strong></span> <span class='ocrx_word' id='word_1_840' title='bbox 3154 5128 3205 5183; x_wconf 91' lang='lat' dir='ltr'><strong>in</strong></span> <span class='ocrx_word' id='word_1_841' title='bbox 3258 5132 3471 5189; x_wconf 66' lang='lat' dir='ltr'><strong>calum</strong></span> 
     </span>
    </p>
   </div>
   <div class='ocr_carea' id='block_1_114' title="bbox 1869 5215 3456 5290">
    <p class='ocr_par' dir='ltr' id='par_1_114' title="bbox 1869 5215 3456 5290">
     <span class='ocr_line' id='line_1_114' title="bbox 1869 5215 3456 5290; baseline 0.007 -21"><span class='ocrx_word' id='word_1_842' title='bbox 1869 5215 2111 5286; x_wconf 90' lang='lat' dir='ltr'><strong>corporis</strong></span> <span class='ocrx_word' id='word_1_843' title='bbox 2145 5216 2350 5281; x_wconf 81' lang='lat' dir='ltr'><strong>nostri;</strong></span> <span class='ocrx_word' id='word_1_844' title='bbox 2378 5216 2519 5270; x_wconf 91' lang='lat' dir='ltr'><strong>unde</strong></span> <span class='ocrx_word' id='word_1_845' title='bbox 2545 5226 2599 5271; x_wconf 91' lang='lat' dir='ltr'><strong>et</strong></span> <span class='ocrx_word' id='word_1_846' title='bbox 2645 5216 2777 5272; x_wconf 89' lang='lat' dir='ltr'><strong>radii</strong></span> <span class='ocrx_word' id='word_1_847' title='bbox 2822 5219 3053 5273; x_wconf 88' lang='lat' dir='ltr'><strong>emicant</strong></span> <span class='ocrx_word' id='word_1_848' title='bbox 3076 5222 3371 5290; x_wconf 91' lang='lat' dir='ltr'><strong>oculorum,</strong></span> <span class='ocrx_word' id='word_1_849' title='bbox 3400 5235 3456 5280; x_wconf 89' lang='lat' dir='ltr'><strong>et</strong></span> 
     </span>
    </p>
   </div>
   <div class='ocr_carea' id='block_1_115' title="bbox 1869 5308 3454 5380">
    <p class='ocr_par' dir='ltr' id='par_1_115' title="bbox 1869 5308 3454 5380">
     <span class='ocr_line' id='line_1_115' title="bbox 1869 5308 3454 5380; baseline 0.005 -16"><span class='ocrx_word' id='word_1_850' title='bbox 1869 5309 1937 5364; x_wconf 82' lang='lat' dir='ltr'><strong>de</strong></span> <span class='ocrx_word' id='word_1_851' title='bbox 1970 5309 2122 5379; x_wconf 89' lang='lat' dir='ltr'><strong>cujus</strong></span> <span class='ocrx_word' id='word_1_852' title='bbox 2150 5308 2326 5365; x_wconf 87' lang='lat' dir='ltr'><strong>medio</strong></span> <span class='ocrx_word' id='word_1_853' title='bbox 2370 5310 2511 5364; x_wconf 90' lang='lat' dir='ltr'><strong>velut</strong></span> <span class='ocrx_word' id='word_1_854' title='bbox 2537 5318 2726 5364; x_wconf 89' lang='lat' dir='ltr'><strong>centro</strong></span> <span class='ocrx_word' id='word_1_855' title='bbox 2752 5311 3001 5380; x_wconf 88' lang='lat' dir='ltr'><strong>quodam,</strong></span> <span class='ocrx_word' id='word_1_856' title='bbox 3034 5327 3139 5366; x_wconf 92' lang='lat' dir='ltr'><strong>non</strong></span> <span class='ocrx_word' id='word_1_857' title='bbox 3185 5314 3354 5369; x_wconf 89' lang='lat' dir='ltr'><strong>solum</strong></span> <span class='ocrx_word' id='word_1_858' title='bbox 3385 5317 3454 5373; x_wconf 87' lang='lat' dir='ltr'><strong>ad</strong></span> 
     </span>
    </p>
   </div>
   <div class='ocr_carea' id='block_1_116' title="bbox 1869 5400 3455 5466">
    <p class='ocr_par' dir='ltr' id='par_1_116' title="bbox 1869 5400 3455 5466">
     <span class='ocr_line' id='line_1_116' title="bbox 1869 5400 3455 5466; baseline 0.004 -9"><span class='ocrx_word' id='word_1_859' title='bbox 1869 5403 2069 5466; x_wconf 89' lang='lat' dir='ltr'><strong>oculos,</strong></span> <span class='ocrx_word' id='word_1_860' title='bbox 2112 5400 2207 5457; x_wconf 88' lang='lat' dir='ltr'><strong>sed</strong></span> <span class='ocrx_word' id='word_1_861' title='bbox 2233 5402 2392 5456; x_wconf 87' lang='lat' dir='ltr'><strong>etiam</strong></span> <span class='ocrx_word' id='word_1_862' title='bbox 2439 5400 2507 5455; x_wconf 88' lang='lat' dir='ltr'><strong>ad</strong></span> <span class='ocrx_word' id='word_1_863' title='bbox 2535 5414 2726 5455; x_wconf 89' lang='lat' dir='ltr'><strong>sensus</strong></span> <span class='ocrx_word' id='word_1_864' title='bbox 2772 5410 2994 5455; x_wconf 72' lang='lat' dir='ltr'><strong>ca-teros</strong></span> <span class='ocrx_word' id='word_1_865' title='bbox 3044 5411 3231 5459; x_wconf 90' lang='lat' dir='ltr'><strong>tenues</strong></span> <span class='ocrx_word' id='word_1_866' title='bbox 3266 5404 3455 5463; x_wconf 65' lang='lat' dir='ltr'><strong>fistulae</strong></span> 
     </span>
    </p>
   </div>
   <div class='ocr_carea' id='block_1_117' title="bbox 1867 5491 3447 5565">
    <p class='ocr_par' dir='ltr' id='par_1_117' title="bbox 1867 5491 3447 5565">
     <span class='ocr_line' id='line_1_117' title="bbox 1867 5491 3447 5565; baseline 0.001 -14"><span class='ocrx_word' id='word_1_867' title='bbox 1867 5494 2221 5560; x_wconf 89' lang='lat' dir='ltr'><strong>deducuntur,</strong></span> <span class='ocrx_word' id='word_1_868' title='bbox 2269 5494 2334 5548; x_wconf 91' lang='lat' dir='ltr'><strong>ad</strong></span> <span class='ocrx_word' id='word_1_869' title='bbox 2363 5508 2520 5548; x_wconf 87' lang='lat' dir='ltr'><strong>aures</strong></span> <span class='ocrx_word' id='word_1_870' title='bbox 2544 5492 2770 5559; x_wconf 87' lang='lat' dir='ltr'><strong>scilicet,</strong></span> <span class='ocrx_word' id='word_1_871' title='bbox 2796 5491 2864 5546; x_wconf 91' lang='lat' dir='ltr'><strong>ad</strong></span> <span class='ocrx_word' id='word_1_872' title='bbox 2891 5507 3068 5560; x_wconf 89' lang='lat' dir='ltr'><strong>nares,</strong></span> <span class='ocrx_word' id='word_1_873' title='bbox 3101 5495 3167 5549; x_wconf 88' lang='lat' dir='ltr'><strong>ad</strong></span> <span class='ocrx_word' id='word_1_874' title='bbox 3195 5497 3447 5565; x_wconf 88' lang='lat' dir='ltr'><strong>palatum,</strong></span> 
     </span>
    </p>
   </div>
   <div class='ocr_carea' id='block_1_118' title="bbox 1868 5583 3447 5661">
    <p class='ocr_par' dir='ltr' id='par_1_118' title="bbox 1868 5583 3447 5661">
     <span class='ocr_line' id='line_1_118' title="bbox 1868 5583 3447 5661; baseline 0 -15"><span class='ocrx_word' id='word_1_875' title='bbox 1868 5598 2088 5661; x_wconf 88' lang='lat' dir='ltr'><strong>propter</strong></span> <span class='ocrx_word' id='word_1_876' title='bbox 2112 5586 2429 5643; x_wconf 90' lang='lat' dir='ltr'><strong>audiendum</strong></span> <span class='ocrx_word' id='word_1_877' title='bbox 2450 5625 2466 5651; x_wconf 93' lang='lat'><strong>,</strong></span> <span class='ocrx_word' id='word_1_878' title='bbox 2493 5583 2870 5649; x_wconf 87' lang='lat' dir='ltr'><strong>olfaciendum,</strong></span> <span class='ocrx_word' id='word_1_879' title='bbox 2900 5594 3058 5657; x_wconf 88' lang='lat' dir='ltr'><strong>atque</strong></span> <span class='ocrx_word' id='word_1_880' title='bbox 3097 5590 3447 5660; x_wconf 87' lang='lat' dir='ltr'><strong>gustandum;</strong></span> 
     </span>
    </p>
   </div>
   <div class='ocr_carea' id='block_1_119' title="bbox 1932 5717 2559 5781">
    <p class='ocr_par' dir='ltr' id='par_1_119' title="bbox 1932 5717 2559 5781">
     <span class='ocr_line' id='line_1_119' title="bbox 1932 5717 2559 5781; baseline -0.008 -7"><span class='ocrx_word' id='word_1_881' title='bbox 1932 5727 1950 5757; x_wconf 84' lang='grc' dir='ltr'><strong><em>ι</em></strong></span> <span class='ocrx_word' id='word_1_882' title='bbox 1966 5724 2039 5774; x_wconf 87' lang='lat' dir='ltr'><strong>sic</strong></span> <span class='ocrx_word' id='word_1_883' title='bbox 2057 5729 2165 5773; x_wconf 79' lang='lat' dir='ltr'><strong>Mss.</strong></span> <span class='ocrx_word' id='word_1_884' title='bbox 2187 5728 2237 5771; x_wconf 88' lang='lat' dir='ltr'><strong>tn</strong></span> <span class='ocrx_word' id='word_1_885' title='bbox 2261 5720 2418 5781; x_wconf 79' lang='lat' dir='ltr'><strong>editis,</strong></span> <span class='ocrx_word' id='word_1_886' title='bbox 2444 5717 2559 5772; x_wconf 77' lang='lat' dir='ltr'><strong>sola.</strong></span> 
     </span>
    </p>
   </div>
   <div class='ocr_carea' id='block_1_120' title="bbox 1932 5782 3343 5850">
    <p class='ocr_par' dir='ltr' id='par_1_120' title="bbox 1932 5782 3343 5850">
     <span class='ocr_line' id='line_1_120' title="bbox 1932 5782 3343 5850; baseline 0.001 -14"><span class='ocrx_word' id='word_1_887' title='bbox 1932 5790 1950 5818; x_wconf 75' lang='grc'>⁸</span> <span class='ocrx_word' id='word_1_888' title='bbox 1975 5787 2027 5836; x_wconf 92' lang='lat' dir='ltr'><strong>ln</strong></span> <span class='ocrx_word' id='word_1_889' title='bbox 2049 5785 2242 5840; x_wconf 76' lang='lat' dir='ltr'><strong>excttsis</strong></span> <span class='ocrx_word' id='word_1_890' title='bbox 2259 5782 2464 5846; x_wconf 79' lang='lat' dir='ltr'><strong>additur,</strong></span> <span class='ocrx_word' id='word_1_891' title='bbox 2487 5782 2599 5836; x_wconf 80' lang='lat' dir='ltr'><strong>etin</strong></span> <span class='ocrx_word' id='word_1_892' title='bbox 2620 5782 2851 5845; x_wconf 83' lang='lat' dir='ltr'><strong>cerebro;</strong></span> <span class='ocrx_word' id='word_1_893' title='bbox 2873 5786 3003 5850; x_wconf 88' lang='lat' dir='ltr'><strong>quod</strong></span> <span class='ocrx_word' id='word_1_894' title='bbox 3023 5786 3164 5838; x_wconf 74' lang='lat' dir='ltr'><strong>abest</strong></span> <span class='ocrx_word' id='word_1_895' title='bbox 3183 5799 3211 5837; x_wconf 91' lang='lat' dir='ltr'><strong>a</strong></span> <span class='ocrx_word' id='word_1_896' title='bbox 3233 5793 3343 5838; x_wconf 65' lang='lat' dir='ltr'><strong>Mss.</strong></span> 
     </span>
    </p>
   </div>
   <div class='ocr_carea' id='block_1_121' title="bbox 2878 5869 3185 5942">
    <p class='ocr_par' dir='ltr' id='par_1_121' title="bbox 2878 5869 3185 5942">
     <span class='ocr_line' id='line_1_121' title="bbox 2878 5869 3185 5942; baseline -0.007 -11"><span class='ocrx_word' id='word_1_897' title='bbox 2878 5869 3007 5942; x_wconf 74' lang='lat' dir='ltr'><strong>{Do</strong></span> <span class='ocrx_word' id='word_1_898' title='bbox 3020 5873 3185 5942; x_wconf 73' lang='lat' dir='ltr'><strong>tuo.)</strong></span> 
     </span>
    </p>
   </div>
  </div>
