3902 6302
422 252 524 309 567

423 342 716 401 secundum
744 334 973 394 animam
1000 343 1105 388 non
1149 337 1295 386 recte
1343 329 1672 399 intelligitur.
1698 327 2003 384 Vcrendum

425 447 507 493 est
543 444 753 495 autem,
803 445 871 483 ne
908 441 1029 482 cum
1060 423 1286 479 dicimus
1312 437 1417 477 non
1446 422 1590 491 ipsas
1626 431 1751 477 tunc
1789 430 2005 476 naturas

424 538 583 597 atque
614 521 936 578 substantias
964 535 1082 589 qua:
1113 516 1300 571 futura:
1329 514 1554 582 fuerant,
1579 515 1744 569 Deum
1768 529 2001 580 creasse,

425 619 549 675 dum
577 623 785 670 crearet
805 612 983 667 onmia
1005 609 1183 676 simul,
1221 608 1314 663 sed
1345 623 1528 663 earum
1556 607 1851 663 futurarum
1879 622 2006 662 cau-

426 711 567 766 sales
600 706 852 776 quasdam
881 703 1144 765 rationes,
1179 711 1422 769 putemur
1450 699 1623 753 inania
1648 697 1888 769 quaedam
1920 698 2001 754 di-

427 815 567 855 cere,
596 798 723 863 Qua,-
752 802 875 850 sunt
916 793 1057 847 enim
1104 792 1219 844 ista:
1262 790 1503 845 causales
1533 789 1785 850 rationes,
1816 804 2008 845 secun-

427 892 552 946 dum
582 903 713 959 quas
743 894 920 955 posset
955 885 1065 953 jam
1094 882 1196 936 dici
1233 882 1369 935 Deus
1402 878 1595 936 fecisse
1626 880 1895 935 hominem
1940 878 2007 934 ad

427 983 707 1052 imaginem
736 993 907 1041 suam,
937 976 1087 1045 cujus
1110 988 1305 1042 corpus
1331 973 1564 1026 nondum
1595 973 1660 1027 de
1688 973 1814 1027 limo
1845 972 2011 1027 finxe-

433 1082 529 1134 rat,
559 1072 642 1125 cui
666 1068 898 1123 nondum
926 1066 1157 1121 animam
1205 1063 1436 1118 al‘llando
1465 1063 1703 1119 fecerat?
1730 1064 1797 1118 Et
1819 1079 2008 1134 corpo-

427 1164 500 1219 ris
534 1162 749 1233 quidem
798 1158 1012 1213 humani
1060 1157 1266 1211 etiamsi
1294 1154 1384 1210 fuit
1419 1156 1593 1227 aliqua
1619 1156 1825 1212 occulta
1851 1157 2007 1223 ratio,

427 1270 529 1324 qua
562 1252 795 1306 futurum
824 1258 939 1305 erat
973 1257 1030 1302 ut
1053 1246 1396 1314 formaretur,
1424 1257 1539 1302 erat
1575 1259 1627 1301 et
1655 1248 1904 1302 materies
1943 1248 2011 1302 de

426 1362 529 1418 qua
558 1344 896 1409 formaretnr,
922 1341 971 1395 id
1010 1349 1090 1395 est
1122 1348 1284 1403 terra,
1315 1341 1366 1394 in
1396 1356 1499 1410 qua
1527 1339 1691 1395 videri
1724 1349 1895 1409 potest
1922 1339 2012 1393 illa

426 1440 564 1495 ratio
584 1438 725 1493 velut
751 1437 803 1490 in
826 1434 1027 1489 semine
1044 1432 1263 1487 latuisse
1287 1448 1300 1483 :
1324 1432 1515 1485 anima:
1534 1439 1711 1486 autern
1735 1429 2008 1497 faciendae,

427 1534 481 1589 id
511 1541 593 1589 est
615 1530 769 1585 ﬂatus
794 1527 1020 1582 faciendi
1040 1566 1055 1592 ,
1095 1526 1185 1595 qui
1216 1534 1358 1579 esset
1400 1525 1573 1579 anima
1612 1524 1863 1592 hominis,
1893 1538 2013 1595 quae

430 1625 500 1680 ibi
545 1623 680 1677 ratio
709 1619 935 1675 eausalis
967 1618 1209 1687 primitus
1250 1616 1461 1671 condita
1490 1625 1571 1669 est
1594 1656 1609 1680 ,
1662 1631 1781 1670 cum
1812 1616 2016 1672 diceret

431 1718 592 1779 Deus,
620 1712 889 1767 Faciamus
913 1709 1165 1763 hominem
1194 1708 1260 1761 ad
1283 1708 1552 1777 imaginem
1569 1716 1614 1762 et
1632 1708 2015 1763 similitudinem

428 1816 650 1861 nostram
683 1804 847 1876 (quod
878 1802 979 1856 nisi
1009 1799 1301 1855 secundum
1327 1799 1558 1853 animam
1604 1808 1750 1855 recte
1791 1800 2013 1871 intelligi

430 1914 537 1955 non
562 1898 779 1969 potest),
806 1896 849 1949 si
874 1894 1014 1948 nulla
1039 1902 1152 1948 erat
1184 1902 1369 1947 natura
1392 1893 1479 1946 ubi
1514 1893 1530 1924 ¹
1554 1891 1906 1949 conderetur?

500 1990 590 2045 55.
613 1989 665 2045 Si
697 1986 839 2041 enim
866 1985 983 2040 hinc
1008 1985 1142 2039 ratio
1163 1986 1214 2039 in
1249 1985 1355 2039 Deo
1380 1993 1514 2051 erat,
1545 2000 1651 2039 non
1677 1985 1727 2039 in
1744 1995 2009 2053 creatura;

429 2084 664 2141 nondum
718 2097 846 2151 ergo
890 2088 1003 2134 erat
1029 2078 1240 2134 condita
1276 2077 1585 2149 :quomodo
1631 2094 1758 2149 ergo
1810 2078 2011 2134 dictum

429 2188 543 2241 est,
578 2175 716 2230 Fecit
744 2173 879 2227 Deus
901 2172 1150 2226 hominem
1169 2171 1237 2224 ad
1259 2170 1529 2240 imaginem
1549 2169 1644 2224 Dei
1672 2169 1825 2240 (Gen.
1850 2187 1888 2238 ι,
1914 2171 2007 2238 26,

428 2269 565 2338 27)?
599 2267 656 2323 Si
694 2276 869 2320 autem
895 2265 1004 2333 jam
1045 2264 1095 2317 in
1125 2272 1365 2317 creatura
1391 2271 1535 2327 erat,
1569 2262 1672 2319 hoc
1696 2271 1778 2317 est
1800 2304 1817 2330 ,
1864 2264 1915 2317 in
1946 2262 2012 2317 iis

429 2380 547 2435 qua:
577 2361 733 2416 simul
780 2358 955 2412 omnia
986 2363 1257 2411 creaverat
1300 2354 1437 2409 Deus
1461 2394 1477 2420 ,
1537 2355 1587 2408 in
1629 2370 1730 2424 qua
1768 2363 2012 2409 creatura

429 2453 581 2510 erat?
611 2460 784 2505 utrum
811 2445 1099 2518 spirituali,
1156 2460 1223 2499 an
1276 2443 1574 2515 corporali?
1609 2444 1663 2499 Si
1708 2444 1965 2513 spirituali
1992 2486 2007 2511 ,

428 2543 687 2615 agebatne
738 2538 935 2609 aliquid
969 2538 1021 2591 in
1063 2535 1376 2605 corporibus
1422 2534 1629 2603 mundi,
1657 2550 1750 2589 seu
1777 2536 2013 2591 cmleSti-

427 2638 545 2699 bus,
570 2651 664 2691 seu
696 2631 1073 2689 terrestribus?
1098 2633 1181 2685 An
1205 2630 1259 2684 in
1286 2645 1348 2686 ea
1372 2640 1488 2686 erat
1516 2630 1629 2684 haec
1648 2645 1841 2685 vacans
1861 2641 2013 2686 ante-

427 2744 585 2799 quam
616 2728 775 2781 homo
803 2726 853 2778 in
893 2740 989 2778 sua
1024 2732 1209 2776 natura
1249 2721 1459 2791 propria
1494 2721 1832 2789 conderetur,
1872 2722 2011 2777 sicut

428 2820 482 2874 in
513 2821 627 2888 ipSu
654 2816 871 2872 homine
892 2815 1001 2883 jam
1036 2812 1301 2882 propriam
1327 2814 1554 2868 ducente
1582 2815 1739 2868 vitam
1780 2814 2011 2871 latenter

429 2911 702 2977 otioseque
742 2906 879 2959 inest
922 2904 1058 2957 ratio
1086 2903 1407 2973 generandi,
1439 2918 1558 2973 qua:
1590 2920 1694 2957 non
1735 2914 2007 2973 operatur,

429 3004 530 3058 nisi
556 3017 647 3072 per
665 2999 1002 3056 concubitum
1031 3005 1187 3065 atque
1215 3006 1529 3065 conceptum
1554 2995 1577 3049 ?
1604 2997 1685 3050 An
1715 3006 1769 3051 et
1794 2998 1880 3051 illa
1911 3014 2009 3052 na-

428 3106 545 3150 tura
595 3104 851 3149 creaturae
892 3090 1181 3158 spiritualis
1206 3091 1248 3152 ¹,
1276 3090 1328 3144 in
1378 3106 1481 3160 qua
1522 3090 1716 3146 latente
1754 3102 1867 3147 erat
1893 3092 2010 3151 haec

428 3189 584 3250 ratio,
618 3184 749 3239 nihil
777 3182 966 3254 agebat
996 3183 1074 3237 sui
1102 3182 1321 3252 operis?
1341 3182 1409 3237 Ει
1435 3182 1618 3253 utquid
1648 3194 1825 3239 creata
1854 3186 2008 3241 erat?

428 3284 508 3337 An
551 3288 607 3333 ut
648 3277 945 3332 contineret
988 3274 1247 3330 rationem
1280 3275 1465 3331 futurae
1495 3275 1686 3331 anima:
1728 3276 2004 3347 humanae,

428 3370 511 3426 vel
535 3368 829 3424 futurarum
859 3368 1176 3429 animarum,
1203 3376 1449 3438 tanquam
1469 3368 1520 3421 in
1543 3369 1735 3439 seipsis
1760 3385 1880 3425 esse
1900 3386 2006 3425 non

425 3470 676 3533 possent,
706 3460 800 3515 sed
832 3460 882 3513 in
913 3458 1085 3529 aliqua
1132 3469 1372 3513 creatura
1423 3460 1630 3530 pr0pria
1664 3461 1765 3515 vita
1789 3462 1899 3530 jam
1932 3464 2009 3517 ri-

423 3566 616 3621 vente,
657 3554 795 3608 sicut
838 3551 1125 3623 generandi
1159 3552 1292 3605 ratio
1336 3566 1439 3605 non
1486 3561 1655 3620 potest
1679 3568 1798 3608 esse
1824 3554 1923 3608 nisi
1951 3554 2004 3609 in

423 3646 689 3718 aliquibus
724 3644 834 3715 jam
864 3643 1217 3699 existentibus
1249 3641 1600 3712 perfectisque
1634 3645 1870 3700 naturis?
1901 3644 2005 3701 Pa—

423 3754 551 3795 rens
596 3753 725 3808 ergo
754 3736 943 3791 animae
990 3734 1229 3789 instituta
1257 3744 1337 3788 est
1380 3735 1552 3805 aliqua
1582 3746 1821 3791 creatura
1849 3737 2008 3806 spiri-

424 3830 600 3896 tualis,
637 3829 812 3897 inqua
833 3828 900 3881 sit
928 3828 1061 3879 ratio
1096 3825 1282 3879 futurze
1311 3828 1534 3893 animm,
1565 3843 1683 3898 qua:
1728 3845 1831 3883 non
1880 3828 2005 3886 inde

421 3923 635 3985 existat,
664 3919 763 3971 nisi
789 3933 909 3972 cum
935 3934 1051 3971 eam
1085 3918 1222 3971 Deus
1246 3918 1442 3973 homini
1468 3919 1830 3990 inspirandam
1856 3922 2000 3981 facit.

422 4012 602 4080 Neque
622 4012 764 4066 enim
790 4020 844 4063 et
868 4024 932 4063 ex
958 4009 1171 4062 Itutnine
1192 4006 1356 4061 fetum
1385 4010 1464 4062 vel
1485 4012 1704 4067 seminis
1730 4015 1811 4068 vel
1837 4014 2003 4083 ipsius

418 4105 528 4176 jam
560 4102 723 4173 prolis
748 4109 897 4157 creat
920 4112 975 4155 et
1013 4100 1207 4154 format
1233 4100 1330 4153 nisi
1362 4101 1498 4155 Deus
1515 4143 1531 4168 ,
1558 4118 1655 4173 per
1678 4103 2000 4175 Sapientiam

420 4199 765 4267 attingentem
807 4193 1001 4264 ubique
1038 4202 1252 4262 propter
1279 4206 1429 4247 suam
1462 4195 1811 4263 munditiam,
1841 4199 1910 4253 ita
1946 4207 2004 4255 ut

420 4289 551 4344 nihil
576 4287 902 4358 inquinatum
934 4284 987 4337 in
1015 4298 1131 4337 eam
1163 4284 1393 4338 incurrat
1420 4283 1573 4355 (Sap.
1604 4301 1699 4351 vn,
1727 4287 1798 4342 24
1818 4299 1864 4341 et
1884 4288 1998 4362 25),

420 4382 545 4437 (ὶιιιιι
577 4376 839 4449 pertendit
871 4392 901 4430 a
933 4379 1035 4430 line
1074 4390 1239 4445 usque
1264 4376 1331 4430 ad
1361 4380 1516 4434 linem
1551 4380 1774 4446 fortiter,
1805 4391 1859 4436 ct
1884 4382 1993 4439 dis.

424 4473 571 4542 ponit
595 4472 770 4525 omnia
810 4468 1043 4523 suaviter
1072 4466 1183 4540 (Id.
1222 4484 1335 4533 VIII,
1367 4470 1443 4539 1).
1471 4468 1575 4525 Sed
1604 4473 1782 4528 nescio
1806 4490 1993 4545 quem-

422 4564 704 4620 admodum
756 4564 923 4632 possit
969 4561 1225 4631 intelligi,
1253 4560 1318 4615 ad
1368 4561 1469 4617 hoc
1520 4572 1722 4620 tantum
1765 4576 1998 4623 creatam

422 4655 604 4713 nescio
629 4670 785 4725 quam
814 4663 1112 4709 creaturam
1134 4654 1485 4721 spiritualcm,
1511 4672 1629 4726 quin
1659 4657 1710 4711 in
1743 4659 1832 4714 Dei
1863 4676 1996 4716 con-

420 4749 707 4807 ditionibus
731 4763 826 4817 per
846 4746 965 4801 illos
984 4760 1077 4799 sex
1100 4745 1217 4800 dies
1242 4744 1394 4800 factis
1414 4762 1520 4801 non
1547 4763 1997 4810 commemorare-

424 4854 529 4906 tur,
551 4858 669 4898 cum
699 4842 836 4895 Deus
865 4838 1134 4893 hominem
1163 4848 1314 4893 sexto
1354 4838 1443 4896 die
1464 4839 1653 4898 fecisse
1685 4843 1857 4899 dictus
1879 4855 1994 4915 est,

423 4954 581 5011 quem
612 4935 843 4990 nondum
886 4934 939 4986 in
969 4930 1176 5002 propria
1202 4942 1385 4987 natura
1437 4932 1666 5002 fecerat,
1696 4938 1791 4993 sed
1824 4940 1999 4998 adhuc

419 5031 625 5087 ratione
646 5026 843 5082 causali
869 5025 920 5079 in
942 5025 1026 5078 illa
1048 5038 1290 5079 creatura
1311 5042 1427 5096 qua:
1447 5042 1863 5087 commemorata
1890 5050 1996 5090 non

419 5136 522 5181 est.
554 5124 715 5191 Magis
756 5121 897 5175 enim
945 5118 1125 5173 debuit
1172 5119 1280 5188 ipsa
1311 5125 1734 5190 commemorari,
1763 5143 1882 5196 quae
1919 5130 1998 5184 sic

421 5223 787 5272 consummata
817 5222 957 5278 crat,
982 5220 1039 5265 ut
1068 5228 1169 5265 non
1201 5211 1375 5267 adhuc
1398 5225 1542 5269 esset
1566 5217 1855 5274 secundum
1885 5233 1995 5276 suae

421 5325 594 5365 causa:
626 5305 1010 5379 praecedentem
1038 5304 1293 5359 rationem
1319 5304 1576 5362 facienda.

571 5383 586 5407 λ

482 5494 499 5525 ι
524 5500 596 5540 Er.
624 5496 675 5540 et
695 5497 825 5546 Lov.,
847 5490 993 5539 unde.
1026 5493 1080 5536 Λι
1102 5495 1199 5535 Am.
1235 5491 1289 5548 et
1326 5494 1451 5548 mss,
1474 5484 1570 5538 ubi.

482 5555 503 5585 ³
527 5553 676 5601 editi:
712 5564 779 5600 .rm
802 5548 887 5600 illa
916 5555 1147 5612 creature
1170 5546 1452 5612 spiritantia.
1488 5547 1783 5601 Praetulimus
1803 5548 1883 5602 hic
1919 5549 1995 5604 le-

418 5615 629 5663 ctionem
648 5620 753 5662 τω.
779 5613 1095 5663 consensione
1122 5610 1369 5661 ﬁrmatam.
1838 5642 1843 5645 -

1342 236 1434 294 DE
1472 236 1722 294 GENESI
1761 234 1854 292 AD
1892 230 2267 305 LITTERAM,
2310 238 2367 294 S.
2409 226 2777 295 AUGUSTINI

2116 325 2343 386 CAPUT
2369 328 2555 385 XXIII.
2576 360 2649 370 ——
2675 330 2754 385 An
2799 329 2892 385 illa
2927 328 3145 385 causalis
3172 329 3301 384 ratio
3327 331 3513 386 animos
3542 334 3693 403 fuerit

2542 422 2729 477 inserta
2755 423 2809 477 in
2837 423 3065 494 angelica
3096 432 3297 477 natura.

2183 514 2272 569 54.
2315 515 2397 569 Αη
2428 514 2565 570 forte
2586 516 2639 570 in
2666 515 2809 571 illius
2840 514 2944 569 diei
2984 525 3207 583 natura,
3245 530 3405 586 quem
3448 517 3694 589 primitus

2112 606 2370 671 condidit,
2394 606 2440 661 si
2463 608 2683 677 Spiritus
2712 607 3087 663 intellectualis
3110 607 3225 664 dies
3247 608 3338 665 ille
3368 618 3514 666 recte
3548 610 3698 666 acci-

2115 696 2277 767 pitur,
2310 697 2449 753 hanc
2475 698 2730 754 faciendae
2753 699 2943 754 animae
2964 700 3228 756 causalem
3256 701 3515 758 rationem
3556 704 3699 758 Deus

2114 789 2360 859 inseruit,
2390 806 2510 847 cum
2540 801 2693 848 sexto
2721 792 2809 849 die
2850 791 2979 848 fecit
3022 792 3290 850 hominem
3317 795 3384 850 ad
3414 796 3699 868 imaginem

2114 895 2301 947 suam;
2333 897 2546 937 causam
2586 883 2787 939 scilicet
2815 885 3181 956 rationemque
3208 886 3483 958 pratﬁgens
3507 902 3703 943 secun-

2114 971 2239 1027 dum
2266 988 2423 1043 quam
2451 990 2572 1031 eum
2606 985 2727 1046 post
2764 975 2881 1030 illos
2900 986 3104 1046 septem
3131 975 3246 1032 dies
3273 976 3499 1043 faceret;
3530 988 3587 1032 ut
3615 979 3702 1032 vi-

2114 1062 2310 1119 delicet
2351 1066 2591 1135 corporis
2636 1066 2755 1135 ejus
2796 1067 3063 1121 causalem
3112 1068 3372 1124 rationem
3412 1069 3463 1123 in
3509 1079 3703 1125 natura

2116 1162 2293 1219 terrm,
2327 1156 2518 1210 animae
2540 1164 2716 1212 autem
2741 1157 2793 1212 in
2823 1167 3011 1212 natura
3042 1157 3187 1213 illius
3212 1158 3314 1213 diei
3338 1174 3548 1215 creasse
3576 1175 3706 1217 cre-

2116 1243 2305 1299 datur?
2334 1245 2441 1301 Sed
2465 1248 2591 1317 qnid
2622 1247 2765 1303 aliud
2793 1250 3003 1314 dicitur,
3050 1264 3169 1303 cum
3200 1250 3300 1304 hoc
3337 1250 3555 1319 dicitur,
3598 1252 3706 1308 nisi

2116 1336 2413 1405 angelicum
2436 1339 2680 1408 spiritum
2704 1339 2851 1409 quasi
2876 1350 3149 1409 parentem
3164 1356 3284 1397 esse
3300 1342 3490 1397 animae
3515 1343 3713 1398 huma-

2121 1443 2226 1494 nm,
2257 1429 2300 1483 si
2327 1430 2407 1485 sic
2435 1430 2490 1484 in
2518 1431 2607 1486 illo
2639 1432 2777 1487 inest
2797 1432 2988 1487 anima:
3020 1432 3269 1489 humana:
3294 1434 3538 1491 creandas
3562 1452 3712 1507 pra:—

2119 1520 2329 1575 condita
2356 1522 2516 1589 ratio,
2550 1523 2687 1578 sicut
2710 1524 2761 1577 in
2795 1523 3014 1580 homine
3045 1525 3234 1581 futurae
3260 1526 3424 1596 prolis
3452 1543 3562 1583 sua:
3596 1546 3610 1582 :
3640 1537 3708 1583 ut

2118 1626 2400 1681 corporum
2425 1614 2638 1684 quidem
2660 1614 3010 1671 humanorum
3032 1625 3279 1687 parentes
3306 1618 3549 1674 homines
3567 1619 3706 1687 sint,

2118 1702 2416 1759 animarum
2450 1714 2628 1760 autem
2670 1706 2881 1778 Angeli,
2906 1719 3117 1763 creator
3150 1724 3276 1764 vero
3312 1718 3367 1766 et
3402 1710 3709 1768 animarum

2118 1804 2172 1849 et
2198 1810 2479 1866 corporum
2507 1798 2667 1857 Deus,
2696 1799 2788 1855 sed
2818 1814 3101 1868 corporum
3130 1816 3194 1857 ex
3227 1800 3548 1866 hominibus,
3580 1803 3709 1858 ani-

2118 1903 2325 1942 marum
2354 1904 2421 1943 ex
2447 1890 2700 1960 Angelis;
2730 1898 2822 1946 aut
2847 1892 3042 1963 prioris
3079 1892 3320 1962 corporis
3342 1908 3408 1949 ex
3448 1901 3612 1956 terra.
3645 1904 3709 1951 et

2117 1980 2312 2051 prioris
2340 1981 2531 2036 animae
2554 1996 2621 2037 ex
2648 1984 2886 2055 angelica
2912 1993 3120 2049 natura,
3148 1984 3235 2040 ubi
3256 1985 3488 2041 rationes
3508 2002 3705 2043 eorum

2117 2072 2360 2128 causales
2389 2074 2706 2143 praellxerat,
2733 2075 2947 2146 quando
2978 2075 3219 2145 primitus
3261 2077 3384 2133 fecit
3424 2076 3709 2134 hominem

2119 2162 2173 2217 in
2218 2164 2282 2219 iis
2306 2181 2425 2234 quae
2451 2164 2611 2221 simul
2640 2168 2817 2222 omnia
2843 2168 3076 2232 creavit;
3122 2167 3377 2240 deinceps
3419 2184 3549 2225 vero
3587 2168 3710 2240 jam

2118 2255 2363 2312 homines
2388 2273 2453 2313 ex
2480 2258 2803 2327 hominibus,
2841 2276 3036 2331 corpus
3058 2275 3122 2316 ex
3161 2275 3387 2331 corpore
3406 2303 3421 2327 ,
3463 2262 3709 2318 animam

2117 2350 2421 2405 exanima?
2453 2351 2649 2406 Durum
2676 2352 2916 2418 esthoc,
2950 2353 3139 2422 Angeli
3167 2362 3257 2408 aut
3285 2353 3607 2426 Angelorum
3639 2354 3711 2408 [l-

2115 2440 2238 2497 liam
2290 2442 2469 2499 dicere
2501 2458 2621 2500 esse
2662 2446 2891 2499 animam
2922 2462 2935 2498 :
2962 2444 3059 2500 sed
3099 2445 3265 2501 multo
3312 2445 3533 2513 durius,
3574 2447 3712 2505 cmi

2114 2535 2395 2605 corporei;
2439 2544 2637 2607 quanto
2669 2538 2834 2608 magis
2859 2553 3008 2609 ergo.
3053 2538 3215 2593 maris
3236 2549 3290 2594 et
3319 2539 3513 2595 terras?
3533 2539 3711 2596 Multo

2116 2630 2293 2683 minus
2345 2630 2503 2699 igitur
2546 2632 2599 2685 in
2648 2631 2821 2702 aliqua
2863 2632 3129 2701 corporali
3166 2642 3438 2700 creatura,
3469 2634 3713 2691 causalis

2117 2723 2309 2777 anima:
2329 2723 2464 2777 ratio
2486 2724 2809 2793 prmcondita
2836 2736 2949 2792 est,
2975 2741 3097 2780 cum
3126 2725 3324 2781 faceret
3351 2726 3488 2783 Dens
3527 2726 3713 2782 homi-

2114 2828 2240 2870 nem
2275 2813 2341 2869 ad
2365 2813 2645 2884 imaginem
2665 2829 2815 2870 suam
2834 2858 2848 2881 ,
2877 2826 3160 2888 antequam
3189 2833 3309 2872 cum
3335 2834 3433 2873 suo
3460 2827 3710 2889 tempore

2114 2903 2183 2959 de
2228 2904 2356 2959 limo
2398 2903 2681 2960 formatum
2721 2905 2847 2961 ﬂatu
2885 2908 3182 2977 animaret,
3222 2909 3267 2964 si
3310 2909 3535 2966 absurde
3579 2926 3708 2968 cre-

2114 2996 2257 3050 ditur
2309 2996 2539 3051 animam
2587 2998 2872 3054 causaliter
2911 2999 2962 3054 in
3002 3009 3188 3056 natura
3227 3002 3463 3073 angelica
3508 3002 3705 3058 condi-

2112 3086 2273 3143 disse.
2634 3106 2637 3107 ν

2111 3179 2339 3236 CAPUT
2374 3180 2564 3236 XXIV.
2590 3211 2665 3223 —
2690 3183 2875 3236 Anima
2899 3200 2967 3236 an
2996 3193 3163 3238 creata
3181 3184 3244 3239 sit
3270 3185 3558 3257 priusquam
3581 3203 3707 3243 cor-

2728 3276 2838 3346 pori
2867 3276 3071 3330 inserta.

2182 3366 2271 3423 '55.
2301 3364 2432 3422 Illud
2458 3382 2586 3439 ergo
2606 3366 2900 3435 videamus,
2924 3378 3099 3424 utrum
3123 3368 3339 3425 forsitan
3366 3385 3546 3426 verum
3569 3386 3701 3428 esse

2111 3458 2300 3528 possit,
2331 3459 2472 3529 quod
2500 3469 2646 3515 certe
2676 3460 2918 3516 humanae
2944 3462 3178 3531 opinioni
3208 3463 3531 3520 tolerabilius
3558 3464 3697 3521 mihi

2109 3550 2356 3617 videtur,
2411 3551 2573 3605 Deum
2623 3550 2674 3605 in
2722 3552 2823 3606 illis
2869 3552 3051 3623 primis
3088 3553 3336 3624 operibus
3372 3571 3488 3625 quae
3529 3555 3699 3612 simul

2110 3643 2287 3699 omnia
2332 3644 2568 3710 creavit,
2616 3643 2847 3698 animam
2898 3645 3059 3701 etiam
3108 3645 3393 3700 humanam
3444 3661 3689 3716 creasse,

2110 3751 2268 3806 quam
2294 3751 2392 3790 suo
2422 3746 2660 3806 tempore
2687 3736 2938 3791 membris
2962 3752 3027 3790 ex
3057 3736 3182 3790 linto
3212 3736 3424 3793 formati
3447 3740 3691 3806 corporis

2110 3826 2413 3896 inSpiraret,
2437 3827 2589 3898 cujus
2610 3827 2851 3898 corporis
2881 3826 2932 3881 in
2960 3827 3065 3883 illis
3100 3828 3257 3882 simul
3283 3828 3509 3884 conditis
3528 3829 3692 3885 rebus

2108 3920 2368 3977 rationem
2398 3929 2634 3977 creasset
2658 3920 2960 3985 causaliter,
2993 3921 3283 3975 secundum
3317 3936 3473 3992 quam
3500 3921 3688 3992 ﬁeret,

2107 4029 2228 4069 cum
2259 4014 2553 4070 faciendum
2580 4023 2743 4079 esset,
2778 4028 2973 4084 corpus
3010 4012 3318 4069 humanum.
3353 4013 3484 4069 Nam
3514 4030 3691 4085 neque

2106 4105 2237 4161 illud
2283 4105 2422 4177 quod
2461 4106 2659 4161 dictum
2700 4116 2811 4169 est,
2855 4107 2923 4159 ad
2969 4104 3238 4176 imaginem
3278 4122 3454 4171 suam,
3492 4106 3589 4161 nisi
3632 4107 3689 4163 in

2106 4196 2313 4261 anima;
2344 4211 2515 4267 neque
2543 4196 2667 4251 illud
2696 4196 2836 4265 quod
2861 4195 3060 4251 diotnm
3085 4205 3167 4250 est
3185 4238 3199 4260 ,
3230 4197 3504 4250 masculum
3532 4206 3576 4251 ct
3600 4201 3687 4266 fe-

2106 4291 2328 4357 minam,
2368 4290 2465 4344 nisi
2503 4289 2557 4344 in
2595 4305 2819 4357 corpore
2861 4301 3003 4345 recte
3032 4290 3393 4362 intelligimus.
3422 4290 3696 4349 Credatur

2105 4396 2266 4451 ergo,
2303 4382 2347 4435 si
2392 4381 2533 4435 nulla
2570 4381 2960 4453 Scripturarum
2996 4385 3280 4438 auctoritas
3316 4399 3411 4438 seu
3446 4383 3696 4442 veritatis

2104 4472 2240 4527 ratio
2278 4472 2623 4540 contradicit,
2656 4473 2920 4528 hominem
2952 4473 3021 4527 ita
3055 4473 3245 4529 factum
3286 4484 3437 4531 sexto
3472 4473 3592 4539 die,
3626 4485 3696 4531 ut

2103 4567 2342 4635 corporis
2378 4566 2592 4637 quidem
2636 4566 2849 4621 humani
2891 4567 3027 4621 ratio
3066 4568 3291 4622 causalis
3320 4570 3371 4623 in
3401 4569 3693 4627 elementis

2103 4658 2284 4713 mundi
2310 4674 2326 4725 ;
2356 4659 2529 4713 anima
2561 4673 2686 4714 vero
2718 4659 2827 4729 jam
2855 4658 2964 4727 ipsa
2989 4667 3289 4727 crearetur,
3329 4660 3465 4715 sicut
3493 4661 3687 4730 primi-

2103 4758 2188 4805 tus
2214 4751 2457 4807 conditus
2493 4759 2575 4806 est
2610 4750 2760 4813 dies.
2804 4758 2858 4805 et
2894 4761 3070 4807 creata
3114 4751 3300 4808 lateret
3339 4751 3391 4807 in
3426 4753 3689 4824 operibus

2103 4844 2222 4911 Dei,
2252 4844 2423 4899 donec
2449 4860 2567 4899 eam
2589 4859 2686 4899 suo
2710 4854 2952 4915 tempore
2974 4845 3254 4909 sufflando,
3281 4846 3383 4902 hoc
3405 4855 3487 4902 est
3513 4846 3690 4917 inspi-

2101 4938 2289 5003 rando,
2320 4937 2544 4991 formato
2569 4951 2635 4992 ex
2665 4935 2794 4993 limo
2822 4938 3031 5008 corpori
3058 4938 3334 4993 insereret.

2101 5026 2325 5085 CAPUT
2363 5025 2530 5082 XXV.
2556 5057 2629 5069 —-
2656 5029 2841 5083 Anima
2864 5029 2911 5083 si
2931 5039 3073 5083 atra
3098 5045 3280 5100 corpus
3304 5030 3577 5101 existebat,
3606 5049 3685 5090 an

2451 5130 2629 5191 suopte
2653 5131 2777 5175 nutu
2810 5119 2880 5173 ad
2905 5136 3088 5190 corpus
3116 5122 3319 5177 renerit.

2170 5210 2260 5268 36.
2290 5210 2394 5267 Sed
2426 5211 2513 5267 hic
2540 5226 2723 5267 rursus
2745 5226 2849 5266 non
2889 5212 3186 5282 spernenda
3219 5214 3391 5271 oritur
3428 5215 3680 5287 quaestio.

2099 5302 2155 5360 Si
2188 5305 2330 5360 enim
2359 5305 2469 5374 jam
2495 5306 2625 5359 facta
2651 5313 2765 5359 erat
2790 5304 2988 5369 anima,
3020 5316 3074 5362 et
3101 5306 3317 5374 latebat,
3360 5308 3447 5365 ubi
3471 5309 3520 5365 ei
3552 5323 3683 5381 pos-

2100 5407 2182 5455 set
2210 5412 2329 5454 esse
2359 5398 2547 5453 melius
2571 5414 2730 5470 quam
2773 5399 2888 5454 ibi?
2924 5398 3059 5467 Quid
3102 5416 3229 5473 ergo
3271 5402 3367 5457 fuit
3404 5418 3578 5457 causa:
3614 5410 3683 5460 ut

2102 5490 2275 5545 anima
2318 5491 2630 5545 innocenter
2654 5491 2839 5547 vivens
2866 5491 3190 5548 insereretur
3216 5493 3337 5549 vita:
3365 5493 3522 5565 hujus
3551 5509 3682 5551 car-

2102 5582 2220 5645 nis.
2260 5582 2312 5638 in
2337 5598 2439 5654 qua
2468 5582 2767 5654 peccando,
2798 5583 2970 5654 ipsum
2998 5584 3089 5656 qui
3127 5600 3246 5642 eam
3274 5586 3476 5643 creavit
3509 5585 3682 5644 offen-

2100 5672 2278 5738 deret;
2310 5671 2450 5728 unde
2478 5686 2595 5729 eam
2636 5674 2826 5730 merito
2864 5684 3177 5748 sequeretur
3200 5676 3398 5735 laboris
3440 5692 3680 5748 aerumna
