3902 6312
202 461 335 529 ig‘ei-
364 440 761 523 obtemperaret
795 442 993 506 colenti
1018 462 1098 514 se,
1122 446 1197 503 ita
1235 448 1289 503 et
1318 446 1431 517 ipse
1466 439 1800 517 praecipienti

204 538 439 603 Demino
460 550 579 613 suo,
612 552 669 599 ut
690 550 903 613 sumpto
924 549 1190 613 prazcepto
1212 533 1526 595 obedientire
1546 528 1798 605 fructum,

203 654 314 693 non
339 636 521 708 spinas
554 630 927 691 inobedientitn
966 630 1255 689 redderet?
1288 626 1529 701 Denique
1552 628 1801 701 quoniam

202 726 613 787 similitudinem
656 744 685 781 a
718 743 776 783 se
820 714 947 782 culti
978 721 1209 798 paradisi
1240 724 1293 780 in
1326 722 1501 794 seipse
1535 719 1803 778 custodire

202 822 453 881 subditus
485 818 684 888 noluit,
723 816 952 877 similem
985 814 1085 875 sibi
1126 834 1308 889 agrum
1340 817 1618 873 damnatus
1645 831 1801 872 acce-

201 919 287 992 pit
314 937 328 972 :
360 912 573 990 Spinas,
606 915 792 986 inquit,
823 908 868 969 et
899 908 1108 968 tribulos
1126 910 1285 981 pariet
1308 912 1399 967 tibi
1422 909 1571 983 (Gen.
1593 910 1798 980 111,18).

276 1008 363 1064 2|.
407 1000 561 1076 Quod
606 1008 651 1061 si
698 1015 753 1061 et
798 998 928 1059 illud
977 1003 1360 1075 intelligamus,
1392 1001 1800 1073 ,utpatadisum

200 1112 543 1175 operaretur,
572 1110 627 1158 et
668 1093 970 1171 paradisum
1010 1094 1320 1163 custodiret,
1351 1096 1558 1167 operari
1586 1093 1801 1164 quidem

201 1190 514 1268 paradisum
545 1202 743 1263 posset,
773 1192 909 1247 sicut
936 1202 1097 1259 supra
1137 1182 1403 1255 diximus,
1450 1200 1543 1256 per
1570 1184 1799 1255 agricul-

203 1297 420 1353 turam;
449 1284 718 1343 custodire
747 1293 923 1339 autem
958 1296 1064 1339 non
1106 1282 1364 1336 adversus
1402 1279 1672 1351 improbos
1711 1284 1804 1332 aut

196 1372 477 1447 inimicos,
503 1372 592 1449 qui
626 1376 752 1432 nulli
780 1384 965 1443 erant,
998 1373 1091 1430 sed
1132 1370 1376 1428 fortassis
1420 1372 1679 1427 adversus
1711 1370 1804 1425 be-

201 1472 357 1527 Stias.
388 1460 669 1540 Quomodo
699 1458 877 1524 istud?
898 1462 991 1522 aut
1012 1462 1218 1537 quare?
1244 1462 1509 1535 Numquid
1532 1463 1670 1519 enim
1704 1462 1802 1527 be-

198 1564 325 1621 stim
350 1558 465 1635 jam
494 1564 548 1618 in
592 1556 864 1617 hominem
904 1560 1215 1625 saeviebant,
1260 1548 1401 1629 quod
1448 1557 1551 1612 nisi
1578 1566 1802 1627 peccato

200 1671 316 1714 non
348 1651 533 1714 ﬁeret?
554 1648 672 1728 ipse
702 1648 897 1727 quippe
929 1646 1116 1709 bestiis
1160 1648 1406 1709 omnibus
1435 1640 1502 1706 ad
1538 1666 1596 1706 se
1629 1650 1803 1704 addu-

197 1750 331 1814 ctis,
378 1751 515 1805 sicut
553 1758 683 1821 post
724 1748 1193 1813 commemoratur,
1246 1745 1461 1800 nomina
1506 1743 1797 1814 imposuit:

202 1849 323 1919 ipse
353 1848 516 1903 etiam
556 1856 708 1901 sexto
754 1846 841 1899 die
886 1845 1003 1915 lege
1048 1842 1197 1897 verbi
1244 1842 1337 1897 Dei
1381 1855 1503 1896 cum
1553 1841 1802 1894 omnibus

199 1953 522 1996 communes
550 1938 698 1993 cibos
720 1936 951 2006 accepit.
985 1924 1088 1990 Aut
1114 1933 1158 1988 si
1186 1943 1300 1989 erat
1324 1932 1441 2003 .jam
1472 1931 1611 2002 quod
1638 1932 1799 1985 time-

200 2043 358 2087 retur
376 2023 440 2085 in
464 2012 673 2096 bestiis,
718 2042 947 2098 quonam
978 2036 1131 2097 pacto
1160 2033 1346 2095 posset
1374 2040 1511 2079 unus
1553 2024 1715 2077 homo
1742 2023 1803 2075 il-

194 2108 319 2175 lum
357 2114 567 2175 munire
604 2117 947 2191 paradisum?
982 2117 1166 2187 Neque
1208 2116 1349 2171 enim
1391 2117 1612 2186 exiguus
1651 2115 1802 2169 locus

202 2221 349 2279 erat,
381 2227 543 2282 quem
576 2220 752 2266 tantus
791 2208 911 2265 fons
956 2209 1225 2281 irrigabat.
1267 2206 1547 2263 Custodire
1585 2206 1801 2278 quidem

200 2305 295 2367 ille
323 2302 569 2372 deberet,
599 2304 642 2357 si
682 2314 865 2374 posset
900 2302 1202 2373 paradisum
1233 2301 1323 2355 tali
1355 2309 1410 2355 et
1439 2310 1578 2354 tanta
1619 2315 1800 2356 mace-

201 2399 285 2453 ria
333 2397 694 2463 communire,
742 2405 799 2451 ut
824 2412 892 2452 eo
930 2410 1154 2466 serpens
1194 2410 1298 2450 non
1336 2404 1522 2464 posset
1560 2396 1796 2449 intrare:

200 2492 303 2548 sed
335 2493 531 2547 mirum
562 2491 607 2545 si
632 2492 944 2561 priusquam
970 2490 1346 2554 communiret,
1373 2502 1560 2543 omnes
1580 2502 1800 2558 serpeno

202 2591 289 2639 tes
312 2572 449 2639 inde
468 2591 657 2653 posset
680 2576 985 2638 excludere.

276 2675 375 2731 22.
416 2664 652 2732 Proinde
687 2676 1013 2731 intellectum
1056 2682 1183 2730 ante
1225 2674 1409 2730 oculos
1447 2689 1549 2730 cur
1576 2682 1798 2746 prteter-

201 2760 511 2822 mittimus?
539 2752 753 2822 Positus
783 2775 865 2822 est
902 2766 1100 2837 quippe
1133 2765 1292 2821 homo
1336 2766 1389 2821 in
1428 2758 1712 2836 paradiso,
1740 2774 1800 2821 ut

200 2870 529 2933 operaretur
554 2846 798 2916 eumdem
834 2860 1166 2931 paradisum,
1194 2860 1330 2914 sicut
1369 2874 1529 2931 supra
1562 2859 1799 2929 disputa-

201 2963 324 3010 tum
352 2962 456 3018 est,
486 2969 581 3025 per
614 2952 988 3023 agriculturam
1014 2967 1127 3005 non
1166 2940 1507 3017 laboriosam,
1537 2950 1629 3006 sed
1659 2950 1798 3006 deli-

202 3036 455 3111 Cio‘sam,
510 3052 564 3101 et
608 3053 840 3100 mentem
876 3043 1164 3114 prudentis
1206 3057 1399 3113 magna
1445 3052 1602 3113 atque
1649 3042 1798 3097 utilia

201 3148 642 3196 commonentem
679 3154 693 3192 :
743 3137 1035 3193 custodiret
1076 3144 1253 3191 autem
1302 3136 1547 3192 eumdem
1593 3124 1801 3206 paradi-

203 3247 332 3289 sum
355 3233 455 3303 ipsi
483 3231 618 3297 sibi,
665 3247 732 3286 ne
768 3230 964 3300 aliquid
992 3229 1315 3293 admitteret,
1344 3244 1507 3299 quone
1535 3228 1657 3283 inde
1686 3243 1800 3284 me-

204 3333 427 3380 reretur
455 3322 670 3391 expelli.
721 3318 960 3391 Denique
996 3320 1214 3390 accepit
1257 3327 1311 3374 et
1358 3327 1699 3389 praeceptum,
1742 3326 1801 3373 ut

205 3416 276 3469 sit
296 3429 408 3484 per
452 3413 591 3484 quod
637 3413 738 3467 sibi
785 3412 1051 3468 custodiat
1095 3411 1420 3481 paradisum,
1462 3411 1513 3466 id
1544 3420 1656 3478 est,
1694 3427 1799 3481 quo

205 3510 666 3561 conServatonon
707 3502 829 3559 inde
844 3504 1184 3575 .projiciatur.
1220 3503 1381 3559 Recte
1407 3502 1550 3559 enim
1576 3505 1800 3574 quisque

205 3582 409 3652 dicitur
437 3612 544 3651 non
565 3596 863 3652 custodisse
889 3612 1004 3653 rem
1026 3611 1201 3665 suam,
1223 3598 1310 3667 qui
1340 3596 1419 3653 sic
1442 3598 1552 3668 egit
1574 3606 1632 3653 ut
1645 3598 1802 3653 amit-

205 3698 347 3746 teret
372 3704 514 3754 cam,
546 3689 752 3744 etiamsi
779 3690 934 3745 alteri
976 3690 1118 3745 salva
1148 3690 1255 3759 sit,
1282 3691 1512 3762 quieam
1542 3692 1624 3747 vel
1648 3692 1797 3746 inve-

206 3781 285 3836 nit
316 3781 397 3835 vel
428 3780 671 3852 accipere
697 3781 911 3855 meruit.

276 3860 372 3927 95.
398 3857 501 3927 Est
521 3872 656 3927 alius
692 3872 743 3927 in
775 3872 857 3928 his
884 3874 1061 3928 verbis
1104 3888 1315 3940 sensus,
1346 3890 1502 3944 quem
1528 3884 1662 3946 poto
1688 3892 1797 3932 non

148 3987 154 3993 ·
204 3965 482 4019 immerito
496 3965 940 4035 praeponendum,
966 3974 1023 4020 ut
1048 3966 1217 4038 ipsum
1247 3966 1516 4021 hominem
1542 3983 1797 4036 operare-

204 4066 297 4112 tur
316 4044 463 4112 Deus
494 4064 548 4111 ct
566 4042 869 4113 custodiret
892 4058 996 4129 (ιι).
1025 4058 1332 4113 Sicutenim
1360 4066 1613 4128 operatur
1632 4060 1797 4117 homo

205 4159 431 4213 terram,
462 4164 567 4203 non
599 4159 657 4202 ut
682 4163 799 4203 eam
831 4148 989 4204 faciat
1005 4163 1125 4205 esse
1152 4157 1369 4215 terram,
1397 4150 1490 4205 sed
1528 4152 1797 4207 utcultam

203 4251 368 4312 atque
404 4228 734 4297 'l'ructuosam
765 4260 778 4296 :
812 4242 888 4296 sic
918 4243 1068 4297 Deus
1104 4243 1371 4298 hominem
1416 4244 1791 4316 multomagis,

205 4348 369 4404 quem
402 4333 517 4403 ipse
538 4334 741 4407 creavit
763 4342 819 4387 ut
853 4333 1014 4389 homo
1036 4335 1133 4401 sit,
1164 4351 1284 4390 eum
1333 4336 1445 4407 ipse
1470 4346 1721 4407 operatur
1742 4349 1799 4393 ut

196 4418 385 4495 justus
408 4425 502 4493 sit,
529 4425 571 4479 si
603 4424 765 4479 homo
797 4426 863 4480 ab
895 4426 984 4479 illo
1004 4442 1107 4497 .per
1143 4428 1444 4497 superbiam
1474 4445 1577 4483 non
1602 4429 1795 4486 absce-

205 4516 335 4580 dat;
370 4515 475 4570 hoc
513 4525 597 4577 est
643 4516 783 4570 enim
824 4525 1129 4587 apostatare
1166 4534 1195 4571 a
1240 4520 1369 4584 Deo,
1403 4520 1544 4588 quod
1586 4522 1796 4576 initium

204 4609 475 4678 superbia:
518 4609 787 4679 Scriptura
831 4608 1278 4679 dicittlnitium,
1326 4612 1798 4683 inquit,supcrbiw

205 4701 429 4754 hominis
464 4710 754 4771 apostatare
793 4717 825 4755 a
854 4700 963 4755 Deo
990 4700 1179 4774 (Eccli.
1221 4719 1289 4767 x,
1327 4702 1447 4773 Μ).
1486 4703 1623 4771 Quin
1662 4722 1797 4777 ergo

204 4794 350 4850 Deus
378 4804 461 4851 cst
492 4796 920 4852 incommutabile
964 4796 1185 4863 bonum,
1221 4798 1381 4853 homo
1416 4808 1597 4854 autem
1629 4808 1683 4855 et
1710 4815 1798 4856 sc-

205 4888 445 4943 cundum
465 4891 695 4945 animam
740 4900 793 4946 et
834 4892 1127 4946 secundum
1164 4907 1361 4963 conpes
1386 4893 1667 4948 mutabilis
1698 4910 1796 4949 ires

204 4988 326 5047 est;
360 4980 461 5035 nisi
492 4980 557 5035 ad
589 4982 1018 5038 incommutabile
1051 4983 1284 5051 bonum,
1318 4984 1468 5054 quod
1498 4993 1593 5039 est
1626 4985 1793 5053 Deus,

208 5074 501 5128 cenversus
530 5074 848 5143 substiterit,
875 5075 1092 5130 formari
1118 5086 1173 5130 ut
1195 5077 1373 5146 justus
1393 5078 1685 5149 beatusque
1703 5080 1791 5146 sit,

208 5170 316 5219 non
336 5162 544 5235 'polest.
589 5168 667 5222 Ac
718 5184 813 5238 per
851 5167 951 5223 hoc
980 5169 1116 5224 Deus
1144 5169 1282 5223 idem
1319 5170 1407 5239 qui
1446 5181 1592 5226 creat
1618 5169 1797 5226 homi-

211 5274 355 5339 nem,
390 5268 446 5314 ut
476 5259 637 5315 homo
656 5262 751 5329 sit,
798 5262 912 5331 ipse
937 5273 1188 5333 operatur
1227 5263 1494 5320 honinem
1516 5277 1683 5336 atque
1698 5282 1799 5321 eu-

211 5352 406 5418 stodit,
458 5361 515 5433 ut
559 5352 719 5431 etiam
770 5354 941 5409 bonus
990 5355 1281 5426 beatusque
1328 5357 1415 5411 sit.
1458 5359 1799 5429 Quapropter

210 5456 316 5512 qua
350 5443 616 5501 locutione
645 5445 839 5501 dicitur
862 5445 1022 5502 homo
1046 5446 1261 5517 cperari
1304 5457 1520 5515 terram,
1541 5450 1796 5521 quaedam

215 5545 354 5593 terra
380 5548 515 5605 cret,
549 5550 605 5595 ut
627 5548 812 5596 ornata
856 5549 1017 5613 atque
1059 5541 1281 5598 fecunda
1322 5544 1797 5608 sit,ealeeutioue

258 5684 348 5763 Ὧι)
360 5682 527 5771 mea
538 5686 1153 5771 Tuufeé‘étﬁtis’ietijus
1163 5684 1683 5771 φηὲηίιιῖιῷτέξρέῖη
1701 5716 1797 5771 quo

206 5736 1797 5827 m\"m'"-sm%mmm'msemsﬁ

215 5828 305 5874 ista
324 5837 442 5875 voce
464 5824 779 5877 conveniens.

1490 324 1692 385 LIBER
1728 318 2059 386 OCTAVUS.

3394 298 3501 400 si:

1864 420 1867 425 i
1908 441 2099 502 dicitur
2126 440 2269 504 Deus
2298 444 2507 521 operari
2554 450 2826 509 hominem
2849 496 2867 524 ,
2893 456 2982 528 qui
3009 456 3118 525 jam
3155 444 3315 513 homo
3353 466 3489 525 erat,

1909 550 1966 595 ut
1993 538 2109 612 pilis
2136 542 2453 616 sapienSquc
2483 545 2571 615 sit,
2603 562 2831 619 cumque
2847 542 3134 618 custodire,
3168 548 3307 621 quod
3329 544 3491 608 homo

1910 649 2004 690 sua
2033 645 2294 706 potestate
2323 634 2374 692 in
2403 634 2484 707 Se,
2525 655 2681 711 quam
2720 637 2859 696 illius
2884 658 3042 713 supra
3081 657 3139 699 se
3166 638 3458 698 delectatus
3476 684 3491 710 ,

1908 718 2432 804 dominationemque
2478 731 2594 803 ejus
2633 743 2981 790 contemnens
3023 742 3165 791 tutus
3216 750 3335 792 esse
3381 750 3490 790 non

1906 820 2095 890 possit.

2015 908 2237 973 CAPUT
2265 908 2356 974 XI.
2385 948 2453 959 —
2475 912 2578 973 Cur
2601 920 2683 974 hic
2709 914 2884 975 addita
2910 914 3082 989 dictio,
3104 914 3380 979 Dominus.

2108 1088 2111 1089 ν
2472 1009 2720 1071 Dominus
2745 1028 2908 1067 verus.

1978 1094 2066 1158 24.
2100 1101 2329 1158 Proinde
2370 1103 2517 1157 nullo
2556 1104 2715 1159 modo
2748 1120 2937 1161 vacare
2977 1106 3225 1174 arbitror.
3266 1106 3361 1164 sed
3394 1120 3491 1164 nos

1906 1193 2126 1265 aliquid.
2154 1204 2213 1251 et
2238 1210 2489 1267 magnum
2510 1197 2710 1269 aliquid
2756 1198 3069 1267 admonere,
3100 1199 3241 1270 quod
3270 1198 3338 1254 ab
3378 1200 3493 1271 ipso

1907 1286 2071 1343 divini
2100 1289 2220 1344 libri
2251 1291 2407 1359 hujus
2434 1291 2685 1359 exordio,
2710 1308 2773 1347 ex
2805 1309 2909 1364 quo
2941 1294 3010 1348 ita
3041 1304 3248 1363 carptus
3286 1305 3388 1358 est,
3425 1292 3492 1348 In

1900 1381 2157 1454 principio
2178 1381 2300 1452 fecit
2322 1381 2452 1437 Deus
2473 1384 2654 1437 caelum
2680 1393 2726 1438 et
2749 1394 2955 1451 terram,
2975 1400 3141 1455 usque
3172 1384 3238 1440 ad
3255 1386 3394 1440 hunc
3411 1386 3491 1439 lo-

1898 1489 2049 1544 cum,
2066 1488 2323 1547 nusquam
2338 1477 2571 1546 positum
2589 1487 2692 1543 est,
2706 1476 2963 1533 Dominus
2981 1478 3138 1543 Deus;
3155 1477 3247 1533 scd
3268 1487 3472 1533 tantum

1903 1568 2086 1636 modo,
2104 1568 2276 1626 Deus:
2298 1585 2448 1625 nunc
2466 1585 2592 1625 vero
2611 1570 2697 1625 ubi
2712 1570 2779 1625 ad
2798 1571 2849 1625 id
2870 1582 3083 1626 ventum
3114 1582 3213 1635 est,
3235 1581 3290 1625 ut
3307 1572 3482 1625 homi-

1903 1675 2028 1715 nem
2048 1660 2105 1715 in
2130 1659 2373 1731 paradiso
2393 1662 2763 1729 constitueret,
2786 1678 3014 1733 cumque
3043 1678 3135 1733 per
3162 1672 3489 1735 praeceptum

1902 1763 2221 1823 operaretur
2239 1753 2619 1822 etcustmliret,
2658 1755 2733 1809 ita
2770 1754 3043 1823 Scriptura
3072 1757 3244 1811 locuta
3283 1765 3394 1819 est,
3419 1752 3488 1808 Et
3555 1765 3557 1768 ‘

1905 1849 2115 1919 sumpsit
2132 1847 2382 1902 Dominus
2397 1848 2530 1901 Deus
2547 1849 2797 1902 hominem
2807 1864 2955 1918 quem
2968 1848 3085 1916 {erit
3102 1889 3118 1914 ,
3136 1857 3183 1901 ct
3194 1850 3359 1919 posuit
3377 1863 3490 1902 eum

1901 1941 1958 1993 in
1983 1941 2220 2010 paradiso
2242 1942 2443 2011 operari
2462 1958 2576 1995 eum
2599 1952 2647 1995 et
2676 1942 2926 1996 custodire
2953 1957 2971 1996 :
2999 1958 3101 1997 non
3134 1942 3273 2013 quod
3326 1957 3487 2012 supra

1905 2032 2166 2113 dictarunt
2192 2042 2562 2089 creaturarum
2582 2035 2844 2090 Dominus
2879 2050 2983 2089 non
3005 2046 3148 2090 esset
3178 2037 3353 2101 Deus;
3385 2034 3483 2090 sed

1898 2126 2029 2195 quia
2056 2125 2159 2180 hoc
2184 2140 2283 2180 nec
2312 2134 2529 2196 propter
2563 2127 2829 2195 Angelos,
2852 2142 2954 2182 nec
2982 2137 3199 2196 promer
3234 2127 3337 2182 alia
3367 2142 3487 2197 qum

1900 2227 2084 2273 mata
2138 2227 2264 2273 sunt
2293 2259 2309 2284 ,
2372 2218 2472 2273 sed
2535 2229 2753 2289 propter
2806 2208 3078 2275 hominem
3122 2218 3485 2286 scribebatur,

1904 2308 2119 2365 odeum
2166 2309 2561 2365 admonendum
2606 2319 2859 2381 quantum
2902 2310 2956 2365 ei
3001 2309 3247 2381 expediat
3288 2309 3488 2365 habere

1900 2400 2187 2455 Dominum
2222 2401 2410 2469 Deum,
2443 2401 2545 2457 hoc
2571 2411 2675 2465 est,
2694 2402 2795 2456 sub
2828 2402 2947 2471 ejus
2971 2401 3331 2456 dominatione
3355 2400 3489 2455 obe-

1898 2492 2116 2546 dientor
2142 2492 2322 2548 vivere
2340 2524 2362 2559 ε
2385 2508 2549 2563 quam
2600 2493 2880 2551 licentiose
2916 2494 3066 2548 abuti
3096 2493 3306 2564 propria
3333 2502 3489 2565 pute-

1898 2594 2062 2649 state,
2092 2600 2354 2656 tasquae:
2383 2586 2486 2640 hoc
2512 2586 2659 2656 prius
2688 2601 2889 2656 ponere
2919 2586 3103 2650 voluit,
3131 2586 3231 2641 nisi
3260 2585 3345 2639 ubi
3370 2600 3492 2656 pcr-

1904 2685 2126 2733 ventm
2148 2686 2236 2732 est
2263 2677 2329 2732 ad
2348 2693 2472 2733 eum
2496 2678 2546 2731 in
2568 2677 2820 2749 paradiso
2843 2678 3230 2743 collocandum,
3263 2693 3490 2749 operan-

1901 2768 2029 2824 dum
2051 2777 2107 2824 et
2131 2769 2538 2825 custodiendum
2564 2787 2577 2823 :
2622 2779 2680 2825 ut
2705 2786 2809 2825 non
2832 2771 3035 2827 diceret
3056 2771 3193 2825 sicut
3220 2781 3273 2827 et
3293 2780 3488 2826 caetera

1898 2862 2081 2915 omnia
2110 2862 2375 2932 superius,
2404 2863 2471 2917 Et
2490 2862 2718 2933 sumpsit
2755 2862 2893 2917 Deus
2923 2861 3191 2917 hominem
3212 2877 3372 2933 quem
3403 2861 3483 2918 te—

1902 2954 2009 3021 cit;
2039 2954 2135 3009 sed
2162 2954 2381 3020 diceret,
2410 2954 2482 3009 Et
2518 2957 2735 3026 sumpsit
2761 2954 3011 3010 Dominus
3040 2954 3176 3009 Deus
3210 2956 3486 3021 hominem,

1894 3046 2212 3117 quemfecit,
2244 3057 2290 3100 et
2302 3048 2474 3119 posuit
2499 3064 2614 3101 eunt
2646 3049 2700 3102 in
2734 3048 2971 3117 paradiso
3007 3048 3207 3119 aperari
3244 3064 3401 3112 eum,
3431 3057 3491 3101 ut

1890 3139 2075 3209 justus
2088 3149 2259 3203 esset,
2289 3139 2336 3192 ἐι
2374 3140 2662 3205 custodire,
2692 3149 2750 3193 ut
2789 3148 2933 3194 tutus
2957 3149 3120 3207 esset,
3169 3139 3281 3209 ipsa
3310 3139 3488 3208 utique

1896 3230 2263 3287 dominatione
2280 3247 2400 3298 sua,
2423 3248 2541 3302 qua:
2572 3247 2680 3286 non
2699 3241 2785 3287 est
2810 3231 2885 3287 illi
2913 3231 3006 3288 sed
3026 3232 3179 3287 nobis
3206 3232 3366 3287 utilis.
3388 3230 3485 3287 llle

1900 3325 2097 3393 quippe
2122 3334 2306 3379 nostra
2336 3326 2593 3379 servitute
2625 3339 2729 3379 non
2761 3325 2980 3395 indiget,
3027 3340 3126 3379 nos
3155 3340 3280 3381 vero
3306 3324 3484 3379 domi-

1898 3418 2119 3473 natione
2146 3417 2289 3473 illius
2309 3418 2628 3487 indigemus,
2658 3426 2716 3473 ut
2744 3427 2993 3489 operetur
3013 3428 3067 3473 et
3086 3419 3485 3485 custodiatnos;

1902 3520 1957 3565 et
1984 3510 2102 3565 ideo
2138 3527 2293 3567 verus
2340 3512 2486 3567 solus
2529 3520 2612 3567 est
2658 3512 2934 3576 Dominus,
2984 3512 3105 3581 quia
3154 3525 3262 3566 non
3304 3512 3379 3567 illi
3417 3510 3488 3566 ad

1895 3616 2075 3668 main,
2105 3603 2200 3657 sed
2238 3602 2309 3657 ad
2353 3613 2589 3657 nostram
2629 3604 2911 3659 utilitatem
2955 3604 3286 3673 salutemque
3315 3604 3488 3658 servi-

1902 3710 2041 3749 mus.
2064 3695 2202 3749 Nam
2242 3697 2288 3749 si
2316 3696 2473 3750 nobis
2494 3697 2775 3767 indigeret,
2800 3712 2873 3751 eo
2910 3696 3029 3766 ipso
3048 3712 3160 3751 non
3190 3712 3347 3751 verus
3374 3697 3487 3752 Do-

1894 3788 2080 3842 minus
2100 3797 2265 3853 esset,
2293 3802 2413 3841 cum
2441 3804 2535 3856 per
2560 3802 2658 3841 nos
2678 3789 2795 3856 ejus
2816 3788 3153 3858 adjuvaretur
3168 3789 3485 3856 necessitas,

1904 3879 2002 3932 sub
2024 3895 2123 3948 qua
2153 3888 2207 3933 et
2236 3879 2351 3948 ipse
2376 3880 2621 3933 serviret.
2646 3880 2834 3934 Merito
2858 3880 2950 3935 ille
2975 3881 3028 3935 in
3056 3881 3265 3935 Psalme
3289 3900 3307 3936 ε
3342 3880 3483 3950 Dixi,

1899 3971 2091 4040 inquit,
2120 3968 2373 4035 Donu'uo,
2401 3970 2539 4025 Deus
2574 3989 2712 4025 meus
2751 3989 2802 4026 es
2841 3982 2934 4036 tu;
2972 3972 3208 4042 quam
3244 3973 3489 4028 bonorum

1903 4079 2124 4117 meorum
2150 4080 2250 4116 non
2280 4079 2391 4133 eges
2427 4062 2606 4135 (Psal.
2638 4080 2734 4129 xv,
2764 4063 2858 4136 2,).
2900 4064 3009 4119 Nec
3044 4066 3115 4119 ita
3152 4065 3489 4122 sentiendum

1896 4164 1985 4209 est
2028 4154 2171 4224 quod
2196 4154 2455 4219 diximus,
2472 4170 2579 4210 nos
2609 4155 2680 4209 illi
2708 4157 2774 4209 ad
2808 4157 3090 4211 utilitatem
3126 4168 3367 4211 nostram
3387 4172 3487 4213 sa-

1904 4246 2176 4317 lutemque
2199 4247 2443 4313 servire,
2472 4255 2722 4316 tanquam
2760 4248 2907 4301 aliud
2933 4249 3130 4317 aliquid
3158 4249 3228 4303 ab
3264 4250 3354 4303 illo
3394 4264 3491 4303 ex-

1895 4350 2204 4409 spectemus
2224 4354 2387 4407 quam
2416 4354 2536 4392 eum
2578 4340 2789 4407 ipsum,
2816 4340 2904 4408 qui
2944 4356 3157 4393 summa
3200 4341 3395 4394 utilitas
3432 4350 3488 4395 et

1896 4431 2047 4485 salus
2070 4440 2256 4484 nostra
2278 4438 2382 4484 est.
2412 4428 2500 4483 Sic
2523 4429 2666 4482 enim
2684 4445 2810 4483 eum
2828 4431 2999 4498 gratis
3026 4420 3316 4485 woundqu
3336 4430 3489 4487 iilam

1902 4536 2088 4577 vocem
2128 4521 2398 4592 diligimus
2430 4539 2442 4574 :
2476 4520 2607 4575 Mihi
2638 4532 2813 4576 autem
2855 4523 3114 4578 adhaerere
3146 4523 3263 4579 .Dco
3300 4525 3491 4580 bonum

1902 4626 1972 4669 est
1992 4613 2173 4685 (Psal.
2206 4631 2383 4679 Luat,
2414 4613 2530 4685 9.8).

1935 4703 2162 4762 GAPUT
2188 4705 2305 4761 XII.
2333 4736 2407 4747 —
2436 4705 2705 4761 Hominem
2743 4723 2844 4762 non
2864 4724 3017 4778 posse
3038 4710 3308 4779 quidquam
3326 4714 3451 4766 boui

2223 4815 2371 4870 agere
2393 4799 2503 4853 sine
2533 4796 2659 4852 Deo.
2694 4798 2958 4855 Discossus
2976 4799 3165 4856 aDoo.

1966 4893 2063 4947 85.
2084 4891 2275 4962 Neque
2303 4891 2445 4946 enim
2479 4890 2587 4946 tale
2626 4891 2824 4962 aliquid
2840 4901 2939 4948 aest
2954 4892 3162 4961 :hono,
3194 4904 3251 4948 ut
3299 4893 3487 4958 ﬂictus,

1902 4984 2185 5039 deserente
2214 4998 2291 5038 'eo
2310 4984 2407 5053 qui
2434 4983 2577 5051 fecit,
2601 4985 2778 5054 possit
2806 4985 3008 5055 aliquid
3024 5000 3195 5055 agere
3219 4984 3355 5041 bene
3376 4994 3491 5040 tono

1878 5082 2061 5148 ‘quom
2084 5092 2154 5133 ex
2174 5078 2386 5147 seipse;
2417 5076 2515 5133 sed
2558 5086 2665 5131 tota
2707 5078 2823 5148 eius
2848 5080 2995 5133 actio
3025 5079 3206 5147 bona,
3235 5088 3332 5134 est
3348 5094 3489 5135 oon-

1904 5169 2039 5225 verti
2056 5168 2131 5224 ω
2158 5183 2279 5225 cum
2302 5184 2341 5222 .a
2358 5184 2474 5239 quo
2492 5167 2673 5226 tactus
2698 5178 2820 5237 est,
2844 5180 2901 5224 et
2920 5170 2993 5224 ab
3010 5170 3319 5238 veojustus,
3344 5172 3489 5242 pius,

1896 5263 2136 5331 sapiens,
2176 5260 2470 5332 beatusque
2486 5276 2706 5332 semper
2743 5261 2861 5316 ﬁeri
2893 5278 2907 5313 :
2939 5277 3051 5315 non
3090 5260 3204 5315 ﬁeri
3244 5270 3298 5315 et
3340 5276 3491 5316 roce-

1904 5355 2054 5422 dere,
2083 5353 2221 5410 sicut
2259 5370 2290 5409 a
2331 5357 2572 5425 corporis
2600 5354 2807 5410 medico
2854 5355 3031 5409 sanani
3058 5364 3113 5409 et
3136 5354 3300 5409 .ahire
3320 5372 3336 5408 ς
3356 5355 3491 5425 quia

1892 5448 2144 5505 metuens
2158 5449 2411 5519 corporis
2447 5448 2721 5517 operarius
2748 5445 2857 5500 .t‘uit
2875 5446 3495 5517 extrinsecusﬁcruiens

1890 5540 2707 5609 naturasintrinsecusoperanti
2726 5539 2825 5594 sub
2840 5540 2972 5606 Deo,
2996 5540 3085 5609 qui
3102 5552 3354 5611 operatur
3368 5556 3496 5599 om-

1896 5653 2032 5695 nem
2048 5635 2515 5706 salutemgemino
2528 5634 2622 5709 ille
2639 5635 3182 5709 operepnonideutim,
3202 5636 3496 5709 deqnozsu-

1896 5725 2648 5801 ipralowtisumuswapua).
2670 5728 2790 5785 Non
2808 5745 2945 5802 cego
2960 5730 3125 5786 itast:
3144 5730 3309 5786 sititet
3335 5730 3496 5786 homo

1907 5821 1975 5876 ad
2011 5818 2291 5876 Dominum
2312 5828 2643 5884 convertere,
2665 5830 2718 5877 ut
2734 5837 2853 5879 cum
2877 5822 2944 5879 ab
2969 5836 3034 5878 eo
3050 5820 3218 5878 factus
3232 5821 3387 5877 fuerit
3410 5821 3493 5881 iu-
