3902 6310
154 282 277 353 ms
1298 263 1310 292 ,

152 418 407 469 amatum
435 416 518 465 est
546 402 767 465 inferius
790 406 1009 462 bonum.
1036 402 1138 462 Sed
1167 405 1343 461 divina
1364 405 1565 476 justitia
1594 417 1677 463 est
1702 416 1761 463 ut

156 506 261 575 qui
290 505 562 559 voluntate
588 501 767 556 amisit
797 499 937 571 quod
963 515 1140 554 amare
1165 498 1378 564 debuit,
1404 499 1611 553 amittat
1634 515 1761 554 cum

162 598 361 652 dolore
400 596 540 667 quod
579 595 809 658 amavit,
837 593 963 647 dum
992 600 1293 647 naturarum
1332 603 1539 647 creator
1566 592 1761 661 ubique

162 688 441 743 laudetur.
472 686 660 741 Adhuc
684 684 824 740 enim
853 694 935 739 est
962 685 1155 737 bomnn
1182 682 1321 753 quod
1347 682 1489 736 dolet
1508 682 1760 736 amissum

162 779 374 833 bonum
408 795 423 830 :
460 792 580 831 nam
611 774 711 830 nisi
746 774 958 845 aliquod
991 774 1182 828 bonum
1216 773 1558 828 remansisset
1587 772 1639 826 in
1669 786 1763 826 na-

162 880 315 935 tura,
348 868 525 924 nullus
555 867 679 922 boni
704 866 883 921 amissi
913 865 1066 919 dolor
1092 873 1233 919 esset
1261 865 1311 919 in
1340 879 1515 932 poena.

243 962 339 1018 δᾶ.
369 960 468 1017 Cui
489 970 667 1014 autem
689 958 805 1012 sine
827 957 951 1011 mali
973 957 1340 1026 experimento
1358 956 1527 1025 placet
1542 955 1761 1021 bonum,

165 1054 223 1110 id
253 1064 373 1116 est,
407 1062 466 1107 ut
491 1060 774 1121 antequam
815 1049 937 1104 boni
975 1049 1317 1104 amissionem
1352 1049 1574 1114 sentiat,
1607 1047 1767 1119 eligat

166 1157 363 1202 tenere
388 1158 457 1199 ne
482 1143 710 1209 amittat,
736 1156 899 1211 super
921 1155 1107 1196 onmes
1132 1140 1373 1194 homines
1400 1138 1767 1208 prmdicandus

167 1245 272 1291 est.
304 1234 412 1291 Sed
439 1234 537 1289 hoc
557 1233 659 1289 nisi
680 1231 954 1301 cujusdam
981 1232 1262 1301 singularis
1281 1230 1450 1285 laudis
1471 1239 1635 1296 esset,
1660 1246 1765 1284 non

168 1329 250 1384 illi
293 1342 464 1398 puero
506 1325 861 1387 tribueretur,
909 1324 994 1392 qui
1040 1339 1109 1377 ex
1153 1338 1349 1393 genere
1396 1321 1553 1377 Israel
1603 1322 1769 1375 factus

167 1417 503 1475 Emmanuel
534 1416 808 1473 nobiscum
838 1416 975 1469 Deus
1009 1414 1217 1486 (Matth.
1241 1431 1280 1479 ι,
1304 1413 1770 1486 23),-reconcilia-

167 1511 248 1566 vit
276 1525 380 1565 nos
410 1509 541 1576 Deo,
574 1508 844 1563 hominum
872 1516 925 1562 et
956 1508 1046 1562 Dei
1079 1506 1241 1561 homo
1267 1507 1525 1561 mediator
1554 1506 1604 1579 (l
1631 1505 1674 1560 Τ
1678 1506 1768 1560 i'm.

166 1617 239 1667 ιι,
270 1600 368 1671 5),
396 1600 631 1656 Verbum
661 1597 801 1669 apud
837 1599 998 1653 Deum
1018 1640 1034 1664 ,
1064 1614 1189 1653 caro
1215 1598 1353 1667 apud
1396 1612 1492 1651 nos
1525 1595 1699 1669 (Joan.
1729 1614 1769 1662 ι,

170 1698 196 1752 l
212 1739 228 1761 ,
260 1696 375 1767 ιι),
405 1694 639 1751 Verbum
663 1709 788 1748 caro
814 1693 950 1747 inter
971 1693 1135 1746 Deum
1157 1701 1212 1746 et
1233 1706 1348 1746 nos.
1374 1692 1447 1745 De
1468 1691 1558 1745 illo
1577 1691 1773 1761 quippe

170 1786 440 1857 propheta
468 1785 631 1848 dicit,
665 1783 971 1853 Priusquam
1008 1784 1134 1837 sciat
1169 1800 1292 1851 puer
1319 1782 1501 1836 bonum
1534 1790 1621 1834 aut
1658 1797 1773 1834 ma-

172 1878 308 1941 lum,
336 1886 613 1933 contemnet
635 1875 902 1937 malitiam,
927 1883 978 1927 ut
1003 1875 1154 1945 eligat
1182 1873 1364 1927 bonum
1391 1870 1542 1945 (Isai.
1562 1887 1651 1935 vn,
1680 1871 1769 1936 l6,

171 1988 278 2026 sec.
312 1968 504 2041 LXX).
534 1968 811 2038 Quomodo
838 1966 977 2037 quod
1007 1967 1204 2031 nescit,
1243 1974 1334 2019 aut
1357 1964 1650 2019 contemnit
1682 1971 1775 2019 aut

173 2062 367 2132 eligit,
402 2061 502 2115 nisi
531 2061 652 2130 quia
683 2059 798 2115 haec
822 2059 930 2113 duo
966 2058 1206 2113 sciuntur
1232 2057 1385 2112 aliter
1415 2073 1508 2127 per
1537 2056 1773 2126 pruden-

174 2153 310 2209 tiam
344 2152 486 2215 boni,
514 2152 668 2206 aliter
694 2167 787 2221 per
815 2149 1194 2220 experientiam
1224 2148 1386 2203 mali?
1421 2149 1521 2203 Per
1546 2148 1773 2218 pruden-

175 2244 309 2298 tiam
354 2242 479 2297 boni
516 2243 710 2296 malum
749 2240 950 2303 scitur,
991 2240 1089 2295 etsi
1122 2255 1224 2294 non
1255 2239 1501 2293 sentitur.
1542 2239 1776 2294 Tenetur

174 2332 332 2407 enim
353 2333 571 2397 bonum,
597 2348 663 2385 ne
682 2330 969 2385 amissione
991 2330 1106 2399 ejus
1126 2330 1382 2385 sentiatur
1403 2330 1618 2383 malum.
1644 2330 1772 2385 Item

176 2438 279 2495 per
307 2423 695 2494 experientiam
734 2424 855 2477 mali
900 2423 1063 2477 scitur
1093 2421 1322 2485 bonum;
1370 2422 1618 2491 quoniam
1649 2421 1775 2491 qttid

177 2520 449 2587 amiserit,
472 2519 654 2585 sentit,
677 2517 761 2574 cui
783 2518 850 2573 de
871 2519 1013 2574 bono
1032 2518 1227 2571 amisso
1247 2518 1384 2572 male
1405 2518 1578 2573 fuerit.
1599 2518 1777 2574 Prius-

176 2626 347 2683 quam
376 2611 537 2665 sciret
571 2624 697 2679 ergo
731 2625 860 2679 ptter
892 2624 985 2679 per
1018 2609 1431 2678 experientiam,
1458 2619 1550 2663 aut
1581 2608 1775 2663 bonum

178 2719 292 2776 quo
320 2712 550 2767 careret,
574 2712 667 2758 aut
686 2704 880 2759 malum
904 2703 1042 2773 quod
1070 2702 1195 2757 boni
1222 2704 1507 2757 amissione
1532 2705 1774 2771 sentiret,

179 2796 513 2866 contempsit
554 2795 751 2850 malum
795 2803 855 2849 ut
893 2794 1110 2865 eligeret
1132 2794 1326 2847 bonum
1348 2837 1362 2857 ,
1395 2795 1444 2849 id
1474 2805 1576 2860 est,
1608 2797 1778 2851 noluit

178 2888 436 2943 amittere
463 2885 605 2957 quod
636 2886 897 2951 habebat,
942 2901 1009 2941 ne
1048 2887 1268 2940 sentiret
1309 2885 1600 2939 amittendo
1637 2886 1776 2954 quod

180 2978 438 3033 amittere
467 2991 571 3031 non
609 2975 856 3031 debebat.
887 2975 1167 3046 Singulare
1192 2976 1492 3045 exemplum
1518 2976 1777 3030 obedien-

180 3070 313 3134 tite;
343 3069 541 3139 quippe
569 3068 657 3138 qui
685 3084 791 3122 non
832 3067 975 3122 venit
1019 3065 1193 3122 facere
1232 3067 1557 3122 Voluntatcm
1601 3082 1774 3135 suam,

180 3160 281 3215 sed
316 3162 432 3226 ejus
461 3160 784 3213 voluntatem
812 3173 843 3213 a
873 3173 977 3227 quo
1006 3159 1198 3213 missus
1225 3168 1309 3213 est
1340 3156 1518 3231 (Joan.
1543 3175 1616 3226 vr,
1646 3160 1774 3230 58):

182 3268 297 3308 non
323 3251 461 3307 sicut
489 3252 579 3307 ille
602 3254 691 3322 qui
718 3252 878 3322 elegit
907 3251 1080 3305 facere
1108 3251 1428 3306 voluntatem
1456 3267 1604 3305 suam
1622 3294 1637 3318 ,
1671 3268 1777 3308 non

184 3344 308 3413 ejus
336 3360 368 3399 a
396 3360 501 3414 quo
529 3343 699 3398 factus
726 3353 826 3398 est.
869 3342 1056 3397 Merito
1097 3342 1235 3397 sicut
1273 3359 1367 3411 per
1404 3343 1558 3397 unius
1597 3344 1779 3399 inobe—

186 3435 453 3491 dientiam
474 3443 781 3506 peccatores
801 3434 1071 3489 constituti
1095 3441 1218 3487 sunt
1237 3432 1405 3497 multi,
1428 3434 1497 3487 ita
1516 3450 1608 3503 per
1624 3434 1779 3489 unius

184 3527 550 3585 obedientiam
583 3525 713 3595 justi
752 3525 1145 3579 constituuntur
1183 3524 1331 3578 multi
1364 3523 1539 3596 (Rom.
1567 3541 1618 3590 v,
1646 3523 1775 3597 i9);

185 3620 318 3689 quia
344 3617 477 3672 sicut
510 3618 561 3671 in
590 3616 758 3671 Adam
786 3631 974 3672 omnes
1001 3617 1298 3670 moriuntur
1317 3657 1331 3680 ,
1359 3617 1435 3670 sic
1464 3625 1518 3671 et
1547 3616 1598 3670 in
1619 3617 1778 3671 Chri-

186 3721 277 3769 sto
308 3727 497 3767 omnes
521 3711 925 3767 viviﬁcabuntur
951 3709 1005 3781 (ι
1028 3710 1144 3765 Cor.
1175 3724 1267 3775 xv,
1295 3709 1410 3781 22).

186 3806 421 3865 CAPUT
450 3805 568 3863 XV.
589 3835 663 3846 —
685 3804 903 3877 Lignum
931 3804 1153 3859 scientia
1188 3804 1304 3858 boni
1341 3813 1389 3859 et
1421 3804 1543 3859 mali
1580 3820 1671 3859 cur
1707 3804 1779 3858 sic

818 3895 1149 3968 appellatum.

256 3989 355 4046 '53.
384 3988 602 4045 Frustra
623 3996 797 4044 autem
821 3986 1059 4041 nonnulli
1083 3994 1237 4040 acute
1258 3985 1429 4041 obtusi
1450 3994 1575 4040 sunt
1597 3988 1634 4051 ί,
1658 4001 1779 4041 cum

188 4079 474 4151 requirunt
500 4079 767 4150 quomodo
802 4077 1036 4147 potuerit
1062 4074 1315 4147 appellari
1353 4076 1550 4147 lignum
1590 4076 1777 4147 digno-

191 4171 420 4230 scentite
461 4172 584 4228 boni
615 4180 670 4228 et
692 4170 853 4238 mali,
892 4181 1175 4241 antequam
1219 4169 1271 4222 in
1314 4183 1381 4224 eo
1421 4178 1780 4239 transgressus

188 4273 341 4321 esset
367 4262 525 4319 homo
551 4273 890 4334 praeceptum,
919 4270 1078 4333 atque
1107 4260 1218 4332 ipsa
1246 4260 1569 4330 experienta
1595 4260 1782 4332 digno-

191 4365 369 4412 sceret
398 4354 522 4427 qttid
564 4355 845 4411 interesset
879 4354 1018 4409 inter
1054 4353 1250 4409 bonum
1291 4351 1434 4423 quod
1470 4354 1685 4419 amisit,
1725 4362 1781 4409 et

192 4449 398 4505 malum
425 4448 564 4519 quod
588 4448 822 4503 admisit.
851 4447 1073 4517 Lignum
1098 4446 1238 4501 enim
1269 4444 1375 4499 tale
1410 4460 1601 4501 nomen
1628 4461 1780 4501 acce—

192 4541 299 4611 pit,
328 4547 387 4595 ut
410 4553 477 4594 eo
504 4538 793 4595 secundum
821 4536 1229 4608 prohibitionem
1258 4550 1363 4590 non
1393 4544 1534 4593 tacto
1560 4551 1778 4592 cavere-

191 4642 319 4700 tur,
346 4633 489 4704 quod
526 4647 592 4688 eo
619 4642 801 4689 contra
842 4630 1252 4702 prohibitionem
1294 4639 1434 4685 tacto
1471 4631 1776 4687 sentiretur.

192 4728 384 4799 Neque
402 4727 543 4783 enim
568 4728 687 4799 quia
718 4727 839 4782 inde
862 4736 1045 4781 contra
1074 4734 1393 4796 praeceptum
1428 4726 1780 4783 manducave—

196 4830 359 4887 runt,
390 4820 509 4877 ideo
534 4820 726 4875 factum
756 4829 837 4874 est
866 4818 990 4873 illud
1020 4819 1217 4889 lignum
1246 4818 1622 4889 dignoscentiae
1657 4819 1779 4875 boni

196 4920 249 4967 et
276 4910 437 4977 mali;
466 4910 561 4966 sed
583 4912 761 4982 utique
784 4910 990 4966 etiamsi
1016 4909 1324 4965 obedientes
1346 4916 1544 4970 essent,
1574 4917 1628 4965 et
1649 4908 1779 4964 nihil

199 5000 327 5058 inde
350 5011 533 5057 contra
562 5011 881 5073 pra-ceptum
908 5010 1277 5075 usurpassent,
1307 4999 1359 5055 id
1388 5010 1531 5056 recte
1558 5017 1777 5056 vocare-

203 5103 323 5163 tur,
352 5096 493 5167 quod
522 5096 593 5151 ibi
620 5095 701 5152 eis
724 5094 1020 5159 accideret,
1049 5092 1095 5149 si
1120 5102 1485 5163 usurpassent.
1515 5092 1779 5160 Quemad-

202 5187 422 5243 modum
468 5186 515 5242 si
555 5194 834 5242 vocaretur
885 5184 1046 5239 arbor
1091 5184 1417 5250 saturitatis,
1466 5184 1607 5255 quod
1658 5184 1781 5240 inde

207 5288 419 5351 possent
445 5278 687 5335 homines
706 5276 966 5341 saturari;
989 5273 1239 5345 numquid
1268 5274 1312 5328 si
1340 5289 1498 5329 nemo
1525 5275 1782 5331 accessis-

207 5379 308 5437 set,
335 5372 455 5428 ideo
484 5386 677 5427 nomen
702 5370 829 5425 illud
859 5374 1005 5425 esset
1030 5358 1411 5437 incongruum?
1448 5366 1777 5438 quandoqui-

206 5462 328 5519 dem
354 5479 475 5520 cum
503 5464 820 5522 accederent
843 5472 899 5519 et
923 5452 1317 5527 saturarcntur,
1345 5467 1470 5516 tunc
1497 5459 1781 5531 probarent

208 5571 366 5627 quam
398 5556 500 5614 hoc
524 5565 669 5614 recte
693 5556 852 5612 arbor
877 5553 965 5610 illa
990 5561 1285 5610 vocaretur.

273 5716 499 5788 '_Antiqui
518 5715 727 5788 codices,
1063 5705 1248 5761 obtinui
1265 5710 1374 5759 sum
1395 5718 1414 5759 :
1434 5711 1491 5759 ut
1513 5710 1566 5757 et
1585 5706 1633 5757 in
1650 5705 1735 5757 lib.
1749 5705 1782 5755 4

210 5772 279 5829 eo
295 5772 509 5847 Doctrina
520 5772 777 5836 meum.
792 5774 844 5834 7,
858 5774 1068 5825 obtunse.

1516 284 1717 349 LIBER
1754 285 2088 349 OCTAVUS.

3348 290 3453 354 386

1865 406 2093 463 CAPUT
2129 404 2266 461 XVI.
2307 435 2377 446 —
2416 402 2682 460 Hominem
2727 411 2843 459 ante
2887 414 3012 461 mea
3054 410 3451 479 experimentum

2132 498 2354 569 potuisse
2377 497 2655 570 intelligere
2682 499 2804 569 quid
2829 509 2955 556 esset
2980 501 3191 557 malum.

1943 592 2031 647 54.
2062 589 2132 644 Et
2159 590 2445 660 quomodo,
2478 591 2744 660 inquiunt,
2777 590 3095 662 intelligeret
3124 593 3286 649 homo
3313 594 3456 664 quod

1871 685 1919 740 ei
1943 684 2213 739 dicebatur
2234 684 2428 755 lignum
2451 682 2831 753 dignoscentize
2852 684 2977 739 boni
2996 692 3052 740 et
3073 684 3220 753 mali,
3239 686 3458 757 quando

1871 776 2041 845 ipsum
2072 776 2267 830 malum
2302 776 2426 846 quid
2463 784 2606 831 esset
2640 776 2860 831 omnino
2896 777 3205 834 nesciebat?
3231 778 3344 836 [loc
3368 782 3460 849 qui

1872 867 2086 936 sapiunt
2110 883 2297 939 parum
2324 868 2604 923 attendunt
2637 867 3082 939 quemadmodum
3120 885 3151 924 a
3178 873 3461 928 contrariis

1872 958 2014 1013 notis
2038 959 2115 1013 sic
2144 959 2394 1029 pleraque
2419 959 2780 1030 intelligantur
2807 957 3006 1031 ignota,
3035 971 3095 1016 ut
3117 961 3275 1018 etiam
3301 965 3462 1021 verba

1871 1065 2050 1105 rerum
2076 1066 2194 1120 qua:
2217 1067 2322 1105 non
2347 1059 2490 1116 sunt,
2518 1067 2639 1106 cum
2662 1053 2716 1106 in
2738 1052 3004 1122 loquendo
3029 1054 3461 1126 interponuntur,

1875 1142 2050 1196 nullus
2077 1143 2269 1212 caliget
2310 1143 2537 1197 auditor.
2586 1144 2698 1199 Hoc
2741 1144 2882 1199 enim
2923 1146 3064 1216 quod
3108 1149 3327 1205 omnino
3354 1164 3463 1205 non

1874 1242 1987 1297 est,
2034 1234 2166 1287 nihil
2207 1243 2453 1299 vocatur;
2493 1243 2549 1289 et
2576 1233 2673 1289 bas
2708 1234 2842 1291 duas
2879 1236 3112 1308 syllabas
3153 1253 3313 1294 nemo
3356 1254 3465 1295 non

1876 1325 2151 1396 intelligit,
2180 1326 2266 1395 qui
2300 1326 2459 1404 latine
2487 1326 2631 1380 audit
2662 1335 2716 1381 et
2741 1326 2993 1397 loquitur.
3022 1326 3195 1395 Unde,
3219 1328 3320 1384 nisi
3340 1344 3464 1385 cum

1876 1430 2068 1471 sensus
2096 1416 2330 1471 intuetur
2358 1416 2407 1470 id
2437 1416 2577 1486 quod
2605 1424 2717 1483 est,
2758 1425 2811 1473 et
2850 1418 2968 1486 ejus
3006 1418 3301 1489 privatione
3337 1417 3464 1489 quid

1877 1509 2036 1562 etiam
2065 1524 2170 1563 non
2194 1509 2262 1561 sit
2287 1508 2562 1579 agnoscit?
2591 1507 2679 1564 Sic
2703 1519 2757 1562 et
2788 1510 2942 1564 inane
2972 1525 3093 1564 cum
3119 1510 3346 1576 dicitur,
3379 1510 3464 1565 in-

1880 1600 2076 1654 tuendo
2113 1599 2354 1669 corporis
2400 1599 2813 1669 plenitudinem,
2856 1601 3149 1670 privatione
3187 1601 3303 1670 ejus
3342 1609 3462 1655 tan-

1878 1706 2035 1760 quam
2057 1690 2341 1752 contraria,
2370 1688 2493 1759 quid
2519 1690 2727 1743 dicatur
2750 1690 2909 1745 inane
2933 1689 3309 1761 intelligimus;
3331 1691 3467 1747 sicut

1877 1782 2127 1837 audiendi
2163 1796 2324 1836 sensu
2365 1795 2470 1835 non
2506 1781 2677 1839 solum
2712 1780 2779 1836 de
2815 1780 3054 1846 vocibus,
3093 1796 3278 1836 verum
3304 1781 3465 1837 etiam

1880 1874 1947 1928 de
1974 1873 2184 1930 silentio
2207 1873 2508 1941 judicamus
2536 1891 2549 1930 :
2578 1875 2657 1927 sic
2680 1888 2746 1927 ex
2775 1873 2881 1927 vita
2908 1889 3026 1943 qua:
3050 1873 3223 1929 inerat
3243 1874 3463 1941 homini,

1882 1966 2188 2037 possetejus
2214 1981 2405 2021 cavere
2423 1966 2767 2028 contrarium,
2787 1966 2837 2020 id
2858 1975 2959 2031 est,
2976 1967 3096 2022 vita:
3117 1969 3465 2038 privationem

1880 2074 1999 2128 qua:
2042 2072 2186 2112 mors
2224 2065 2474 2121 vocatur;
2515 2066 2570 2112 et
2610 2057 2778 2126 ipsam
2821 2073 3035 2111 causam
3079 2074 3181 2127 qua
3220 2060 3470 2129 perderet

1881 2148 2020 2219 quod
2042 2149 2272 2215 amabat,
2306 2148 2357 2202 id
2380 2156 2461 2202 est
2484 2147 2755 2218 quodlibet
2782 2147 2974 2203 factum
3001 2165 3154 2203 suum
3180 2166 3287 2222 quo
3310 2150 3469 2208 ﬁeret

1882 2249 1940 2294 ut
1966 2241 2232 2294 amitteret
2261 2238 2421 2292 vitam
2441 2280 2455 2303 ,
2494 2238 2818 2309 quibuslibet
2845 2239 3065 2309 syllabis
3090 2241 3465 2311 appellaretur,

1880 2332 2328 2402 quemadmodum
2356 2332 2516 2386 latine
2541 2346 2661 2385 cum
2699 2330 2892 2385 dicitur
2929 2342 3202 2401 peccatum
3241 2333 3322 2389 vel
3352 2350 3468 2389 ma-

1882 2421 1991 2475 lum
2013 2463 2027 2485 ,
2060 2432 2306 2491 tanquam
2334 2423 2541 2492 signum
2573 2422 2689 2491 ejus
2717 2423 3073 2492 intelligeret,
3116 2426 3254 2495 quod
3290 2438 3470 2483 mente

1880 2514 2231 2568 discerneret.
2280 2512 2389 2567 Nos
2432 2513 2576 2571 enim
2620 2512 2886 2583 quomodo
2926 2513 3301 2586 intelligltnus,
3346 2532 3468 2573 cum

1882 2604 2078 2658 dicitur
2108 2606 2461 2669 resurrectio,
2501 2617 2659 2673 quam
2702 2618 2971 2674 nunquam
3010 2606 3216 2674 experti
3247 2609 3471 2663 sumus?

1879 2692 2068 2748 Nonne
2094 2694 2215 2764 quia
2246 2693 2505 2748 sentimus
2530 2692 2656 2763 quid
2680 2693 2749 2747 sit
2774 2692 2985 2760 vivere,
3024 2703 3080 2749 et
3103 2695 3221 2764 ejus
3249 2697 3323 2751 rei
3359 2698 3469 2767 pri—

1881 2784 2144 2838 vationem
2180 2797 2431 2837 vocamus
2461 2792 2708 2847 mortem,
2741 2782 2882 2837 unde
2915 2784 3143 2838 reditum
3166 2785 3232 2839 ad
3254 2786 3306 2841 id
3325 2786 3470 2858 quod

1881 2876 2165 2943 Sentimus,
2193 2876 2638 2931 resurrectionem
2669 2876 3032 2945 appellamus?
3071 2888 3123 2933 et
3162 2879 3207 2933 si
3235 2894 3341 2949 quo
3366 2880 3471 2936 alio

1884 2970 2099 3023 nomine
2147 2968 2200 3021 in
2253 2982 2586 3037 quacumque
2635 2967 2813 3038 lingua
2868 2968 3093 3038 idipsum
3138 2970 3467 3040 appellatur,

1881 3061 2046 3113 menti
2080 3063 2260 3129 utique
2303 3059 2510 3129 sigmnn
2552 3059 2850 3114 insinuatur
2883 3061 2934 3113 in
2963 3076 3091 3116 voce
3118 3062 3469 3133 loquentium,

1883 3166 1988 3220 quo
2008 3160 2232 3205 sonante
2257 3162 2508 3220 agnoscat
2533 3151 2673 3220 quod
2699 3152 2856 3205 etiam
2880 3151 2999 3207 sine
3019 3153 3172 3223 signo
3192 3153 3469 3225 cogitaret.

1882 3241 2072 3295 Mirum
2116 3250 2197 3295 est
2241 3242 2383 3295 enim
2431 3240 2878 3310 quemadmodum
2924 3258 3104 3298 rerum
3141 3258 3275 3314 quas
3311 3245 3473 3303 habet

1884 3333 2259 3395 amissionem,
2300 3332 2461 3386 etiam
2506 3330 2831 3400 incitpertam
2877 3342 3065 3387 natura
3094 3332 3311 3391 devitet.
3340 3335 3470 3403 Quis

1884 3427 2026 3480 enim
2059 3440 2249 3494 pecora
2279 3424 2458 3479 docuit
2482 3423 2858 3479 devitationem
2890 3425 3109 3489 mortis,
3141 3425 3242 3482 nisi
3281 3443 3471 3486 sensus

1882 3519 2045 3574 vita)?
2067 3518 2187 3588 quis
2213 3520 2487 3589 parvulum
2517 3531 2737 3586 puerum
2761 3515 3125 3573 adbaareseere
3151 3520 3329 3589 bajuh
3348 3536 3467 3589 suo,

1884 3613 1929 3667 si
1959 3629 2080 3668 eum
2118 3612 2273 3666 fuerit
2303 3626 2368 3664 ex
2398 3609 2504 3662 alto
2528 3608 2705 3676 jacere
2731 3607 3039 3662 minitatus?
3060 3609 3200 3678 quod
3237 3626 3302 3665 ex
3332 3627 3469 3682 quo-

1884 3704 2006 3758 dam
2054 3714 2294 3777 tempore
2337 3700 2553 3768 incipit,
2584 3697 2680 3753 sed
2728 3706 2903 3752 tamen
2947 3708 3229 3770 antequam
3268 3701 3469 3773 aliquid

1883 3792 2187 3862 hujusmodi
2216 3808 2277 3845 ex
2286 3800 2466 3860 pertus
2488 3788 2578 3843 sit.

1955 3889 2044 3944 55.
2075 3889 2163 3943 Sic
2206 3901 2335 3957 ergo
2364 3885 2466 3941 illis
2507 3884 2690 3956 primis
2729 3884 3034 3942 hominibus
3069 3887 3179 3959 jam
3215 3890 3320 3947 vita
3350 3904 3467 3950 erat

1884 3979 2091 4045 dulcis,
2144 3994 2302 4049 quam
2353 3975 2591 4045 profecto
2635 3976 2881 4033 amittere
2923 3976 3263 4050 devitabant;
3308 3984 3468 4057 idque

1885 4073 2058 4143 ipsum
2092 4070 2512 4141 quibuseutnque
2555 4067 2728 4124 modis
2771 4069 2852 4124 vel
2894 4071 3042 4126 sonis
3084 4072 3468 4143 signiﬁcantem

1885 4164 2051 4218 Deum
2084 4161 2378 4233 intelligere
2405 4168 2653 4231 poterant
2683 4178 2696 4215 :
2727 4176 2826 4216 nec
2853 4162 3008 4218 aliter
3028 4165 3108 4219 eis
3139 4177 3320 4235 posset
3348 4184 3469 4240 per.

1885 4253 2095 4311 suaderi
2124 4262 2419 4324 peccatum,
2438 4252 2537 4307 nisi
2564 4253 2710 4322 prius
2736 4254 3148 4323 persuaderetur
3164 4273 3260 4314 eos
3279 4275 3345 4315 ex
3375 4261 3466 4318 illo

1885 4349 2025 4403 iacto
2053 4363 2158 4402 non
2185 4361 2305 4401 esse
2333 4346 2638 4411 morituros,
2654 4345 2705 4399 id
2730 4355 2834 4413 est,
2867 4345 2998 4401 illud
3024 4350 3167 4418 quod
3201 4351 3469 4411 habebam

1885 4449 1941 4495 et
1966 4456 2023 4493 se
2053 4438 2251 4493 habere
2293 4436 2615 4508 gaudebant,
2656 4452 2762 4491 non
2805 4437 3138 4507 amissuros;
3188 4443 3329 4501 unde
3367 4460 3467 4505 suo

1883 4539 2004 4594 loco
2032 4536 2349 4607 loquendum
2374 4546 2475 4592 est.
2509 4536 2802 4591 Advertant
2826 4542 3021 4607 itaque,
3044 4537 3089 4592 si
3112 4552 3248 4610 quos
3266 4548 3463 4608 movet,

1884 4632 2149 4704 quomodo
2186 4632 2452 4703 potuerint
2486 4631 2781 4703 intelligere
2806 4632 3077 4703 inexperta
3106 4635 3465 4696 uomiuantem

1883 4725 1965 4780 vel
1997 4725 2283 4779 minantem
2311 4725 2514 4791 Deum;
2542 4734 2595 4780 ει
2620 4724 2834 4780 videant
2854 4740 2950 4780 nos
2966 4726 3203 4782 omnium
3228 4728 3468 4801 inexper-

1884 4826 2060 4872 torum
2090 4816 2304 4871 nomina
2326 4857 2341 4881 ,
2383 4817 2592 4871 nonnisi
2623 4831 2689 4872 ex
2718 4817 3001 4873 contrariis
3025 4833 3144 4889 quae
3167 4819 3278 4889 jam
3309 4821 3464 4876 novi-

1883 4928 2023 4973 mus.
2054 4912 2100 4967 si
2127 4898 2489 4983 privationum
2505 4919 2650 4977 sunt,
2675 4919 2769 4965 aut
2789 4927 2855 4965 ex
2876 4910 3156 4977 similibus,
3188 4912 3233 4966 si
3260 4914 3465 4981 specie-

1885 5020 2001 5059 rum
2031 5012 2157 5058 suut
2173 5045 2189 5070 ,
2217 5003 2333 5058 sine
2358 5002 2465 5056 ullo
2489 5011 2622 5056 testu
2646 5001 2992 5057 dubitationis
3017 5017 3324 5072 agnoscere.
3352 5003 3463 5059 Nisi

1885 5099 2020 5154 forte
2047 5098 2276 5168 aliquem
2304 5104 2479 5149 movet
2516 5093 2961 5165 quemadmodum
2990 5093 3132 5163 loqui
3176 5094 3461 5162 potuerint,

1884 5193 1970 5247 vel
2021 5192 2326 5262 loquentem
2372 5186 2705 5256 intelligere,
2755 5185 2844 5256 qui
2894 5199 2997 5239 non
3040 5183 3335 5238 didicerant
3379 5186 3464 5241 vel

1884 5284 2178 5341 crescendo
2228 5283 2368 5337 inter
2411 5280 2723 5349 loquentes,
2767 5276 2851 5330 vel
2897 5276 3075 5344 aliquo
3117 5275 3459 5345 magisterio;

1885 5378 2035 5451 quasi
2060 5390 2321 5447 magnum
2357 5372 2512 5428 fuerit
2540 5371 2649 5425 Deo
2679 5368 2823 5437 loqui
2847 5381 2941 5421 eos
2970 5365 3193 5428 docere,
3231 5381 3366 5436 quos
3390 5368 3462 5426 ita

1887 5470 2106 5532 iecerat,
2147 5476 2204 5521 ut
2242 5466 2341 5522 hoc
2380 5470 2599 5535 possent
2626 5460 2785 5515 etiam
2809 5458 2877 5515 ab
2906 5456 3206 5513 hominibus
3232 5457 3460 5535 discere,

1886 5563 1931 5620 si
1957 5567 2138 5619 essent
2164 5573 2195 5613 a
2218 5556 2428 5630 quibus.

3458 5621 3483 5631 ..α
