3902 6320
196 285 291 337 389

192 396 365 461 cubiti,
392 395 473 450 sic
500 394 711 449 cubitus
757 392 825 448 ab
862 390 1083 449 articulo
1124 388 1369 456 humeri,
1416 386 1671 442 humerus
1696 387 1763 444 ab

193 488 402 555 scapula
436 504 557 541 eum
602 494 876 552 movetur,
926 483 1189 538 stantibus
1233 482 1414 553 utique
1459 479 1765 537 cardinibus

187 580 373 651 quibus
397 578 564 633 motio
592 579 807 643 nitatur,
834 576 877 631 it
904 591 1001 646 per
1026 574 1131 630 loci
1152 573 1387 642 spatium
1418 570 1559 644 quod
1574 585 1762 626 move-

188 678 286 724 tur.
334 668 422 725 Sic
451 669 646 740 planta:
676 669 726 723 in
758 668 862 722 talo
886 678 968 721 est
1005 666 1285 732 articulus,
1322 678 1426 735 quo
1449 671 1619 722 Stante
1646 676 1763 724 mo-

187 771 398 826 veatur;
424 761 504 814 sic
529 761 699 815 cruris
732 761 782 813 in
798 774 941 830 genu
964 767 1023 814 et
1046 758 1209 813 totius
1224 757 1380 827 pedis
1420 757 1472 815 in
1492 770 1631 812 coxa
1667 772 1679 807 :
1704 762 1767 809 et

184 855 378 910 nullis
418 853 641 911 membri
672 862 855 907 niotus
898 852 1114 906 omnino
1157 857 1277 917 est,
1314 864 1477 919 quem
1525 848 1764 903 voltuuas

182 959 392 1015 novet,
416 947 523 1002 nisi
564 947 631 1001 ab
656 946 830 1015 aliquo
854 945 1055 1003 articuli
1089 945 1106 975 ³
1132 942 1390 1007 cardine.
1420 956 1575 1011 quem
1606 950 1763 995 nutus

184 1038 426 1107 ejusdem
460 1036 744 1091 voluntatis
765 1034 1015 1105 primitus
1030 1034 1147 1105 ﬁgit
1169 1074 1185 1100 ,
1226 1041 1290 1088 .ut
1314 1034 1381 1087 ab
1406 1048 1468 1087 eo
1494 1030 1633 1103 quod
1661 1030 1761 1085 loci

180 1130 358 1199 spatio
378 1144 493 1181 non
522 1136 798 1191 movetur,
830 1127 913 1194 agi
948 1125 1118 1179 valeat
1144 1123 1284 1193 quod
1314 1132 1572 1178 movetur.
1602 1122 1762 1176 Deni-

183 1238 289 1292 que
306 1236 413 1277 nec
434 1222 491 1274 in
520 1218 837 1274 ambulando
856 1234 957 1289 pes
978 1217 1203 1280 levatur,
1222 1216 1328 1273 nisi
1354 1216 1490 1270 alius
1520 1216 1654 1271 ﬁxus
1681 1222 1763 1268 t0-

182 1324 294 1369 tum
324 1328 529 1385 corpus
566 1312 704 1366 ferat
729 1352 743 1376 ,
784 1310 962 1364 donec
1002 1310 1089 1363 ille
1128 1310 1216 1379 qui
1264 1317 1442 1364 motus
1477 1314 1560 1363 est
1587 1323 1616 1360 a
1648 1307 1764 1363 loco

179 1403 325 1458 unde
358 1402 573 1468 fertur,
602 1401 671 1454 ad
702 1402 872 1454 locum
913 1415 1017 1469 quo
1055 1399 1252 1465 fertur,
1299 1399 1517 1453 immoto
1544 1396 1764 1453 articulo

180 1498 261 1552 sui
287 1496 523 1552 cardinis
550 1495 820 1549 innitatur.

252 1588 346 1641 42.
374 1589 540 1643 Porro
562 1627 579 1653 ,
608 1586 650 1639 si
670 1585 729 1639 in
755 1599 977 1654 corpore
1003 1583 1203 1639 nullum
1242 1581 1535 1637 membrum
1562 1596 1655 1651 per
1681 1580 1763 1636 lo-

180 1699 307 1737 cum
360 1681 612 1735 xoiuntas
644 1687 861 1743 .movet,
902 1677 1009 1731 nisi
1053 1676 1122 1731 ab
1162 1691 1227 1731 eo
1272 1675 1495 1731 membri
1540 1673 1765 1729 articulo

179 1789 343 1844 quem
370 1788 473 1827 non
514 1780 691 1827 movet
713 1812 730 1836 ,
748 1786 877 1825 :cum
902 1777 959 1823 et
990 1769 1074 1823 illa
1105 1784 1225 1837 pars
1245 1767 1483 1837 corporis
1509 1782 1625 1835 quin
1648 1780 1765 1821 mo-

180 1878 361 1928 vetur,
403 1864 569 1919 utilia
599 1878 700 1933 qua
730 1863 830 1916 lixa
860 1863 912 1916 tit
944 1870 1000 1917 ut
1031 1870 1327 1925 moveatur,
1358 1873 1643 1929 corporcas
1665 1856 1763 1911 ha-

178 1959 345 2014 beant
367 1956 687 2026 quantitates
714 1968 857 2017 suas,
894 1952 1083 2022 quibus
1122 1958 1383 2019 occupent
1424 1949 1589 2018 Spatia
1622 1948 1766 2003 loco—

177 2065 301 2105 rum
330 2062 584 2111 suorum;
630 2054 828 2116 quanto
857 2042 1023 2113 magis
1057 2044 1168 2111 ipse
1209 2041 1399 2096 animm
1446 2048 1637 2103 nutus,
1677 2038 1765 2093 eui

178 2138 422 2195 membra
448 2138 777 2200 deserviunt,
826 2144 881 2188 ut
907 2134 1045 2203 quod
1082 2132 1352 2202 ,placucrit
1382 2132 1591 2203 ligatur,
1623 2129 1765 2187 unde

177 2233 231 2286 id
264 2230 415 2302 quod
454 2228 773 2285 movendum
804 2236 885 2282 est
932 2225 1212 2290 innitatur;
1260 2240 1387 2280 cum
1434 2225 1607 2278 anima
1659 2238 1763 2277 non

177 2326 249 2379 sit
266 2334 465 2379 natura
497 2337 778 2392 mgpurea,
802 2336 901 2375 nec
932 2320 1083 2374 loeali
1106 2319 1285 2388 spatio
1309 2334 1499 2387 corpus
1527 2318 1762 2387 impleat,

176 2418 326 2477 sicut
360 2431 498 2486 aqua
543 2425 718 2470 utrum
746 2414 869 2468 sive
915 2412 1226 2481 spOngiam;
1269 2412 1361 2466 sed
1402 2412 1550 2465 miris
1596 2412 1765 2465 modis

174 2510 299 2580 ipso
324 2509 654 2580 incorporeo
702 2516 831 2561 nutu
870 2504 1157 2559 commixta
1198 2505 1267 2559 sit
1301 2502 1618 2557 viviticando
1645 2518 1765 2557 cor-

172 2600 323 2673 pori,
342 2616 457 2671 quo
482 2600 785 2668 etintperat
813 2597 1044 2666 corpori,
1074 2595 1299 2666 quadam
1332 2595 1626 2649 intentione
1657 2610 1762 2649 non

176 2695 321 2751 mole
351 2714 362 2749 :
388 2704 594 2765 quanto
621 2696 785 2763 magis
810 2733 825 2754 ,
868 2691 1079 2760 inquam
1106 2732 1118 2753 ,
1152 2699 1310 2744 nutus
1338 2690 1449 2757 ipse
1477 2689 1764 2744 voluntatis

177 2789 299 2856 ejus
350 2802 454 2839 non
506 2800 597 2853 per
646 2783 821 2836 locum
872 2790 1150 2844 movetur,
1204 2788 1260 2833 ut
1310 2794 1503 2849 corpus
1548 2794 1643 2849 per
1680 2780 1763 2835 lo-

176 2894 299 2934 cum
331 2884 581 2942 moveat,
628 2873 839 2944 quando
868 2882 1033 2927 totum
1076 2887 1172 2941 per
1201 2880 1615 2940 partesmovet,
1658 2886 1765 2926 nec

176 2971 384 3040 aliquas
446 2969 566 3023 loco
604 2975 791 3022 movet
844 2965 945 3019 nisi
990 2979 1094 3033 per
1140 2964 1256 3019 illas
1302 2978 1434 3035 quas
1492 2963 1610 3019 loco
1656 2980 1763 3020 non

174 3060 398 3119 movet?

176 3151 403 3209 CAPUT
646 3181 716 3190 —
767 3146 1196 3216 QuonwdoDcus
1239 3155 1463 3213 moveat,
1514 3147 1762 3218 quomodo

875 3242 1063 3294 anima.

247 3336 339 3392 45.
364 3333 524 3401 Quod
553 3335 593 3390 si
624 3333 920 3401 intelligere
949 3330 1168 3385 diflicile
1192 3339 1271 3384 est
1295 3372 1307 3395 ,
1339 3337 1621 3401 utrumque
1646 3344 1765 3385 cre-

181 3428 367 3493 datur,
415 3436 465 3481 et
507 3424 645 3493 quod
678 3433 918 3479 creatura
962 3422 1250 3492 spiritualis
1292 3437 1398 3475 non
1438 3436 1537 3490 per
1588 3420 1760 3475 locum

178 3530 321 3575 mota
348 3528 559 3574 moveat
578 3532 892 3587 corpusper
917 3516 1109 3577 locum,
1140 3522 1190 3568 et
1213 3514 1351 3583 quod
1376 3514 1513 3567 Deus
1540 3529 1644 3567 non
1668 3527 1764 3582 per

177 3622 385 3683 tempus
417 3622 590 3665 motus
616 3618 1139 3663 moveat-creaturam
1166 3606 1492 3675 spiritualem
1518 3623 1609 3675 per
1632 3616 1763 3660 tem-

174 3720 296 3773 pus.
324 3703 639 3769 Quodsi-de
667 3703 839 3754 anima
866 3701 1103 3770 quisque
1131 3715 1235 3753 non
1261 3699 1495 3754 vulthoc
1515 3697 1755 3765 credere,

174 3795 316 3867 quod
347 3796 558 3865 quidem
586 3794 702 3847 sine
729 3793 888 3847 dubio
932 3807 1036 3846 non
1067 3793 1235 3846 solum
1263 3790 1506 3846 crederet
1529 3832 1544 3858 ,
1574 3807 1759 3848 verum

176 3886 335 3942 etiam
362 3884 716 3954 intelligeret,
763 3883 807 3936 si
842 3898 959 3938 eam
988 3892 1213 3952 posset,
1246 3882 1399 3937 sicuti
1439 3892 1555 3950 est,
1588 3883 1761 3937 incor-

174 3992 393 4048 poream
416 3976 649 4047 cogitare
679 3994 690 4029 :
715 3975 798 4029 cui
828 3976 968 4029 enim
996 3989 1101 4029 nOu
1132 3974 1285 4029 facile
1311 3984 1587 4041 occurrat,
1619 3974 1759 4045 quod

176 4085 276 4140 per
317 4069 491 4123 locum
539 4084 643 4122 non
688 4075 961 4122 moveatur
1002 4066 1275 4137 quodper
1306 4066 1402 4121 loci
1445 4068 1612 4135 Spatia
1654 4081 1759 4123 non

178 4160 533 4217 distenditur?
582 4159 834 4230 quidquid
861 4171 1037 4215 autem
1069 4174 1162 4229 per
1206 4159 1307 4213 loci
1348 4160 1516 4228 Spatia
1560 4160 1761 4214 disten-

176 4255 321 4310 ditur
345 4267 536 4322 eorpus
552 4262 672 4316 est;
704 4267 766 4305 ac
792 4268 884 4322 per
910 4251 1011 4306 hoc
1039 4266 1369 4321 consequens
1396 4262 1477 4307 est
1500 4260 1555 4306 ut
1574 4252 1758 4307 anima

179 4348 489 4417 per-locum
515 4344 847 4399 moverinon
893 4353 1138 4414 putetur,
1184 4342 1230 4399 si
1255 4359 1449 4414 corpus
1494 4358 1597 4398 non
1640 4358 1759 4400 esse

177 4440 426 4497 credatur
455 4458 467 4494 :
496 4439 587 4495 sed
613 4480 627 4504 ,
660 4448 717 4493 ut
758 4439 1231 4507 dicere-emicranii
1262 4480 1275 4503 ,
1304 4438 1348 4492 si
1370 4437 1628 4493 deanima
1662 4438 1761 4492 hoc

174 4534 398 4604 quisque
437 4548 541 4587 non
574 4533 683 4587 vult
716 4530 936 4587 credere
960 4571 973 4595 ,
1016 4545 1120 4585 non
1161 4531 1317 4584 nimis
1364 4529 1629 4600 urgendus
1657 4540 1756 4585 est.

174 4625 540 4681 Substantiam
584 4640 711 4681 vero
761 4625 854 4678 Dei
898 4624 999 4678 nisi
1045 4621 1228 4678 credat
1270 4636 1369 4675 nec
1413 4638 1507 4691 per
1537 4630 1760 4692 tempus

178 4732 410 4786 necper
450 4717 623 4772 locum
666 4715 902 4784 moveri,
939 4714 1173 4769 nondum
1202 4714 1434 4784 perfecte
1464 4714 1760 4768 incommu-

178 4808 395 4863 tabilem
420 4806 612 4863 credit.

177 4897 404 4956 CAPUT
442 4898 628 4956 XXIII.
668 4930 736 4940 -—
774 4898 913 4954 Deus
939 4915 1133 4971 semper
1158 4899 1374 4969 quietus,
1400 4900 1567 4954 omnia
1596 4910 1761 4955 tamen

885 5007 1057 5062 agens.

246 5084 345 5140 ιι.
388 5082 583 5139 Verum
623 5082 743 5153 quia
792 5083 1012 5137 omnino
1053 5082 1493 5137 incommutabilis
1544 5092 1625 5137 est
1672 5083 1761 5137 illa

178 5186 373 5234 natura
398 5176 691 5240 Trinitatis,
721 5184 776 5231 et
799 5175 867 5229 ob
894 5174 995 5228 hoc
1022 5175 1091 5226 ita
1116 5183 1347 5241 aeterna,
1383 5186 1440 5227 ut
1481 5174 1528 5228 ei
1563 5174 1761 5244 aliquid

181 5279 506 5327 eomternum
530 5282 650 5327 esse
674 5284 777 5322 non
800 5266 1015 5338 possit,
1048 5265 1159 5337 ipsa
1198 5266 1333 5336 apud
1369 5266 1595 5335 seipsam
1626 5275 1679 5321 et
1708 5266 1762 5321 in

177 5363 357 5432 seipsa
388 5364 505 5419 sine
531 5361 636 5415 ullo
684 5370 920 5429 tempore
959 5374 1021 5413 ac
1046 5359 1184 5425 loco,
1214 5367 1407 5412 movet
1446 5367 1621 5413 tamen
1650 5373 1764 5428 per

178 5467 393 5527 tempus
419 5465 475 5511 et
501 5456 676 5521 locum
723 5454 823 5509 sibi
872 5452 1133 5513 subditam
1187 5461 1505 5516 creaturam,
1549 5461 1762 5505 naturas

178 5532 1004 5614 creans‘bouitatepvoluntates
1045 5544 1295 5619 ordinans
1320 5554 1597 5616 potestate
1639 5560 1651 5596 :
1708 5550 1763 5597 ut

650 5639 1005 5725 sithquternon
1025 5630 1198 5719 abillo
1218 5634 1314 5706 sit;
1339 5635 1392 5691 in
1408 5632 1764 5711 voluntatibus

244 5760 260 5793 ι
286 5730 427 5819 Editi,
452 5749 720 5806 articulrai.
747 5758 871 5813 Mss,

1530 272 1734 331 LIBER
1764 272 2105 333 OCTAVUS.

3343 276 3447 355 399

1871 396 2048 443 autem
2073 388 2212 445 nulla
2238 388 2373 445 bona
2406 390 2492 454 sit,
2533 390 2617 447 cui
2660 405 2766 445 non
2790 392 2991 461 praesit,
3024 390 3163 445 nulla
3191 393 3327 447 mala
3358 394 3445 471 sit,

1872 494 1973 547 qua
2002 478 2137 537 bene
2179 480 2251 534 uti
2282 497 2384 533 non
2412 482 2598 559 possit.
2630 480 2734 537 Sed
2766 482 2883 553 quia
2915 497 3019 536 non
3068 482 3315 543 omnibus
3354 501 3447 541 na-

1870 574 2004 628 turis
2028 572 2174 627 dedit
2201 574 2489 628 voluntatis
2538 574 2835 645 arbitrium,
2889 574 2992 629 illic
3038 585 3211 631 autem
3262 576 3449 646 quibus

1871 660 2035 728 dedit,
2064 662 2391 735 potentiores
2425 678 2487 717 ac
2522 664 2822 735 superiores
2880 673 3036 730 sunt;
3095 665 3197 722 ill-te
3243 661 3450 725 natura:

1871 771 1988 829 quae
2017 771 2121 810 non
2154 755 2349 819 habent
2376 755 2717 821 voluntatem,
2749 755 2973 815 subdita:
3000 758 3104 811 sint
3133 772 3352 817 necesse
3372 768 3452 813 est

1873 847 1976 903 illis
2001 864 2117 918 qua:
2147 846 2363 919 habent,
2396 856 2450 901 et
2492 848 2594 903 hoc
2647 848 2978 904 ordinatione
3027 846 3312 917 Creatoris,
3361 850 3449 920 qui

1872 953 2137 1008 nunquam
2162 938 2233 991 ita
2252 938 2402 1011 punit
2431 939 2753 993 voluntatem
2785 938 2995 1013 malam,
3017 949 3075 993 ut
3097 948 3301 998 natura:
3332 956 3452 1009 per-

1870 1029 1998 1083 imat
2042 1027 2372 1101 dignitatem.
2422 1029 2553 1084 Cum
2598 1029 2753 1101 igitur
2782 1046 2939 1084 omne
2979 1046 3171 1101 corpus
3196 1040 3249 1085 et
3277 1029 3450 1086 omnis

1870 1124 2043 1177 anima
2070 1122 2387 1178 irrationalis
2426 1138 2531 1176 non
2585 1121 2774 1178 habeat
2818 1123 3102 1199 voluntatis
3151 1124 3446 1189 arbitrium,

1869 1214 2080 1269 subdita
2109 1214 2205 1269 ista
2234 1224 2355 1269 sunt
2381 1215 2458 1269 eis
2484 1215 2684 1269 naturis
2705 1232 2822 1285 qua‘
2844 1215 3074 1287 pt‘atditzl‘
3094 1226 3215 1270 sunt
3234 1217 3449 1273 arbitrio

1868 1305 2188 1372 voluntatis;
2228 1321 2327 1361 nec
2366 1306 2613 1361 omnibus
2647 1306 2844 1373 omnia,
2881 1307 2971 1363 sed
3003 1307 3138 1361 sicut
3182 1307 3450 1362 distribuit

1863 1397 2066 1468 justitia
2114 1396 2400 1453 Creatoris.
2434 1396 2570 1469 Ergo
2605 1397 2696 1452 Dei
2728 1397 3052 1467 providentia
3078 1414 3266 1471 regens
3292 1410 3449 1470 atque

1869 1488 2244 1543 administrans
2268 1488 2567 1541 universam
2602 1498 2929 1553 creaturam,
2962 1497 3013 1542 et
3044 1497 3255 1542 naturas
3280 1498 3331 1543 et
3355 1504 3447 1541 vo-

1870 1580 2121 1647 luntates,
2151 1588 2365 1634 naturas
2398 1590 2452 1634 ut
2491 1579 2616 1646 sint,
2676 1580 2970 1634 voluntates
3018 1592 3193 1634 autem
3249 1590 3306 1634 ut
3353 1595 3449 1635 nec

1870 1673 2209 1729 infructuosae
2244 1669 2418 1738 bonae,
2467 1687 2565 1725 nee
2610 1671 2879 1745 impunita:
2924 1670 3075 1725 mal-.e
3102 1672 3242 1736 sint;
3270 1670 3451 1725 subdit

1869 1766 2113 1835 primitus
2141 1764 2315 1819 omnia
2344 1763 2443 1817 sibi
2473 1805 2488 1829 ,
2538 1760 2729 1817 deinde
2781 1774 3077 1817 creaturam
3118 1764 3449 1833 corporalem

1869 1866 2123 1913 creatum
2146 1856 2427 1926 spirituali,
2455 1854 2812 1911 irrationalem
2842 1854 3080 1910 rationali
3103 1898 3114 1915 ,
3138 1864 3448 1910 terrestrem

1870 1952 2096 2018 cmlesti,
2130 1950 2408 2005 feinineam
2434 1952 2755 2017 masculina',
2784 1952 2958 2007 minus
2982 1954 3242 2007 valentem
3272 1953 3451 2006 valeti-

1872 2045 2010 2108 tiori,
2042 2040 2441 2113 indigentiorem
2464 2043 2765 2116 copiosiori.
2794 2040 2849 2095 In
2872 2042 3229 2099 voluntatibus
3249 2052 3444 2109 autem,

1870 2136 2039 2190 bonas
2079 2134 2199 2197 sibi,
2234 2144 2453 2191 cmtcras
2501 2151 2627 2190 vero
2662 2135 2789 2209 ipsis
2827 2136 3176 2191 servientibus
3216 2138 3353 2203 sibi;
3396 2148 3451 2193 ut

1872 2224 1973 2280 hoc
1992 2226 2227 2297 'patiatur
2256 2225 2497 2280 voluntas
2525 2226 2681 2295 mala,
2714 2227 2852 2298 qUod
2882 2244 2944 2281 ex
2970 2227 3122 2303 jussu
3150 2230 3241 2283 Dei
3267 2232 3452 2286 fecerit

1870 2318 2026 2382 bona,
2057 2318 2166 2373 sive
2188 2334 2289 2388 per
2328 2319 2577 2390 seipsam,
2615 2319 2725 2375 sive
2779 2337 2872 2390 per
2925 2320 3134 2383 malam,
3188 2323 3238 2375 in
3293 2324 3451 2379 rebus

1870 2409 2123 2464 duntaxat
2150 2426 2268 2479 qua:
2300 2410 2606 2464 naturaliter
2643 2421 2763 2465 sunt
2805 2411 2961 2466 etiam
2991 2414 3142 2467 malis
3168 2415 3452 2469 Voluntati-

1869 2500 1967 2556 bus
1996 2500 2241 2565 subditae,
2269 2501 2320 2555 id
2343 2511 2423 2556 est
2444 2502 2494 2555 in
2525 2502 2857 2573 corporibus.
2885 2504 3015 2558 Nam
3039 2506 3088 2558 in
3123 2508 3310 2578 seipsis
3342 2523 3451 2560 ma-

1869 2592 1933 2646 la:
1958 2593 2255 2647 voluntates
2277 2592 2469 2646 habent
2498 2593 2799 2649 interiorem
2840 2611 3050 2667 pmnam
3092 2612 3238 2651 suam
3260 2639 3273 2663 ,
3306 2612 3450 2652 eant-

1868 2682 1988 2736 dem
2022 2683 2185 2752 ipsam
2210 2682 2536 2753 iniquitatem
2561 2700 2731 2739 suam.

1868 2772 2093 2832 CAPUT
2129 2774 2319 2831 XXIV.
2358 2807 2430 2816 —
2479 2777 2721 2842 Quwnum
2766 2778 2924 2833 beatis
2976 2778 3181 2847 Angelis
3240 2780 3450 2839 subdita

2524 2882 2782 2927 creatum.

1938 2963 2030 3019 45.
2071 2963 2149 3019 Ac
2184 2978 2285 3036 per
2325 2963 2428 3019 hoc
2464 2964 2777 3019 sublimibus
2819 2964 3036 3035 Angelis
3080 2964 3189 3021 Deo
3236 2967 3450 3025 subdite

1866 3054 2191 3124 fruentibus,
2246 3065 2301 3112 et
2346 3057 2457 3114 Deo
2497 3058 2648 3114 beate
2699 3060 3069 3123 servientibus,
3113 3060 3319 3116 subdita
3368 3072 3451 3119 est

1866 3150 2040 3203 omnis
2065 3159 2250 3205 natura
2270 3165 2547 3225 corporea,
2577 3152 2752 3207 omnis
2770 3153 3095 3210 irrationalis
3123 3155 3250 3221 vita,
3279 3157 3450 3217 omnis

1866 3246 2109 3301 voluntas
2131 3245 2213 3300 vel
2245 3244 2449 3299 intirma
2479 3244 2562 3301 vel
2592 3262 2786 3315 prava;
2819 3256 2874 3300 ut
2900 3246 3001 3302 hoc
3024 3247 3089 3303 de
3115 3248 3338 3304 subditis
3366 3250 3449 3305 vei

1866 3350 1985 3392 cum
2010 3336 2239 3401 subditis
2268 3347 2444 3409 agant,
2472 3338 2611 3409 quod
2645 3348 2844 3393 naturm
2861 3339 2993 3394 ordo
3012 3343 3179 3409 poscit
3200 3344 3252 3396 in
3275 3344 3447 3397 omni-

1865 3426 1983 3491 bus,
2011 3428 2229 3496 jubente
2251 3428 2342 3483 illo
2364 3430 2447 3483 cui
2476 3430 2706 3501 subjecta
2739 3441 2859 3485 sunt
2887 3434 3082 3488 omnia.
3116 3433 3341 3491 Proinde
3372 3435 3445 3489 illi

1866 3516 1919 3572 in
1943 3519 2031 3573 illo
2053 3520 2325 3575 veritatem
2352 3522 2832 3576 incommutabilem
2858 3522 3056 3591 vident,
3081 3536 3130 3579 et
3157 3526 3443 3581 secundum

1866 3627 1981 3665 eam
2014 3628 2135 3666 snas
2162 3612 2391 3683 dirigunt
2421 3615 2736 3669 voluntates.
2767 3615 2925 3670 Fiunt
2956 3634 3081 3687 ergo
3122 3620 3192 3674 illi
3234 3622 3445 3689 partici-

1865 3720 1960 3775 pes
2006 3707 2335 3773 mtcrnitatis,
2380 3708 2636 3772 veritatis,
2685 3710 2964 3763 voluntatis
3013 3711 3127 3780 ejus
3166 3727 3377 3781 semper
3405 3715 3441 3779 ί,

1864 3795 1980 3850 sine
2008 3805 2247 3865 tempore
2274 3808 2323 3850 ct
2352 3797 2487 3851 loco.
2526 3796 2801 3851 Moventur
2848 3809 3020 3853 autem
3070 3800 3183 3869 ejus
3226 3803 3444 3871 imperio

1864 3886 2025 3941 etiam
2066 3887 2441 3956 temporalitcr,
2474 3887 2565 3942 illo
2590 3904 2693 3941 non
2725 3890 3085 3956 temporaliter
3129 3901 3292 3946 moto.
3339 3892 3444 3947 Nec

1866 3978 1934 4033 ita
1972 3989 2027 4033 ut
2065 3978 2131 4034 ab
2172 3978 2287 4049 ejus
2330 3979 2775 4049 contemplatione
2800 3981 3037 4035 resiliant
3061 3992 3151 4037 aut
3176 3983 3440 4050 deﬂuant;

1864 4070 1958 4124 sed
1990 4069 2146 4125 simul
2183 4079 2237 4124 et
2272 4070 2420 4124 illum
2443 4071 2557 4126 sine
2585 4071 2699 4125 loco
2725 4088 2785 4125 ac
2813 4082 3052 4142 tempore
3080 4076 3445 4144 contemplan-

1865 4170 1969 4226 tur,
2001 4171 2054 4217 et
2082 4162 2197 4232 ejus
2228 4162 2279 4216 in
2308 4162 2642 4216 inferioribus
2668 4164 2813 4231 jussa
2846 4163 3145 4233 perficiunt,
3170 4175 3447 4221 moventes

1864 4270 2043 4327 seper
2073 4266 2300 4326 tempus,
2322 4272 2522 4325 corpus
2551 4265 2724 4311 autem
2759 4274 2851 4325 per
2892 4267 3096 4327 tempus
3148 4268 3199 4311 et
3248 4258 3443 4323 locum,

1866 4361 2118 4419 quantum
2144 4365 2327 4403 eorum
2358 4350 2596 4419 congruit
2615 4351 2829 4402 actioni.
2850 4350 2925 4403 Ἰἒῑ
2952 4350 3071 4403 ideo
3098 4348 3243 4404 Deus
3270 4352 3443 4425 bipar-

1866 4441 1960 4496 tito
1990 4441 2331 4511 providentia:
2358 4454 2466 4493 suze
2485 4448 2853 4509 Opereprmest
2874 4441 3132 4495 universa)
3153 4452 3439 4509 creaturw;

1866 4536 2093 4601 naturis,
2118 4542 2173 4586 ut
2199 4531 2324 4585 ﬁant
2348 4548 2362 4597 ;
2388 4531 2741 4585 voluntatibus
2756 4542 2951 4594 autem,
2972 4542 3024 4586 ut
3041 4533 3156 4587 sine
3181 4534 3445 4605 suojussu

1864 4626 1951 4681 vel
1980 4624 2237 4694 permissu
2267 4622 2393 4677 nihil
2421 4624 2632 4677 faciant.
3374 4622 3377 4627 “

1864 4713 2089 4771 CAPUT
2120 4713 2294 4769 "XXV.
2333 4744 2405 4754 —
2446 4712 2643 4767 Natura
2678 4715 3034 4781 universitatis,
3061 4725 3320 4786 partesque
3340 4719 3446 4789 ejus

2170 4809 2416 4880 quomodo
2442 4826 2473 4861 α
2496 4802 2601 4861 Deo
2635 4808 3065 4863 administrentur.
3346 4806 3349 4809 ’

1936 4904 2023 4958 [6.
2050 4896 2257 4958 Natura
2300 4903 2457 4971 igitur
2485 4902 2844 4956 tmiversitatis
2874 4901 3161 4970 Corporaiis
3209 4917 3309 4953 non
3350 4902 3446 4953 ad—

1861 4996 2074 5066 juvatur
2134 4996 2460 5049 extrinsecus
2513 4993 2875 5062 corporaliter.
2918 4993 3110 5063 ‘Nequc
3158 4994 3302 5047 enim
3366 5001 3447 5045 est

1867 5096 2013 5142 extra
2038 5102 2155 5143 eam
2177 5087 2341 5142 tillum
2367 5102 2577 5156 eurpus.
2603 5087 2832 5156 alioquin
2868 5096 3074 5139 non-est
3112 5086 3442 5138 universitas.

1869 5181 2189 5234 lntr‘insecus
2230 5190 2404 5233 autem
2436 5174 2714 5247 adjuvatur
2762 5177 3177 5245 incorporaliter,
3222 5166 3346 5229 Ἰ)ρο
3386 5175 3444 5228 ‘itl

1867 5278 2058 5343 agente
2078 5283 2142 5325 ut
2171 5273 2387 5325 ormiino
2415 5278 2597 5324 natura
2629 5272 2727 5333 sit;
2761 5270 3009 5338 quoniam
3037 5283 3099 5320 ex
3118 5268 3245 5334 'ipso
3275 5277 3323 5319 ct
3354 5282 3447 5336 per

1868 5367 2039 5437 ipsum
2067 5366 2192 5420 etin
2216 5365 2330 5434 ipso
2375 5372 2499 5417 sunt
2534 5362 2705 5415 omnia
2746 5360 2931 5433 (ηοω.
2986 5356 3210 5428 v1.36).
3242 5358 3446 5415 “Partes

1867 5472 1996 5512 vero
2024 5455 2261 5524 ejusdem
2292 5450 2648 5508 universitatis
2695 5461 2745 5504 et
2790 5449 3442 5519 lntrinsecusinconiorm

1867 5542 1993 5605 liter
2020 5547 2352 5619 a‘djtwamur,
2380 5546 2475 5599 ‘vet
2509 5543 2837 5611 potiustiuut
2862 5584 2876 5608 ,
2908 5551 2961 5596 ut
2984 5553 3190 5598 natura:
3224 5544 3327 5598 Sint
3349 5562 3375 5608 ;‘
3395 5550 3446 5600 et

1869 5640 2196 5697 extrinsecus
2215 5634 2581 5705 corporaliter,
2615 5646 2719 5704 quo
2736 5648 2793 5689 se
2824 5630 3288 5702 u‘tetius'ba‘b'eant,
3314 5637 3447 5697 sicut

1927 5754 1945 5789 ε
1974 5750 2045 5800 sic
2063 5754 2172 5799 uss.
2200 5752 2254 5797 At
2275 5744 2411 5815 editi,
2439 5741 2720 5795 natiuitatem
2736 5745 2840 5809 ejus
2856 5756 3047 5811 seraper
3069 5724 3310 5811 ﬁdicines.
3334 5726 3347 5753 ί
