3902 6300
524 398 815 461 alimentis.
837 397 1175 470 agricultura,
1199 395 1482 460 medicina,
1506 406 1561 453 et
1576 414 1927 471 quaecumque
1952 398 2111 453 etiam

528 494 599 549 ad
628 504 875 550 ornatum
906 492 1058 558 fiunt,
1084 501 1141 548 ut
1164 507 1267 546 non
1289 492 1462 547 solum
1486 493 1646 548 salva:
1674 507 1739 549 ac
1758 491 2109 559 fecundiores,

527 602 712 643 verum
734 587 893 643 etiam
918 584 1252 643 decentiores
1274 585 1398 640 sint.

598 678 687 733 67.
726 676 1028 747 Spiritualis
1077 684 1254 733 autem
1308 685 1487 732 creata
1539 685 1727 732 natura
1782 677 1826 732 si
1874 676 2110 748 perfecta

522 778 681 840 atque
707 769 859 825 beata
887 779 989 838 est,
1010 770 1147 826 sicut
1164 771 1484 841 Augelorum
1505 779 1833 835 sanctorum,
1853 783 2109 842 quantum

520 865 712 919 attinet
735 864 800 919 ad
827 865 1077 934 seipsam,
1105 881 1209 936 quo
1248 866 1337 931 sit,
1383 865 1701 935 sapiensque
1755 864 1841 927 sit,
1898 863 2109 918 nonnisi

522 955 844 1011 intrinsecus
884 956 1289 1025 incorporaliter
1327 955 1625 1025 adjuvatur.
1662 954 1809 1010 Intus
1837 956 1886 1010 ei
1915 956 2111 1026 quippe

521 1048 755 1117 loquitur
794 1049 935 1103 Deus
970 1049 1106 1103 miro
1148 1057 1203 1105 et
1250 1047 1506 1103 ineffabili
1555 1046 1734 1110 modo,
1791 1063 1964 1118 neque
2014 1062 2111 1115 per

521 1140 838 1210 scripturam
868 1140 1232 1209 corporalibus
1274 1139 1641 1194 instrumentis
1668 1137 1902 1204 affixam,
1936 1152 2108 1207 neque

522 1246 617 1301 per
669 1246 828 1287 voces
875 1232 1241 1302 corporalibus
1281 1231 1499 1285 auribus
1539 1230 1880 1296 insonantes,
1935 1243 2109 1299 neque

519 1337 619 1394 per
646 1338 929 1393 corporum
960 1322 1365 1389 similitudines,
1396 1321 1580 1393 quales
1610 1321 1663 1376 in
1699 1320 1889 1391 spiritu
1918 1320 2105 1389 imagi-

518 1418 710 1474 naliter
730 1418 883 1484 fiunt,
911 1417 1049 1472 sicut
1071 1416 1124 1470 in
1152 1416 1356 1471 somnis
1378 1458 1394 1483 ,
1429 1415 1513 1472 vel
1559 1416 1614 1469 in
1662 1414 1839 1484 aliquo
1880 1426 2105 1469 excessu

517 1511 757 1581 spiritus,
784 1509 925 1582 quod
968 1526 1141 1581 grmce
1170 1509 1363 1564 dicitur
1389 1517 1625 1574 ριστασις,
1654 1517 1710 1563 et
1733 1522 1831 1562 nos
1856 1522 1922 1562 eo
1941 1505 2106 1560 verbo

515 1602 625 1674 jam
654 1602 852 1657 utimur
875 1617 968 1672 pro
998 1602 1163 1657 latino
1191 1618 1204 1653 :
1237 1601 1360 1671 quia
1394 1609 1449 1655 et
1475 1598 1578 1654 hoc
1607 1613 1774 1671 genus
1799 1598 2061 1652 visionum
2086 1638 2102 1663 ,

518 1694 760 1765 quamvis
789 1694 1009 1749 interius
1037 1694 1128 1747 fiat
1152 1708 1309 1763 quam
1348 1700 1472 1747 sunt
1508 1707 1571 1746 ea
1614 1706 1733 1762 qum
1781 1690 1959 1744 animo
2012 1705 2105 1759 per

518 1800 709 1841 sensus
732 1782 971 1855 corporis
1015 1785 1360 1850 nuntiantur;
1407 1791 1583 1838 tamen
1640 1784 1762 1853 quia
1816 1782 1989 1836 simile
2024 1791 2105 1836 est

516 1877 615 1944 eis,
648 1878 715 1931 ita
740 1885 796 1930 ut
840 1891 960 1931 cum
994 1876 1071 1943 fit,
1099 1875 1327 1930 discerni
1366 1874 1434 1929 ab
1470 1875 1549 1929 eis
1592 1883 1683 1928 aut
1733 1874 1953 1927 omnino
1997 1888 2101 1927 non

516 1969 705 2040 possit,
734 1980 827 2025 aut
849 1978 995 2024 certe
1026 1970 1113 2023 vix
1142 1977 1195 2023 et
1221 1968 1489 2022 rarissime
1518 1967 1703 2037 possit,
1736 1976 1789 2020 et
1810 1965 1931 2035 quia
1952 1974 2104 2020 exte-

516 2062 630 2117 rius
654 2070 738 2117 est
763 2076 920 2132 quam
951 2059 1080 2115 illud
1102 2059 1243 2130 quod
1274 2060 1325 2113 in
1366 2059 1477 2129 ipsa
1518 2058 1935 2113 incommutabili
1964 2057 2104 2111 veri-

514 2163 627 2211 tate
654 2170 805 2210 mens
828 2153 1103 2209 rationalis
1144 2161 1199 2207 et
1237 2152 1607 2207 intellectualis
1644 2151 1911 2215 intuetur,
1934 2165 2102 2219 eaque

513 2245 633 2304 luce
653 2245 720 2301 de
746 2245 827 2300 bis
846 2244 1097 2300 omnibus
1123 2242 1356 2313 iudicat;
1385 2243 1521 2298 inter
1546 2242 1633 2297 illa
1676 2258 1795 2313 quae
1838 2243 2102 2296 extrinse-

513 2352 611 2393 cus
642 2338 776 2393 fiunt
811 2337 1043 2394 arbitror
1087 2350 1206 2390 esse
1247 2333 1629 2405 deputandum.
1674 2334 1930 2389 Creatura
1975 2348 2102 2402 ergo

513 2430 805 2501 spiritualis
846 2438 900 2485 et
935 2428 1305 2484 intellectualis
1352 2427 1584 2499 perfecta
1622 2436 1678 2481 et
1730 2426 1902 2488 beata,
1932 2427 2103 2496 qualis

511 2521 835 2593 Angelorum
859 2528 962 2587 est,
986 2520 1125 2574 sicut
1144 2518 1273 2584 dixi,
1300 2527 1554 2589 quantum
1576 2520 1763 2573 attinet
1783 2518 1847 2572 ad
1870 2520 2099 2588 seipsam

510 2629 620 2686 quo
645 2614 733 2679 sit,
764 2612 1084 2683 sapiensque
1105 2626 1168 2666 ac
1208 2611 1361 2666 beata
1399 2611 1504 2677 sit,
1546 2610 1754 2665 nonnisi
1786 2610 2101 2665 intrinsecus

510 2706 791 2779 adjuvatur
840 2708 1172 2772 aaternitate,
1220 2706 1462 2771 veritate,
1507 2705 1764 2759 charilate
1810 2704 2097 2759 Creatoris.

510 2801 856 2859 Extrinsecus
876 2816 1005 2857 vero
1029 2801 1074 2856 si
1104 2799 1341 2871 adjuvari
1372 2798 1598 2855 dicenda
1638 2808 1750 2864 est,
1784 2814 1849 2854 eo
1875 2798 2101 2854 fortasse

509 2895 627 2950 solo
655 2894 955 2965 adiuvatur,
984 2892 1128 2965 quod
1156 2893 1383 2950 invicem
1408 2891 1609 2957 vident,
1638 2903 1693 2946 et
1714 2890 1783 2945 de
1812 2905 1907 2944 sua
1931 2890 2102 2945 socie-

511 2996 621 3046 tate
641 2990 875 3061 gaudent
893 2988 947 3043 itt
978 2990 1118 3055 Deo,
1150 2996 1206 3044 et
1236 2987 1376 3059 quod
1409 2986 1703 3057 perspectis
1738 2986 1897 3039 etiam
1937 2984 1989 3038 in
2022 2984 2101 3039 eis

508 3080 642 3155 ipsis
659 3082 906 3139 omnibus
924 3080 1204 3147 creaturis,
1233 3079 1463 3150 undique
1477 3077 1674 3150 gratias
1692 3077 1800 3147 agit
1820 3075 2099 3146 laudatque

509 3174 845 3232 Creatorem.
876 3172 1027 3242 Quod
1051 3184 1229 3228 autem
1249 3172 1437 3226 attinet
1462 3169 1529 3227 ad
1566 3179 1824 3226 creatura:
1848 3168 2100 3238 angelij

510 3266 798 3332 actionem,
828 3280 927 3336 per
953 3280 1114 3336 quam
1165 3264 1530 3319 universarum
1570 3276 1749 3317 rerum
1791 3259 2096 3333 generibus,

510 3358 851 3428 maximeque
880 3356 1115 3411 humano
1143 3356 1475 3427 providentia
1504 3356 1596 3411 Dei
1611 3355 1959 3427 prospicitur;
1984 3355 2099 3425 ipsa

507 3448 841 3506 extrinsecus
865 3446 1101 3519 adjuvat,
1122 3457 1176 3504 et
1198 3464 1293 3519 per
1320 3448 1407 3503 illa
1435 3447 1548 3504 visa
1585 3463 1704 3518 qua:
1747 3447 1940 3502 similia
1975 3454 2101 3502 sunt

400 3526 405 3531 ’
505 3539 905 3611 corporalibus,
937 3548 993 3595 et
1028 3554 1122 3610 per
1140 3538 1257 3611 ipsa
1283 3554 1507 3612 corpora
1546 3555 1667 3610 qua:
1695 3538 1946 3610 angelica)
1971 3537 2097 3593 sub-

506 3632 689 3705 jacent
711 3633 975 3703 potestati.

509 3722 737 3783 CAPUT
776 3724 968 3781 XXVI.
1006 3757 1079 3768 —
1114 3724 1255 3782 Deus
1286 3743 1481 3798 semper
1512 3726 1647 3782 idem
1672 3735 1718 3782 et
1741 3728 1975 3781 immotus
1996 3724 2094 3780 ad-

1071 3820 1321 3874 ministrat
1344 3820 1535 3875 omnia.

576 3909 668 3966 48.
708 3909 837 3977 Quae
860 3924 981 3966 cum
1024 3909 1095 3965 ita
1134 3909 1261 3975 sint,
1300 3926 1423 3966 cum
1472 3910 1614 3967 Deus
1663 3911 1999 3982 omnipotens
2041 3919 2096 3967 et

503 3999 877 4066 omnitenens,
916 4000 1331 4057 incommutabili
1372 4002 1691 4068 aeternitate,
1718 4002 1961 4070 veritate,
2000 4018 2095 4057 vo-

505 4089 710 4147 luntate
737 4106 949 4162 semper
988 4091 1150 4158 idem,
1183 4106 1291 4146 non
1318 4107 1413 4162 per
1438 4101 1647 4164 tempus
1673 4109 1772 4149 nec
1800 4110 1893 4165 per
1919 4094 2093 4150 locum

502 4192 702 4249 motus,
726 4193 905 4240 movet
927 4200 1021 4256 per
1046 4192 1255 4255 tempus
1278 4194 1577 4242 creaturam
1598 4187 1950 4258 spiritualem,
1979 4205 2093 4247 mo-

501 4283 593 4334 vet
616 4277 776 4332 etiam
807 4293 903 4349 per
932 4287 1142 4349 tempus
1187 4288 1242 4335 et
1284 4277 1461 4335 locum
1497 4291 1795 4337 creaturam
1840 4299 2092 4354 corpora-

509 4367 651 4430 lem;
682 4379 739 4424 ut
766 4383 831 4425 eo
860 4379 1006 4426 motu
1036 4380 1251 4426 naturas
1279 4386 1411 4442 quas
1434 4372 1756 4429 intrinsecus
1793 4375 2087 4444 substituit,

501 4461 663 4519 etiam
685 4464 1016 4519 extrinsecus
1046 4464 1063 4496 ί
1089 4465 1445 4533 administret,
1471 4476 1525 4521 et
1546 4482 1640 4537 per
1665 4467 1965 4523 voluntates
1987 4467 2087 4521 sibi

498 4552 741 4609 subditas
761 4594 777 4618 ,
810 4570 943 4623 quas
971 4571 1067 4626 per
1100 4564 1331 4627 tempus,
1352 4566 1409 4614 et
1433 4572 1527 4629 per
1550 4574 1774 4629 corpora
1799 4559 1899 4615 sibi
1928 4570 2088 4631 atque

498 4644 605 4702 illis
625 4646 983 4703 voluntatibus
1011 4647 1250 4718 subdita,
1288 4666 1409 4722 quae
1446 4666 1540 4721 per
1578 4660 1787 4723 tempus
1817 4660 1872 4707 et
1909 4650 2086 4707 locum

497 4747 696 4803 movet,
726 4753 792 4794 eo
812 4746 1052 4811 tempore
1073 4756 1137 4797 ac
1159 4743 1277 4797 loco
1300 4742 1455 4812 cujus
1478 4742 1613 4798 ratio
1639 4742 1691 4797 in
1722 4743 1839 4813 ipso
1866 4742 1977 4798 Deo
2002 4744 2083 4799 vi-

498 4829 791 4887 taestsine
821 4838 1061 4913 tempore
1093 4847 1157 4889 ac
1204 4834 1322 4890 loco
1356 4852 1371 4889 :
1400 4849 1522 4890 cum
1570 4849 1698 4906 ergo
1738 4835 1844 4890 tale
1884 4833 2084 4905 aliquid

496 4922 640 4981 Deus
667 4923 796 4996 agit,
820 4939 925 4980 non
950 4924 1209 4982 debemus
1233 4926 1440 4997 opinari
1467 4927 1585 4998 ejus
1607 4926 1958 4982 substantiam
1980 4944 2084 5001 qua

493 5015 638 5075 Deus
676 5027 796 5086 est,
841 5020 1169 5091 temporibus
1211 5020 1449 5092 locisque
1482 5020 1811 5087 mutabilem,
1850 5032 1944 5079 aut
1990 5040 2085 5095 per

492 5114 734 5180 tempora
755 5118 810 5166 et
828 5110 943 5168 loca
975 5111 1258 5180 mobilem,
1290 5112 1385 5169 sed
1428 5113 1480 5169 in
1524 5129 1688 5185 opere
1726 5114 1924 5170 divinae
1960 5132 2084 5187 pro-

492 5199 741 5258 videntiae
768 5202 867 5258 ista
889 5217 1249 5275 cognoscere;
1284 5220 1388 5260 non
1429 5205 1479 5260 in
1517 5206 1610 5262 illo
1641 5222 1807 5278 opere
1838 5224 1945 5279 quo
1988 5225 2083 5265 na-

491 5300 639 5350 turas
658 5305 826 5363 creat,
853 5296 949 5354 sed
979 5297 1031 5352 in
1058 5297 1150 5353 illo
1169 5314 1276 5367 quo
1311 5298 1630 5356 intrinsecus
1674 5312 1883 5359 creatas
1916 5303 2077 5359 etiam

490 5386 826 5446 extrinsecus
857 5388 1213 5459 administrat,
1244 5405 1365 5447 cum
1398 5392 1468 5447 sit
1494 5392 1606 5465 ipse
1625 5435 1639 5459 ,
1669 5395 1815 5451 nullo
1841 5395 2077 5451 locorum

490 5478 580 5538 vel
614 5481 890 5539 intervallo
912 5486 994 5540 vel
1022 5486 1213 5559 spatio,
1242 5484 1663 5543 incommutabili
1687 5488 2077 5561 excellentique
2126 5500 2151 5553 ‘4

488 5574 727 5646 potentia
748 5584 804 5633 et
825 5575 1047 5635 interior
1074 5580 1218 5636 omni
1241 5595 1322 5647 re,
1346 5581 1471 5652 quia
1499 5580 1551 5637 in
1579 5580 1694 5652 ipso
1718 5591 1843 5637 sunt
1870 5580 2071 5650 omnia,

488 5673 545 5722 et
582 5666 817 5723 exterior
842 5669 989 5725 omni
1008 5687 1086 5739 re,
1114 5672 1237 5743 quia
1261 5673 1375 5744 ipse
1394 5683 1477 5731 est
1512 5689 1676 5745 super
1717 5680 1912 5731 omnia.
1942 5673 2072 5732 Item

555 5778 1880 5853 ιω.ιιίςηοιιιωαμιιιοιιιιιιι,εαωκᾶισὺιεοσω

1470 278 1558 341 DE
1597 284 1849 342 GENESI
1884 284 1975 339 AD
2012 278 2383 352 LITTERAM,
2422 283 2481 342 S.
2519 286 2883 344 AUGUSTINI
3684 296 3770 359 δρα

2222 398 2366 453 nullo
2412 408 2710 471 temporum
2744 403 2824 458 vel
2859 402 3137 461 intervallo
3174 404 3258 462 vel
3278 406 3480 479 spatio,
3504 408 3768 469 incommu-

2222 490 2367 545 tabili
2395 495 2690 550 aeternitate
2728 506 2781 549 et
2820 494 3091 565 antiquior
3126 506 3209 553 est
3233 500 3478 555 omnibus
3501 543 3516 567 ,
3546 504 3659 573 quia
3676 506 3801 576 Ipsej

2217 590 2301 637 est
2337 593 2458 638 ante
2489 585 2690 653 omnia,
2720 595 2776 641 et
2812 587 3001 642 novior
3043 588 3312 657 omnibus,
3339 591 3463 660 quia
3506 591 3635 647 idem
3674 596 3768 666 ipse

2216 682 2337 742 post
2365 675 2563 730 omnia.

2215 762 2441 823 CAPUT
2480 766 2693 825 XXVII.
2733 800 2805 811 —
2845 768 3110 836 Quomodo
3147 772 3342 828 locutus
3383 774 3449 829 sit
3472 773 3604 831 Deus
3643 747 3797 837 Adin.

2286 861 2375 917 49.
2417 861 2752 934 Quapropter
2784 880 2905 920 cum
2941 864 3184 921 audimus
3234 867 3558 937 Scripturam
3606 870 3765 929 dicen-

2216 961 2323 1007 tem
2348 996 2363 1020 ,
2416 953 2482 1008 Et
2528 956 2764 1025 ρνωεερὶι
2813 955 3061 1011 Dominus
3106 957 3241 1013 Deus
3293 958 3436 1025 Ades,
3495 961 3766 1019 dicens:Ab

2218 1047 2357 1099 omni
2379 1046 2516 1117 ligno
2542 1047 2677 1118 quod
2697 1057 2768 1101 est
2789 1048 2841 1102 in
2870 1042 3108 1118 paradiso
3135 1066 3249 1105 esca
3276 1050 3435 1117 edes;
3460 1050 3520 1104 de
3536 1052 3662 1123 ligno
3684 1071 3765 1109 au-

2215 1146 2313 1191 tem
2337 1139 2668 1209 cognoscendi
2696 1139 2882 1194 bonum
2906 1150 2953 1195 et
2974 1142 3182 1207 malum,
3218 1158 3319 1197 non
3346 1144 3692 1199 mandat-abitis
3713 1146 3765 1201 de

2213 1230 2323 1284 illa.
2375 1231 2486 1297 Qua
2511 1233 2592 1285 die
2624 1242 2791 1286 autem
2811 1233 3012 1288 ederitis
3033 1234 3094 1287 ab
3114 1251 3174 1288 eo
3194 1275 3210 1300 ,
3230 1244 3392 1289 morte
3415 1236 3707 1301 moriemini;
3727 1240 3763 1294 si

2212 1321 2429 1376 modum
2465 1324 2753 1393 quzerimus
2798 1324 3065 1395 quomodo
3112 1326 3213 1382 ista
3261 1327 3471 1383 locutus
3515 1329 3581 1383 sit
3626 1329 3760 1397 Deus,

2211 1414 2405 1469 modus
2432 1415 2643 1485 quidem
2676 1417 2789 1486 ipse
2817 1432 2847 1471 a
2879 1417 3029 1473 nobis
3049 1419 3264 1489 proprie
3292 1420 3656 1490 comprehendi
3676 1437 3761 1477 non

2212 1515 2389 1577 potest
2418 1525 2431 1561 :
2463 1508 2759 1565 certissime
2791 1518 2965 1566 tamen
2999 1519 3181 1566 tenere
3210 1510 3487 1575 debemus.
3515 1513 3666 1575 Deum
3690 1524 3762 1569 aut

2211 1617 2310 1674 per
2347 1616 2495 1655 suam
2539 1602 2885 1657 substantiam
2918 1602 3084 1674 loqui,
3130 1614 3222 1658 aut
3265 1620 3363 1674 per
3393 1605 3489 1659 sibi
3526 1605 3758 1666 subditam

2209 1702 2507 1747 creaturam
2532 1710 2544 1756 ;
2572 1693 2665 1748 sed
2708 1709 2802 1764 per
2840 1692 3189 1750 substantiam
3216 1711 3368 1749 suam
3393 1710 3493 1749 non
3522 1695 3654 1765 loqui
3679 1698 3758 1751 nisi

2208 1785 2275 1839 ad
2301 1785 2560 1841 creandas
2587 1800 2776 1840 omnes
2804 1797 3040 1851 naturas,
3068 1786 3132 1841 ad
3159 1786 3465 1857 spirituales
3489 1803 3608 1842 vero
3629 1796 3761 1857 atque

2211 1874 2595 1931 intellectuales
2622 1892 2728 1930 non
2758 1877 2929 1932 solum
2958 1877 3218 1932 creandas
3244 1920 3261 1943 ,
3290 1877 3385 1932 sed
3415 1878 3567 1933 etiam
3598 1880 3762 1934 illumi-

2209 1967 2432 2031 naudas,
2465 1983 2583 2022 eum
2621 1967 2731 2036 jam
2778 1975 3001 2038 possunt
3036 1983 3227 2039 capere
3284 1969 3597 2025 locutionem
3647 1968 3759 2039 ejus,

2207 2059 2379 2128 qualis
2404 2068 2484 2113 est
2511 2062 2561 2113 itt
2590 2058 2768 2115 Verbo
2812 2060 2928 2130 ejus
2951 2060 3093 2131 quod
3134 2061 3188 2116 in
3234 2061 3495 2133 principio
3517 2070 3623 2117 erat
3647 2062 3759 2134 apud

2209 2149 2656 2217 Deum,etDeus
2702 2161 2821 2206 erat
2878 2151 3129 2218 Verbum,
3178 2168 3275 2224 per
3322 2155 3461 2225 quod
3499 2156 3625 2211 faeta
3661 2162 3763 2209 sunt

2206 2245 2383 2299 omnia
2414 2244 2589 2319 (Joan.
2615 2263 2669 2313 ι,
2700 2244 2841 2318 1οὸ).
2870 2244 2980 2302 Illis
3006 2256 3181 2302 autem
3212 2248 3305 2317 qui
3334 2263 3450 2302 eam
3475 2263 3652 2319 capere
3674 2262 3759 2302 non

2208 2345 2452 2405 possunt,
2475 2353 2594 2391 cum
2640 2337 2873 2408 loquitur
2901 2338 3060 2407 Deus,
3109 2339 3327 2394 nonnisi
3368 2355 3461 2412 per
3501 2348 3760 2394 creaturam

2206 2428 2440 2500 loquitur
2467 2472 2483 2499 ,
2514 2441 2601 2487 aut
2636 2432 3000 2487 tantummodo
3045 2433 3413 2503 spiritualem,
3446 2434 3553 2489 sive
3598 2434 3647 2488 in
3687 2447 3760 2487 so-

2206 2524 2380 2585 mnis,
2410 2525 2521 2579 sive
2563 2524 2616 2578 in
2662 2524 2854 2579 ecstasi
2885 2523 2935 2578 in
2966 2524 3316 2581 similitudine
3346 2541 3518 2581 rerum
3545 2538 3763 2594 θοι-βοτη»

2207 2614 2371 2681 lium;
2404 2624 2493 2669 aut
2525 2616 2684 2670 etiam
2718 2631 2815 2686 per
2836 2616 3003 2688 ipsam
3026 2619 3385 2687 corporalem,
3405 2617 3526 2673 dum
3552 2615 3758 2672 sensibus

2206 2706 2445 2776 corporis
2500 2706 2582 2761 vel
2634 2706 2812 2777 aliqua
2861 2707 3073 2777 species
3118 2718 3366 2780 apparet,
3416 2709 3497 2765 vel
3548 2708 3759 2763 insonant

2206 2814 2388 2854 VOCCS.

2277 2891 2367 2947 50.
2407 2889 2463 2945 Si
2490 2905 2617 2961 ergo
2642 2890 2811 2945 Adam
2842 2892 2963 2947 talis
2986 2903 3122 2957 erat,
3146 2903 3203 2947 ut
3227 2904 3413 2965 posset
3431 2909 3611 2965 capere
3638 2890 3755 2946 illam

2206 2981 2528 3039 locutionem
2554 2983 2672 3051 Dei,
2710 3000 2867 3056 quam
2908 2986 3174 3042 mentibus
3207 2989 3463 3059 angelicis
3512 3004 3598 3059 per
3634 2999 3755 3041 suam

2208 3074 2408 3145 przebet
2437 3075 2825 3141 substantiam;
2854 3091 2962 3132 non
3000 3076 3354 3134 dubitandum
3400 3087 3481 3134 est
3505 3077 3633 3149 quod
3663 3077 3756 3145 ejus

2205 3176 2439 3223 mentem
2468 3183 2564 3238 per
2588 3178 2795 3239 tempus
2822 3169 3049 3225 moverit
3077 3170 3213 3224 miro
3239 3180 3298 3225 et
3334 3170 3578 3228 ineffabili
3603 3167 3752 3233 modo,

2205 3273 2313 3314 non
2346 3270 2521 3315 motus
2550 3260 2663 3332 ipse
2691 3276 2790 3332 per
2816 3270 3024 3331 tempus
3047 3304 3062 3327 ,
3095 3262 3253 3333 eique
3308 3264 3434 3319 utile
3481 3278 3541 3317 ac
3578 3259 3756 3316 salubre

2206 3360 2528 3421 praereptum
2558 3350 2797 3407 veritatis
2820 3351 3173 3421 impresserit,
3206 3362 3263 3408 et
3291 3371 3408 3425 quze
3444 3364 3755 3423 transgresso-

2204 3445 2250 3498 ri
2278 3459 2433 3515 pinna
2464 3444 2771 3512 deberetur,
2792 3459 2855 3500 ea
2883 3446 2993 3515 ipsa
3022 3445 3367 3503 iueﬂ'abiliter
3392 3448 3599 3503 veritate
3625 3459 3753 3500 man-

2202 3538 2453 3593 straverit
2484 3555 2499 3593 :
2526 3538 2666 3593 sicut
2704 3538 2993 3594 audiuntur
3034 3540 3118 3595 vel
3150 3540 3399 3597 videntur
3440 3542 3603 3596 omnia
3640 3540 3751 3594 bona

2203 3639 2467 3700 prmcepta
2500 3630 2551 3684 itt
2602 3630 2713 3702 ipsa
2758 3630 3176 3687 incommutabili
3224 3631 3517 3704 Sapientia,
3562 3645 3667 3702 qua:
3708 3626 3750 3681 in

2200 3721 2409 3777 animas
2434 3730 2645 3776 sanctas
2669 3736 2728 3777 se
2757 3722 3011 3779 transfert
3051 3722 3205 3796 (Sap.
3252 3741 3357 3795 vn,
3389 3725 3481 3796 27)
3512 3740 3573 3781 ex
3603 3721 3752 3791 aliquo

2202 3821 2474 3883 tctnpore,
2501 3828 2623 3868 cum
2654 3814 2818 3884 ipsius
2844 3815 3020 3870 nullus
3055 3816 3124 3871 sit
3155 3825 3337 3874 motus
3365 3818 3414 3873 iu
3442 3826 3678 3885 tempore.
3706 3810 3750 3866 Si

2198 3914 2377 3960 autem
2401 3904 2466 3959 ad
2486 3920 2608 3961 eum
2634 3905 2850 3961 modum
2872 3905 3040 3962 Adam
3071 3908 3248 3977 justus
3272 3918 3405 3975 erat,
3440 3917 3496 3965 ut
3535 3907 3578 3963 ei
3607 3904 3751 3962 adhuc

2200 4011 2334 4067 opus
2354 4007 2497 4053 esset
2520 3997 2741 4053 alterius
2766 4007 3028 4055 creatura:
3056 4001 3349 4058 sanctioris
3372 4011 3426 4057 et
3452 3995 3749 4071 sapientioris

2198 4090 2519 4157 auctoritas,
2570 4107 2666 4162 per
2720 4107 2878 4162 quam
2916 4104 3267 4163 cognosceret
3324 4095 3415 4151 Dei
3460 4093 3747 4148 voluntatem

2197 4182 2692 4253 atquejussionent,
2734 4184 2872 4239 sicut
2925 4184 3078 4240 nobis
3120 4186 3424 4257 Propheta»,
3469 4185 3595 4239 sicut
3640 4177 3747 4249 ipsis

2198 4276 2417 4346 Angeli;
2447 4291 2544 4331 cur
2562 4275 2883 4345 ambigimus
2913 4292 3007 4347 per
3030 4278 3260 4350 aliquam
3304 4275 3591 4350 hujusmodi
3616 4285 3745 4328 crea-

2198 4375 2370 4422 turam
2398 4368 2447 4422 ei
2469 4384 2587 4423 esse
2620 4368 2854 4423 locutum
2900 4368 3083 4434 Deum,
3140 4370 3334 4427 talibus
3380 4383 3560 4425 vocum
3604 4363 3743 4433 signis

2195 4475 2315 4531 qute
2355 4460 2652 4530 intelligere
2684 4459 2907 4532 posset?
2946 4461 3075 4516 Illud
3101 4463 3242 4517 enim
3285 4461 3423 4534 quod
3447 4472 3616 4532 postea
3634 4450 3743 4509 scri-

2196 4562 2344 4623 ptum
2370 4562 2450 4606 est
2473 4592 2485 4615 ,
2517 4567 2637 4606 cum
2666 4565 2973 4623 peccassent
2997 4569 3089 4608 eos
3116 4554 3328 4610 audisse
3358 4568 3533 4609 vocem
3562 4541 3739 4603 Domini

2196 4644 2291 4700 Dei
2315 4642 2637 4699 ambulantis
2660 4644 2710 4698 in
2738 4644 2984 4715 paradiso
3011 4643 3162 4715 (Gen.
3201 4662 3279 4711 Ill,
3298 4643 3375 4719 8),
3402 4644 3518 4716 quia
3544 4653 3636 4695 non
3662 4648 3739 4706 per

2194 4737 2362 4811 ipsam
2394 4739 2485 4795 Dei
2519 4739 2891 4801 substantiam,
2928 4738 3020 4792 sed
3063 4753 3160 4808 per
3190 4738 3451 4793 subditam
3488 4735 3533 4791 ei
3557 4738 3738 4788 emtu-

2192 4846 2306 4886 ram
2334 4830 2528 4887 f'actum
2562 4838 2664 4897 est,
2695 4828 2841 4884 nullo
2871 4827 3029 4882 ntodo
3061 4828 3263 4883 dubitat
3286 4829 3374 4899 qui
3401 4826 3549 4882 fidem
3580 4818 3737 4876 catho-

2192 4924 2346 4979 licam
2384 4923 2541 4992 sapit.
2579 4922 2659 4978 Ad
2692 4924 2793 4978 ltoc
2842 4922 2983 4976 enim
3019 4931 3071 4977 et
3110 4923 3377 4993 aliquanto
3404 4918 3546 4974 latius
3564 4914 3624 4970 de
3651 4910 3732 4964 hac

2190 5032 2250 5073 re
2282 5015 2548 5071 disserere
2586 5014 2749 5081 volui,
2792 5014 2914 5084 quia
2957 5014 3194 5069 nonnulli
3221 5009 3452 5069 haeretici
3478 5008 3547 5081 (α)
3573 5007 3732 5075 plum"

2189 5106 2538 5163 substantiam
2580 5105 2701 5160 Filii
2753 5105 2845 5159 Dei
2891 5105 3039 5160 nullo
3090 5113 3360 5174 assumpto
3401 5112 3608 5167 corpore
3650 5104 3730 5161 per

2187 5202 2418 5271 seipsam
2441 5214 2562 5255 esse
2586 5198 2871 5264 visibilem,
2909 5208 2964 5254 et
2989 5197 3108 5253 ideo
3147 5206 3423 5266 antequam
3454 5207 3514 5247 ex
3541 5184 3727 5255 Virgine

2187 5310 2383 5365 corpus
2433 5294 2717 5364 acciperet,
2762 5293 2934 5364 ipsum
2981 5293 3149 5347 visum
3198 5306 3317 5348 esse
3363 5286 3592 5344 Patribus
3626 5273 3725 5345 opi-

2187 5398 2400 5456 nantur,
2428 5398 2676 5459 tanquam
2702 5387 2769 5441 de
2797 5386 2913 5441 solo
2939 5384 3043 5440 Deo
3078 5385 3233 5441 Patre
3261 5382 3463 5440 dictum
3488 5376 3570 5438 sit,
3597 5370 3732 5435 Quem

2187 5500 2332 5539 nemo
2361 5481 2621 5536 hominum
2642 5479 2797 5546 vidit,
2830 5495 2919 5533 nec
2937 5477 3101 5532 videre
3120 5486 3292 5549 potest
3318 5473 3361 5545 (I
3393 5470 3514 5526 Tint.
3533 5482 3596 5531 Vl,
3624 5459 3727 5527 l6);

2165 5577 2309 5675 ‘quia
2339 5573 2506 5629 Filius
2548 5572 2696 5627 visus
2736 5571 2805 5626 sit
2840 5580 2963 5625 ante
2994 5578 3267 5641 acceptam
3336 5562 3468 5620 servi
3522 5558 3731 5612 formant.

2243 5672 2253 5675 -
2529 5668 2541 5675 .
2799 5666 2812 5675 .
2872 5674 2876 5675 ,
2962 5664 2991 5675 ..
3380 5670 3475 5675 ﬂ-..
3520 5644 3729 5675 ευρ-ξορας

2183 5644 2345 5730 etiam
2388 5686 2483 5740 per
2527 5668 2699 5738 ipsam
2734 5664 3082 5724 substanuam
3132 5676 3335 5722 suam:
3365 5670 3478 5729 quae
3517 5644 3729 5717 impietas

2244 5785 2317 5851 (α)
2340 5783 2515 5837 Μ,
3134 5784 3154 5791 __
