3902 6334
317 327 437 384 393

1735 311 1938 374 LIBER
1973 314 2212 376 NONUS.

3483 334 3596 392 59‘

318 440 510 515 procul
538 454 573 496 a
613 438 888 496 catholicis
925 417 1190 494 mentibus
1213 433 1514 508 repellenda
1543 439 1642 488 est.
1693 432 1799 488 Sed
1840 431 1907 489 dc
2011 431 2278 504 quomodo
2303 433 2374 490 sit
2402 433 2592 491 mulier
2609 450 2675 492 ex
2698 436 2794 493 viri
2823 438 2905 494 sui
2931 439 3098 497 latere
3121 451 3318 514 creata,
3353 445 3406 502 in
3447 462 3578 506 θοι.

315 534 429 591 hoc
454 531 662 604 plenius
690 532 821 587 alias
839 572 856 598 ,
885 529 931 586 si
966 529 1189 585 Domino
1217 527 1502 599 placuerit,
1542 524 1902 580 disseremus:

314 641 467 685 nunc
509 625 794 684 terminato
837 624 941 680 isto
990 621 1279 688 volumine,
1330 619 1381 676 id
1429 616 1572 688 quod
1624 616 1899 687 sequitur,

2012 526 2359 596 sequentibus
2383 527 2677 599 parandum
2701 540 2801 586 est.
3579 551 3611 615 ί.

311 731 3587 769 ____.______———.——————————————————————_—____________

1399 797 1877 908 LIBER
1956 795 2500 908 NONUS.

345 1035 420 1079 De
443 1024 649 1090 ecquod
666 1023 865 1090 legitur,
888 1029 1009 1076 Gen.
1031 1034 1139 1087 cap.
1161 1020 1211 1084 2,
1231 1033 1362 1073 vers.

1380 1017 1447 1092 ιβ
1469 1021 1563 1092 ει
2177 1009 2567 1092 suam»:
2586 1008 2834 1066 ιιοηιέηαη
2852 1027 2954 1068 esse
2975 1014 3159 1081 εοιυηι,
3176 1025 3304 1083 θαι..
3321 1031 3478 1085 nam
3497 1020 3564 1074 aa

1376 1079 1522 1140 illud,
1547 1091 1678 1130 vers.
1696 1074 1787 1125 ‘24:
1815 1079 1870 1126 El
1892 1077 2032 1124 erwtt
2058 1069 2155 1122 duo
2181 1069 2233 1123 in
2251 1085 2396 1124 carne
2417 1087 2529 1124 una.

1763 1215 2167 1257 m

307 1353 546 1416 CAPUT
585 1352 868 1412 PRlMUM.
903 1383 974 1408 -—,
997 1350 1102 1409 Cur
1128 1348 1318 1404 dictum
1348 1347 1444 1413 sit,
1473 1345 1540 1400 Et
1582 1340 1733 1398 ﬁnxit
1758 1339 1900 1395 Deus

495 1450 670 1506 adhuc
695 1448 760 1504 de
788 1447 948 1514 terra,
989 1455 1084 1500 etc.
1127 1442 1207 1498 De
1232 1441 1405 1497 Terra:
1447 1435 1706 1533 vogabulo.

390 1587 443 1642 l.
485 1582 551 1638 Et
575 1583 702 1637 dixit
731 1580 980 1636 Dominus
999 1576 1140 1633 Deus
1161 1592 1181 1631 :
1199 1574 1321 1630 Non
1346 1574 1530 1629 bonum
1550 1580 1623 1626 est
1651 1569 1901 1625 hominem

308 1694 424 1733 esse
447 1675 646 1739 solum;
686 1674 932 1746 faciamus
973 1671 1019 1725 ei
1060 1669 1371 1736 adiutorium
1409 1665 1682 1721 secundum
1709 1663 1896 1734 ipsum.

307 1771 388 1825 Et
424 1770 568 1839 ﬁnxit
600 1767 733 1822 Deus
761 1766 926 1820 adhuc
965 1764 1030 1818 de
1073 1772 1206 1817 terra
1245 1777 1415 1816 omnes
1457 1759 1636 1814 bestias
1679 1755 1821 1828 agri,
1853 1763 1900 1809 et

309 1861 488 1915 omnia
513 1857 736 1915 volatilia
752 1857 880 1923 coeli,
914 1866 960 1910 et
980 1853 1193 1909 adduxit
1217 1852 1310 1908 illa
1325 1852 1393 1906 ad
1421 1851 1605 1917 Adam,
1634 1857 1688 1903 ut
1712 1847 1899 1902 uideret

305 1951 436 2021 quid
475 1958 672 2004 vocaret
715 1949 824 2003 illa.
878 1946 946 2001 Et
975 1961 1121 2002 omne
1155 1945 1500 2017 quodcumque
1543 1940 1733 1996 vocavit
1768 1939 1899 1995 illud

308 2043 484 2099 Adam
504 2043 725 2097 animam
764 2042 944 2105 vivam,
986 2041 1079 2094 hoc
1112 2049 1183 2093 est
1206 2053 1387 2093 nomen
1438 2037 1567 2107 ejus.
1617 2033 1686 2088 Et
1709 2031 1899 2087 vocavit

302 2137 483 2210 .Adam
526 2137 732 2190 nomina
759 2134 987 2190 omnibus
1014 2132 1293 2204 pecoribus,
1335 2139 1384 2185 et
1410 2129 1638 2185 omnibus
1673 2125 1896 2182 volatili-

304 2227 406 2283 bus
431 2227 562 2293 cali,
585 2236 632 2281 et
654 2226 880 2280 omnibus
899 2223 1066 2280 bestiis
1102 2223 1234 2296 agri.
1271 2222 1298 2276 l
1305 2223 1385 2294 psi
1413 2231 1576 2274 autem
1601 2217 1766 2272 Adam
1794 2232 1897 2271 non

305 2329 386 2376 est
408 2321 635 2374 inuentus
664 2318 870 2388 adjutor
893 2317 1073 2373 similis
1097 2316 1160 2370 ei.
1190 2314 1258 2370 Et
1280 2314 1487 2369 immisit
1505 2312 1641 2366 Deus
1661 2309 1894 2364 ecstasim

304 2414 364 2467 in
392 2411 573 2475 Adam,
597 2421 642 2466 et
663 2411 976 2465 obdormivit.
1011 2408 1078 2463 Et
1107 2409 1467 2477 accepitunam
1487 2414 1736 2460 costarum
1760 2403 1890 2474 ejus,

303 2512 357 2558 et
385 2502 676 2574 adimpleoit
714 2517 916 2555 carnem
940 2500 995 2555 in
1019 2499 1128 2554 loco
1153 2499 1262 2570 ejus
1290 2515 1312 2552 :
1336 2507 1380 2551 et
1405 2494 1674 2565 aediﬁcavit
1713 2491 1893 2547 Domi-

304 2611 411 2651 nus
435 2593 575 2649 Deus
597 2606 806 2658 costam,
837 2609 988 2664 quam
1017 2591 1208 2662 accepit
1228 2590 1290 2644 de
1312 2589 1500 2655 Adam,
1518 2589 1573 2642 in
1601 2587 1896 2650 mulierem;

303 2695 358 2742 et
405 2687 616 2740 adduxit
657 2702 766 2740 eam
795 2685 863 2738 ad
892 2684 1076 2740 Adam.
1110 2683 1178 2738 Et
1216 2683 1342 2737 dixit
1370 2678 1536 2735 Adam
1558 2695 1577 2734 :
1604 2678 1719 2734 Hoc
1760 2693 1896 2733 nunc

307 2795 370 2834 os
400 2794 462 2832 ea:
489 2778 682 2833 ossibus
699 2777 842 2844 meis,
870 2785 917 2830 et
941 2790 1060 2829 caro
1080 2775 1143 2828 de
1173 2789 1324 2828 carne
1343 2787 1486 2836 mea;
1507 2771 1614 2826 lucc
1641 2768 1894 2824 vocabitur

301 2870 512 2936 mulier,
535 2870 772 2941 quoniam
799 2884 862 2923 ea:
889 2868 994 2922 viro
1013 2882 1106 2921 suo
1134 2875 1338 2936 sumpta
1362 2875 1453 2920 est.
1479 2863 1546 2916 Et
1569 2869 1776 2934 propter
1795 2861 1890 2915 hoc

300 2963 553 3034 relinquet
582 2961 731 3016 homo
769 2969 960 3033 patrem
1007 2969 1054 3013 et
1098 2967 1331 3027 matrem,
1380 2966 1427 3012 et
1468 2955 1892 3027 conglutinabitur

299 3056 455 3112 uxori
481 3071 624 3119 sua;
648 3064 697 3109 et
723 3063 864 3110 erunt
893 3053 993 3107 duo
1012 3052 1065 3106 in
1087 3067 1240 3106 carne
1261 3067 1382 3106 una.
1414 3049 1471 3106 Si
1513 3049 1710 3120 aliquid
1737 3048 1890 3118 adju-

301 3156 436 3203 vant
454 3147 728 3210 lectorem,
753 3160 871 3217 qua:
916 3144 973 3199 in
999 3143 1149 3199 libris
1169 3140 1530 3215 superioribus
1557 3139 1890 3196 considerata

299 3248 468 3312 atque
511 3239 1002 3308 conscripta'sunt,
1032 3235 1430 3291 non'dehemus'
1469 3234 1526 3288 in
1548 3231 1651 3288 hoc
1694 3230 1890 3287 diutius

299 3330 598 3396 immorari,
616 3327 757 3400 quod
775 3329 922 3398 ﬁnxit
943 3327 1112 3382 adhuc
1126 3326 1266 3381 Deus
1279 3325 1343 3380 de
1360 3334 1494 3379 terra
1521 3339 1690 3378 omnes
1711 3323 1890 3377 bestias

299 3425 437 3498 agri,
450 3436 498 3478 et
511 3422 682 3477 omnia
700 3421 920 3476 volatilia
938 3419 1053 3474 caeli
1068 3435 1088 3473 :
1105 3433 1202 3474 cur
1217 3418 1360 3473 enim
1376 3415 1574 3471 dictum
1595 3414 1684 3480 sit,
1699 3414 1884 3481 adhuc,

299 3515 358 3572 id
389 3525 471 3571 est
489 3517 706 3586 propter
727 3514 743 3545 ⁸
772 3513 996 3583 primam
1025 3509 1382 3570 conditionem
1411 3514 1771 3562 creaturarum
1791 3520 1886 3560 sex

298 3609 492 3666 diebus
515 3616 938 3665 consummatam
959 3646 974 3668 ,
1014 3605 1065 3660 in
1085 3619 1190 3676 qua
1217 3601 1500 3658 causaliter
1521 3599 1749 3671 perlecta
1765 3607 1888 3654 sunt

300 3703 483 3760 omnia
514 3702 672 3757 simul
708 3709 764 3756 et
784 3699 1030 3755 inelioata
1055 3739 1070 3766 ,
1105 3705 1163 3752 ut
1189 3696 1379 3753 deinde
1404 3695 1470 3751 ad
1497 3694 1718 3750 ell'ectus
1759 3709 1886 3750 suos

295 3810 477 3852 causae
503 3793 944 3866 perducerentur,
968 3790 1078 3861 jam
1092 3799 1344 3860 quantum
1371 3787 1660 3858 potuimus,
1683 3785 1735 3840 in
1761 3801 1886 3866 pm-

294 3886 614 3945 cedentibus
630 3883 990 3940 intimavimus
1009 3881 1145 3956 (Lib.
1173 3881 1227 3948 6,
1250 3896 1365 3951 cap.
1384 3879 1460 3948 5).
1479 3878 1548 3933 Et
1571 3879 1616 3933 si
1641 3880 1760 3948 quis
1785 3877 1886 3931 hoc

295 3979 456 4036 aliter
482 3975 816 4034 enodandum
842 3982 1013 4046 putat,
1068 3982 1274 4028 tantum
1315 3970 1601 4042 diligenter
1644 3967 1885 4024 attendat

297 4073 398 4129 illa
426 4072 624 4136 omnia,
650 4085 768 4142 qua:
798 4079 856 4125 ut
891 4070 995 4125 hoc
1023 4069 1342 4124 sentiremus
1366 4064 1717 4130 attendimus;
1757 4070 1811 4118 et
1834 4062 1883 4118 si

292 4161 708 4236 probabiliorem
741 4161 865 4218 inde
915 4160 1149 4232 potuerit
1197 4157 1477 4215 enucleare
1532 4154 1878 4221 sententiam,

289 4271 405 4314 non
430 4256 601 4311 solum
625 4256 875 4311 resistere
897 4269 1004 4310 non
1027 4252 1306 4320 debemus,
1335 4249 1430 4306 sed
1447 4247 1700 4304 debemus
1719 4245 1879 4303 etiam

287 4349 566 4422 gratulari.
1207 4339 1214 4346 ·
1344 4338 1390 4344 ··

368 4440 423 4495 2.
460 4441 516 4497 Si
565 4455 724 4512 quem
767 4447 944 4495 autem
993 4445 1174 4492 movet
1196 4435 1319 4506 quia
1358 4448 1464 4490 non
1507 4431 1674 4499 dixit,
1703 4431 1880 4487 Finxit

290 4533 440 4588 Deus
463 4531 638 4587 adhuc
661 4531 730 4587 de
759 4539 899 4586 terra
929 4542 1116 4585 omnes
1140 4527 1340 4582 bestias
1376 4524 1518 4597 agri,
1557 4533 1611 4581 et
1635 4524 1704 4580 de
1727 4524 1877 4594 aquis

288 4623 477 4680 omnia
497 4622 731 4679 volatilia
755 4621 902 4689 coeli,
931 4619 1024 4678 sed
1060 4629 1312 4688 tanquam
1343 4625 1566 4686 utraque
1589 4630 1783 4687 genera
1809 4615 1877 4671 de

287 4727 437 4773 terra
463 4713 695 4783 tinxerit,
725 4711 795 4768 Et
822 4709 987 4783 ﬁnxit,
1022 4709 1211 4781 inquit,
1241 4708 1378 4763 Deus
1426 4707 1594 4761 adhuc
1637 4705 1700 4760 de
1743 4715 1876 4760 terra

287 4825 466 4866 omnes
485 4806 666 4862 bestias
692 4805 826 4878 agri,
851 4814 902 4859 et
928 4803 1099 4859 omnia
1117 4800 1346 4857 volatilia
1371 4799 1516 4864 caeli;
1542 4796 1719 4853 videat
1740 4795 1874 4852 duo-

285 4898 397 4956 bus
415 4897 587 4953 modis
601 4893 1133 4966 es'seintelligendum
1157 4910 1173 4946 :
1201 4900 1294 4947 aut
1319 4889 1548 4945 tacuisse
1572 4903 1711 4945 nunc
1735 4887 1875 4945 unde

287 4991 506 5047 ﬁnxerit
533 4987 768 5045 volatilia
791 4987 936 5054 cmli,‘
964 4986 1088 5057 quia
1113 4995 1171 5041 et
1211 4983 1428 5040 tacitum
1460 4991 1640 5053 posset
1682 4997 1873 5037 occur-

286 5097 433 5149 rere,
465 5091 525 5136 ut
549 5093 658 5136 non
683 5079 752 5135 de
779 5087 922 5134 terra
949 5086 1231 5147 utrumque
1259 5074 1549 5145 accipiatur
1584 5073 1749 5129 Deum
1777 5072 1874 5127 lin-

283 5176 452 5239 xisse,
477 5173 575 5231 sed
602 5169 966 5228 tantummodo
988 5170 1182 5226 bestias
1209 5167 1360 5239 agri;
1401 5174 1458 5223 ut
1493 5164 1726 5238 volatilia
1750 5165 1872 5220 coeli

287 5268 452 5325 etiam
482 5273 694 5322 tacente
743 5264 1017 5335 Scriptura
1055 5261 1426 5333 intelligamus
1454 5257 1596 5314 unde
1638 5257 1868 5324 tinxerit,

283 5361 435 5418 velut
453 5361 544 5431 qui
575 5359 806 5415 sciamus
843 5357 898 5413 in
927 5358 1098 5429 prima
1126 5354 1418 5412 causalium
1449 5353 1713 5409 rationum
1743 5367 1871 5408 con-

281 5454 492 5511 ditione
519 5466 590 5507 ex
619 5451 773 5521 aquis
812 5465 876 5506 ea
910 5462 1030 5505 esse
1059 5446 1312 5519 producta
1340 5463 1355 5500 :
1382 5452 1475 5500 aut
1516 5454 1711 5500 terram
1754 5443 1871 5498 uni-

280 5543 567 5602 versaliter
593 5543 674 5600 sic
695 5541 1016 5615 appellatam
1040 5540 1199 5597 simul
1223 5553 1345 5596 cum
1375 5536 1529 5610 aquis
1549 5577 1567 5606 ,
1608 5533 1876 5607 quemd-'

348 5727 370 5759 ι
415 5722 689 5798 caseum
729 5721 780 5770 in
815 5719 1218 5831 editisg‘ﬁrteter.
1260 5721 1317 5767 At
1366 5715 1420 5768 in
1452 5718 1601 5774 ιιεε..
1643 5716 1864 5782 propter,

269 5783 978 5860 qnodmeumdemsensumr
1061 5788 1098 5832 t.
1372 5845 1376 5849 λ
1555 5803 1561 5806 -
1701 5802 1708 5807 -
1846 5842 1864 5860 Η

488 5869 713 5933 Sanc'r.
773 5867 1050 5928 Accusr.
1099 5863 1212 5927 III.
1372 5845 1376 5849 ’

1846 5837 1912 5870 ιῖὴ

2009 1336 2221 1393 modum
2247 1339 2508 1416 appellata
2535 1347 2616 1396 est
2641 1340 2693 1396 in
2719 1341 2813 1396 illo
2859 1348 3096 1414 psalmo,
3148 1347 3239 1404 ubi
3289 1351 3585 1409 caelestium

2008 1429 2253 1485 laudibus
2286 1432 2599 1500 terminatis,
2649 1432 2716 1488 ad
2766 1442 2960 1490 terram
3006 1437 3139 1494 facta
3187 1450 3269 1496 est
3309 1443 3587 1500 conversio

2006 1523 2292 1588 sermonis,
2324 1532 2380 1578 et
2402 1523 2622 1592 dictum,
2652 1523 2882 1580 Laudate
2895 1526 3171 1584 Dominum
3199 1533 3263 1587 de
3289 1544 3441 1603 terra,
3466 1537 3586 1592 dra-

2005 1632 2154 1672 cones
2204 1625 2248 1670 et
2302 1633 2471 1671 omnes
2515 1617 2721 1689 abyssi,
2749 1628 2852 1675 etc.
2897 1619 3069 1693 (Psal.
3122 1640 3344 1694 CXLVIII,
3378 1629 3453 1699 7),
3487 1610 3586 1686 nec

2006 1715 2191 1778 postea
2221 1706 2418 1762 dictum
2464 1716 2567 1776 est,
2613 1708 2848 1766 Laudato
2887 1711 3168 1769 Dominum
3205 1716 3272 1772 de
3308 1717 3477 1792 aquis.
3511 1718 3587 1775 Ibi

2004 1799 2145 1856 enim
2168 1809 2293 1855 sunt
2318 1815 2506 1856 omnes
2533 1801 2732 1874 abyssi,
2761 1820 2879 1874 quzc
2904 1813 3081 1861 tamen
3111 1807 3178 1863 de
3207 1817 3344 1864 terra
3367 1810 3588 1867 laudant

2004 1892 2318 1948 Dominum:
2344 1892 2414 1947 ibi
2439 1892 2599 1948 etiam
2619 1896 2825 1966 reptilia
2846 1906 2902 1951 et
2928 1899 3160 1954 volatilia
3191 1911 3437 1970 pennata,
3466 1921 3587 1974 quae

2003 1987 2344 2042 nihilominus
2386 1986 2453 2042 de
2499 1997 2640 2044 terra
2677 1990 2892 2045 laudant
2936 1992 3236 2048 Dominum.
3281 1995 3584 2054 Secundum

2002 2077 2156 2134 istam
2187 2079 2541 2136 universalem
2592 2081 3000 2152 appellationem
3060 2095 3246 2155 teme,
3291 2090 3588 2147 secundum

2000 2186 2159 2241 quam
2188 2172 2349 2228 etiam
2373 2171 2441 2228 de
2469 2182 2580 2228 toto
2601 2174 2802 2230 mundo
2821 2175 3033 2244 dicitur,
3062 2179 3204 2235 Deus
3218 2182 3307 2252 qui
3336 2183 3582 2242 fecitcm-

2001 2263 2111 2322 lum
2138 2277 2192 2323 et
2213 2277 2434 2336 terrain,
2456 2271 2569 2327 sive
2593 2271 2661 2328 de
2685 2272 2831 2328 arida
2853 2273 2964 2329 sive
2984 2274 3049 2330 de
3067 2277 3218 2347 aquis
3237 2294 3588 2352 quaecumque

2002 2366 2182 2411 creata
2224 2368 2380 2426 sunt,
2412 2360 2480 2416 de
2524 2370 2664 2418 terra
2693 2373 2868 2420 creata
2911 2367 3172 2422 veraciter
3203 2368 3582 2440 intelliguntur.

1999 2445 2224 2504 CAPUT
2272 2450 2423 2505 ll.--
2447 2451 2710 2518 Quomodo
2752 2454 2807 2508 id
2828 2453 3021 2510 locutus
3055 2458 3119 2512 sit
3149 2457 3286 2515 Deus
3314 2477 3332 2514 :
3354 2459 3472 2518 Non
3500 2470 3586 2518 est

2595 2543 2817 2610 bonum,
2845 2555 2941 2599 etc.

2068 2631 2123 2687 5.
2161 2631 2314 2689 Nunc
2335 2633 2448 2705 jam
2490 2634 2765 2692 videamus
2790 2638 3058 2707 quomodo
3101 2641 3467 2710 accipiendum
3513 2646 3586 2701 sit

1997 2723 2138 2793 quod
2165 2724 2298 2781 dixit
2329 2726 2492 2794 Dens,
2525 2726 2646 2782 Non
2675 2738 2743 2782 est
2767 2729 2950 2783 bonum
2970 2746 3075 2784 esse
3103 2733 3352 2786 hominem
3379 2735 3584 2801 solum;

1997 2813 2304 2883 faciamusei
2334 2818 2646 2890 adjutorium
2670 2820 2945 2874 secundum
2966 2822 3160 2891 ipsum:
3181 2832 3354 2880 utrum
3378 2835 3584 2897 tempo-

1996 2907 2184 2962 raliter
2209 2909 2426 2965 vocibus
2473 2925 2535 2966 ac
2583 2911 2800 2982 syllabis
2837 2911 2994 2967 editis
3032 2913 3133 2970 hoc
3174 2915 3366 2972 dixerit
3410 2918 3578 2988 Deus;

1995 3009 2063 3051 an
2097 2996 2210 3066 ipsa
2239 3000 2375 3053 ratio
2421 3011 2836 3056 commemorata
2866 2993 2967 3069 est,
3000 3019 3118 3074 quae
3169 3006 3220 3060 in
3264 3008 3437 3066 Verbo
3486 3012 3582 3068 Dei

1997 3087 2356 3157 principaliter
2374 3101 2508 3157 erat,
2533 3099 2594 3147 ut
2617 3092 2691 3146 sit:
2707 3091 2901 3148 fennna
2932 3095 3082 3150 tieret
3105 3113 3290 3167 :quam
3317 3101 3582 3159 rationem

1995 3179 2318 3258 suscipiebat
2344 3183 2506 3237 etiam
2541 3193 2665 3238 tunc
2686 3183 2959 3256 Scriptura
2981 3189 3339 3257 cumdiceret,
3371 3192 3582 3250 Etdixit

1994 3267 2152 3336 Deus,
2190 3271 2309 3326 Fiat
2330 3274 2431 3328 hoc
2457 3285 2546 3330 aut
2576 3276 2730 3344 illud,
2753 3279 2965 3349 quando
2990 3282 3233 3352 primitus
3252 3287 3427 3342 omnia
3452 3305 3566 3346 conv

1993 3359 2272 3418 debantur.
2323 3366 2402 3420 An
2457 3367 2591 3423 forte
2640 3369 2691 3422 in
2749 3379 2926 3426 mente
2973 3372 3138 3442 ipsius
3187 3374 3421 3434 hominis
3471 3381 3577 3438 hoc

1992 3451 2125 3507 dixit
2159 3456 2326 3522 Deus,
2380 3457 2515 3512 sicut
2555 3459 2786 3529 loquitur
2811 3463 3126 3531 quibusdam
3177 3469 3344 3522 servis
3373 3472 3486 3527 suis
3517 3473 3574 3530 in

1991 3541 2123 3614 ipsis
2151 3547 2320 3602 servis
2343 3549 2485 3602 suis?
2528 3549 2606 3604 Ex
2647 3567 2754 3620 quo
2779 3567 2971 3622 genere
3015 3570 3289 3612 servorum
3321 3560 3436 3629 ejus
3461 3575 3581 3621 erat

1990 3637 2150 3691 etiam
2174 3637 2262 3692 ille
2291 3639 2378 3708 qui
2405 3639 2535 3694 dixit
2580 3641 2632 3694 in
2672 3640 2913 3697 Psalmo:
2946 3644 3163 3700 Audiam
3192 3650 3316 3718 quid
3339 3651 3578 3721 loquatur

1989 3724 2140 3780 inme
2171 3725 2416 3781 Dominus
2443 3727 2581 3783 Deus
2606 3730 2772 3801 (Psal.
2813 3748 3038 3801 Lxxxiv,
3072 3735 3153 3806 9).
3197 3740 3278 3793 An
3303 3741 3476 3811 aliqua
3505 3743 3576 3802 de

1989 3813 2089 3870 hac
2119 3831 2178 3872 re
2202 3817 2299 3887 ipsi
2332 3817 2532 3874 homini
2587 3821 2638 3874 in
2684 3822 2798 3892 ipso
2829 3822 3044 3880 homine
3089 3842 3184 3896 per
3211 3833 3452 3901 angelum
3490 3847 3576 3892 est

1988 3906 2127 3962 facta
2155 3909 2408 3964 revelatio
2435 3910 2485 3964 in
2517 3911 2949 3970 similitudinibus
2974 3933 3162 3974 vocum
3189 3926 3566 3996 corporalium,
3589 3913 3593 3920 ’

1987 3999 2227 4068 quamvis
2267 4003 2489 4056 tacuerit
2531 4002 2803 4075 Scriptura
2844 4014 3018 4062 utrum
3061 4008 3114 4064 in
3142 4012 3363 4082 somnis,
3411 4032 3478 4072 an
3513 4019 3570 4075 in

1989 4091 2210 4159 ecstasi;
2241 4092 2308 4147 ita
2331 4095 2472 4149 enim
2496 4095 2609 4150 fieri
2631 4096 2741 4152 haec
2766 4098 2968 4153 solent:
2988 4115 3053 4154 an
3072 4101 3248 4172 aliquo
3260 4104 3364 4160 alio
3387 4108 3566 4179 modo,
3587 4121 3590 4124 ‘

1985 4181 2123 4238 sicut
2177 4182 2442 4239 reveletur
2499 4185 2812 4256 Prophetis;
2844 4190 2985 4246 unde
3029 4191 3152 4247 illud
3180 4205 3288 4263 est,
3337 4196 3402 4251 Et
3439 4191 3597 4263 dixit,

1984 4276 2110 4330 mihi
2128 4279 2335 4349 angelus
2359 4281 2444 4349 qui
2462 4255 2756 4350 loquebatur
2775 4283 2827 4336 in
2850 4300 2927 4338 me
2957 4283 3134 4356 (Zaclt.
3159 4303 3217 4350 ll,
3247 4255 3301 4361 '5)
3331 4308 3344 4345 ;
3372 4306 3439 4347 an
3471 4255 3596 4364 per?

1983 4371 2314 4439 corporalem
2336 4384 2633 4426 creaturam
2649 4388 2749 4426 vox
2762 4373 2871 4444 ipsa
2894 4376 3153 4443 senuerit,
3166 4378 3302 4434 sicut
3317 4379 3383 4436 de
3400 4384 3562 4451 nube,

1986 4460 2086 4515 Hic
2109 4471 2181 4517 est
2225 4461 2394 4517 Filius
2421 4479 2559 4517 meus
2593 4461 2807 4534 (Matth.
2837 4481 2912 4527 ιιι,
2938 4464 3047 4539 l7).
3075 4467 3208 4536 Quid
3235 4485 3361 4544 ergo
3389 4489 3454 4529 ex
3481 4463 3586 4531 his.

1982 4553 2231 4609 omnibus
2255 4554 2450 4609 factum
2481 4555 2566 4620 sit,
2598 4555 2662 4608 ad
2693 4556 2945 4627 liquidum
2973 4561 3426 4630 comprehendere
3455 4584 3560 4625 non

1980 4646 2246 4712 valemus;
2276 4656 2640 4703 verumtamen
2653 4650 2951 4706 certissime
2986 4660 3257 4711 teneamus
3282 4667 3336 4712 et
3359 4657 3560 4720 dixisse

1984 4739 2084 4794 hoc
2110 4739 2299 4804 Deum,
2329 4748 2382 4794 et
2410 4739 2454 4793 si
2484 4740 2745 4812 corporali
2775 4756 2905 4797 voce
2932 4743 3016 4798 vel
3067 4749 3425 4818 temporaliter
3459 4767 3558 4808 ex-

1982 4846 2166 4902 pressa
2191 4829 2538 4885 similitudine
2562 4831 2800 4901 corporis
2826 4833 2981 4902 dixit,
3031 4851 3133 4891 non
3159 4855 3278 4894 eum
3306 4856 3400 4910 per
3424 4843 3553 4897 Sub-

1981 4923 2230 4980 stantiam
2259 4937 2430 4986 suam,
2448 4921 2540 4978 sed
2569 4937 2668 4994 per
2686 4923 2912 4995 aliquam
2927 4925 3150 4997 imperio
3173 4946 3268 4985 suo
3290 4929 3556 4988 subditam

1979 5014 2176 5071 dixisse
2203 5023 2532 5082 creaturam,
2591 5013 2729 5072 sicut
2758 5015 2808 5070 in
2837 5016 2970 5072 libro
2999 5021 3330 5088 praecedente
3360 5031 3576 5081 tracta-.~

1973 5109 2148 5166 vimus
2166 5108 2316 5179 (Cap.
2347 5107 2460 5180 27).

2047 5203 2100 5258 4.
2141 5200 2274 5256 Nam
2303 5201 2445 5256 visus
2474 5209 2557 5256 est
2584 5201 2722 5256 Deus
2747 5200 2908 5257 etiam
2940 5213 3119 5272 postea
3159 5206 3356 5261 sanctis
3395 5207 3546 5277 viris,

1977 5294 2109 5350 alias
2133 5293 2307 5364 capite
2333 5291 2454 5346 albo
2482 5292 2617 5346 sicut
2640 5293 2777 5359 lana,
2803 5291 2932 5346 alias
2961 5291 3211 5348 inl'eriore
3238 5305 3386 5365 parte
3423 5315 3548 5354 cor-

1976 5386 2121 5460 poris
2145 5385 2283 5441 sicut
2308 5383 2665 5440 aurichalcum
2697 5381 2878 5454 (Apoc.
2905 5399 2938 5445 ι,
2974 5384 3060 5450 li,
3088 5385 3204 5456 l5),
3239 5388 3368 5443 alias
3398 5392 3552 5448 aliter

1974 5487 2134 5551 atque
2153 5479 2306 5534 aliter
2332 5493 2347 5532 :
2380 5493 2484 5533 non
2515 5485 2690 5532 tamen
2720 5475 2835 5530 illas
2866 5475 3094 5530 visiones
3126 5477 3428 5537 lmininihus
3452 5499 3550 5554 per

1974 5572 2324 5630 substantiam
2354 5585 2470 5642 qua:
2501 5568 2614 5640 ipse
2640 5579 2717 5624 est
2743 5611 2757 5634 ,
2793 5566 2884 5624 sed
2931 5585 3024 5638 per
3052 5569 3150 5624 sibi
3199 5573 3404 5630 subdita
3431 5594 3552 5647 quae

1973 5665 2192 5728 creavit,
2220 5678 2340 5719 eum
2369 5661 2672 5733 prazbuisse,
2692 5668 2748 5716 et
2762 5677 2856 5732 per
2874 5661 3244 5719 similitudines
3263 5665 3548 5725 formarum

1977 5770 2276 5830 vocumque
2325 5753 2679 5826 corporalium
2703 5797 2717 5819 ,
2759 5754 2899 5828 quod
2938 5755 3104 5812 voluit
3148 5760 3446 5820 ostendisse
3485 5776 3552 5822 ac

2841 5847 3154 5954 (Troiae.
