3902 6316
214 467 453 525 duxisset
482 478 728 535 exerent,
759 468 997 545 ﬁliosque
1028 476 1361 540 procreasset
1384 469 1642 539 (creditur
1663 472 1804 527 enim

213 577 317 616 non
350 558 619 625 habuisse,
652 560 773 632 quia
806 560 905 617 hoc
937 561 1206 631 Scriptura
1233 576 1339 616 non
1371 560 1520 625 dixit,
1566 564 1806 633 quamvis

211 660 263 708 et
286 648 355 707 de
375 651 622 708 (ta-libato
653 653 770 722 ejus
800 653 931 707 nihil
965 653 1216 724 dixerit);
1248 654 1374 726 quid
1402 648 1468 708 de
1500 650 1682 709 linoclt
1722 671 1817 709 re-rt

210 747 515 818 spondebit,
549 748 640 818 qui
668 748 789 802 ﬁliis
817 748 1010 818 genitis
1032 749 1141 803 Deo
1168 750 1382 817 placens
1408 764 1512 803 non
1542 757 1798 815 mortuus,

209 822 297 893 sed
325 836 617 892 translatus
648 846 727 901 est
755 836 770 869 ί
799 834 817 908 (
842 836 969 892 Gen.
1002 855 1056 906 v,
1084 838 1154 893 ‘24
1176 837 1234 909 )2
1262 839 1369 894 Cur
1397 840 1523 910 ergo
1542 849 1604 896 et
1631 838 1803 893 Adam

209 936 257 985 et
286 925 420 995 Eva,
451 928 497 985 si
522 931 665 1000 juste
687 924 924 984 "viventes
948 940 1092 985 eaSte
1116 931 1248 999 ﬁlios
1276 939 1663 1001 procreasseut,
1694 944 1801 986 non

207 1024 282 1099 eis
312 1034 537 1095 possent
582 1024 951 1099 translatione,
998 1040 1100 1077 non
1148 1030 1339 1088 morte,
1393 1022 1800 1079 succedentibus

206 1098 431 1169 cedere?
461 1112 589 1169 Nam
622 1102 880 1169 si'Enoclt
904 1120 957 1169 et
980 1110 1120 1169 lilias
1145 1114 1195 1169 in
1230 1115 1394 1183 Adam
1422 1116 1634 1181 mortui,
1658 1131 1799 1170 mor-

207 1207 379 1279 tisque
403 1208 745 1277 propaginem
794 1208 843 1261 in
890 1222 1051 1263 carne
1072 1216 1370 1277 gestantes,
1398 1206 1534 1278 quod
1562 1206 1796 1262 debitum

204 1292 257 1355 tit
286 1298 518 1365 solvant,
570 1296 854 1354 eroduntur
882 1301 1040 1355 etiam
1087 1300 1304 1355 redituri
1347 1301 1410 1354 ad
1446 1298 1583 1356 hanc
1610 1302 1789 1365 vitam,

202 1396 272 1456 et,
303 1392 446 1465 quod
477 1388 671 1446 tamdiu
699 1390 915 1446 dilatum
935 1399 1036 1459 est,
1068 1392 1306 1447 morituri
1343 1392 1591 1463 (Malean.
1624 1406 1696 1457 tv,
1724 1393 1791 1458 5;

202 1490 247 1540 ἐι
288 1486 451 1556 Apoc.
494 1494 567 1548 XI,
596 1483 754 1555 5-7),
776 1494 923 1538 nunc
954 1494 1129 1539 tamen
1163 1485 1213 1539 iu
1253 1485 1352 1539 alia
1396 1487 1501 1539 vita
1530 1491 1673 1552 sunt,
1703 1482 1793 1541 ubi

198 1570 322 1635 ante
350 1579 794 1641 resurrectionem
823 1574 1018 1644 carnis,
1049 1586 1330 1648 antequam
1353 1578 1580 1633 animale
1598 1593 1792 1648 corpus

198 1670 253 1745 in
291 1671 563 1740 spirituale
606 1678 862 1736 mutetur,
899 1685 995 1725 nec
1022 1671 1209 1724 morbo
1232 1686 1329 1724 nec
1354 1677 1628 1726 senectute
1654 1669 1791 1726 deli-

197 1764 346 1818 ciunt
370 1781 382 1815 :
406 1772 602 1832 quanto
622 1760 814 1832 justius
838 1771 995 1831 atque
1016 1762 1336 1831 probabilius
1356 1762 1540 1832 primis
1564 1762 1668 1817 illis
1689 1761 1788 1817 ho-

196 1856 430 1929 rninibus
464 1863 827 1925 pratstaretur,
853 1856 968 1910 sine
999 1855 1106 1908 ttllo
1134 1866 1231 1908 suo
1273 1864 1616 1923 parentutnve
1662 1868 1787 1922 pec-

194 1961 314 2006 cato
358 1950 677 2021 viventibus,
710 1957 768 2002 ut
798 1950 850 2002 in
880 1947 1152 2002 meliorem
1185 1948 1412 2017 aliquem
1451 1955 1642 2000 statum
1668 1947 1793 2021 filiis

194 2044 387 2116 genitis
421 2042 703 2107 cederent,
724 2040 862 2095 unde
892 2042 1088 2096 Sit'Clth
1118 2042 1265 2095 ﬁnito
1290 2054 1409 2094 cmn
1439 2042 1579 2093 omni
1605 2048 1795 2108 poslc-‘

192 2136 353 2191 ritate
374 2145 702 2199 sanctorum,
734 2135 783 2188 in
812 2132 1101 2203 angelicam
1146 2132 1391 2195 formant,
1426 2145 1529 2184 non
1555 2147 1648 2200 per
1669 2146 1787 2185 car-

190 2230 273 2285 nis
304 2230 555 2292 mortem,
581 2226 677 2285 sed
703 2236 798 2298 per
822 2226 914 2280 Dei
939 2227 1181 2280 virtutem
1212 2223 1376 2279 multo
1393 2222 1593 2278 felicius
1608 2218 1793 2278 muta;

395 2318 417 2356 .,

395 2329 417 2356 ν

448 2402 558 2465 Vll.
590 2372 873 2463 —’Mnlicr
890 2408 1122 2479 pariendi
1141 2420 1313 2460 causa.
1349 2403 1494 2461 Unde
1514 2404 1787 2461 laudabilis

322 2498 584 2573 virginitas
602 2511 646 2556 ct
669 2504 875 2573 nuplire.
906 2496 1218 2555 Matrimonii
1239 2498 1419 2570 triplex.
1442 2500 1647 2553 bonum.

260 2595 348 2671 12.
374 2595 491 2651 Νοιι
522 2597 699 2665 itaque
724 2594 878 2649 video
903 2592 966 2647 ad
994 2592 1132 2664 quod
1164 2593 1305 2647 aliud
1328 2593 1643 2662 adjutorium
1668 2606 1785 2647 mu‘

183 2686 285 2747 lier
334 2690 471 2759 facta
520 2689 589 2743 sit
634 2689 766 2751 viro,
797 2688 840 2741 si
870 2686 1157 2758 generandi
1210 2680 1777 2740 causa’subtrahitur:

182 2768 304 2857 qua:
333 2780 682 2837 nihilominus
700 2797 865 2851 quare
887 2781 1227 2834 subtrahatur
1245 2780 1449 2849 ignoro.
1472 2778 1621 2833 Unde
1638 2777 1778 2833 enim

181 2894 438 2949 magnum
463 2876 741 2947 magnique
763 2874 981 2928 honoris
1010 2873 1254 2927 merittun
1286 2870 1421 2941 apttd
1459 2872 1622 2927 Demn
1653 2870 1782 2927 ﬁde-

179 2952 326 3029 lis’ct
352 2968 439 3042 pia
472 2964 743 3040 virginitas
776 2964 951 3032 habet,
979 2967 1074 3020 nisi
1106 2968 1227 3037 quia
1266 2966 1366 3020 isto
1395 2966 1496 3035 jam
1539 2975 1781 3033 tempore

179 3044 489 3123 continendi
513 3061 579 3117 ab
600 3061 842 3131 amplexu
873 3077 990 3114 eum
1032 3075 1097 3114 ex
1141 3058 1390 3114 omnibus
1433 3058 1676 3128 gentibus
1711 3048 1779 3113 ad

178 3154 511 3229 implendum
543 3156 845 3219 sanetortim
888 3158 1166 3206 numerum
1210 3150 1503 3220 largissima
1535 3158 1778 3219 suppetat

176 3234 354 3320 capia,
388 3245 743 3320 percipienda:
774 3238 1004 3317 sordidm
1042 3242 1325 3312 voluptatis
1361 3236 1519 3296 libido
1547 3256 1649 3295 non
1677 3241 1775 3297 sibi

178 3338 414 3397 vindicat
456 3337 594 3410 quod
617 3338 725 3407 jam
752 3334 1077 3390 sufficientia:
1109 3332 1274 3403 prolis
1305 3331 1638 3387 necessitudo
1670 3346 1773 3387 non

178 3430 451 3508 postulat?
480 3431 715 3502 Denique
747 3430 1022 3498 utriusque
1043 3440 1202 3480 sexus
1243 3423 1519 3478 inﬁrmitas
1542 3438 1773 3493 propen‘

177 3520 310 3584 deos
331 3522 386 3580 in
419 3522 626 3577 ruinam
656 3518 1013 3590 turpitudinis,
1044 3528 1184 3572 reete
1211 3515 1471 3583 excipitur
1499 3513 1775 3571 honestate

176 3617 507 3687 nuptiarum,
556 3622 612 3667 ut
664 3611 801 3683 quod
844 3612 987 3665 sanis
1030 3620 1149 3664 csse
1190 3616 1369 3678 posset
1420 3606 1673 3671 ofﬁcium,
1703 3607 1775 3661 sit

176 3704 393 3779 aegrotis
440 3703 754 3761 remedium.
798 3701 979 3771 Neque
1020 3703 1163 3755 enim
1219 3699 1340 3773 quia
1392 3698 1770 3753 iucontineutia

175 3801 373 3855 malum
420 3805 523 3861 est,
571 3795 692 3850 ideo
736 3794 1081 3859 connubium,
1116 3793 1197 3845 vel
1246 3805 1350 3861 quo
1382 3790 1768 3846 incontinentes

173 3892 510 3965 ecpul‘a’ntur,
539 3906 642 3943 non
669 3895 751 3943 est
776 3888 973 3941 bonum
998 3906 1009 3941 :
1036 3887 1143 3941 imo
1176 3900 1304 3940 vero
1327 3901 1431 3939 non
1460 3894 1678 3955 propter
1705 3885 1768 3938 il-

175 3974 256 4041 lud
287 3985 493 4040 malum
522 3981 781 4051 culpabile
810 3986 892 4035 est
917 3977 1020 4033 hoc
1046 3979 1267 4043 bontun,
1300 3976 1393 4033 sed
1426 3987 1639 4049 propter
1668 3978 1769 4033 hoc

172 4076 373 4132 bonum
398 4074 606 4127 veniale
631 4079 713 4126 est
746 4070 871 4124 illud
900 4069 1127 4137 malum;
1159 4070 1408 4141 quoniam
1429 4069 1479 4123 id
1505 4069 1643 4140 quod
1677 4068 1769 4122 bo-

173 4170 295 4225 num
323 4167 530 4223 habent
574 4166 787 4235 nuptia‘,
814 4172 865 4220 et
893 4176 996 4235 quo
1021 4165 1173 4219 boote
1205 4173 1328 4217 sunt
1359 4164 1553 4233 nttptite
1578 4179 1766 4234 pecca-

174 4244 276 4316 tum
310 4272 435 4318 esse
464 4264 731 4329 nunquam
765 4264 956 4326 potest.
988 4254 1101 4311 Hoc
1126 4264 1301 4309 autem
1321 4256 1637 4324 tripartitum
1661 4267 1767 4325 est;

172 4348 556 4423 fide_s,‘proles,
588 4356 997 4404 sacramentum.
1023 4348 1079 4402 in
1102 4347 1205 4403 ﬁde
1232 4348 1521 4415 attenditur
1544 4363 1608 4403 ne
1637 4362 1769 4417 prata

173 4452 245 4499 ter
262 4442 549 4500 vinculum
568 4440 867 4510 conjugale,
895 4452 1014 4494 cum
1044 4440 1211 4494 altera
1235 4438 1316 4495 vel
1336 4438 1502 4494 altero
1520 4454 1764 4495 cuneum:

168 4536 321 4591 batur
352 4554 366 4590 :
397 4532 453 4590 in
479 4535 645 4605 prole,
678 4538 735 4588 ut
763 4542 1002 4587 amanter
1044 4524 1378 4599 suscipiatur,
1412 4530 1636 4602 benigne
1660 4548 1762 4587 nu-

171 4630 376 4693 triatur,
403 4627 659 4700 religiose
686 4618 940 4701 etlucetur
970 4641 981 4677 :
1018 4623 1069 4677 in
1095 4632 1428 4677 sacramento
1477 4633 1674 4690 autem,
1704 4630 1764 4680 ut

170 4704 600 4797 eonjugium'non
628 4725 921 4797 separetur,
953 4725 1005 4770 ct
1030 4715 1277 4769 dimissus
1302 4724 1393 4769 aut
1419 4715 1636 4771 dimissa
1665 4730 1767 4773 nec

170 4803 518 4875 causa'prolis
552 4802 709 4879 alteri
731 4802 1102 4877 coniungatur.
1139 4799 1260 4879 llaec
1288 4809 1367 4855 est
1399 4811 1653 4869 tanquam
1674 4810 1762 4857 re-

169 4892 281 4968 gula
310 4878 640 4973 nuptiarum,
664 4908 763 4966 qua
794 4895 877 4949 vel
908 4901 1108 4947 natura)
1139 4891 1420 4946 decoratur
1440 4890 1767 4961 fecunditas,:

168 4987 246 5044 vel
274 4976 703 5053 incentinentire‘
742 4986 944 5057 regitur
986 4983 1244 5055 pravitas.
1288 4983 1439 5039 Unde
1475 4984 1597 5055 quia
1628 4986 1765 5039 satis

169 5079 515 5138 disset‘uitn‘us
536 5070 587 5135 in
612 5091 677 5136 eo
699 5078 835 5134 libro
856 5092 1011 5149 quem
1028 5077 1095 5133 de
1127 5077 1271 5132 Bono
1288 5078 1563 5147 Conjugali
1587 5092 1767 5149 nnpen

170 5164 456 5239 edidimus,
485 5160 659 5226 ubi'et
685 5169 1062 5226 continentiam
1107 5168 1368 5223 vidualem
1394 5178 1452 5223 et
1489 5170 1757 5226 excellen-

169 5260 286 5321 tiam
317 5265 630 5339 virginalem
658 5272 752 5334 pro
778 5276 993 5339 suarum
1011 5263 1264 5331 graduum
1286 5261 1542 5331 dignitate
1562 5259 1761 5318 distind

170 5356 358 5424 ximus,
392 5337 592 5413 diutius
619 5356 704 5413 hic
740 5337 924 5411 noster
956 5350 1108 5410 stilus
1152 5356 1258 5409 non
1285 5363 1368 5409 est
1392 5357 1761 5425 occupandus.

258 5456 285 5469 “
308 5442 541 5509 CAPUT
556 5446 698 5506 νηί.
722 5452 799 5492 '--*—'
822 5446 971 5521 Fuga
993 5448 1301 5504 vitiorumin
1328 5450 1603 5504 contraria.
1754 5494 1757 5495 ν

218 5542 326 5602 l5:
350 5532 503 5609 Nunc
527 5543 671 5598 enim
690 5539 974 5612 quaari'mus
999 5538 1091 5594 cui
1114 5538 1378 5611 adiutorio
1403 5541 1599 5595 mulier
1614 5540 1761 5596 facta

168 5635 234 5695 sit
248 5614 396 5704 :vir'o,
416 5630 463 5691 sl
482 5634 563 5691 eis
586 5620 653 5689 ad
676 5630 968 5706 gignendos
1002 5630 1143 5687 ﬁlios
1182 5631 1395 5687 misceri
1442 5632 1653 5688 sibimet
1694 5633 1757 5687 in

168 5720 411 5803 paradiso
438 5738 543 5795 non
572 5716 786 5784 licebat.
832 5725 930 5794 Qui
975 5718 1114 5781 enim
1163 5724 1263 5781 hoc
1298 5727 1564 5793 sentiunt,
1608 5727 1755 5783 forte

229 5820 409 5908 intra,
433 5838 517 5899 sed
548 5840 679 5896 vivus
699 5839 955 5895 translatus
972 5849 1059 5895 est.
1099 5842 1245 5894 Abest
1269 5843 1396 5893 vim
1419 5855 1447 5893 α
1478 5848 1581 5893 Mss.

1596 354 1796 414 LIBER
1838 354 2084 418 NONUS.

3410 386 3515 443 398

1920 487 2191 544 peccaturo
2220 492 2339 537 esse
2368 494 2579 539 omnem
2596 488 2932 545 concubitum
2958 499 3160 562 putant.
3188 494 3407 556 Difﬁcile
3428 512 3512 559 est

1916 584 2163 668 namque,
2199 584 2255 627 ut
2279 574 2403 630 dum
2431 593 2681 647 perverse
2709 579 2950 639 homines
2967 584 3093 640 vitia
3115 585 3372 657 devitant,
3404 610 3512 651 non

1915 668 2173 717 meorum
2203 668 2468 721 contraria
2509 671 2796 739 perniciter
2828 688 3061 730 currant.
3120 678 3326 734 Etenim
3373 684 3511 743 sicut

1911 748 2208 811 exhorretis
2232 759 2530 827 avaritiam,
2564 762 2914 833 ﬁtprofusus;
2945 779 3029 822 aut
3049 770 3341 829 exhorretis
3361 776 3509 832 luxu-

1909 840 2065 908 riam,
2100 847 2159 901 ﬁt
2185 864 2406 917 avarus;
2438 863 2527 908 aut
2552 854 2817 925 inquietus
2849 858 2925 925 lit,
2949 860 3096 929 cujus
3126 863 3384 932 pigritiam
3418 884 3508 924 re-

1908 936 2293 1031 prehenderis;
2324 956 2413 1000 aut
2439 948 2591 1018 cujus
2620 950 3060 1021 inquietudinem,
3091 958 3270 1027 piger;
3303 970 3389 1012 aut
3417 964 3507 1031 qui

1906 1029 2265 1097 reprehensus
2294 1038 2468 1094 odisse
2493 1043 2719 1112 cmperit
2763 1044 3034 1100 audaciam
3070 1064 3237 1111 suam,
3269 1050 3332 1105 ad
3366 1029 3507 1108 timi-

1907 1118 2127 1177 ditatem
2159 1122 2316 1197 fugit;
2350 1141 2439 1185 aut
2466 1133 2553 1202 qui
2582 1134 2799 1190 timidus
2833 1153 2935 1191 non
2969 1153 3085 1193 esse
3111 1152 3353 1211 conatur,
3384 1154 3504 1200 latt-

1904 1228 2062 1283 quam
2089 1218 2316 1290 abrupto
2346 1224 2554 1279 vinculo
2575 1228 2629 1280 ﬁt
2653 1232 2981 1296 temerarius,
3003 1232 3127 1287 dum
3153 1252 3254 1291 non
3274 1239 3505 1310 ratione,

1903 1310 1999 1364 sed
2045 1313 2296 1381 opinione
2340 1318 2559 1373 crimina
2602 1322 2935 1378 metiuntur:
2972 1326 3039 1379 ita
3089 1328 3211 1382 dum
3258 1333 3501 1392 nesciunt

1901 1403 2146 1469 homines
2189 1409 2314 1477 quid
2371 1410 2421 1464 in
2447 1412 2720 1469 adulteriis
2751 1416 3271 1477 et'forniratiozdbus
3319 1424 3500 1483 divino

1895 1495 2017 1564 jure
2047 1498 2349 1565 damnetur,
2390 1502 2548 1556 etiam
2593 1518 2753 1559 causa
2802 1511 3115 1576 procreandi
3164 1517 3497 1587 conjngalcm

1899 1590 2238 1645 c0ncubitum
2270 1592 2619 1649 detestantur.

1898 1676 2123 1738 CAPUT
2155 1681 2245 1737 IX.
2274 1715 2343 1723 —
2373 1683 2425 1737 Μ
2436 1686 2560 1740 ulicr
2588 1700 2792 1757 propter
2810 1692 3086 1761 gignendos
3110 1696 3265 1764 ﬁlios,
3296 1700 3497 1756 etiamsi

2076 1790 2141 1827 ex
2174 1785 2377 1843 peccato
2417 1794 2517 1830 non
2560 1778 2736 1849 fuisse!
2764 1784 3027 1837 necrssitas
3051 1788 3313 1842 moriendi.

1967 1863 2053 1918 M.
2083 1864 2233 1931 Quod
2256 1867 2343 1937 qui
2376 1884 2481 1922 non
2531 1870 2748 1936 faciunt,
2783 1872 2873 1927 sed
2907 1887 3077 1929 tamen
3117 1876 3493 1940 fecunditatem

1893 1955 2071 2009 carnis
2100 1962 2734 2041 propter(successionem
2767 1966 3103 2021 mortalitatis
3128 1969 3378 2026 divinitus
3396 1975 3494 2029 da-

1894 2051 1999 2098 tam
2032 2049 2293 2115 sentiunt;
2326 2066 2423 2105 nec
2473 2051 2569 2122 ipsi
2623 2063 2807 2123 putant
2855 2057 3053 2125 primos
3094 2060 3209 2114 illos
3250 2047 3491 2122 homines

1893 2138 2125 2205 potuisse
2168 2141 2544 2209 concumbere,
2593 2146 2731 2212 nisi,
2782 2157 2994 2217 promer
3033 2162 3302 2221 peccatum
3347 2157 3489 2226 quod

1890 2227 2785 2306 admiserantmorituri,gignendo
2826 2242 3163 2310 requirerent
3215 2262 3490 2305 successov

1892 2336 1976 2375 res
2018 2340 2029 2374 :
2065 2340 2162 2378 nec
2207 2326 2505 2391 attendunt,
2553 2329 2595 2383 si
2642 2340 2785 2385 recte
2817 2344 3100 2403 potuerunt
3146 2354 3488 2401 successores

1889 2414 2052 2482 qumri
2087 2416 2376 2485 morituris,
2403 2419 2569 2474 multo
2611 2424 2808 2477 rectius
2851 2426 3023 2479 socios
3050 2431 3215 2498 quani
3255 2435 3488 2501 potuisse

1888 2504 2126 2559 victuris.
2164 2507 2377 2577 lmpleta
2423 2509 2561 2566 enim
2614 2521 2750 2567 terra
2799 2532 2991 2584 genere
3036 2517 3288 2589 humano,
3340 2536 3487 2583 recte

1888 2595 2066 2681 proles
2092 2600 2301 2654 nonnisi
2333 2618 2450 2672 qua:
2476 2605 2824 2660 morientibus
2854 2612 3185 2679 succederet,
3215 2632 3486 2684 qtuerere—

1888 2694 2007 2743 tur:
2037 2700 2288 2747 utautem
2337 2710 2431 2762 per
2475 2695 2605 2751 duos
2658 2696 2902 2753 homines
2956 2709 3094 2755 terra
3151 2704 3481 2777 impleretur,

1887 2783 2153 2853 quomodo
2173 2785 2292 2855 ipsi,
2314 2788 2411 2842 nisi
2436 2788 2719 2861 gignendo,
2747 2790 2976 2848 officium
3004 2798 3276 2855 societatis
3305 2800 3483 2870 imple-

1886 2877 2045 2930 rent?
2076 2876 2156 2931 Au
2192 2895 2318 2933 vero
2346 2879 2419 2934 ita
2448 2880 2567 2951 quis
2596 2897 2768 2937 Ctecus
2794 2894 2875 2939 est
2907 2898 3101 2956 mente,
3132 2901 3187 2945 ut
3210 2908 3311 2946 non
3359 2912 3480 2951 cer-

1884 2975 1979 3043 nat
2025 2980 2225 3039 quanto
2274 2973 2430 3026 terris
2486 2986 2799 3030 ornamento
2843 2981 2907 3031 sit
2950 2996 3115 3049 genus
3166 2983 3480 3058 humanum,

1883 3058 2045 3139 etiam
2094 3075 2213 3115 cum
2261 3078 2289 3116 a
2341 3064 2519 3133 paucis
2568 3076 2711 3122 recte
2756 3069 3196 3145 laudabiliter-que
3238 3080 3476 3150 vivatur;

1885 3160 2246 3242 quantumque
2269 3154 2440 3211 valeat
2469 3154 2602 3211 ordo
2633 3158 2953 3229 reipublicm,
2990 3163 3039 3218 in
3068 3166 3342 3235 cujusdam
3386 3189 3481 3242 pa-

1881 3241 1957 3295 cis
1987 3252 2209 3298 tcrrenac
2237 3247 2503 3301 vinculum
2531 3264 2785 3304 coercens
2818 3253 2974 3308 etiam
3003 3264 3341 3326 peccatores?
3370 3241 3478 3319 Ne-

1878 3351 1981 3405 que
2008 3337 2146 3391 enim
2177 3348 2377 3393 tantum
2399 3340 2808 3410 depravatisunt
2832 3346 3090 3416 homines,
3110 3362 3287 3408 utnon
3315 3359 3476 3417 etiam

1881 3429 2009 3483 tales
2034 3431 2314 3499 pecoribus
2333 3441 2387 3487 et
2416 3432 2717 3491 volatilibus
2755 3441 3107 3507 antecellunt;
3139 3462 3359 3514 quorum
3392 3460 3472 3504 ta-

1878 3536 2002 3574 men
2029 3522 2263 3577 omnium
2315 3524 2599 3594 generibus
2628 3529 2762 3582 hanc
2792 3530 3023 3586 infimam
3056 3538 3235 3590 murnli
3270 3552 3473 3608 partem

1878 3624 1974 3681 pro
2002 3613 2079 3667 sui
2116 3616 2212 3669 loci
2259 3626 2403 3672 Sorte
2446 3617 2772 3687 decoratam,
2806 3638 2960 3691 quem
2990 3641 3092 3679 non
3134 3631 3473 3690 considerare

1874 3698 2132 3762 delectet?
2158 3708 2285 3776 Quis
2312 3720 2488 3764 autem
2520 3710 2585 3765 ita
2605 3713 2670 3765 sit
2692 3730 2895 3777 excors,
2918 3726 2971 3770 tit
2991 3727 3131 3786 putet
3162 3723 3331 3776 minus
3350 3740 3469 3781 eam

1875 3797 2051 3852 ornari
2084 3800 2336 3867 potuisse,
2361 3799 2578 3869 sijustis
2618 3819 2719 3856 non
2749 3806 3095 3862 morientibus
3122 3810 3470 3881 impleretur?

1886 3888 1889 3889 ⁷
1946 3889 2033 3942 15.
2074 3888 2202 3943 Nam
2256 3890 2378 3961 quia
2426 3894 2858 3951 numerosissima
2899 3906 2978 3953 est
3008 3916 3235 3971 superna
3282 3908 3466 3965 civitas

1873 3978 2218 4051 Angelorum,
2242 3983 2359 4039 ideo
2384 4002 2487 4040 non
2519 3995 2662 4041 recte
2687 3991 2953 4045 connubio
2974 3996 3368 4067 crqmlarcntur,
3392 4003 3466 4056 ni-

1872 4071 1913 4125 si
1935 4084 2285 4130 morerentur.
2308 4074 2453 4132 llanc
2481 4078 2675 4149 quippe
2706 4085 3139 4142 numerositatem
3170 4091 3463 4161 perfectam

1871 4166 2029 4220 etiam
2063 4166 2114 4221 in
2143 4170 2533 4225 resurrectione
2559 4183 2860 4229 sanctorum
2909 4178 3127 4249 Angelis
3156 4186 3462 4243 sociandant

1871 4256 2129 4317 Dominus
2156 4262 2442 4330 prasscicns
2465 4262 2560 4327 ait,
2592 4262 2655 4317 In
2693 4270 3048 4324 resurrectione
3070 4290 3225 4341 neque
3254 4277 3462 4346 nubenl‘,

1869 4368 2025 4421 neque
2053 4369 2232 4408 uxores
2249 4353 2464 4419 ducent;
2490 4372 2590 4410 non
2619 4358 2749 4410 enim
2776 4359 3013 4430 incipient
3040 4367 3185 4430 mori,
3211 4370 3461 4428 sederunt

1868 4436 2085 4512 (sV/nales
2124 4444 2326 4514 Angelis
2352 4444 2449 4498 Dei
2473 4445 2683 4516 (.llattlt.
2723 4466 2853 4517 xxn,
2884 4450 2974 4517 50)
3011 4474 3022 4507 :
3058 4455 3143 4511 hic
3180 4475 3306 4514 vero
3336 4478 3456 4519 cum

1869 4532 2134 4603 implenda
2164 4545 2301 4590 esset
2349 4537 2647 4593 hominibus
2680 4549 2839 4608 terra,
2871 4555 2921 4598 et
2948 4561 3085 4612 eam,
3120 4562 3335 4621 propter
3363 4572 3456 4609 co-

1865 4626 2129 4696 gnationis
2151 4629 2432 4684 arctiorcnt
2468 4633 2911 4693 necessitudinem
2944 4650 2997 4695 et
3020 4644 3233 4701 unitatis
3269 4652 3455 4706 vincu-

1866 4717 1973 4795 lum
2008 4719 2239 4776 maxime
2267 4722 2769 4795 connnemlatnlum,
2799 4746 2863 4784 ex
2894 4748 2997 4788 uno
3044 4718 3312 4806 oporteret
3351 4740 3452 4794 im-

1866 4811 2025 4892 pleri;
2061 4824 2274 4885 propter
2318 4816 2441 4886 qttid
2481 4818 2622 4873 aliud
2671 4824 2959 4881 secundum
3007 4829 3174 4900 ipsum
3206 4836 3454 4903 quasitus

1864 4915 1946 4961 est
1971 4906 2230 4961 femineus
2278 4923 2435 4963 sexus
2479 4912 2704 4979 adjutor,
2742 4914 2924 4972 nisiut
2970 4933 3235 4978 serentem
3283 4940 3451 4993 genus

1866 4998 2151 5052 humanum
2183 5008 2367 5053 natura
2396 5000 2687 5070 muliebris,
2720 5015 2966 5079 tanquam
3010 5025 3163 5069 terrae
3208 5013 3448 5070 ft‘CUttzil-

1865 5098 1965 5158 tas,
1997 5088 2306 5161 adjuvaret?

2025 5179 2249 5240 CAPUT
2286 5178 2354 5239 Χ.
2380 5216 2449 5226 —
2474 5184 2720 5243 Libidinis
2749 5192 2949 5246 morbus
2977 5211 3035 5247 ex
3062 5207 3278 5259 peccato.

1882 5274 1887 5277 ’
1936 5277 2022 5332 16.
2071 5277 2322 5346 Quamvis
2374 5279 2645 5336 honestius
2697 5284 2986 5354 meliusque
3030 5286 3309 5354 credatur,
3379 5295 3448 5349 ita

1862 5368 2025 5425 fuisse
2054 5381 2179 5443 tunc
2220 5370 2428 5427 illorum
2462 5373 2733 5427 hominum
2774 5390 2966 5443 eorpus
2997 5377 3221 5433 animale
3251 5386 3451 5439 consti-

1858 5470 2095 5515 tutorum
2119 5460 2171 5514 in
2205 5461 2469 5531 paradisi»,
2506 5461 2735 5516 nondum
2761 5466 2944 5518 mortis
2976 5464 3090 5538 lege
3114 5468 3443 5542 damnatum,

1858 5568 1916 5612 ut
1959 5574 2063 5612 non
2095 5557 2353 5611 haberent
2390 5558 2681 5627 appetitum
2711 5560 2939 5615 carnalis
2969 5563 3281 5636 voluptatis,
3314 5586 3450 5642 qua-

1857 5651 1959 5708 lem
1990 5665 2130 5704 nunc
2151 5649 2346 5702 habent
2370 5648 2463 5703 ista
2487 5664 2729 5717 corpora,
2760 5668 2875 5723 quae
2892 5653 2999 5725 jam
3024 5674 3087 5713 ex
3113 5661 3450 5737 mortis.pro.

1857 5745 2044 5814 pagine
2070 5742 2221 5796 ducta
2248 5752 2384 5794 sunt.
2415 5738 2592 5813 Neque
2614 5746 2752 5800 enim
2782 5749 2911 5805 nihil
2935 5761 3015 5807 est
3041 5752 3091 5808 in
3116 5758 3192 5811 eis
3224 5754 3443 5828 factum,

1857 5850 1974 5888 cum
2005 5833 2070 5888 de
2098 5834 2235 5904 ligno
2263 5835 2522 5904 prohibito
2549 5836 2779 5894 odissent
2808 5859 2822 5895 :
2849 5845 3274 5919 quandoquidem
3307 5851 3443 5909 Deus
