3902 6306
414 444 644 503 dixerat,
657 450 788 499 non,
807 433 864 489 Si
880 427 1119 493 ederitis,
1132 432 1306 483 morte
1328 422 1651 485 moriemini;
1670 419 1786 485 sed,
1804 419 1918 486 Quo
1933 417 2016 472 die

418 533 643 596 ederitis,
669 535 827 582 morte
853 518 1134 577 moriemini
1161 514 1323 588 (Gen.
1351 531 1412 581 ιι,
1440 515 1538 582 l7)
1573 530 1586 568 :
1618 521 1677 569 ut
1701 509 1804 566 hoc
1842 508 2016 580 ipsum

418 626 475 683 in
506 624 585 680 eis
612 622 695 675 illa
726 619 924 671 laceret
959 612 1097 677 dies,
1136 608 1278 680 quod
1308 605 1594 677 Apostolus
1619 604 1784 676 gemit
1811 601 2012 666 dicens,

418 713 746 773 Condelector
772 706 871 778 legi
896 702 990 758 Det
1016 701 1291 757 secundant
1327 698 1613 753 interierat:
1638 697 1918 759 hominem;
1944 693 2019 747 ui-

422 808 517 861 deo
541 812 709 858 autem
738 797 896 852 aliam
923 795 1080 864 legem
1115 792 1166 845 in
1196 788 1427 846 membris
1452 789 1575 843 meis
1594 829 1610 853 ,
1654 794 2020 859 repugnantem

424 898 525 970 legi
564 893 744 950 mentis
774 904 919 956 ntere,
947 895 992 942 et
1017 885 1349 955 captirantem
1376 897 1455 935 me
1476 882 1528 934 in
1553 880 1661 951 lege
1678 878 1888 956 peccati,
1910 891 2022 948 qum

423 967 497 1044 est
526 988 579 1041 in
600 980 832 1038 membris
854 979 997 1033 meis.
1020 974 1214 1047 Infelix
1241 989 1331 1044 ego
1358 971 1528 1035 homo,
1554 971 1665 1035 quis
1693 986 1770 1024 me
1794 967 2023 1023 liberabit

423 1080 489 1136 de
507 1093 717 1148 corpore
741 1073 913 1128 mortis
933 1069 1117 1140 hujus?
1143 1066 1319 1122 Gratia
1343 1064 1437 1121 Dei
1458 1080 1547 1133 per
1564 1060 1599 1117 J
1604 1079 1742 1118 esum
1766 1060 2025 1117 Christum

428 1169 707 1227 Dominum
734 1173 962 1219 nostrum
987 1159 1174 1231 (llam.
1201 1172 1296 1222 vn,
1324 1152 1542 1225 22,25).
1561 1152 1674 1208 Non
1702 1151 1842 1207 enim
1873 1150 2037 1221 sufli-p

430 1271 579 1319 ceret
606 1259 691 1321 ei,
724 1257 769 1310 si
798 1255 1019 1317 diceret,
1048 1250 1180 1320 Quis
1208 1265 1291 1303 me.
1320 1245 1566 1303 liberabit
1588 1245 1655 1298 de
1685 1244 1785 1299 hoc
1814 1241 2025 1297 mortali

425 1349 687 1421 corpore?
715 1345 831 1408 sed,
869 1346 932 1398 de
959 1356 1188 1413 corpore,
1237 1338 1426 1410 inquit,
1456 1334 1631 1390 mortis
1675 1335 1850 1407 hujus.
1880 1331 2028 1389 Sicut

427 1446 589 1502 etiam
612 1438 763 1506 illud,
784 1434 981 1504 Corpus
1000 1432 1222 1504 quidem,
1247 1428 1435 1499 inquit,
1459 1436 1709 1482 mortuum
1729 1434 1802 1479 est
1825 1432 2029 1494 propter

429 1543 691 1607 peceatum
714 1528 839 1601 (Id.
865 1541 980 1590 vnt,
1011 1520 1112 1594 l0)
1147 1538 1160 1575 :
1193 1534 1293 1575 nec
1316 1518 1385 1573 ibi
1412 1519 1486 1571 ait
1506 1515 1749 1581 mortale,
1778 1513 1869 1570 sed
1894 1528 2030 1567 mor-

433 1638 616 1690 tuum;
644 1618 887 1692 quamvis
916 1615 1100 1686 utique
1136 1620 1187 1667 et
1219 1610 1443 1666 mortale
1467 1652 1482 1677 ,
1523 1609 1645 1679 quia
1688 1608 2027 1664 moriturum.

429 1718 551 1775 Non
592 1715 662 1769 ita
692 1708 1019 1767 credendum
1044 1713 1127 1761 est
1169 1703 1331 1759 fuisse
1367 1702 1453 1757 illa
1474 1702 1745 1771 'corporn,
1785 1698 1881 1754 sed
1909 1699 2033 1755 licet

434 1806 711 1872 animalia,
746 1800 979 1856 nondum
1022 1793 1335 1869 spiritualia,
1376 1808 1481 1847 non
1512 1802 1686 1846 tamen
1712 1800 1943 1855 mortua,
1980 1786 2033 1843 id

428 1911 539 1966 est,
581 1912 700 1967 qua:
726 1906 947 1949 necesse
973 1896 1117 1945 esset
1155 1897 1209 1941 ut
1237 1894 1618 1940 morerentur:
1654 1880 1796 1953 quod
1834 1895 1901 1936 eo
1941 1879 2030 1937 die

430 1991 630 2049 factum
656 1995 758 2049 est,
790 2000 896 2056 quo
920 1983 1119 2054 lignum
1148 1985 1333 2051 contra
1359 1976 1579 2031 vetitum
1602 1975 1618 2006 ¹
1650 1972 1955 2044 tetigerunt.

511 2084 598 2140 Π.
630 2080 777 2137 Sicut
820 2078 873 2132 in
903 2074 1034 2147 ipsis
1073 2070 1275 2127 nostris
1313 2066 1625 2140 corporibus
1653 2064 1896 2136 quaedam
1939 2077 2036 2134 pro

435 2158 537 2234 suo
562 2173 721 2230 modo
750 2169 948 2226 sanitas
974 2166 1184 2229 dicitur,
1210 2179 1329 2235 qua:
1353 2161 1396 2215 si
1422 2158 1721 2231 perturbata
1750 2158 1827 2213 sic
1857 2156 2033 2224 fuerit,

436 2282 499 2327 nt
530 2267 704 2324 letalis
730 2262 953 2320 morbus
988 2259 1097 2330 jam
1129 2257 1333 2312 viscera
1362 2254 1697 2324 depascatnr,
1728 2265 1835 2323 quo
1863 2250 2038 2320 inspe-

434 2372 546 2426 cto,
590 2357 784 2416 medici
816 2362 1039 2409 mortem
1089 2347 1371 2404 imminere
1403 2346 1779 2416 pronuntient;
1815 2341 2039 2397 mortale

434 2455 621 2522 utique
644 2462 839 2518 corpus
862 2445 1021 2501 etiam
1052 2451 1177 2496 tunc
1194 2439 1409 2504 dicitur,
1433 2436 1526 2492 sed
1554 2436 1708 2490 aliter
1731 2449 1887 2505 quam
1915 2447 2038 2489 cum

434 2552 583 2603 esset
610 2554 819 2605 sanum,
849 2532 1092 2607 quamvis
1116 2528 1433 2602 (piandoqoe
1461 2528 1577 2583 sine
1605 2526 1767 2582 dubio
1810 2525 2039 2580 moritu-

437 2654 559 2695 rutn
589 2653 603 2689 :
635 2636 704 2690 ita
734 2632 808 2687 illi
835 2628 1077 2683 homines
1098 2622 1345 2678 animalia
1367 2618 1581 2691 quidem
1603 2633 1827 2690 corpora
1850 2631 2041 2689 geren-

436 2739 545 2795 tes,
584 2726 677 2783 sed
705 2739 812 2779 non
843 2720 1102 2776 moritura
1129 2715 1230 2771 nisi
1272 2722 1603 2786 peetassent,
1631 2719 1913 2782 acceptura
1943 2725 2040 2765 au-

435 2833 548 2882 tem
572 2818 864 2891 angelicam
906 2812 1131 2869 formam
1161 2807 1539 2877 caelestemque
1560 2804 1889 2876 qualitatem,
1919 2818 2043 2860 mox

436 2914 533 2973 ubi
564 2917 890 2986 praeceptum
918 2899 1234 2973 transgressi
1273 2906 1416 2961 sunt,
1447 2911 1633 2952 eorum
1663 2893 1921 2950 membris
1947 2909 2042 2949 ve-

440 3007 525 3063 lut
551 3001 726 3073 aliqua
768 2992 1030 3068 a-gritudo
1075 2990 1248 3046 letalis
1268 3029 1283 3055 ,
1313 3002 1461 3043 mors
1491 2986 1603 3058 ipsa
1634 2992 1891 3056 concepta
1928 2992 2040 3051 est;

438 3094 774 3164 mutavitque
801 3090 943 3144 illam
973 3084 1301 3157 qualitatem,
1331 3096 1433 3152 qua
1460 3078 1671 3150 corpori
1699 3077 1776 3133 sic
1803 3076 2044 3132 domina~

436 3193 655 3253 bantur,
684 3195 741 3240 ut
762 3198 867 3239 non
890 3180 1149 3244 dicerent,
1188 3174 1345 3229 Video
1366 3172 1522 3227 aliam
1545 3171 1704 3243 legem
1732 3170 1783 3224 in
1812 3168 2044 3224 membris

438 3282 588 3345 meis,
617 3284 981 3350 repugnantem
1010 3268 1106 3341 legi
1140 3266 1320 3321 mentis
1343 3280 1506 3329 mete;
1533 3263 1654 3334 quia
1683 3262 1782 3317 etsi
1809 3260 2044 3317 nondum

438 3372 743 3449 spirituale,
783 3367 877 3424 sed
923 3363 1158 3429 animale
1197 3374 1395 3431 corpus
1434 3366 1569 3427 erat,
1603 3355 1835 3412 nondum
1868 3364 2043 3411 tamen

440 3447 563 3530 erat
585 3464 770 3523 mortis
792 3461 971 3532 hujus,
994 3457 1063 3514 de
1085 3471 1188 3528 qua
1208 3462 1401 3509 etcum
1421 3466 1522 3522 qua
1546 3450 1653 3505 nati
1680 3464 1883 3505 sumus.
1907 3447 2045 3517 Quid

441 3563 590 3623 enim
627 3556 771 3615 aliud
793 3598 808 3623 ,
841 3570 949 3609 non
979 3550 1153 3607 dicam
1193 3544 1336 3612 nati,
1378 3543 1475 3601 sed
1514 3541 1734 3597 omnino
1761 3541 2042 3609 concepti,

445 3657 552 3715 nisi
581 3648 951 3725 aegritudinem
991 3640 1274 3714 quamdam
1306 3635 1703 3700 inchoavimns,
1733 3648 1837 3707 qua
1862 3646 2047 3688 sumus

440 3741 754 3809 necessario
780 3732 1060 3803 morituri?
1080 3731 1262 3801 Neque
1285 3727 1424 3783 enim
1445 3736 1551 3782 tam
1574 3739 1795 3781 necesse
1818 3732 1900 3793 est
1922 3737 2047 3779 eum

445 3839 571 3908 ipso
608 3832 798 3890 morbo
829 3826 985 3889 mori,
1018 3823 1106 3893 qui
1146 3818 1404 3891 hydrops,
1432 3817 1516 3873 vel
1541 3815 1933 3889 dySentericus,
1960 3814 2046 3870 vel

438 3923 853 3994 .elcpliantiosus
878 3918 1047 3973 factus
1072 3912 1249 3977 fuerit,
1278 3925 1434 3981 quam
1461 3925 1582 3965 eum
1612 3909 1699 3980 qui
1727 3908 1827 3965 hoc
1853 3923 2047 3979 corpus

448 4019 652 4077 habere
680 4011 924 4083 carpe-rit,
968 4008 1023 4063 in
1063 4021 1169 4078 quo
1212 4017 1400 4058 omnes
1438 4000 1683 4057 hemines
1711 4009 1894 4055 natura
1925 4006 2048 4055 sunt

449 4112 549 4170 ﬁlii
578 4111 670 4166 iraa
699 4105 931 4179 (Ephes.
968 4118 1027 4170 n,
1057 4101 1092 4157 5
1113 4099 1134 4172 )
1155 4140 1170 4169 ,
1198 4096 1321 4170 quia
1345 4095 1448 4153 hoc
1479 4111 1588 4153 non
1613 4094 1741 4152 fecit
1767 4095 1866 4152 nisi
1890 4110 2045 4168 poena

442 4201 675 4281 peccati.
1586 4277 1602 4281 A
2042 4238 2047 4241 _

526 4294 615 4353 18.
643 4292 775 4362 Quae
799 4304 920 4346 cum
947 4287 1019 4343 ita
1046 4284 1174 4350 sint,
1205 4297 1302 4339 cur
1339 4295 1446 4362 non
1476 4277 1760 4336 credamus
1802 4280 1920 4339 illos
1945 4281 2045 4337 ho-

449 4391 629 4450 mines
653 4360 777 4442 ante
802 4390 1080 4457 peceatum
1107 4378 1178 4433 ita
1202 4360 1520 4449 genitalibus
1547 4372 1801 4430 membris
1825 4372 1892 4429 ad
1920 4390 2046 4447 pro-

451 4479 717 4540 creandos
747 4476 881 4531 ﬁlios
908 4475 1171 4543 imperare
1210 4467 1471 4540 potuisse,
1502 4464 1639 4520 sicut
1666 4464 1895 4528 caeteris,
1928 4479 2048 4536 qua:

455 4573 512 4630 in
544 4568 781 4641 quolibet
800 4580 967 4636 Opere
995 4563 1173 4618 anima
1201 4558 1316 4615 sine
1342 4557 1447 4612 ulla
1484 4554 1777 4633 ιιιοιεειὶει,⁸
1801 4563 1857 4610 et
1895 4553 2045 4625 quasi

452 4660 664 4736 pruritu
687 4655 968 4726 voluptatis
994 4651 1198 4707 movet?
1222 4649 1278 4706 Si
1305 4648 1447 4702 enim
1463 4644 1685 4702 Creator
1707 4645 2047 4717 omnipotens

450 4749 894 4821 inelfahiliterque
921 4744 1236 4809 laudandus,
1263 4741 1352 4813 qui
1381 4740 1506 4797 etin
1534 4737 1766 4794 minimis
1790 4738 1900 4793 suis
1927 4753 2048 4811 cpe-

449 4848 602 4909 ribus
623 4856 845 4915 magnus
868 4848 975 4903 est,
1008 4835 1196 4908 apibus
1219 4831 1435 4889 donavit
1458 4839 1517 4886 ut
1541 4830 1619 4885 sic
1644 4837 1932 4901 operentur
1954 4844 2046 4901 ge-

453 4938 789 5000 nerationem
829 4931 1093 4998 ﬁliorum,
1138 4922 1582 5000 quemadmodum
1625 4938 1764 4979 cera:
1811 4922 2045 5001 speciem

456 5032 829 5105 liquoremque
868 5022 1068 5087 mellis;
1105 5036 1203 5077 cur
1245 5016 1553 5075 incredibile
1581 5015 1820 5073 videatur
1844 5017 2046 5093 :primis

456 5126 763 5186 hominibus
801 5119 922 5176 talia
948 5117 1138 5174 fecisse
1160 5128 1404 5185 corpora,
1433 5120 1492 5167 ut
1515 5110 1559 5167 si
1587 5125 1696 5169 non
1713 5120 2042 5181 peccassent,

452 5229 510 5278 et
538 5217 780 5275 morbum
817 5209 1100 5285 quemdam
1131 5222 1237 5279 quo
1278 5213 1632 5273 morerentur,
1657 5202 1910 5259 continuo
1939 5216 2046 5263 non

452 5311 849 5382 concepissent,
881 5320 947 5362 eo
970 5312 1098 5359 nutu
1128 5302 1449 5372 imperarent
1474 5296 1726 5355 membris
1753 5297 1946 5369 quibus
1968 5294 2046 5353 fec

458 5411 545 5458 tus
573 5402 841 5468 exoritur,
870 5411 978 5469 quo
1006 5393 1229 5468 pedibus
1271 5407 1392 5447 cum
1428 5389 1759 5461 ambulatur,
1788 5396 1848 5444 ut
1874 5403 2055 5459 neque,

450 5508 577 5549 cum
597 5492 791 5548 ardore
812 5487 1184 5551 seminaretur,
1211 5499 1384 5556 neque
1403 5496 1523 5561 cum
1549 5480 2042 5559 dolorepareretur.

450 5582 605 5642 Nunc
636 5598 761 5640 vero
803 5576 1243 5650 transgrediendo
1269 5582 1630 5649 praeceptum,
1673 5579 1874 5628 motum
1915 5572 2045 5645 legis

452 5674 631 5740 illius.
668 5692 785 5747 qua:
814 5683 1075 5744 repugnat
1102 5673 1202 5743 legi
1235 5670 1448 5738 mentis,
1488 5667 1541 5726 in
1568 5667 1824 5725 membris
1847 5682 2045 5726 conce-

448 5828 482 5887 ;,,
518 5807 539 5844 ⁸
572 5807 773 5862 stellas.
802 5800 1585 5869 meditimquigmnnvetimn.

1332 309 1423 367 DE
1461 307 1711 369 GENESI
1748 307 1841 365 Δῐ)
1878 298 2249 373 LITTERAM,
2288 303 2348 359 S.
2388 296 2756 360 AUGUSTIM

3601 294 3696 358 £00

2119 428 2225 491 pta:
2245 416 2432 473 mortis
2454 414 2653 471 habere
2676 415 3017 477 meruerunt;
3039 423 3198 483 quem
3218 408 3421 482 nuptire
3444 408 3696 469 ordinant'

2120 507 2447 570 continentia
2474 505 2689 563 cohibet
2714 514 2770 561 et
2793 502 3054 570 refrenat,
3087 510 3148 558 ut
3169 501 3613 574 quemadmodum
3637 504 3698 563 de

2120 612 2342 675 peccato
2365 600 2564 658 factum
2592 609 2677 657 est
2716 598 3059 671 supplicium,
3103 598 3183 656 sic
3219 597 3291 656 de
3333 598 3593 672 supplicio
3618 601 3699 659 liat

2123 694 2407 751 meritum.‘
3316 736 3321 741 .

2123 784 2348 844 CAPUT
2386 784 2481 841 Xl.
2512 812 2585 827 -
2623 782 2895 840 Femineas
2931 798 3082 839 serus
3128 784 3499 855 conformatus
3518 793 3703 856 propter

2194 876 2436 943 sobolem,
2458 893 2559 933 non
2587 885 2752 931 tamen
2776 891 2891 929 cum
2911 874 3140 943 libidine,
3160 874 3261 930 nisi
3274 874 3429 931 homo
3448 885 3702 947 peccasset,

2198 970 2583 1046 procreandum.
2619 968 2934 1025 Obedientia.

2152 1123 2155 1126 ,
2200 1044 2288 1123 l9.
2313 1065 2529 1121 Factam
2552 1065 2729 1134 itaque
2753 1061 3003 1118 feminam
3015 1062 3153 1130 viro,
3167 1061 3235 1120 de
3257 1062 3397 1129 viro,
3412 1062 3466 1119 in
3484 1078 3549 1120 eo
3566 1044 3715 1131 sexu,

2129 1157 2183 1213 in
2208 1173 2272 1214 ea
2300 1156 2471 1212 forma
2500 1164 2558 1212 et
2588 1154 2933 1210 distinctione
2971 1153 3362 1222 membrorum,
3389 1170 3489 1226 qua
3517 1154 3709 1215 lentius:

2130 1258 2272 1305 nota:
2301 1256 2461 1313 sunt;
2487 1262 2609 1318 qua:
2647 1244 2851 1316 peperit
2880 1244 3011 1300 Cain
3051 1254 3106 1301 et
3131 1244 3289 1313 Abel,
3319 1255 3376 1301 et
3404 1259 3587 1300 omnes
3613 1244 3709 1299 fra-

2132 1352 2242 1399 tres
2262 1356 2470 1407 eorum,
2493 1355 2560 1396 ex
2583 1338 2775 1410 quibus
2800 1354 2988 1394 omnes
3009 1337 3257 1395 homines
3278 1348 3641 1404 nascerentur,
3664 1338 3710 1399 in

2131 1435 2322 1509 quibus
2349 1432 2556 1504 peperit
2573 1431 2732 1487 etiam
2752 1429 2881 1489 Seth
2909 1428 3060 1504 (Gen.
3092 1445 3171 1497 tv,
3200 1430 3227 1486 l
3243 1440 3294 1485 et
3316 1429 3445 1505 25),,
3466 1442 3710 1502 perquem

2132 1536 2347 1584 ventum
2366 1533 2451 1582 est
2475 1524 2543 1580 ad
2567 1522 2833 1583 Abraham
2853 1531 2909 1579 et
2927 1521 2994 1578 ad
3016 1522 3271 1594 populum
3299 1521 3480 1597 Israel.
3494 1530 3713 1593 gentem-

2135 1635 2242 1693 que
2258 1617 2506 1676 omnibns
2526 1616 2637 1687 jam
2654 1615 2983 1672 notissimam
2999 1613 3274 1687 gentibus.
3288 1623 3344 1685 et
3362 1611 3574 1684 perNoe
3593 1611 3713 1669 ﬁlios

2135 1727 2325 1769 omnes
2347 1719 2564 1782 gentes;
2592 1708 2832 1780 quisquis
2855 1707 3199 1775 dubitaverit,
3231 1704 3413 1764 omnia
3451 1706 3710 1777 cogitatu-

2138 1816 2253 1861 tare
2278 1820 2395 1875 quae
2421 1802 2709 1868 credimus,
2745 1802 3006 1873 longeque
3031 1814 3061 1855 a
3097 1799 3335 1856 ﬁdelium
3361 1797 3619 1871 mentibus
3641 1811 3714 1867 reo

2136 1894 2418 1968 pellendus
2443 1903 2545 1950 est.
2574 1892 2707 1953 Cum
2727 1908 2855 1964 ergo
2878 1891 3132 1963 quaeritur
3155 1890 3224 1946 ad
3250 1887 3394 1962 quod
3418 1887 3713 1960 adjutorium

2139 1986 2310 2044 factus
2339 1987 2408 2044 sit
2449 1986 2541 2043 ille
2569 2001 2738 2043 sexus
2765 1985 2899 2050 viro,
2938 1983 3244 2055 diligenter,
3278 1991 3531 2056 quantum
3558 1980 3709 2045 valeo,

2139 2091 2330 2138 cuncta
2358 2079 2738 2145 consideranti,
2783 2076 2995 2133 nonnisi
3022 2091 3181 2133 causa
3209 2075 3377 2146 prolis
3404 2072 3643 2137 occurrit,
3666 2080 3714 2127 ut

2139 2187 2238 2245 per
2264 2186 2455 2235 eorum,
2472 2171 2695 2242 stirpem
2723 2178 2861 2229 ιρι-ιη
2885 2167 3226 2239 impleretur;
3254 2167 3348 2225 sed
3373 2182 3475 2222 non
3497 2183 3558 2222 eo
3576 2164 3714 2221 modo

2141 2273 2497 2336 procreatam,
2518 2277 2624 2332 quo
2644 2276 2786 2316 nunc
2808 2270 3153 2331 procreantur
3172 2259 3436 2325 homines,
3460 2274 3573 2314 cum
3586 2257 3715 2331 inest

2141 2355 2348 2427 peccati
2378 2353 2463 2413 lex
2486 2354 2537 2408 in
2559 2351 2816 2409 membris
2840 2366 3144 2423 repugnans
3169 2350 3278 2424 legi
3304 2350 3515 2425 mentis,
3532 2345 3716 2423 etiamsi

2142 2461 2241 2519 per
2268 2446 2358 2501 Dei
2380 2446 2603 2517 gratiam
2627 2445 2823 2501 virtute
2841 2452 3124 2513 superatur
3150 2461 3162 2496 :
3192 2442 3305 2511 hoc,
3322 2442 3463 2498 enim
3487 2455 3600 2517 esse
3625 2454 3714 2493 non

2142 2540 2385 2611 potuisse
2408 2537 2733 2595 credendum
2762 2545 2866 2604 est,
2897 2535 2996 2591 nisi
3024 2535 3074 2590 in
3101 2550 3333 2607 corpore
3355 2531 3712 2615 mortishujns,

2143 2632 2288 2705 quod
2312 2646 2509 2702 corpus
2538 2640 2806 2686 mortuum
2834 2638 2916 2684 est
2954 2636 3173 2698 proliter
3196 2620 3715 2705 peccattttnﬁ.,Elt‘qttid

2143 2698 2247 2781 bac
2266 2698 2426 2795 paula
2446 2722 2665 2795 iustius,
2688 2736 2846 2793 quam
2876 2728 2935 2775 ut
2957 2734 3063 2774 non
3089 2717 3155 2775 ad
3180 2698 3401 2774 omnem
3424 2698 3602 2793 nutum
3620 2698 3714 2791 scr-

2145 2818 2256 2874 vlat
2280 2831 2496 2887 corpus,
2514 2815 2567 2877 id
2593 2823 2840 2879 est,_suus
2864 2812 3092 2879 famulus
3112 2812 3333 2885 animm,
3363 2807 3714 2889 sicutDomino

2146 2925 2246 2968 suo
2273 2908 2589 2975 detrectavit
2619 2907 2733 2979 ipsa
2769 2905 3005 2971 servire;
3023 2905 3135 2961 sive
3161 2890 3447 2979 utrumque
3470 2918 3532 2958 ex
3553 2913 3713 2975 paren-

2147 3003 2290 3059 tibus
2311 3009 2459 3058 creet
2489 3000 2653 3071 Deus.
2673 2982 2977 3073 ,cot-pus‘ex
3001 3010 3257 3077 corpore.
3286 2995 3513 3055 animam
3535 3007 3594 3046 ex
3617 2988 3712 3045 ani-

2146 3110 2270 3162 ma;
2293 3095 2406 3150 sive
2426 3093 2534 3149 alio
2553 3091 2714 3149 modo
2734 3090 2893 3156 faciat
2914 3091 3124 3147 animas
3149 3108 3163 3145 :
3186 3105 3297 3163 non
3322 3089 3495 3158 utique
3517 3084 3576 3141 ad
3600 3097 3711 3163 Opus

2148 3186 2478 3258 impossibile
2523 3199 2628 3247 nec
2660 3184 2906 3255 mercede
2936 3198 3116 3254 parva,
3156 3161 3217 3240 ut
3248 3199 3384 3253 ,eum
3411 3179 3574 3235 anima
3614 3161 3710 3249 pie-

2150 3290 2258 3338 tate
2279 3281 2388 3336 Deo
2410 3279 2623 3343 subdita
2648 3279 2817 3352 legem
2840 3278 2994 3345 istam
3018 3277 3251 3349 peccati,
3272 3292 3391 3347 qua!
3410 3283 3487 3330 est
3510 3272 3555 3327 in
3579 3283 3713 3327 mem-

2148 3374 2260 3431 bris
2281 3371 2522 3447 corporis
2543 3371 2731 3443 mortis
2755 3370 2930 3441 hujus,
2951 3384 3109 3441 quam
3133 3368 3338 3441 primus
3359 3365 3514 3423 homo
3536 3358 3711 3428 accepit

2149 3468 2203 3524 in
2225 3482 2459 3538 pennam,
2489 3465 2677 3535 vicerit
2702 3463 2814 3535 ipsa
2839 3478 2933 3535 per
2950 3462 3197 3532 gratiam,
3228 3458 3497 3535 prmniium
3520 3453 3711 3528 caeleste

2149 3558 2412 3631 percipiat
2439 3555 2641 3627 majore
2670 3552 2862 3624 gloria,
2892 3552 3275 3627 demonstrans
3313 3556 3499 3623 quanta
3527 3544 3595 3621 sit,
3614 3541 3709 3596 laus

2150 3651 2501 3716 obedientiai,
2530 3663 2653 3720 qua:
2680 3648 2870 3707 aliena:
2913 3644 3307 3702 inobedientize
3332 3655 3537 3719 prunam
3564 3632 3710 3711 potuit

2152 3745 2349 3801 virtute
2371 3754 2628 3812 superare
2644 3739 2670 3795 Ἰ
3060 3800 3063 3807 _
3434 3792 3443 3804 ,

2149 3836 2376 3894 CAPUT
2414 3834 2532 3892 XII.
2555 3863 2627 3891 -,—
2652 3831 2908 3887 Animalia
2934 3846 3047 3888 uere
3073 3830 3304 3887 adducta
3330 3845 3434 3886 esse
3459 3826 3522 3881 ad
3546 3822 3706 3887 Addat,

2163 3977 2167 3983 .
2223 3938 2280 3984 ut
2302 3928 2366 3984 iis
2392 3926 2599 3984 nomine
2642 3926 2961 3999 imponeret:
2989 3923 3079 3989 sed
3097 3925 3194 3980 hac
3222 3940 3281 3981 re
3301 3931 3439 3997 gesta
3462 3912 3639 3989 aliquid
3654 3909 3707 3983 βο

2220 4020 2415 4095 gnran
2562 4067 2567 4075 .
2966 4072 2971 4081 ,

2220 4114 2309 4171 20.
2331 4110 2438 4185 Sed
2464 4111 2713 4186 quoniam
2729 4109 2815 4169 cui
2833 4106 3099 4179 adiutorio
3127 4106 3327 4165 femina
3354 4105 3481 4173 facta
3508 4095 3702 4186 sitt'irqi

2151 4207 2303 4274 satis,
2326 4181 2582 4279 quantum
2603 4202 2872 4268 existimo,
2898 4199 3213 4275 requisitum
3245 4209 3356 4265 est;
3390 4191 3510 4251 illud
3527 4189 3627 4279 jam
3642 4181 3706 4271 vi-

2150 4277 2373 4358 deamus
2391 4310 2559 4369 quare
2574 4282 2651 4352 'sit
2671 4284 3051 4364 factum,‘qttod
3076 4290 3320 4347 adducta:
3339 4297 3457 4345 sunt
3474 4283 3535 4339 ad
3558 4277 3703 4336 Adam

2151 4408 2342 4452 omnes
2370 4390 2554 4447 bestia;
2579 4387 2714 4459 agri,
2741 4397 2797 4444 et
2818 4387 2995 4442 omnia
3023 4384 3255 4440 volatilia
3280 4381 3418 4449 coeli,
3438 4386 3503 4461 ut
3523 4372 3594 4429 eis
3618 4382 3702 4424 no.

2151 4490 2297 4547 mina
2334 4487 2668 4556 imponeret;
2706 4491 2869 4553 atque
2896 4480 2971 4535 ita
2994 4479 3156 4535 .velut
3195 4473 3482 4545 necessitas
3504 4465 3703 4556 oriretur

2151 4579 2371 4652 creandi
2396 4576 2447 4634 ei
2476 4574 2729 4632 feminam
2755 4587 2821 4631 ex
2843 4571 2959 4642 ejus
2985 4570 3172 4635 lalcl'e.
3200 4583 3321 4626 0"!“
3348 4567 3482 4641 huc"
3505 4548 3703 4652 "half.

2151 4644 2311 4733 malia
2336 4669 2511 4728 simile
2539 4667 2618 4726 illi
2642 4640 2965 4737 adjutorium
2993 4676 3099 4718 non
3124 4661 3311 4729 fuisset
3332 4659 3600 4721 inventum.
3627 4640 3702 4697 Vi-

2149 4769 2308 4825 detur
2330 4766 2474 4823 enim
2495 4760 2628 4818 mihi
2653 4769 2874 4831 propter
2897 4756 3127 4826 aliquam
3152 4749 3570 4826 signiﬁcationem
3593 4747 3699 4808 pro-

2150 4861 2416 4934 pheticam
2441 4857 2663 4923 factum,
2691 4850 2785 4907 sed
2817 4859 2993 4906 tamen
3024 4845 3242 4914 factum,
3270 4852 3405 4903 utre
3429 4841 3565 4910 gesta
3583 4839 3699 4934 foll;

2153 4910 2577 5020 3343mm
2610 4910 2977 5014 interpretatio
3005 4939 3176 4996 libera
3211 4910 3544 5020 relinquatur.
3579 4910 3697 5020 Quid

2152 5056 2237 5105 est
2255 5044 2401 5101 enim
2429 5016 2533 5096 hoc
2569 5038 2742 5110 ipsum
2772 5034 2918 5106 quod
2944 5032 3249 5095 volatilibus
3266 5086 3269 5095 ,
3287 5016 3696 5110 terrestribusque

2151 5133 2531 5197 animantibus,
2553 5108 2660 5186 non
2686 5128 2846 5201 etiam
2862 5123 3111 5198 piscibus
3134 5132 3291 5196 atque
3313 5113 3544 5177 omnibus
3567 5108 3693 5201 ιιξυο

2153 5192 2337 5290 ιιιιιιιιε
2375 5192 2543 5286 ita.
2580 5194 2796 5280 nomina
2838 5192 3127 5299 imposuit?
3158 5192 3381 5275 enim
3405 5208 3581 5287 lingua:
3602 5192 3691 5299 tut-

2152 5339 2325 5384 manae
2346 5318 2710 5384 consulatuum,
2731 5314 2809 5371 sic
2829 5295 3166 5385 appellantur
3190 5311 3301 5367 haec
3323 5299 3510 5383 omnia.
3530 5295 3692 5385 qum-

2152 5381 2440 5478 admodum
2460 5381 2540 5477 eis
2550 5410 2803 5479 homines
2821 5381 3088 5482 loquendo
3112 5403 3320 5465 nomina
3345 5381 3688 5482 imposuerunt:

2152 5477 2271 5569 Non
2315 5508 2488 5566 solum
2519 5477 2635 5569 haec
2667 5516 2788 5573 qua:
2824 5477 2947 5557 sunt
2975 5499 3025 5555 in
3052 5498 3207 5570 aquis
3236 5502 3288 5552 et
3317 5477 3688 5573 terl'isiglf'WT

2156 5567 2321 5659 etiam
2350 5599 2462 5669 ipsa
2494 5567 2657 5661 terra,
2685 5567 2743 5649 et
2765 5606 2922 5663 aqua,
2953 5567 3245 5653 cumulum,
3268 5590 3324 5641 et
3346 5590 3457 5650 qua:

2154 5693 2211 5752 in
2237 5644 2401 5756 (ωιοῖ
2423 5696 2478 5745 et
2509 5644 2759 5757 quianon
2787 5644 3052 5750 videmur,
3073 5680 3174 5737 sed
3201 5644 3691 5758 οωάιιιιωῃ-Ρέοίςξίῗ

2154 5784 2408 5846 versitate
2427 5751 2720 5853 linguarum
2746 5775 3042 5851 gentilium,
3063 5771 3284 5851 diversis
3312 5751 3590 5829 nomittibm
3606 5752 3688 5814 lll"
