3902 6334
267 406 555 482 pellantur.
586 400 758 461 Unam
780 401 921 458 'sane
948 402 1179 471 linguam
1209 401 1453 472 primitus
1479 400 1641 455 fuisse
1666 399 1856 455 didici—

269 513 416 564 mus,
464 502 749 565 antequam
787 492 1036 563 superbia
1068 493 1227 546 turris
1256 491 1396 546 illius
1437 499 1558 561 post
1602 489 1856 544 diluvium

269 588 565 653 fabricate,
591 584 644 639 in
678 583 922 638 diversos
938 583 1207 652 signorum
1233 595 1393 635 sonos
1410 579 1694 634 humanam
1720 578 1858 634 divi-

268 679 423 736 deret
450 677 757 732 societatem
789 672 958 743 (Gen.
988 687 1064 738 ιι,
1091 671 1186 728 1-8
1210 673 1249 741 ).
1281 671 1639 740 Quaecumque
1681 678 1858 725 autem

268 774 360 829 illa
384 772 558 841 lingua
582 768 762 833 fuerit,
785 766 911 837 quid
936 766 1125 823 attinet
1147 778 1387 835 qumrere
1406 763 1430 817 ?
1452 763 1542 817 Illa
1564 772 1707 818 certe
1735 770 1859 817 tunc

270 860 587 932 loquebatur
635 856 804 912 Adam
828 896 843 919 ,
869 863 925 911 et
963 856 1017 909 in
1059 870 1120 910 ea
1151 855 1361 923 lingua,
1391 852 1439 907 si
1477 852 1651 907 adhuc
1695 867 1859 922 usque

268 961 569 1027 permanet,
601 959 727 1007 sunt
758 949 876 1004 ista:
910 963 1072 1004 voces
1098 948 1413 1012 articulatm,
1439 947 1631 1018 quibus
1659 948 1859 1017 primus

269 1049 436 1103 homo
450 1043 769 1100 animalibus
787 1041 1129 1096 terrestribus
1148 1050 1203 1095 et
1218 1039 1518 1095 volatilibus
1540 1042 1752 1094 nomina
1769 1040 1859 1095 im-

266 1138 466 1211 posuit.
488 1136 623 1191 Num
641 1136 799 1207 igitur
811 1133 916 1189 ullo
928 1133 1089 1187 modo
1107 1132 1360 1188 credibile
1374 1142 1478 1197 est,
1498 1134 1549 1187 in
1567 1133 1754 1188 eadem
1768 1133 1860 1187 lin-

266 1244 372 1301 gua
390 1227 601 1284 nomina
622 1226 846 1296 piscium
871 1240 976 1278 non
992 1224 1059 1278 ab
1076 1223 1311 1289 homine,
1329 1222 1421 1277 sed
1438 1223 1691 1278 divinitus
1710 1223 1858 1278 insti-

269 1328 381 1376 tuta
391 1362 404 1384 ,
421 1336 541 1390 qum
561 1317 670 1372 Deo
684 1315 911 1372 docente
929 1314 1087 1370 homo
1101 1324 1281 1384 postea
1293 1313 1551 1369 disceret?
1561 1314 1710 1381 Quod
1726 1315 1770 1369 si
1788 1314 1858 1369 ita

269 1414 345 1470 eti
383 1429 431 1467 m
449 1411 643 1466 lactant
660 1418 825 1471 esset,
842 1422 1005 1478 quare
1022 1407 1093 1461 ita
1109 1406 1305 1461 factum
1327 1414 1489 1469 esset,
1505 1406 1686 1475 procul
1698 1405 1859 1461 dubio

267 1504 494 1577 mystica
506 1500 822 1572 signiﬁcatio
839 1508 1131 1554 resonaret.
1144 1496 1250 1553 Sed
1270 1497 1593 1552 credendum
1611 1507 1712 1561 est,
1733 1513 1860 1567 pau-

269 1597 419 1653 latim
431 1592 655 1664 cognitis
674 1591 895 1662 piscium
912 1589 1197 1661 generibus
1214 1591 1424 1642 nomina
1443 1589 1685 1657 imposita
1702 1605 1714 1639 :
1737 1596 1860 1642 tunc

268 1696 450 1743 autem
469 1699 589 1740 cum
619 1697 831 1753 pecora,
856 1690 913 1737 et
937 1681 1137 1746 bestiae,
1167 1688 1220 1735 et
1244 1679 1475 1734 volatilia
1497 1679 1562 1733 ad
1589 1678 1859 1733 hominem

269 1779 499 1835 adducta
528 1783 673 1840 sunt,
705 1784 764 1828 ut
791 1773 869 1828 eis
893 1772 957 1826 ad
987 1786 1045 1826 se
1083 1772 1436 1842 coiigregatis,
1466 1770 1861 1840 generatimque

267 1870 558 1931 distinctis,
586 1868 801 1922 nomina
832 1867 1144 1935 imponeret,
1174 1864 1369 1935 quibus
1396 1864 1555 1918 etiam
1585 1863 1710 1933 ipsis
1740 1879 1861 1933 pau-

269 1965 441 2026 latim,
471 1971 527 2017 et
554 1960 724 2015 multo
761 1960 916 2014 citius
951 1974 1108 2029 quam
1153 1958 1381 2027 piscibus
1403 1964 1423 2019 ,‘
1449 1958 1492 2011 si
1524 1958 1621 2011 hoc
1668 1957 1861 2011 factum

269 2070 382 2111 non
411 2062 573 2113 esset,
610 2061 788 2123 posset
817 2046 1029 2104 nemina
1052 2048 1354 2118 imponere;
1386 2047 1511 2118 quid
1540 2047 1631 2103 fuit
1663 2063 1859 2113 causm,

271 2146 379 2201 nisi
413 2145 547 2200 ratio
576 2142 775 2212 aliquid
815 2140 1166 2211 signiﬁcandi,
1198 2139 1339 2208 quod
1365 2138 1432 2192 ad
1462 2140 1859 2208 pnmuntiatio-

268 2255 401 2295 nem
447 2236 745 2291 futurorum
774 2233 1012 2305 valeret?
1037 2231 1133 2288 Cui
1162 2232 1238 2287 rei
1266 2232 1496 2287 maxime
1515 2231 1648 2287 ordo
1678 2246 1862 2287 narra-

273 2332 437 2387 tionis
467 2329 627 2398 hujus
652 2326 908 2396 invigilat.

344 2423 438 2478 2|.
481 2420 702 2484 Deinde,
734 2416 985 2488 nmnquid
1016 2414 1291 2487 ignorabat
1316 2415 1475 2478 Deus,
1508 2414 1641 2470 nihil
1676 2414 1780 2470 tale
1805 2430 1864 2471 se

268 2530 488 2573 creasse
512 2514 563 2567 in
595 2511 799 2567 naturis
828 2509 1154 2573 animalium,
1184 2506 1324 2576 quod
1348 2506 1519 2561 simile
1542 2506 1862 2576 adjutoritun

271 2616 459 2681 posset
482 2620 600 2660 esse
643 2602 880 2657 homini?
907 2601 990 2656 An
1028 2614 1163 2669 opus
1201 2608 1397 2652 eratut
1427 2598 1527 2651 hoc
1556 2599 1711 2653 etiam
1753 2599 1865 2668 ipse

273 2700 447 2754 homo
472 2698 853 2765 cognosceret,
896 2700 950 2745 et
987 2706 1052 2745 eo
1094 2688 1617 2763 commendatiorem,
1651 2689 1867 2749 haberet

275 2803 502 2843 uxorem
526 2800 699 2849 suam,
723 2782 862 2853 quod
885 2781 936 2835 in
960 2780 1105 2835 omni
1131 2794 1291 2834 carne
1311 2788 1488 2833 creata
1508 2778 1607 2833 sub
1632 2779 1788 2844 cmlo,
1813 2788 1867 2835 et

275 2882 348 2938 de
386 2881 485 2934 hoc
512 2894 635 2933 aere
655 2878 791 2931 sicut
818 2874 929 2943 ipse
961 2874 1193 2939 vivente,
1226 2870 1355 2925 nihil
1383 2870 1497 2939 ejus
1519 2870 1692 2924 simile
1716 2870 1865 2926 inrc-

273 2972 466 3030 nerit?
502 2971 690 3026 Mirum
733 2968 776 3021 si
822 2967 922 3021 hoc
950 2966 1090 3020 scire
1132 2981 1235 3019 non
1268 2972 1465 3033 posset,
1498 2963 1594 3018 nisi
1623 2963 1867 3017 omnibus

274 3066 344 3119 ad
379 3078 437 3118 se
476 3061 716 3115 adductis
741 3068 902 3127 atque
933 3056 1243 3126 perspectis.
1283 3053 1340 3108 Si
1368 3054 1511 3108 enim
1551 3054 1658 3108 Deo
1686 3054 1869 3109 crede-

272 3159 391 3218 bat,
425 3164 601 3226 posset
636 3152 735 3207 boc
765 3152 924 3206 illico
949 3148 1107 3205 modo
1126 3148 1330 3212 direre,
1360 3148 1625 3217 quomodo
1655 3156 1709 3203 et
1730 3162 1867 3217 prm-

278 3258 498 3319 ceptum
521 3244 686 3308 dedit,
708 3241 975 3313 quomodo
994 3248 1049 3295 et
1078 3249 1381 3309 peccantem
1410 3238 1769 3308 interrogavit,
1798 3244 1871 3292 at-

273 3358 387 3413 que
407 3338 683 3411 judicavit.
714 3335 768 3391 Si
796 3344 971 3388 autem
998 3348 1102 3386 non
1134 3330 1399 3393 credebat,
1436 3329 1673 3399 proiecto
1697 3343 1869 3399 neque

276 3436 387 3489 hoc
406 3432 541 3486 scire
572 3436 796 3499 poterat,
833 3434 1009 3480 utrum
1040 3423 1105 3478 ad
1133 3438 1253 3477 eum
1282 3421 1459 3475 omnia
1506 3420 1616 3485 ille,
1651 3420 1735 3475 cui
1765 3434 1871 3475 non

276 3523 555 3587 credebat,
588 3519 902 3584 adduxerit;
929 3533 993 3572 an
1038 3516 1175 3572 forte
1205 3516 1255 3569 in
1278 3513 1542 3585 aliquibus
1566 3513 1634 3568 ab
1664 3514 1753 3569 illo
1783 3530 1870 3570 re-

275 3618 598 3674 motioribus
626 3625 780 3668 terra!
812 3610 1050 3682 partibus
1085 3609 1259 3679 aliqua
1287 3609 1335 3663 ei
1381 3608 1593 3671 similia,
1621 3623 1738 3678 qum
1766 3623 1871 3662 non

278 3712 734 3770 demonstrasset,
768 3703 1125 3775 abscontuerit.
1158 3700 1270 3755 Non
1302 3700 1479 3771 itaque
1508 3701 1739 3754 arbitror
1769 3699 1872 3761 du,-

277 3802 559 3860 bitaudum
592 3800 693 3855 hoc
716 3797 941 3866 alicujus
984 3795 1303 3866 prophetica:
1333 3794 1730 3867 signiﬁcationis
1748 3809 1872 3865 gra-

278 3897 357 3953 tia
389 3896 603 3960 factum,
630 3892 721 3948 sed
745 3902 921 3947 tamen
954 3892 1166 3943 laetum.

356 3987 441 4042 22.
474 3986 654 4055 Neque
697 3982 798 4038 hoc
845 3997 1009 4052 Opere
1047 3980 1379 4050 suscepimus
1408 3978 1715 4049 prophetica
1746 3979 1875 4035 aeni-

274 4089 457 4152 gmata
489 4076 826 4148 perscrutari,
858 4075 951 4129 sed
978 4089 1153 4128 rerum
1177 4083 1443 4142 gesmrum
1475 4071 1631 4125 ﬁdem
1662 4072 1726 4125 ad
1754 4086 1877 4142 pro-

279 4172 566 4243 prietatem
599 4168 834 4222 historiae
863 4163 1260 4226 commendare,
1293 4174 1348 4216 ut
1374 4163 1513 4233 quod
1549 4162 1876 4232 impossibile

282 4260 457 4315 videri
504 4260 653 4313 vanis
678 4268 835 4327 atque
862 4254 1149 4310 incredulis
1176 4262 1369 4324 potest,
1404 4263 1491 4307 aut
1520 4254 1615 4323 ipsi
1641 4251 1873 4308 auctori-

284 4354 383 4409 tati
423 4362 619 4406 saueta:
666 4349 954 4418 Scriptura:
997 4346 1141 4401 velut
1189 4345 1558 4400 testiﬁcatione
1605 4344 1873 4399 contraria

282 4459 605 4516 repugnare,
641 4441 693 4497 id
723 4456 818 4512 pro
844 4438 978 4495 meis
1019 4438 1241 4504 viribus,
1280 4448 1533 4508 quantum
1562 4437 1699 4492 Deus
1727 4436 1877 4506 adju-

281 4546 397 4601 vat,
427 4532 741 4589 disserendo
772 4532 1151 4593 demonstrem,
1180 4543 1352 4598 neque
1381 4530 1705 4598 impossibile
1732 4542 1873 4593 esse,

282 4644 463 4698 neque
486 4626 845 4687 contrarimn;
877 4622 1017 4693 quod
1043 4631 1221 4676 autem
1256 4621 1502 4691 possibile
1540 4620 1751 4691 quidem
1778 4636 1875 4690 apo

285 4729 461 4792 paret,
495 4734 592 4773 nec
619 4717 779 4772 habet
807 4716 966 4769 ullam
1001 4713 1232 4784 speciem
1264 4714 1647 4783 repugnantize,
1678 4712 1771 4766 sed
1795 4723 1876 4766 ta-

282 4829 409 4869 men
440 4811 590 4883 quasi
629 4809 973 4879 superﬂuum,
1002 4807 1086 4862 vel
1125 4807 1281 4861 etiam
1312 4806 1533 4861 stultum
1562 4804 1875 4875 quibusdam

282 4902 455 4957 videri
504 4909 712 4970 potest,
757 4899 857 4954 hoc
898 4899 1068 4969 ipsum
1122 4895 1438 4967 disput:.ndo
1475 4896 1874 4967 demonstrem,

281 4991 435 5064 quod
456 4991 579 5047 ideo
601 5006 705 5045 non
734 4991 750 5021 ³
782 4999 1026 5058 tanquam
1052 5003 1229 5043 rerum
1257 4997 1521 5058 gestarum
1545 4989 1764 5045 naturali
1793 4988 1877 5043 vel

282 5086 486 5140 usitato
511 5083 700 5139 ordine
740 5080 936 5136 factum
965 5090 1067 5145 est,
1101 5088 1157 5133 ut
1184 5080 1435 5135 cordibus
1460 5081 1655 5135 nostris
1682 5081 1878 5135 ﬁdelis-

282 5178 421 5231 sima
470 5183 774 5230 sanctarum
833 5171 1578 5247 Scripturarumauctoritate
1619 5172 1833 5241 prmlata
1859 5214 1873 5239 ,

284 5269 415 5341 quia
453 5268 673 5323 stultum
718 5280 837 5321 esse
889 5280 995 5319 non
1042 5274 1236 5335 potest,
1256 5266 1536 5336 mysticum
1585 5280 1704 5320 esse
1755 5281 1873 5320 cre-

283 5362 466 5427 datur,
510 5360 751 5432 quamvis
791 5359 906 5428 ejus
936 5358 1318 5429 expositionem
1356 5359 1437 5412 vel
1477 5359 1875 5429 inquisitionem

242 5528 243 5531 η
283 5464 379 5511 aut
402 5453 527 5509 alibi
543 5452 655 5523 jam
685 5450 1102 5517 cxhibuerimus,
1128 5457 1221 5503 aut
1249 5449 1300 5505 in
1330 5459 1535 5521 tempus
1558 5451 1698 5506 aliud
1727 5450 1879 5507 dill‘e-

187 5544 254 5599 υ
279 5562 491 5604 ramus.

355 5684 373 5714 ι
395 5680 715 5743 Negatiouem
723 5678 801 5729 hic
822 5678 1120 5743 restituimus
1132 5686 1205 5743 ex
1224 5682 1359 5743 Mss;
1383 5688 1495 5739 quze
1509 5676 1704 5739 quidem
1720 5678 1770 5727 in
1787 5690 1880 5730 ex.

278 5745 423 5798 ausis
445 5740 685 5791 humerito
706 5742 889 5802 rejecta
912 5742 1069 5789 fuerat
1086 5740 1143 5789 ad
1164 5740 1449 5801 marginem.
1792 5792 1795 5793 ν

1642 288 1845 346 LIBER
1880 286 2121 345 NONUS.

3078 164 3189 206 ,ξέν’

3442 291 3550 351 ιω

1965 399 2189 457 CAPUT
2208 398 2345 455 XIII.
2375 429 2447 442 —
2470 400 2734 456 Formatio
2759 402 2984 459 mulieris
3006 420 3066 460 eo
3101 404 3252 459 modo
3286 421 3385 475 quo
3421 423 3543 462 uar-

2104 503 2248 547 ratur
2272 497 2408 564 facta
2436 502 2536 559 est,
2563 504 2616 546 ut
2642 492 2902 564 quidpiam
2922 498 3361 564 prmnuntiaretur.

2033 584 2123 639 25.
2155 583 2290 650 Quid
2320 600 2447 655 ergo
2477 584 2576 639 sibi
2614 584 2727 639 vult
2762 585 2921 641 etiam
2965 586 3089 641 illud
3114 627 3129 653 ,
3174 587 3317 657 quod
3359 590 3548 645 mulier

1965 674 2081 729 viro
2106 674 2173 729 de
2203 674 2366 732 latere
2408 674 2544 729 facta
2585 676 2703 730 est?
2737 676 2930 731 Verum
2968 687 3085 731 esto
3135 662 3350 747 propter
3385 680 3551 750 ipsius

1963 767 2353 833 coniunctionis
2381 766 2486 822 vim
2515 767 2991 823 commendandam
3019 769 3117 823 hoc
3141 770 3210 825 ita
3250 770 3360 825 ﬁeri
3391 787 3553 842 opor-
3600 834 3603 837 _

1964 856 2131 913 tuisse
2149 857 2458 921 credamus;
2490 859 2741 928 numquid
2770 860 2929 914 etiam
2961 867 3020 913 ut
3043 860 3325 915 dormienti
3359 862 3548 930 ﬁeret,

1963 949 2151 1004 eadem
2180 950 2313 1004 ratio
2338 951 2418 1005 vel
2451 951 2738 1006 necessitas
2760 950 3065 1025 ﬂagitabat;
3098 961 3154 1006 ut
3175 953 3403 1023 denique
3424 969 3549 1011 osse

1964 1041 2222 1106 detracto,
2248 1043 2299 1097 in
2324 1043 2477 1112 cujus
2499 1043 2671 1098 locum
2694 1058 2820 1097 caro
2844 1044 3215 1114 suppleretur?
3238 1043 3372 1099 Num
3404 1047 3550 1101 enim

1962 1147 2069 1187 non
2100 1134 2267 1204 potuit
2296 1136 2406 1204 ipsa
2444 1150 2571 1189 caro
2597 1134 2837 1199 detrahi,
2879 1144 2935 1189 ut
2976 1136 3099 1191 inde
3142 1137 3550 1206 congruentius,

1963 1227 2105 1295 quod
2134 1226 2203 1281 sit
2230 1240 2388 1281 sexus
2413 1227 2686 1292 inﬁrmior,
2720 1228 2908 1281 mulier
2931 1226 3284 1282 formarctur?
3312 1232 3391 1282 Au
3421 1242 3550 1283 vero

1965 1323 2071 1370 tam
2112 1316 2294 1371 multis
2320 1317 2549 1385 additis,
2594 1327 2794 1372 costam
2841 1318 2978 1373 Deus
3010 1317 3275 1373 a-diﬁcare
3304 1320 3470 1388 potuit
3498 1320 3551 1375 in

1966 1408 2284 1473 mulierem,
2313 1418 2367 1463 et
2404 1425 2618 1464 carnem
2650 1410 2930 1480 pulpamve
2972 1425 3076 1464 non
3122 1412 3323 1479 potuit,
3365 1413 3453 1482 qui
3483 1412 3553 1468 de

1966 1501 2183 1570 pulvere
2214 1501 2382 1570 ipsum
2431 1500 2698 1557 hominem
2740 1500 2897 1557 fecit?
2926 1507 3031 1556 Aut
3059 1503 3102 1557 si
3126 1503 3234 1571 jam
3259 1513 3407 1557 costa
3433 1503 3550 1558 fue-

1964 1601 2049 1647 rat
2075 1592 2399 1648 detrahenda
2423 1644 2435 1660 ,
2465 1608 2560 1648 cur
2589 1610 2693 1650 non
2734 1595 2899 1650 altera
2929 1611 3025 1663 pro
3046 1610 3109 1651 ea
3138 1606 3283 1651 costa
3321 1598 3552 1667 reposita

1966 1684 2087 1738 est?
2119 1682 2225 1739 Cur
2244 1685 2403 1739 etiam
2432 1700 2536 1739 non
2563 1685 2765 1740 dictum
2794 1695 2898 1753 cst,
2925 1686 3122 1753 Finxit,
3150 1696 3262 1752 aut,
3291 1686 3418 1742 fecit
3445 1690 3553 1743 sic-

1968 1783 2025 1828 ut
2082 1774 2135 1829 in
2173 1776 2419 1830 omnibus
2460 1792 2618 1845 supra
2653 1776 2943 1847 operibus;
2975 1778 3067 1832 sed
3093 1819 3109 1844 ,
3140 1779 3439 1849 (edi/ienuit,
3469 1780 3553 1835 in-

1965 1867 2116 1937 quit,
2152 1866 2401 1923 Dominus
2425 1867 2565 1923 Deus
2591 1868 2733 1923 illam
2759 1881 2982 1937 costam,
3027 1887 3131 1925 non
3162 1882 3409 1943 tanquam
3435 1888 3554 1929 cor-

1968 1973 2066 2027 pus
2086 1956 2407 2023 humaoum,
2440 1959 2534 2014 sed
2566 1968 2812 2030 tanquam
2839 1961 3098 2016 domum?
3127 1962 3240 2019 Non
3270 1976 3353 2017 est
3377 1965 3554 2035 itaque

1966 2048 2341 2115 dubitandum,
2371 2051 2620 2120 quoniam
2651 2052 2765 2106 haec
2807 2051 2938 2107 facta
2987 2061 3111 2106 sunt
3149 2061 3204 2107 et
3231 2053 3391 2108 stulta
3433 2070 3554 2110 esse

1968 2156 2073 2196 non
2093 2150 2341 2210 possunt,
2373 2142 2441 2196 ob
2461 2143 2657 2213 aliquid
2678 2143 3079 2214 signiﬁcandum
3106 2158 3227 2199 esse
3250 2144 3383 2198 facta
3400 2186 3416 2211 ,
3447 2146 3553 2199 fru-

1968 2240 2110 2287 ctum
2140 2232 2299 2288 futuri
2318 2234 2499 2289 surculi
2527 2235 2593 2290 ah
2621 2234 2737 2305 ipso
2759 2235 2867 2305 jam
2899 2236 3190 2305 primordio
3214 2237 3425 2306 generis
3451 2237 3553 2291 hu-

1967 2325 2110 2379 mani
2140 2325 2259 2385 Deo,
2279 2326 2500 2395 praescio
2527 2326 2577 2380 in
2610 2326 2739 2395 ipsis
2765 2328 2876 2381 suis
2901 2328 3150 2396 operibus
3195 2328 3555 2383 misericordi-

1972 2425 2051 2471 ter
2077 2416 2428 2485 pracdicantc;
2462 2425 2517 2471 ut
2535 2425 2683 2472 certo
2709 2426 2947 2488 tempore
2968 2419 3136 2474 servis
3163 2421 3291 2481 suis,
3320 2421 3431 2473 sive
3462 2435 3555 2488 per

1970 2505 2245 2562 hominum
2271 2509 2666 2571 successiones,
2710 2510 2822 2561 sire
2869 2525 2961 2578 per
2995 2526 3147 2564 suum
3186 2510 3438 2579 Spiritum
3470 2511 3555 2567 vel

1971 2599 2294 2669 Angelorum
2324 2598 2675 2653 ministerium
2707 2598 2939 2653 revelata
2958 2610 3120 2669 atque
3147 2602 3473 2670 conscripta,
3502 2611 3559 2656 et

1973 2689 2342 2761 promittendis
2374 2689 2530 2744 rebus
2560 2689 2751 2744 futuris
2775 2698 2832 2743 et
2858 2692 3301 2761 recognoscendis
3330 2692 3557 2760 impletis

1972 2780 2334 2851 testimonium
2377 2779 2717 2852 perhiberent
2752 2800 2764 2835 :
2810 2781 2953 2852 quod
3000 2784 3168 2853 magis
3205 2784 3474 2855 magisque
3503 2784 3558 2838 in

1973 2872 2426 2942 consequentibus
2450 2872 2743 2943 apparebit.

1976 2962 2199 3019 CAPUT
2230 2962 2367 3037 XIV.
2398 2993 2468 3002 ——
2501 2963 2761 3029 Quomodo
2781 2963 3023 3018 animalia
3042 2964 3261 3018 adducta
3283 2964 3350 3017 ad
3369 2963 3557 3019 Adam.

2045 3056 2136 3111 24.
2193 3055 2476 3110 Videamus
2518 3071 2679 3126 ergo,
2711 3055 2851 3125 quod
2883 3056 2981 3109 isto
3010 3071 3171 3126 Opere
3199 3057 3562 3126 suscepimus,

1977 3163 2082 3203 non
2114 3146 2403 3203 secundum
2426 3146 2901 3218 prmﬁgurationem
2928 3147 3440 3211 rerumluturarum,
3470 3146 3564 3203 sed

1978 3237 2269 3293 secundum
2296 3252 2471 3291 rermn
2498 3247 2766 3304 gestarum
2794 3253 2899 3292 non
2929 3236 3263 3307 allegorieam
3284 3281 3299 3304 ,
3323 3238 3416 3294 sed
3440 3253 3565 3309 pro-

1978 3330 2146 3400 priam
2170 3327 2631 3399 signiﬁcationem,
2654 3327 3099 3398 quemadmodum
3124 3328 3236 3385 haec
3255 3329 3421 3399 accipi
3440 3344 3566 3400 pos-

1979 3422 2086 3477 sint
2118 3439 2131 3475 :
2165 3419 2229 3474 Et
2259 3421 2406 3489 ﬁnxit
2428 3419 2565 3474 Deus
2584 3464 2598 3483 ,
2624 3422 2792 3491 inquit
2811 3464 2827 3487 ,
2856 3421 3021 3477 adhuc
3041 3422 3102 3475 de
3125 3433 3256 3476 terra
3282 3440 3451 3479 autne;
3485 3423 3571 3478 be-

1980 3516 2106 3567 stias
2164 3515 2304 3585 agri,
2338 3522 2382 3567 et
2426 3514 2595 3567 omnia
2643 3514 2866 3568 volatilia
2902 3515 3045 3578 co'li;
3087 3514 3225 3568 unde
3266 3516 3375 3584 jam
3424 3516 3567 3584 quod

1980 3608 2149 3661 visum
2194 3615 2304 3671 est,
2351 3616 2404 3660 et
2441 3616 2692 3676 quantum
2736 3607 2903 3659 visum
2944 3615 3053 3670 est,
3084 3604 3449 3659 disseruimus.
3501 3604 3571 3662 Et

1981 3699 2193 3752 adduxit
2223 3698 2392 3751 omnia
2421 3713 2479 3750 ea
2508 3698 2576 3750 ad
2600 3697 2795 3761 Adam,
2826 3706 2877 3749 ut
2906 3697 3087 3750 videret
3111 3697 3231 3766 quid
3255 3713 3312 3750 ea
3352 3704 3569 3752 vocaret.

1980 3789 2256 3857 Quomodo
2283 3788 2395 3842 lucc
2422 3787 2699 3841 adduxerit
2736 3788 2872 3843 Deus
2902 3788 2967 3841 ad
3002 3786 3169 3842 Adam
3195 3829 3209 3853 ,
3244 3803 3308 3842 ue
3336 3787 3567 3847 carnali-

1983 3893 2063 3938 ter
2093 3882 2394 3952 sapiamus,
2422 3880 2671 3951 adjuvare
2707 3896 2803 3934 nos
2842 3880 3000 3935 debet
3025 3879 3165 3950 quod
3207 3880 3274 3935 de
3319 3880 3566 3949 bipartito

1979 3989 2141 4045 opere
2169 3973 2360 4027 divina!
2404 3972 2745 4043 providentia:
2773 3973 2822 4025 in
2854 3972 2991 4026 libro
3019 3973 3290 4041 superiore
3320 3973 3569 4028 tractavi-

1982 4081 2102 4121 mus
2128 4064 2276 4136 (Cap.
2310 4064 2343 4121 9
2364 4065 2604 4131 ,19-26).
2634 4064 2815 4135 Neque
2849 4066 2990 4120 enim
3031 4066 3167 4121 sicut
3204 4066 3449 4138 iudagaut
3488 4074 3571 4121 al.-

1983 4175 2085 4229 que
2114 4160 2331 4227 adigunt
2370 4169 2621 4212 vemintes
2652 4159 2731 4213 vel
2760 4166 3081 4227 aucupantes
3116 4156 3181 4211 ad
3226 4160 3355 4212 retia
3377 4199 3391 4219 ,
3419 4172 3570 4229 qua:-

1982 4266 2208 4322 cumque
2237 4252 2520 4304 animantia
2549 4252 2796 4322 capiunt,
2841 4250 2908 4304 ita
2943 4250 3041 4304 hoc
3082 4248 3275 4304 factum
3302 4265 3421 4305 esse
3441 4267 3565 4306 cre-

1982 4343 2213 4399 dendum
2242 4353 2352 4407 est;
2383 4352 2473 4396 aut
2501 4357 2599 4395 vox
2631 4342 2805 4410 aliqua
2849 4342 3102 4409 ju~sionis
3139 4342 3205 4394 de
3250 4342 3389 4397 nube
3436 4342 3573 4398 facta

1984 4444 2065 4489 est
2094 4436 2170 4489 eis
2210 4434 2416 4493 verbis,
2447 4449 2564 4501 qua:
2593 4432 2876 4486 rationales
2914 4434 3104 4485 anima:
3144 4432 3416 4487 audientes
3438 4474 3455 4499 ,
3488 4432 3575 4489 iu-

1986 4527 2221 4596 telligere
2239 4567 2253 4591 ,
2286 4535 2443 4595 atque
2472 4524 2686 4581 obedire
2707 4525 2959 4579 assolent.
2984 4523 3095 4579 Non
3119 4528 3259 4580 enim
3289 4527 3390 4582 hoc
3415 4542 3577 4585 accc-

1986 4630 2179 4690 pcrunt
2210 4629 2264 4673 ut
2292 4620 2494 4688 possint
2521 4619 2732 4684 ιιρδιίιυ,
2760 4617 2843 4671 vel
2884 4633 3008 4673 aves
3035 4636 3045 4669 :
3074 4619 3125 4672 in
3154 4636 3249 4671 suo
3278 4629 3453 4675 tamen
3481 4637 3577 4691 ge-

1987 4727 2113 4766 nere
2138 4714 2508 4781 obtemperant
2534 4710 2672 4775 Deo;
2707 4727 2809 4763 non
2844 4711 3081 4764 rationali
3114 4712 3395 4765 voluntatis
3427 4714 3575 4768 arbi-

1986 4805 2107 4871 trio,
2127 4804 2218 4858 sed
2235 4805 2369 4859 sicut
2388 4812 2561 4858 movet
2590 4804 2675 4857 ille
2695 4804 2871 4857 omnia
2900 4804 3224 4873 temporibus
3242 4805 3574 4875 Opportunis,

1987 4914 2091 4954 non
2122 4900 2232 4970 ipse
2265 4896 2627 4968 temporaliter
2657 4905 2851 4961 motus,
2874 4912 2965 4965 per
2989 4897 3225 4965 angelica
3253 4898 3568 4965 ministeria,

1986 5008 2103 5064 quae
2124 4991 2337 5062 capiunt
2363 4991 2413 5043 in
2437 4991 2599 5045 verbo
2623 4993 2738 5060 ejus
2767 4989 2888 5060 quid
2915 5006 3019 5060 quo
3051 5000 3289 5061 tempore
3332 4990 3445 5043 ﬁeri
3471 4989 3570 5046 de-

1986 5084 2108 5139 beat
2139 5102 2151 5138 :
2190 5093 2244 5138 et
2287 5082 2377 5137 illo
2413 5100 2515 5136 non
2561 5084 2923 5152 temporaliter
2950 5092 3123 5145 moto,
3156 5089 3432 5135 moventur
3462 5082 3577 5151 ipsa

1988 5177 2350 5248 temporalitcr
2378 5185 2436 5231 ut
2479 5176 2531 5232 in
2577 5176 2641 5231 iis
2681 5192 2798 5247 qua:
2843 5176 2940 5229 sibi
2969 5175 3201 5244 subjecta
3246 5174 3577 5243 suut,jussu

1987 5272 2100 5343 ejus
2117 5270 2367 5326 efﬁciant.

2055 5363 2145 5418 95.
2185 5362 2370 5417 Omnis
2400 5362 2539 5415 enim
2561 5361 2735 5415 anima
2764 5359 2910 5423 viva,
2941 5372 3042 5411 non
3070 5355 3241 5411 solum
3268 5357 3570 5427 rationalis,

1988 5457 2124 5513 sicut
2151 5457 2201 5510 in
2234 5456 2554 5516 hominibus,
2587 5470 2768 5507 verum
2794 5453 2951 5507 etiam
2984 5451 3333 5515 irratiOualis,
3360 5453 3495 5507 sicut
3518 5456 3571 5509 iu

1990 5547 2303 5618 pecoribus,
2340 5555 2393 5599 et
2416 5543 2746 5608 volatilibus,
2778 5551 2831 5596 et
2858 5541 3091 5611 piscrbus
3113 5583 3126 5605 ,
3156 5542 3283 5595 visis
3309 5555 3575 5601 movetur.

1989 5641 2093 5694 Sed
2125 5639 2299 5691 anima
2347 5636 2617 5689 rationalis
2655 5634 2939 5687 voluntatis
2963 5633 3182 5688 arhi‘rio
3207 5636 3288 5688 vel
3315 5640 3580 5701 consentit

1989 5731 2119 5785 visis
2139 5772 2153 5793 ,
2188 5729 2271 5781 vel
2297 5742 2399 5783 non
2427 5726 2692 5782 consentit
2724 5727 3090 5787 :irrationalis
3114 5738 3290 5786 autem
3330 5744 3434 5787 non
3478 5732 3543 5785 ba
3565 5752 3580 5783 ι
