3902 6304
442 245 548 306 £95

442 359 986 438 betltociud‘tcium;
1003 373 1098 431 pro
1113 373 1219 422 suo
1245 367 1647 432 tamcnvsencre
1673 367 2042 430 moenium-ii

444 455 562 510 viso
588 454 768 526 aliquo
798 462 950 510 tacta.
971 451 1304 525 propellitur.
1343 450 1453 510 Nec
1476 452 1528 507 in
1552 460 1811 522 potestate
1841 451 1997 508 uilius
2025 451 2041 482 ι

442 549 640 606 anima:
684 557 788 616 est,
809 563 931 618 qua:
960 546 1034 603 illi
1062 547 1173 604 visa
1198 545 1435 611 veniant,
1457 547 1568 604 sive
1605 548 1663 602 in
1689 561 1904 605 sensum
1926 561 2046 602 eor-

450 643 625 714 poris,
653 641 770 698 sive
797 640 850 695 in
892 641 1063 710 ipsum
1109 639 1351 709 spiritum
1392 639 1657 696 interius:
1689 639 1881 710 quibus
1918 638 2046 694 visis

451 736 712 808 appetitus
752 744 1031 790 moveatur
1053 733 1336 803 cujuslibet
1360 733 1778 789 animantis.‘Ac
1818 736 1893 791 sic
1921 748 2043 790 cum

452 846 510 886 ea
541 831 652 887 visa
703 845 798 898 per
844 829 1166 899 Angelorum
1209 826 1572 886 obedientiam
1622 827 1855 897 desuper
1891 827 2047 884 mihi-

452 932 709 988 strantur,
737 924 976 993 pervenit
996 922 1168 992 jusle
1206 921 1302 978 Dei
1329 935 1435 978 non
1465 921 1638 980 solum
1669 923 1735 977 ad
1767 922 2041 989 homines,

445 1032 548 1071 nec
576 1015 748 1071 solum
780 1014 844 1069 ad
871 1029 997 1071 aves
1018 1023 1072 1070 et
1099 1029 1290 1085 pecora
1313 1056 1326 1078 ,
1349 1026 1534 1071 verum
1561 1015 1720 1070 etiam
1748 1015 1814 1071 ad
1839 1031 1900 1071 ea
1928 1025 2046 1084 qute

448 1107 547 1163 sub
572 1107 722 1177 aquis
749 1108 953 1173 latent,
986 1107 1121 1165 sicut
1167 1107 1233 1162 ad
1276 1117 1453 1164 cetum
1497 1108 1587 1179 qui
1615 1109 1828 1179 gltuivit
1857 1108 2045 1165 Ionam

448 1200 623 1272 (lenm
671 1217 742 1269 ιι,
791 1199 845 1272 1)
903 1219 917 1256 :
959 1214 1060 1255 nec
1105 1200 1277 1256 solum
1317 1200 1527 1258 ad‘ista
1575 1201 1830 1272 majora,
1859 1217 2045 1257 verum

447 1294 607 1348 etiam
635 1292 701 1348 ad
733 1293 1113 1359 vermiCulum;
1139 1309 1261 1348 nam
1287 1301 1344 1348 et
1374 1294 1496 1349 huic
1538 1294 1766 1366 legimus
1795 1295 2048 1350 divinitus

443 1387 685 1457 iussum,
733 1395 790 1442 ut
839 1386 1074 1443 radicem
1120 1387 1412 1443 cucurbitae
1455 1387 1703 1454 roderet,
1750 1388 1850 1444 sub
1894 1387 2048 1458 cujus

445 1479 760 1538 umbraculo
791 1479 1055 1548 Propheta
1107 1480 1444 1548 requieverat
1482 1478 1592 1552 (Id.
1634 1495 1704 1545 tv,
1749 1481 1820 1546 6,
1870 1478 1946 1553 7).
1989 1480 2049 1537 Si

448 1572 588 1626 enim
637 1571 837 1625 homini
876 1570 1091 1626 donavit
1141 1571 1318 1636 Deus,
1357 1571 1436 1626 sic
1476 1588 1597 1626 eum
1635 1573 1943 1643 instituens,
1993 1583 2050 1631 ut

447 1663 610 1718 etiam
635 1679 852 1719 carnem
889 1666 1093 1734 peccati
1133 1675 1380 1734 portans,
1413 1667 1582 1736 possit
1609 1667 1716 1722 non
1746 1668 1920 1723 solum
1957 1674 2050 1741 "po-

449 1768 577 1810 cora
603 1763 658 1810 et
679 1755 922 1826 iumenta
952 1759 1065 1812 suis
1093 1757 1276 1812 usibus
1302 1758 1513 1812 subdita
1537 1801 1550 1824 ,
1581 1773 1680 1814 nec
1711 1756 1918 1815 tantum
1950 1761 2050 1816 do-

450 1847 703 1904 mesdeas
723 1863 884 1914 aves,
911 1849 1006 1905 sed
1043 1850 1201 1906 etiam
1233 1851 1400 1906 libere
1431 1851 1711 1908 volitantes
1739 1854 1762 1886 '
1789 1853 2053 1924 quaslibet

450 1941 612 1996 etiam
639 1957 809 1997 saevas
838 1942 980 1997 feras
1004 1952 1057 1998 et
1093 1959 1316 2015 capere,
1345 1953 1400 2000 et
1439 1953 1742 2000 mansuetas
1765 1944 1970 2014 facere,
1999 1954 2052 2001 ct

449 2035 530 2090 eis
557 2034 872 2091 mirabiliter
900 2037 1164 2105 imperare
1191 2038 1428 2108 potentia
1459 2038 1699 2102 rationis,
1726 2053 1832 2092 non
1860 2053 2050 2108 corpo-

451 2125 560 2191 ris;
587 2141 706 2180 cum
737 2129 1211 2200 earnm'appetitus
1240 2138 1293 2185 et
1322 2128 1536 2184 dolores
1578 2138 1799 2198 captans
1819 2171 1832 2195 ,
1865 2129 2050 2200 paula-

451 2219 654 2288 timque
686 2220 998 2289 illectaudo,
1028 2222 1348 2290 premendo,
1373 2217 1714 2293 laxandoque
1743 2219 2048 2290 moderans,

452 2310 646 2379 agresti
674 2325 764 2364 eas
789 2314 935 2366 exuit
961 2313 1368 2380 consuetudine,
1430 2309 1484 2368 et
1527 2324 1775 2385 tauquam
1799 2313 2052 2372 humanis

453 2405 699 2460 moribus
729 2405 936 2460 induit:
967 2417 1166 2477 quanto
1193 2409 1362 2478 magis
1407 2409 1596 2478 Angeli
1642 2406 1744 2464 hoc
1789 2419 2048 2480 possunt,

453 2497 545 2567 'qui
571 2494 812 2567 iussione
845 2499 935 2554 Dei
966 2500 1016 2553 in
1057 2502 1170 2570 ipsa
1211 2501 1360 2570 ejus,
1392 2517 1552 2572 quam
1595 2502 1922 2573 sempiterno
1967 2503 2052 2558 in-

457 2597 697 2655 tuentur,
734 2591 1148 2647 incommutabili
1177 2595 1401 2649 veritate
1431 2603 1744 2665 perspectas,
1776 2596 2054 2652 moventes

452 2693 516 2736 se
541 2693 637 2752 per
663 2693 901 2754 tempus,
935 2692 988 2738 et
1015 2699 1238 2753 corpora
1286 2687 1384 2742 sibi
1415 2687 1626 2742 subdita
1673 2704 1769 2758 per
1794 2697 2001 2759 tempus
2030 2689 2053 2722 ³

451 2782 508 2827 et
545 2774 718 2830 loeum
740 2819 754 2843 ,
801 2776 1036 2846 agilitate
1088 2777 1351 2844 mirabili,
1384 2790 1437 2834 et
1467 2780 1578 2835 visa
1617 2781 1806 2852 quibus
1836 2797 2052 2837 movea-

453 2877 544 2920 tur
573 2866 613 2932 ’⁵,
646 2877 700 2922 et
725 2870 1018 2937 appetitum
1059 2872 1289 2926 carnalis
1332 2872 1671 2945 indigentiae,
1713 2877 1892 2932 valent
1938 2875 2056 2932 em-

451 2967 579 3016 (fere
604 2964 748 3017 omni
778 2962 969 3018 animm
995 2965 1129 3020 vivae
1148 3009 1162 3031 ,
1195 2975 1252 3020 ut
1277 2983 1382 3038 quo
1407 2984 1524 3024 eam
1558 2971 1740 3026 venire
1770 2987 1904 3044 opus
1935 2984 2049 3041 est,

453 3053 698 3108 nesciens
729 3055 1063 3109 adducatur?

451 3141 681 3200 CAPUT
699 3146 814 3202 XV.
845 3148 916 3187 '——
940 3146 1205 3204 Formatio
1234 3147 1456 3204 mulieris
1483 3167 1583 3205 non
1613 3168 1702 3223 per
1724 3147 1881 3208 alium
1902 3170 2054 3224 quam

1168 3242 1354 3298 Deum.

524 3331 612 3388 26.
656 3330 773 3388 Jam
812 3330 940 3405 ergo
981 3334 1288 3402 videamus,
1330 3337 1442 3406 ipsa
1488 3336 1727 3393 mulieris
1771 3326 2049 3408 formatio,

455 3439 573 3496 qua:
604 3424 826 3497 πηγειίόο
855 3419 1014 3482 etiam
1063 3428 1346 3483 tediticatio
1374 3425 1512 3484 diota
1557 3439 1668 3496 est,
1703 3420 2053 3501 quemadmo-

455 3517 582 3572 dum
628 3519 758 3573 l'aeta
810 3519 894 3574 sit.
938 3516 1134 3576 Natura
1180 3523 1374 3593 quippe
1427 3524 1665 3580 mulieris
1713 3534 1891 3580 creata
1933 3535 2050 3596 est,

453 3617 695 3682 quamvis
730 3629 792 3669 ex
823 3615 996 3680 virili,
1044 3630 1162 3686 qum
1189 3617 1297 3686 jam
1330 3626 1476 3684 erat,
1508 3633 1614 3673 non
1646 3619 1825 3690 aliquo
1855 3629 2002 3676 motu
2032 3621 2053 3653 ⁸

453 3701 948 3774 ᾖπηῖὲειιὶεώιιῑὶιιιιι
1007 3718 1337 3763 naturarum.
1391 3698 1574 3780 Angeli
1626 3719 1801 3766 autem
1852 3713 2052 3768 nullam

447 3799 674 3853 omnino
706 3810 925 3869 possunt
950 3817 1134 3856 creare
1180 3812 1421 3858 naturam
1469 3823 1482 3858 :
1527 3806 1674 3860 solus
1724 3807 1865 3861 enim
1918 3821 2053 3862 unus

456 3891 739 3959 enjuslibet
770 3901 970 3945 natura:
991 3935 1003 3956 ,
1037 3909 1128 3946 seu
1173 3910 1377 3961 magna:
1418 3883 1510 3950 seu
1543 3896 1774 3951 minima:
1797 3939 1813 3965 ,
1843 3909 2052 3954 creator

453 3990 538 4037 'est
570 3985 708 4036 Deus
731 4025 745 4048 ,
771 3983 822 4039 id
854 3993 933 4039 est
962 3984 1071 4055 ipsa
1097 3985 1358 4048 Trinitas,
1391 3986 1550 4041 Pater
1579 3998 1630 4043 et
1656 3989 1823 4044 Filius
1853 3998 1909 4047 et
1935 3991 2054 4061 ενι.

457 4075 594 4129 ritus
642 4083 875 4130 Sanctus.
923 4077 1089 4132 Aliter
1131 4093 1258 4148 ergo
1285 4079 1559 4145 quaeritur,
1603 4081 2050 4150 quemadmodum

457 4168 526 4224 sit
565 4180 846 4237 soporatus
877 4169 1079 4238 Adam,
1125 4181 1378 4242 costaque
1407 4171 1521 4242 ejus
1565 4173 1679 4230 sine
1707 4175 1814 4230 ullo
1857 4175 2052 4234 doloris

453 4267 617 4316 “sensu
642 4277 669 4314 a
697 4263 938 4332 corporis
967 4274 1222 4335 compage
1249 4264 1482 4320 detracta
1515 4267 1601 4322 sit.
1631 4265 1754 4324 llaec
1785 4270 1924 4326 enim
1953 4271 2052 4328 for-

455 4346 598 4408 tasse
625 4352 866 4410 dicantur
888 4356 1119 4427 potuisse
1148 4374 1242 4428 per
1273 4357 1503 4428 Angelos
1533 4359 1675 4426 ﬁeri;
1707 4361 1936 4420 formare
1956 4381 2050 4420 au-

455 4453 562 4499 tem
589 4448 671 4502 vel
702 4448 963 4505 :rdiiieare
989 4457 1212 4516 costam,
1239 4461 1294 4506 ut
1318 4452 1507 4508 mulier
1527 4462 1698 4520 esset,
1727 4471 1891 4527 usque
1917 4457 2050 4514 adeo

456 4551 563 4592 non
591 4539 757 4608 potuit
786 4541 882 4595 nisi
918 4541 1054 4597 Deus
1073 4585 1087 4610 ,
1117 4558 1145 4596 a
1173 4559 1278 4614 quo
1306 4545 1550 4600 universa
1578 4557 1764 4602 natura
1786 4549 2044 4618 subsistit,

457 4642 516 4686 ut
545 4650 609 4688 ne
637 4634 762 4689 illud
791 4636 1003 4706 quidem
1039 4637 1215 4693 carnis
1255 4639 1682 4709 supplementum
1733 4642 1783 4696 in
1825 4658 2048 4716 corpore

457 4725 591 4791 viri,
627 4727 766 4797 quod
800 4729 848 4782 in
881 4729 1022 4784 illius
1047 4741 1209 4785 costa:
1238 4732 1493 4786 successit
1523 4733 1694 4788 locum
1717 4775 1732 4801 ,
1779 4734 1846 4789 ab
1872 4736 2047 4807 Ange-

456 4819 523 4873 lis
553 4817 747 4873 fartum
776 4833 893 4876 esse
919 4820 1252 4888 crediderim,
1281 4822 1417 4878 sicut
1447 4840 1546 4879 nec
1576 4825 1747 4895 ipsum
1777 4825 2046 4884 hominem

455 4909 525 4964 de
566 4921 720 4965 terrae
765 4911 978 4980 pulvere
1023 4930 1036 4965 :
1086 4927 1190 4967 non
1234 4913 1373 4984 quod
1417 4915 1558 4969 nulla
1615 4915 1683 4970 sit
1724 4913 2045 4988 Angelortuu

457 5008 656 5074 opera,
703 5014 757 5059 ut
801 5005 999 5077 aliquid
1038 5015 1270 5074 creetur,
1318 5008 1410 5064 sed
1458 5021 1563 5063 non
1616 5008 1736 5065 ideo
1779 5020 2047 5069 creatores

457 5106 618 5163 sunt;
649 5099 766 5170 quia
792 5113 888 5153 nec
915 5099 1173 5168 agricolas
1204 5109 1472 5156 creatures
1501 5111 1737 5172 segetum
1776 5089 1933 5173 atque
1961 5122 2047 5160 ar-

457 5187 644 5244 borum
673 5191 914 5245 dicimus.
937 5190 1052 5246 Non
1074 5192 1216 5248 enim
1244 5194 1329 5263 qui
1362 5192 1562 5263 plantat
1589 5203 1671 5249 est
1700 5191 1922 5266 aliquid,
1949 5213 2043 5254 ne-

524 5305 538 5334 ι
567 5304 637 5351 sic
659 5310 764 5353 Mss.
792 5311 840 5353 In
868 5305 1029 5365 editis,
1046 5303 1194 5356 illius.

519 5367 540 5397 ³
564 5365 636 5412 ειο
661 5374 763 5414 Vss.
803 5373 855 5415 At
875 5367 1006 5422 editi.
1031 5367 1196 5418 liberte
1220 5365 1482 5420 t'ohtnmlis.

523 5427 830 5507 {apud-lor.
845 5430 1029 5507 desunt
1050 5433 1338 5507 Itaevet‘ba,
1356 5438 1402 5507 et
1420 5445 1623 5507 corpora
1645 5432 1735 5487 sibi
1751 5433 1943 5488 subdita
1957 5451 2044 5502 per

449 5495 656 5568 tempus,
673 5504 782 5551 que
800 5501 999 5561 exstant
1019 5496 1065 5542 in
1085 5497 1276 5544 Oil'lt‘l'ls
1299 5495 1557 5546 culicibus.
1957 5495 1966 5502 ’

451 5585 477 5627 ‹Α
520 5554 542 5627 ξ
566 5553 698 5610 titlui,
726 5559 768 5601 rt
783 5566 923 5612 jussu
941 5555 1426 5627 quibusinet-emitur.
1458 5568 1560 5627 uss.
1581 5571 1677 5608 non
1700 5571 1888 5620 omnes,
1915 5561 2043 5627 risu;

451 5612 542 5662 sed
562 5627 748 5671 oumes,
784 5612 1048 5676 "meatur,
1069 5619 1252 5670 scilicut
1274 5623 1431 5673 anima
1455 5623 1576 5672 viva.

429 5671 476 5750 ξ.
517 5677 539 5750 εξ
565 5678 992 5750 ιιιενριιδξλιιειςιιρ
1011 5671 1253 5733 consensu
1278 5671 1458 5750 terunt,
1481 5671 1574 5736 non
1597 5681 1749 5750 aliqui
1779 5693 1952 5742 motus.
1977 5698 2045 5740 An

424 5733 435 5750 "
451 5736 579 5788 forte
601 5733 1064 5800 subintelligéndttm
1086 5749 1179 5800 est,
1209 5733 1387 5793 erant?

1365 239 1451 293 DE
1489 234 1734 295 GENESl
1777 235 1862 293 AD
1901 229 2274 298 LITTERAM.
2315 235 2373 292 S.
2415 233 2788 293 AUGUSTINI

3624 244 3720 304 «illi

2153 373 2255 428 que
2280 359 2368 429 qui
2399 360 2569 430 rigat,
2596 361 2695 418 sed
2719 362 2809 431 qui
2829 362 3221 422 intereuntium
3243 361 3342 422 till
3369 361 3722 435 ὓειιιί-ιερτ.

2151 466 2210 505 ιιι
2237 492 2252 519 ,
2297 450 2373 525 7).
2405 452 2485 509 Ad
2516 452 2619 510 hoc
2649 453 3036 513 incrementum
3063 454 3297 524 pertinet
3326 453 3498 511 etiam
3538 455 3589 510 in
3623 471 3726 514 oor-

2149 559 2281 615 pore
2323 543 2592 612 humano,
2632 547 2773 618 quod
2815 561 2940 604 osse
2965 540 3222 616 dempto,
3249 546 3406 603 locns
3432 561 3596 606 carne
3614 562 3725 619 snp-

2146 637 2323 707 pictos
2361 648 2475 706 est,
2524 638 2617 696 illo
2659 639 2864 698 scilicet
2889 639 3223 710 ‘operellei,
3251 653 3363 710 quo
3386 641 3729 702 naturassulr

2152 730 2322 786 stituit
2351 740 2408 788 ut
2436 730 2543 786 sint
2561 774 2576 798 ,
2609 747 2715 802 quo
2739 732 2886 801 ipsos
2911 745 3123 802 quoque
3148 730 3382 803 Angelos
3411 732 3622 789 creavit.

2222 824 2313 880 27.
2353 824 2502 894 Opus
2527 827 2704 894 itaque
2743 824 2990 892 agricola:
3017 831 3103 880 est
3134 832 3194 880 ut
3225 833 3421 895 aquam
3449 824 3603 882 ducat
3624 838 3729 885 eum

2145 916 2325 987 rigat:
2356 929 2462 972 non
2495 924 2672 972 autem
2712 927 2846 986 Opus
2875 916 2993 986 ejus
3021 923 3105 970 est
3133 923 3191 972 ut
3216 927 3356 985 aqua
3383 931 3484 985 per
3527 915 3730 972 declivia

2154 1009 2478 1080 prolabatur;
2501 1009 2595 1066 sed
2610 1010 2752 1065 illius
2767 1011 2857 1080 qui
2877 1009 3058 1067 omnia
3075 1009 3128 1065 in
3147 1020 3422 1074 mensura,
3437 1017 3492 1065 et
3508 1023 3730 1074 numero,

2151 1111 2209 1159 et
2239 1102 2474 1172 pondere
2497 1101 2760 1172 disposuit
2796 1101 2956 1173 (Sep.
2991 1117 3078 1167 XI,
3110 1101 3172 1158 ξι
3193 1097 3232 1172 )..
3279 1099 3413 1156 Item
3441 1112 3574 1170 opus
3608 1100 3733 1171 agri-

2147 1195 2288 1251 colae
2315 1203 2397 1251 est
2438 1203 2496 1250 ut
2542 1196 2788 1250 surculus
2827 1194 3088 1249 avellatur
3123 1209 3192 1248 ex
3239 1192 3466 1257 arbore.
3498 1202 3734 1265 toruoque

2154 1287 2437 1344 mandetur
2465 1304 2479 1342 :
2517 1296 2572 1342 at
2608 1303 2713 1344 non
2744 1302 2882 1358 opus
2911 1287 3028 1356 eius
3053 1298 3138 1342 est
3165 1296 3224 1341 ut
3250 1291 3473 1342 succum
3502 1286 3729 1352 imbibat,

2157 1388 2218 1434 ut
2245 1387 2464 1449 germen
2506 1379 2750 1444 emittat,
2800 1388 2858 1434 ut
2881 1378 3026 1434 aliud
3054 1379 3170 1448 eius
3201 1378 3322 1434 solo
3348 1377 3502 1448 liga.-;.
3531 1387 3630 1447 quo
3651 1389 3732 1433 ra-

2145 1470 2328 1528 dicem
2356 1471 2617 1539 Stabiliat,
2645 1471 2788 1526 aliud
2816 1472 2867 1525 in
2908 1487 3068 1537 auras
3089 1479 3438 1540 promoveat,
3459 1479 3570 1539 Tque
3593 1469 3734 1525 robur

2157 1565 2390 1631 nutriat,
2416 1568 2700 1634 ramosque
2727 1563 2986 1619 diliun‘dat
3010 1579 3026 1629 ;
3054 1562 3149 1619 sed
3179 1562 3323 1618 illius
3347 1561 3438 1632 qui
3464 1560 3555 1617 dat
3580 1561 3732 1620 inem-

2156 1661 2419 1713 mentum.
2442 1655 2678 1711 Medicus
2697 1656 2854 1710 etiam
2882 1660 3024 1724 a-gro
3045 1654 3256 1722 corpori
3276 1653 3584 1708 alimentum
3603 1651 3733 1709 aditi-

2156 1751 2280 1819 bet,
2331 1760 2386 1806 et
2431 1751 2714 1807 vulnerato
2759 1750 3209 1804 medicamentum
3245 1748 3519 1817 :priuuun
3556 1744 3732 1801 nonde

2158 1843 2470 1914 rebus'quas
2499 1844 2702 1899 creavit
2721 1885 2735 1910 ,
2761 1842 2856 1898 sed
2883 1853 3016 1913 quas
3043 1843 3254 1896 creatas
3288 1855 3454 1909 opere
3474 1838 3730 1894 Creatoris

2162 1935 2360 1990 invenit
2391 1954 2405 1990 :
2429 1935 2623 1990 deinde
2639 1935 2815 1990 cibiun
2842 1935 2922 1989 vel
2956 1940 3136 2003 potum
3165 1945 3472 2002 pra-parare
3505 1930 3662 2001 potuit
3684 1939 3729 1986 ct

2160 2030 2486 2097 ministrare,
2515 2030 2864 2100 emplastrum
2901 2020 3206 2082 formara'el
3243 2023 3729 2081 Iuedicatnentoilli-

2159 2119 2272 2176 tum
2303 2123 2318 2154 ¹
2346 2135 2644 2193 apponere;
2680 2135 2805 2178 num
2829 2119 2989 2176 etiam
3012 2134 3074 2174 ex
3108 2120 3173 2175 iis
3200 2135 3324 2189 qum
3351 2119 3731 2186 adhibet,

2161 2216 2266 2270 rari
2300 2224 2353 2268 et
2373 2228 2560 2269 creare
2587 2211 2734 2269 vires
2759 2213 2838 2267 vel
2867 2227 3080 2267 carnem
3115 2212 3332 2282 potest?
3359 2211 3548 2266 Natura
3578 2209 3623 2263 id
3639 2209 3732 2278 agit

2162 2307 2413 2362 interiore
2460 2316 2637 2373 motu,
2674 2306 2933 2376 nobisque
2973 2304 3362 2358 occultissimo.
3389 2303 3483 2358 (Σιιί
3511 2305 3670 2356 tanien
3694 2300 3731 2354 si

2145 2398 2304 2454 ’Deus
2344 2395 2620 2453 subtrahat
2638 2397 3002 2468 operationem
3037 2395 3284 2451 intimam
3307 2439 3322 2461 ,
3348 2398 3448 2466 qua
3477 2408 3586 2449 eam
3623 2391 3732 2448 'sub—

2161 2495 2331 2550 Stilttil
2359 2487 2413 2549 et
2439 2493 2564 2549 facit
2584 2535 2598 2559 ,
2625 2493 2880 2550 Continuo
2905 2489 3154 2564 tanquam
3185 2491 3468 2551 exstincta,
3500 2486 3634 2543 nulla
3654 2499 3727 2540 re-

2161 2580 2417 2642 manebit.
3421 2597 3424 2599 λ

2232 2680 2323 2736 28.
2364 2679 2698 2748 Quapropter
2743 2691 2864 2732 cum
2928 2677 3068 2732 Deus
3115 2677 3424 2732 universam
3467 2681 3729 2729 creaturam

2162 2789 2311 2829 suam
2359 2771 2608 2842 bipartito
2646 2770 3042 2841 quodammodo
3069 2781 3234 2839 Opere
3285 2761 3728 2841 provit’lentize,'tle

2161 2881 2268 2937 quo
2295 2866 2346 2920 in
2377 2865 2652 2934 superiore
2683 2865 2818 2919 libro
2838 2863 2999 2918 locuti
3031 2867 3221 2916 Stunus
3247 2864 3397 2936 (Cap.
3437 2861 3471 2916 9
3492 2901 3506 2928 ,
3533 2858 3592 2914 l9
3620 2855 3725 2925 ‘26).

2161 2966 2217 3014 et
2245 2958 2297 3012 in
2325 2956 2654 3012 naturalibus
2673 2963 2726 3010 et
2749 2957 2801 3010 in'
2824 2957 3131 3010 voluntariis
3154 2956 3390 3010 motibus
3413 2949 3726 3010 administrat,

2147 3062 2345 3106 "creare
2375 3059 2616 3103 naturam
2648 3059 2751 3102 tam
2782 3048 2960 3102 nullus
2991 3047 3209 3118 angelus
3243 3054 3446 3117 potest,
3476 3057 3619 3115 quam
3647 3051 3727 3092 nec

2161 3143 2416 3213 Seipsum.
2441 3141 2698 3196 Voluntas
2723 3145 2847 3196 vero
2882 3140 3121 3212 angelica
3148 3131 3461 3195 obedienter
3496 3137 3598 3190 Deo
3620 3131 3725 3185 sub-

2145 3229 2270 3289 ‘dita
2291 3278 2305 3302 ,
2334 3235 2554 3305 ejusque
2590 3234 2840 3288 eXSet-uta
2873 3220 3168 3303 lusSi‘oncm
3191 3275 3204 3298 ,
3245 3222 3564 3286 naturalibus
3592 3222 3725 3279 moti-

2159 3326 2263 3381 bus
2289 3327 2356 3382 de
2383 3328 2543 3381 rebus
2571 3325 2823 3394 subjectis
2852 3336 3100 3396 tanquam
3125 3326 3408 3380 materiam
3435 3320 3723 3382 ministrare,

2161 3427 2223 3473 ut
2250 3418 2540 3472 secundum
2571 3417 2688 3472 illas
2716 3417 3030 3488 principales
3060 3417 3110 3470 in
3137 3416 3320 3471 Verbo
3351 3415 3437 3470 Dei
3469 3423 3565 3467 non
3600 3421 3725 3464 crea-

2159 3517 2245 3564 tas
2267 3552 2280 3576 ,
2309 3509 2392 3564 vol
2419 3510 2710 3564 secundum
2740 3509 2858 3565 illas
2885 3510 2934 3563 in
2961 3508 3146 3579 primis
3166 3523 3264 3563 seu
3288 3508 3486 3564 dierum
3512 3500 3725 3573 operibus

2163 3589 2666 3657 eauSalitercreatas
2697 3603 2929 3656 ratiunes
2956 3601 3151 3672 aliquid
3184 3602 3235 3656 in
3274 3602 3720 3671 temporeci'ecltll‘.

2164 3697 2313 3749 more
2359 3693 2680 3765 agricolandi
2726 3695 2808 3749 vel
2855 3694 3102 3748 medendi
3151 3703 3348 3764 potest.
3379 3691 3536 3761 Quale
3576 3688 3725 3755 ίιεπιιιθ

2149 3787 2518 3842 ministerium
2552 3788 2661 3841 Deo
2693 3786 3032 3841 exhibuerlnt
3059 3787 3247 3857 Angeli
3291 3791 3349 3842 in
3390 3786 3474 3841 illa
3519 3776 3724 3837 mulieris

2163 3876 2513 3943 formatione,
2543 3880 2660 3950 quis
2691 3878 2883 3932 audeat
2909 3880 3214 3934 aliirtuare?
3243 3877 3547 3935 Certisslme
3574 3881 3722 3926 tamen

2163 3960 2386 4024 dixerim
2413 4012 2426 4035 ,
2459 3969 2888 4040 supplementum
2921 3969 3050 4024 illud
3078 3970 3257 4026 carnis
3289 3971 3340 4024 in
3370 3977 3525 4024 costa:
3552 3964 3718 4021 locum,

2139 4061 2433 4133 'ipsiusque
2460 4059 2673 4116 femina:
2701 4075 2894 4132 corpus
2915 4070 2968 4116 et
2994 4063 3222 4116 animant
3253 4057 3720 4119 conformationem-

2161 4169 2264 4223 que
2294 4153 2653 4209 membrorum
2676 4195 2689 4218 ,
2739 4153 2915 4208 omnia
2963 4153 3164 4208 viscera
3187 4197 3201 4221 ,
3231 4162 3420 4210 s‘ensns
3450 4159 3647 4208 oumes,
3673 4149 3717 4195 et

2161 4246 2414 4318 quidquid
2445 4257 2557 4302 erat
2587 4262 2692 4317 quo
2724 4246 2806 4300 illa
2833 4254 2887 4302 et
2911 4253 3155 4302 creatura
3194 4255 3250 4303 et
3293 4247 3449 4302 homo
3473 4251 3521 4296 et
3555 4235 3719 4293 femina

2161 4350 2306 4405 erat,
2340 4339 2549 4393 nonnisi
2579 4339 2629 4392 in
2654 4339 2744 4393 illo
2770 4353 2931 4408 opere
2959 4339 3047 4392 Dei
3074 4338 3288 4404 factum,
3315 4334 3449 4408 quod
3481 4335 3605 4386 Deus
3631 4337 3716 4378 lio"

2161 4450 2257 4503 per
2288 4431 2518 4502 Angelos
2537 4475 2551 4498 ,
2587 4431 2678 4487 sed
2708 4447 2801 4501 per
2826 4432 3168 4501 semetipsum
3196 4475 3209 4498 ,
3259 4447 3362 4486 non
3395 4429 3624 4497 operatus
3650 4422 3717 4469 οδε

2145 4535 2212 4579 et
2256 4524 2484 4584 dimisit.
2517 4523 2609 4578 sed
2651 4524 2715 4577 ita
2746 4523 3116 4578 continuantur
3145 4532 3413 4594 operatur,
3444 4526 3497 4570 ιιι
3522 4519 3610 4568 hec
3641 4506 3708 4560 ul-

2161 4619 2330 4672 larmn
2380 4618 2599 4672 aliarum
2643 4631 2821 4672 rerum
2845 4658 2858 4680 ,
2905 4619 3003 4672 nec
3039 4617 3275 4687 ipsorum
3305 4612 3609 4685 Angelorum
3637 4612 3714 4654 nn-

2157 4719 2273 4765 tura
2307 4711 2589 4778 subsistat,
2622 4710 2664 4764 si
2693 4713 2797 4764 non
2829 4718 3092 4780 operetur.
3175 4773 3197 4800 .
3633 4786 3643 4798 Ι

2157 4803 2240 4859 ΟΛ
2250 4803 2382 4861 PUT
2413 4803 2552 4859 XVI.
2570 4834 2639 4843 -—
2662 4802 2896 4857 Tui-ditus
2922 4801 3108 4875 ingenii
3126 4792 3334 4858 Inian
3353 4809 3449 4854 non
3468 4792 3714 4860 assequi!”

2797 4910 2951 4966 Opera
2993 4892 3106 4950 Dei.

2228 4989 2319 5044 29.
2362 4985 2464 5043 Sed
2488 4987 2737 5058 quoniam
2764 4965 2981 5042 carnem
3013 4987 3296 5041 animatum
3323 4990 3477 5052 atque
3503 4965 3708 5028 sentien-

2160 5091 2264 5137 tem
2288 5125 2300 5145 ,
2331 5088 2585 5152 quanlmn
2621 5088 2861 5134 naturam
2891 5096 3066 5135 rcrmn
3089 5096 3181 5150 pro
3212 5077 3437 5134 humano
3461 5071 3705 5163 captu-9f

2151 5173 2322 5247 periri
2357 5171 2656 5243 potuimus,
2687 5165 2793 5226 non
2820 5169 3063 5226 novimus
3089 5171 3263 5236 nasci,
3292 5162 3389 5224 nisi
3417 5170 3502 5218 aut
3526 5155 3706 5248 existi?

2157 5245 2404 5339 tanquam
2470 5267 2830 5322 materialibus
2873 5266 3190 5334 elementis,
3231 5264 3330 5319 hoc
3380 5265 3457 5314 est
3501 5257 3621 5342 aqua
3660 5245 3705 5342 et

2155 5370 2294 5416 terra
2318 5404 2331 5425 ,
2362 5369 2452 5413 aut
2489 5376 2551 5413 ex
2589 5357 2864 5413 fruticibus
2909 5357 2993 5413 vel
3035 5355 3292 5429 lignOrum
3326 5345 3594 5408 fructibus,
3631 5327 3700 5418 Vi"

2153 5455 2311 5509 etiam
2337 5469 2400 5506 ex
2430 5452 2678 5506 carnibus
2703 5449 3036 5517 animalium,
3067 5451 3203 5504 sicut
3230 5429 3699 5526 innumerabilia?"

2154 5562 2280 5602 nera
2311 5545 2572 5600 vermium
2601 5545 2711 5599 sive
2737 5544 3033 5614 reptilium,
3068 5553 3158 5598 aut
3181 5551 3321 5599 certe
3359 5549 3420 5590 ex
3448 5517 3696 5585 concubitu

2143 5648 2467 5711 parentum,
2515 5637 2714 5694 nullam
2752 5646 2927 5693 autem
2965 5652 3182 5694 carnem
3223 5641 3394 5690 natam
3434 5620 3613 5678 scimus
3635 5617 3689 5660 εἰ

2215 5756 2232 5785 ¹
2260 5752 2394 5814 Editi,
2411 5749 2762 5802 medicamema
2783 5748 2912 5802 ilico.
2949 5756 3002 5800 Αι
3023 5757 3152 5814 Mss,
3182 5740 3510 5803 medicametdo
3531 5724 3694 5779 illitum-
