3902 6322
320 376 519 418 -earne
534 358 818 430 ειιμιὶῦει
840 358 1152 423 animantis,
1178 373 1295 429 qua;
1328 367 1431 413 tam
1455 365 1598 414 esset
1626 358 1675 411 ei
1711 358 1899 413 similis
1918 400 1932 425 ,

344 466 409 509 ut
446 471 581 512 sexu
626 462 835 512 tantum
876 453 1297 515 discemcretur;
1349 451 1643 519 (interimus
1682 451 1733 503 in
1779 451 1936 506 rebus

330 546 639 615 wreatiwis
664 544 822 616 huius
842 545 1239 603 similitudinem
1260 584 1273 608 ,
1306 559 1407 613 qua
1434 542 1626 596 mulier
1643 541 1710 596 de
1740 542 1835 596 viri
1863 542 1937 596 Ia—

330 647 461 701 ,tere
490 638 627 691 facta
648 645 775 701 est,
803 644 900 691 nec
926 646 1205 705 possumus
1232 632 1467 689 invenire
1498 649 1510 685 :
1544 646 1647 686 non
1675 632 1744 687 ob
1770 630 1931 697 aliud,

346 730 445 784 nisi
477 730 597 799 quia
642 728 887 782 homines
931 726 1375 797 quemadmodum
1415 732 1701 794 operentur
1738 724 1791 777 in
1838 724 1935 778 hac

346 831 487 874 terra
518 820 805 884 novimus;
837 818 1277 887 quemadmodum
1316 825 1490 871 autem
1534 816 1720 886 Angcli
1752 816 1801 869 in
1834 814 1932 869 hoc

334 912 545 973 mundo
592 910 985 981 quodammodo
1024 909 1398 980 agriCoIcntur,
1431 918 1539 964 nOn
1580 908 1756 976 utique
1784 907 1933 961 novi-

338 1020 481 1060 mus.
510 1005 645 1059 Nam
675 1002 910 1073 profecto
936 1002 981 1057 si
1011 1011 1211 1058 remota
1243 1001 1516 1055 hominum
1548 1000 1803 1054 industria
1832 998 1933 1054 fru-

334 1096 503 1153 ticum
551 1110 723 1163 genus
772 1102 976 1149 natura:
1017 1107 1208 1148 cursus
1252 1101 1582 1161 operaretur,
1630 1090 1759 1145 nihil
1789 1089 1929 1144 aliud

325 1200 624 1242 .nossemus
653 1199 812 1255 quam
839 1198 909 1239 ex
948 1191 1087 1239 terra
1117 1182 1263 1237 nasci
1299 1183 1517 1237 arbores
1540 1191 1593 1235 et
1619 1179 1812 1235 herbas
1833 1219 1847 1243 ,
1878 1187 1930 1233 et

336 1286 406 1333 ex
436 1292 622 1331 earum
652 1276 948 1331 seminibus
968 1315 981 1337 ,
1014 1275 1081 1329 ab
1108 1275 1186 1328 cis
1211 1273 1391 1329 itidem
1423 1274 1473 1327 iu
1508 1280 1704 1326 terram
1731 1270 1929 1326 caden-

330 1373 517 1428 tibus:
550 1369 803 1439 numquid
831 1370 1189 1423 innotescerct
1230 1366 1382 1421 nobis
1420 1365 1544 1435 quid
1576 1364 1775 1419 valeret
1803 1361 1930 1417 insi-

337 1466 445 1529 tio,
476 1473 533 1518 ut
565 1462 785 1517 alterius
809 1460 1021 1532 generis
1052 1460 1248 1531 lignum
1289 1459 1465 1513 radice
1491 1457 1701 1528 propria
1728 1498 1742 1523 ,
1775 1469 1928 1525 poma

334 1565 577 1626 portaret
617 1554 822 1617 aliena,
856 1562 944 1618 et,
985 1552 1320 1606 coalescente
1360 1549 1592 1613 unitate,
1637 1548 1747 1617 jam
1792 1546 1926 1601 sua?

333 1648 465 1702 Hice
489 1662 584 1717 per.
602 1645 956 1714 agrictilarum
982 1658 1143 1713 opem
1172 1640 1450 1697 didicimus
1468 1681 1482 1707 ,
1510 1655 1631 1694 eum
1660 1638 1759 1709 ipsi
1780 1653 1925 1693 crea-

336 1750 485 1795 tores
530 1740 778 1794 arborum
810 1738 958 1792 nullo
984 1735 1142 1791 modo
1172 1746 1382 1798 essent,
1416 1733 1509 1788 sed
1553 1744 1757 1787 natura:
1798 1747 1922 1786 cur-

330 1847 457 1888 sum
487 1833 592 1887 Deo
608 1831 809 1886 creanti
832 1844 985 1883 suum
1006 1826 1268 1899 quoddam
1295 1826 1525 1880 officium
1548 1824 1924 1879 ministeriums

333 1941 445 1996 que
487 1924 806 1993 przcberent.
848 1922 1188 1991 Nequaquam
1219 1920 1359 1974 enim
1391 1919 1673 1989 quidquam
1707 1933 1802 1987 per
1829 1931 1920 1972 eo-

331 2032 457 2077 rum
488 2030 643 2084 opera
673 2015 962 2077 existeret,
989 2014 1033 2066 si
1063 2013 1163 2066 hoc
1214 2012 1265 2064 in
1296 2011 1385 2065 Dei
1427 2025 1587 2078 Opere
1614 2010 1793 2063 intima
1825 2023 1921 2062 na-

334 2118 474 2165 tunc
493 2108 626 2162 ratio
648 2122 755 2161 non
778 2106 1018 2161 haberet.
1048 2104 1185 2172 Quid
1208 2118 1336 2173 ergo
1358 2104 1547 2157 mirum
1578 2102 1625 2156 si
1652 2102 1919 2156 hominem

330 2217 407 2257 ex
445 2215 566 2255 osse
592 2200 824 2253 hominis
849 2198 1039 2254 factam
1067 2212 1171 2252 non
1199 2197 1438 2251 novimus
1458 2237 1470 2260 ,
1495 2194 1704 2265 quando
1724 2196 1919 2249 creanti

333 2291 450 2353 Deo
479 2288 921 2361 qttetmdm'odum
963 2288 1149 2358 Angcli
1191 2288 1426 2342 serviant
1449 2288 1784 2357 ignoramus;
1831 2287 1920 2355 qui

333 2398 437 2438 nec
466 2384 707 2447 arborem
736 2396 805 2437 ex
845 2380 1053 2435 arboris
1081 2380 1296 2434 surculo
1322 2378 1372 2431 in
1406 2376 1597 2430 robore
1630 2377 1803 2429 alieno
1841 2376 1918 2429 fa-

330 2487 479 2531 ctam
506 2490 663 2531 nosse
690 2488 992 2544 possemus,
1021 2473 1066 2527 si
1084 2482 1147 2527 et
1174 2472 1272 2526 ista
1304 2471 1411 2524 Deo
1437 2469 1637 2524 creanti
1664 2468 1919 2537 quemad‘

330 2568 549 2625 modum
573 2568 822 2639 agricolze
849 2566 1115 2632 serviant,
1145 2565 1387 2618 similiter
1415 2562 1780 2616 nesciremus?

407 2664 492 2719 30.
532 2661 689 2717 Nuilo
719 2661 877 2719 modo
909 2671 1082 2714 tamen
1123 2657 1425 2711 dubitamus
1463 2663 1515 2709 et
1547 2654 1821 2709 hominum
1864 2654 1916 2709 et

328 2754 582 2809 arborum
616 2753 823 2807 nonnisi
869 2753 1032 2806 Deum
1067 2764 1190 2805 esse
1232 2760 1551 2813 creatorem,
1586 2745 1917 2817 fideliterque

329 2846 601 2900 credimus
627 2844 814 2899 factam
841 2842 1086 2897 feminam
1114 2857 1178 2895 ex
1208 2844 1340 2903 viro,
1369 2840 1514 2893 nullo
1536 2837 1919 2894 interveniente

330 2938 643 3002 concubitu,
686 2935 894 2991 etiamsi
930 2935 1065 2987 forte
1091 2942 1235 2987 costa
1276 2932 1501 2986 hominis
1531 2931 1821 2984 ministrata
1852 2930 1920 2984 sit

331 3044 430 3098 per
453 3028 687 3098 Angelos
714 3028 764 3081 in
797 3041 958 3096 opere
984 3024 1251 3079 Creatoris
1284 3041 1296 3075 :
1327 3023 1463 3077 sicut
1492 3020 1715 3074 fideliter
1741 3019 1915 3074 credi-

330 3120 452 3176 mus
472 3120 631 3174 etiam
653 3122 821 3173 virum
847 3116 1039 3172 factum
1058 3131 1125 3171 ex
1149 3113 1342 3169 femina
1367 3114 1511 3167 nullo
1535 3113 1919 3167 interveniente

329 3210 637 3278 concubitu,
665 3225 784 3264 cum
809 3224 991 3264 semen
1025 3207 1251 3262 Abrahae
1278 3204 1591 3275 dispositum
1620 3213 1695 3257 est
1729 3203 1801 3274 (τι)
1828 3217 1918 3273 per

334 3303 569 3372 Angelos
599 3303 649 3357 in
681 3317 839 3355 manu
884 3298 1195 3355 mediatoris
1222 3296 1414 3368 (Colat.
1448 3312 1523 3360 ιιι,
1557 3295 1667 3363 i9).
1701 3289 1919 3348 Utrumé

330 3412 437 3467 que
479 3394 784 3448 infidelibus
822 3391 1130 3447 incredibile
1159 3398 1271 3455 est;
1324 3388 1565 3442 ﬁdelibus
1597 3400 1771 3439 autem
1823 3402 1918 3441 cur

331 3486 402 3541 ad
442 3488 515 3540 rei
555 3496 717 3555 gestae
751 3485 1123 3553 proprietatem
1169 3479 1309 3549 quod
1359 3478 1425 3533 de
1471 3477 1680 3532 Christo
1724 3476 1915 3532 factum

331 3585 436 3640 est,
482 3585 535 3629 ct
565 3583 765 3629 tantum
807 3574 869 3627 ad
904 3574 1178 3643 figuratam
1206 3569 1638 3640 significationem
1682 3566 1820 3636 quod
1849 3566 1916 3621 de

332 3668 445 3723 Eva
477 3668 728 3735 scriptum
757 3676 853 3727 est,
902 3664 1152 3718 credibile
1182 3663 1419 3715 videatur
1451 3661 1502 3712 ‘?
1533 3661 1610 3713 An
1646 3676 1770 3712 vero
1801 3660 1914 3712 sine

330 3754 644 3830 cujusquam
687 3755 967 3812 concubitu
1014 3754 1095 3808 vir
1126 3752 1191 3808 ex
1222 3752 1415 3807 femina
1455 3750 1565 3805 fieri
1612 3750 1799 3820 potuit,
1834 3748 1912 3803 fe-

332 3856 475 3910 mina
517 3871 581 3909 eit
612 3854 727 3907 viro
768 3869 871 3906 non
915 3852 1122 3921 potuit?
1150 3859 1201 3904 ct
1241 3849 1511 3919 virginalis
1553 3859 1733 3901 uterus
1776 3828 1916 3901 unde

331 3946 414 3998 vir
444 3946 592 4000 fieret
641 3944 881 4009 habebat,
935 3942 1086 3995 virile
1132 3950 1306 3994 autem
1353 3940 1490 3992 latus
1534 3938 1675 3991 unde
1721 3938 1912 3991 femina

335 4037 488 4091 fieret
518 4052 621 4089 non
661 4035 907 4097 habebat,
939 4049 1059 4087 cum
1092 4034 1175 4088 hic
1200 4033 1451 4086 Dominus
1480 4030 1548 4085 de
1577 4030 1771 4084 famula
1814 4045 1911 4082 na-

331 4140 596 4193 sceretur,
628 4128 695 4181 ibi
726 4127 792 4180 de
830 4142 984 4181 servo
1015 4124 1203 4178 famula
1237 4122 1587 4177 I‘ormaretnr?
1619 4122 1830 4174 Poterat
1861 4129 1913 4174 et

336 4220 589 4274 Dominus
614 4234 825 4273 carnem
850 4232 996 4269 suam
1018 4216 1083 4269 de
1110 4225 1254 4269 costa
1279 4214 1357 4268 vel
1383 4211 1448 4267 de
1474 4214 1649 4281 aliquo
1673 4213 1911 4265 membro

334 4300 564 4383 Virginis
593 4326 812 4374 creare;
842 4309 934 4363 sed
975 4309 1061 4377 qui
1094 4316 1270 4378 posset
1299 4305 1578 4359 ostendere
1609 4303 1658 4357 in
1689 4302 1910 4371 corpore

333 4420 435 4458 suo
465 4405 565 4457 hoc
594 4419 651 4457 se
682 4403 867 4455 iterum
901 4400 1087 4455 fecisse
1115 4396 1252 4468 quod
1299 4397 1488 4450 factum
1520 4405 1617 4457 est,
1650 4394 1826 4448 nailius
1856 4395 1911 4469 in

332 4497 521 4550 matris
567 4510 788 4564 corpore
832 4492 1060 4547 ostendit
1106 4490 1232 4543 nihil
1278 4488 1577 4558 pudendum
1622 4503 1739 4541 esse
1770 4486 1908 4556 quod

328 4598 536 4643 C3310"!
564 4594 663 4640 CSl.

329 4678 557 4735 CAPUT
596 4673 755 4731 XVII.
783 4705 851 4716 -—
880 4660 1110 4727 Muliéris
1153 4670 1433 4743 formanda:
1466 4672 1592 4723 ratio
1623 4685 1688 4721 an
1730 4669 1781 4721 in
1814 4669 1906 4721 Ito-

405 4773 553 4825 mim’s
596 4769 788 4823 causali
834 4767 1115 4821 conditione
1151 4764 1219 4817 ad
1262 4771 1452 4817 sextum
1498 4763 1627 4816 diem
1669 4762 1909 4829 pertinere

404 4860 754 4929 prwexstubat.

404 4956 491 5011 5i.
532 4942 683 5019 Quod
709 4952 750 5006 si
783 4952 1053 5021 qureritur,
1088 4948 1353 5020 quomodo
1382 4962 1438 5002 se
1468 4946 1657 5001 habeat
1683 4947 1908 5001 causalis

331 5045 417 5101 illa
447 5044 701 5111 conditio,
746 5044 797 5096 in
827 5059 925 5111 qua
954 5043 1178 5112 primum
1221 5040 1487 5094 hominem
1516 5040 1652 5094 Deus
1684 5037 1805 5094 fecit
1842 5038 1908 5094 ad

332 5140 618 5207 imaginem
649 5150 710 5189 ac
739 5133 1134 5188 similitudinem
1167 5147 1313 5186 suam
1345 5130 1449 5203 (ibi
1490 5131 1684 5200 quippe
1727 5139 1779 5184 et
1809 5130 1909 5185 hoc

327 5228 528 5283 dictum
550 5233 646 5288 est,
671 5225 953 5278 Masculus:
970 5232 1014 5276 et
1032 5226 1268 5292 pruinam
1293 5221 1408 5291 fecit
1428 5238 1509 5274 eos
1536 5218 1685 5292 [ϐαι.
1712 5236 1747 5285 t,
1770 5218 1904 5292 27)]:

331 5330 508 5373 utrum
550 5316 656 5385 jam
706 5315 791 5368 illa
839 5314 991 5378 ratio,
1040 5328 1199 5381 quam
1241 5310 1419 5365 mundi
1452 5310 1634 5383 primis
1664 5311 1908 5380 operibus

330 5407 654 5472 cencrcavit,
687 5414 843 5474 atque
873 5403 1139 5457 concrevit
1166 5392 1326 5467 Deus,
1369 5400 1418 5455 id
1452 5400 1697 5465 habebat,
1730 5411 1783 5456 nt
1821 5416 1906 5457 se—

330 5500 563 5555 cundum
590 5508 711 5552 eam
728 5496 837 5565 jam
861 5508 1077 5549 necesse
1096 5502 1237 5547 esset
1263 5509 1327 5547 ex
1343 5491 1439 5547 viri
1469 5492 1635 5547 latere
1661 5492 1915 5547 feminam

398 5658 415 5689 ¹
451 5665 498 5706 ιιι
716 5660 807 5701 non
826 5648 1055 5711 videatur.
1075 5652 1219 5700 Abest
1238 5660 1331 5699 non
1347 5660 1376 5698 a
1398 5655 1502 5700 Mss.

395 5718 471 5780 (α)
494 5724 526 5766 ιι
550 5721 753 5766 Retract.
777 5724 820 5763 c.
842 5710 921 5772 2t,
945 5725 992 5759 ιι.
1027 5710 1071 5759 2.

1728 243 1925 302 LIBER
1962 244 2204 302 NONUS.

3514 261 3621 319 406

2032 357 2157 413 "fieri
2178 379 2199 418 ;η
2221 372 2290 413 an
2314 358 2425 413 hoe
2439 368 2641 414 tantum
2658 360 2893 418 habebat
2909 375 2966 419 ut
2988 365 3102 421 ﬁeri
3134 379 3330 438 posset,
3359 379 3414 425 ut
3441 380 3619 430 autem

2030 451 2114 505 ita
2148 452 2258 506 fieri
2289 466 2509 506 necesse
2535 458 2698 519 esset,
2743 460 2848 509 non
2880 457 2947 510 ibi
2983 458 3091 527 jam
3118 462 3409 530 conditum,
3440 467 3531 520 sed
3562 467 3619 523 in

2045 543 2294 599 Dco'crat
2312 545 2728 600 absconditum:
2761 549 2806 602 si
2849 548 2953 605 hoc
2975 567 3103 621 ergo
3138 556 3409 623 quaeritur,
3445 559 3616 617 dicam

2039 634 2165 704 quid
2194 635 2324 690 mihi
2358 636 2603 693 videatur
2636 638 2753 693 sine
2784 640 3079 698 affirmandi
3113 650 3408 703 temeritate
3434 670 3446 717 ;
3478 660 3621 727 quod

2032 734 2216 781 tamen
2263 728 2611 794 etimtdixero,
2655 730 2879 788 fortasse
2916 736 3201 802 prudenter
3230 740 3328 796 ista
3369 748 3619 805 conside-

2030 826 2237 882 rantes,
2285 834 2419 887 quos
2459 820 2577 888 jam
2612 820 2894 877 christiana
2945 826 3074 881 fides
3122 830 3326 898 imbuit,
3380 839 3538 895 etiam
3568 843 3619 897 si

2041 922 2178 961 nunc
2208 911 2451 977 primitus
2482 911 2578 964 ista
2605 925 2949 982 cognoscunt,
2985 934 3088 973 non
3125 934 3244 977 esse
3268 924 3618 989 dubitandum

2033 1000 2361 1069 iudicabunt.

2110 1095 2197 1150 5:2.
2238 1097 2422 1153 Omnis
2453 1098 2569 1153 iste
2590 1108 2788 1154 natnrze
2834 1103 3206 1160 usitatissimus
3237 1122 3425 1166 cursus
3455 1113 3616 1172 habet

2036 1186 2291 1255 quasdam
2319 1190 2583 1244 naturales
2609 1192 2751 1261 leges
2782 1207 2921 1253 snas,
2948 1196 3237 1252 secundum
3264 1216 3394 1269 quas
3420 1214 3473 1259 et
3501 1208 3613 1276 spi-

2036 1278 2168 1333 ritus
2193 1279 2331 1342 \‘IliD,
2363 1280 2451 1349 qui
2478 1292 2719 1335 ereatura
2748 1293 2846 1347 est,
2881 1284 3038 1339 habet
3063 1290 3317 1356 quosdam
3348 1297 3613 1363 appetitus

2034 1384 2159 1425 suos
2182 1372 2557 1426 determinatus
2582 1373 2991 1443 quodammodo,
3017 1393 3148 1447 quos
3173 1381 3331 1436 etiam
3359 1385 3492 1438 mala
3527 1401 3613 1441 vo-

2032 1461 2207 1517 Iuntas
2238 1478 2340 1518 non
2376 1464 2835 1533 possitexcedere.
2867 1468 2931 1521 Et
2960 1470 3218 1525 elementa
3251 1475 3429 1529 mundi
3453 1476 3610 1548 hujus

2030 1556 2270 1623 corporei
2302 1555 2495 1610 habent
2532 1556 2803 1612 definitam
2838 1560 2942 1612 vim
2972 1563 3381 1634 qualitatcmque
3416 1581 3565 1623 suam
3587 1612 3602 1637 ,

2032 1646 2159 1716 quid
2174 1648 2579 1721 unumquodqi‘ie
2606 1650 2775 1703 valeat
2803 1652 2882 1705 vel
2912 1667 3015 1705 non
3041 1655 3230 1720 valeat,
3256 1657 3378 1725 quid
3411 1658 3475 1713 de
3502 1672 3609 1731 quo

2030 1739 2146 1795 fieri
2176 1742 2341 1810 possit
2382 1744 2461 1796 vel
2494 1756 2597 1796 non
2629 1744 2814 1813 possit.
2866 1745 2939 1798 Ex
2986 1744 3067 1799 Itis
3114 1748 3258 1802 velut
3302 1751 3607 1819 primordiis

2029 1846 2228 1899 rerum,
2269 1836 2444 1887 omnia
2475 1850 2591 1903 (tua:
2633 1836 2939 1905 gignuntur,
2986 1854 3082 1891 suo
3111 1854 3321 1909 quoque
3365 1850 3606 1914 tempore

2028 1937 2244 1980 exortus
2289 1942 2673 1997 processusque
2719 1939 2951 1995 sumunt,
2989 1930 3223 2002 finesque
3249 1942 3301 1988 et
3340 1936 3607 1993 decessio-

2029 2032 2124 2072 nes
2154 2020 2231 2071 sui
2258 2019 2512 2089 cujusque
2541 2022 2769 2090 generis.
2817 2021 2965 2077 Unde
2995 2023 3049 2076 flt
3079 2032 3135 2076 ut
3162 2023 3227 2077 de
3250 2040 3416 2094 grano
3446 2014 3633 2083 tritici‘

2028 2122 2132 2161 non
2161 2117 2408 2163 nascatur
2436 2109 2570 2176 faba,
2594 2111 2675 2164 vel
2704 2112 2769 2165 de
2797 2111 2911 2165 faba
2939 2113 3190 2179 triticum,
3218 2116 3300 2169 vel
3322 2116 3387 2171 de
3410 2132 3601 2186 pecore

2030 2201 2206 2267 homo,
2241 2203 2320 2256 vel
2352 2202 2418 2257 de
2447 2202 2659 2257 homine
2689 2219 2865 2273 pecus.
2916 2206 3085 2274 Super
3112 2206 3252 2262 hunc
3282 2220 3455 2264 autem
3483 2227 3600 2267 mo-

2029 2302 2135 2347 tum
2158 2296 2171 2325 ¹
2196 2309 2512 2364 cursumque
2536 2310 2709 2349 rerum
2742 2298 3053 2362 naturalem,
3082 2308 3315 2366 potestas
3338 2301 3603 2358 Creatoris

2028 2383 2187 2439 habet
2211 2387 2345 2454 apud
2368 2403 2424 2440 se
2444 2400 2595 2455 posse
2618 2388 2782 2440 dehis
2805 2388 3049 2441 omnibus
3068 2390 3240 2443 facere
3261 2391 3422 2456 aliud,
3443 2408 3603 2462 quam

2026 2491 2208 2531 eorum
2240 2478 2390 2546 quasi
2415 2480 2692 2531 srminales
2720 2480 2950 2533 rationes
2978 2480 3189 2545 habent,
3223 2496 3323 2535 non
3354 2492 3524 2538 tamen
3548 2485 3607 2539 id

2025 2568 2164 2636 quod
2194 2583 2295 2621 non
2330 2570 2378 2621 in
2409 2568 2488 2621 eis
2519 2569 2695 2637 posuit
2720 2579 2774 2623 ut
2797 2572 2862 2623 de
2890 2570 2971 2622 his
3000 2572 3111 2623 fieri
3140 2574 3219 2625 vel
3247 2574 3314 2626 ab
3341 2576 3453 2643 ipso
3477 2590 3599 2643 pos-

2025 2662 2093 2715 sit
2121 2663 2161 2713 ².
2193 2659 2371 2730 Neque
2417 2662 2556 2715 enim
2596 2662 2830 2730 potentia
2862 2664 3159 2727 temeraria,
3194 2664 3284 2716 sed
3327 2665 3600 2733 sapientia)

2026 2752 2215 2808 virtute
2254 2754 2589 2822 omnipotens
2630 2763 2744 2816 est;
2795 2765 2846 2806 et
2878 2754 2976 2807 hoc
3004 2754 3071 2809 de
3117 2771 3427 2825 unaquaque
3459 2773 3516 2810 re
3549 2758 3598 2811 in

2026 2854 2261 2913 tempore
2290 2860 2386 2897 suo
2432 2844 2571 2907 facit,
2619 2843 2757 2913 quod
2802 2855 2924 2899 ante
2964 2846 3014 2898 in
3060 2861 3119 2899 ea
3154 2845 3273 2900 fecit
3315 2857 3371 2900 ut
3404 2850 3588 2915 possit.

2023 2940 2176 2994 Alius
2204 2954 2329 3008 ergo
2372 2945 2453 2992 est
2482 2952 2656 2991 rerum
2688 2938 2877 2991 modus
2915 2953 3020 3008 quo
3064 2940 3147 2992 illa
3178 2940 3339 2993 herba
3370 2939 3443 2993 sic
3472 2956 3596 3009 ger-

2023 3032 2206 3093 minat,
2244 3031 2327 3083 illa
2361 3031 2470 3093 sic;
2505 3029 2588 3083 illa
2620 3039 2748 3083 artas
2784 3031 2936 3099 parit,
2972 3032 3056 3083 illa
3100 3046 3201 3084 non
3236 3034 3405 3101 parit;
3438 3032 3599 3087 homo

2022 3123 2169 3192 loqui
2193 3130 2382 3191 potest,
2408 3135 2571 3192 pecus
2598 3136 2701 3174 non
2746 3131 2935 3190 potest.
2970 3121 3166 3176 IIorum
3194 3132 3244 3177 et
3277 3124 3455 3178 talium
3484 3140 3599 3178 mo-

2022 3213 2209 3267 dorum
2237 3213 2468 3267 rationes
2506 3227 2610 3265 non
2653 3222 2852 3266 tantum
2886 3214 2935 3266 in
2967 3214 3073 3267 Deo
3107 3223 3249 3276 sunt,
3290 3216 3381 3270 sed
3413 3221 3479 3269 ab
3508 3216 3599 3270 illo

2021 3306 2178 3359 etiam
2210 3302 2366 3357 rebus
2390 3304 2581 3357 creatis
2614 3303 2791 3357 indita:
2821 3314 2978 3372 atque
3008 3314 3299 3358 concretum
3330 3306 3370 3358 ³.
3406 3306 3471 3360 Ut
3503 3322 3596 3359 au-

2023 3408 2129 3453 tem
2172 3399 2370 3468 lignum
2403 3396 2467 3451 de
2510 3406 2647 3451 terra
2678 3398 2935 3463 excisum,
2968 3398 3193 3461 aridum,
3240 3400 3554 3467 perpolitnm
3576 3441 3590 3465 ,

2021 3492 2134 3544 sine
2156 3491 2339 3544 radice
2359 3490 2484 3554 ulla,
2517 3490 2634 3543 sine
2662 3498 2799 3542 terra
2826 3498 2880 3543 et
2904 3504 3034 3559 aqua
3066 3500 3283 3559 repente
3314 3493 3515 3555 ﬂoreat,
3540 3502 3595 3547 et

2021 3586 2444 3655 fructnmgiguat
2476 3582 2659 3653 (Num.
2692 3599 2821 3649 xvii,
2848 3582 2926 3653 ὃ),
2961 3593 3015 3636 ιιι
3039 3600 3130 3651 per
3155 3584 3593 3651 jnventamsteri-

2019 3678 2083 3730 Iis
2114 3676 2303 3729 femina
2350 3676 2399 3727 in
2441 3682 2653 3727 senecta
2682 3673 2847 3741 pariat
2879 3671 3038 3743 ((-‘eu.
3074 3689 3225 3737 XVIII,
3260 3676 3313 3726 II
3345 3714 3358 3738 ,
3393 3683 3435 3726 et
3480 3691 3589 3741 xxr,

2018 3766 2107 3837 2),
2150 3774 2215 3827 ut
2244 3764 2386 3817 asina
2434 3764 2676 3831 loquatur
2716 3761 2911 3831 (Num.
2959 3778 3098 3826 xxu,
3144 3763 3269 3833 ‘23),
3315 3775 3365 3818 et
3396 3765 3437 3817 si
3468 3765 3594 3834 quid

2020 3855 2276 3926 ejusmodi
2318 3862 2418 3919 cst,
2451 3852 2594 3907 dedit
2622 3852 2831 3921 quidem
2863 3855 3082 3919 naturis,
3125 3869 3254 3922 quas
3278 3857 3493 3921 creavit,
3537 3866 3594 3910 ut

2018 3966 2080 4003 ex
2108 3949 2183 4001 eis
2230 3956 2283 4001 et
2329 3947 2439 4000 haec
2471 3946 2578 4000 fieri
2621 3954 2835 4014 possent
2886 3945 3097 4015 (neque
3124 3946 3262 3999 enim
3294 3964 3356 4000 ex
3388 3949 3463 4001 eis
3506 3947 3589 4002 vel

2018 4042 2106 4095 ille
2134 4041 2329 4095 faceret
2370 4039 2507 4110 quod
2540 4055 2604 4094 ex
2633 4039 2709 4093 eis
2741 4039 2851 4093 fieri
2884 4054 2987 4092 non
3018 4054 3170 4108 posse
3211 4042 3320 4109 ipse
3352 4040 3590 4110 przefige-

2017 4146 2116 4201 ret,
2140 4135 2386 4205 quoniam
2415 4135 2592 4203 seipso
2636 4148 2737 4186 non
2766 4141 2845 4186 est
2874 4148 2970 4186 nec
2999 4132 3108 4201 ipse
3138 4132 3425 4202 potentior)
3456 4151 3468 4185 :
3494 4148 3588 4187 ve—

2018 4235 2313 4281 rumtamcn
2354 4225 2457 4278 alio
2484 4223 2640 4277 modo
2686 4223 2850 4285 dedit,
2896 4230 2950 4276 ut
2978 4238 3080 4276 non
3113 4222 3225 4276 lucc
3254 4223 3507 4277 baberent
3537 4224 3587 4276 in

2018 4328 2160 4373 niotu
2209 4316 2451 4380 naturali,
2500 4316 2592 4369 sed
2641 4315 2689 4367 in
2740 4328 2803 4368 eo
2845 4329 2947 4384 quo
2978 4314 3045 4367 ita
3092 4324 3264 4367 creata
3296 4323 3492 4380 essent,
3536 4322 3597 4370 ut

2015 4426 2196 4464 eorum
2231 4419 2411 4462 natura
2431 4406 2683 4459 voluntati
2714 4405 2992 4473 potentiori
3018 4406 3243 4474 amplius
3269 4406 3585 4475 subjaccret.

2015 4483 2238 4556 CAPUT
2286 4497 2469 4551 XVIII.
2503 4494 2821 4548 —-Mu(icris
2870 4498 3150 4565 formanth
3190 4498 3315 4549 ratio
3345 4498 3415 4551 sic
3455 4515 3588 4568 pra:-

2252 4586 2487 4643 ea'istcbat
2530 4587 2601 4639 uti
2631 4596 2732 4639 crat
2760 4583 3001 4654 .Ilysterio
3038 4588 3345 4641 conrenicns.

2086 4668 2172 4736 55.
2216 4679 2381 4733 liabet
2408 4692 2534 4747 ergo
2557 4677 2695 4730 Deus
2717 4676 2765 4729 in
2793 4677 2966 4746 seipse
2987 4677 3319 4732 abSConditas
3339 4694 3589 4749 quorum-

2014 4772 2132 4828 dam
2165 4770 2419 4825 factornm
2450 4783 2655 4830 causas,
2687 4784 2815 4837 quas
2856 4767 3016 4821 rebus
3044 4768 3269 4823 conditis
3298 4785 3401 4823 non
3443 4771 3587 4825 inse-

2013 4865 2153 4929 ruit;
2188 4876 2380 4930 casque
2411 4859 2592 4928 implet
2622 4874 2726 4912 non
2756 4859 2843 4913 illo
2883 4873 3045 4927 opere
3087 4859 3448 4928 providenti-.13,
3481 4874 3586 4929 quo

2014 4966 2229 5011 naturas
2254 4953 2521 5009 substituit
2549 4962 2603 5006 ut
2632 4953 2753 5016 sint,
2784 4951 2876 5006 scd
2897 4951 2985 5005 illo
3016 4967 3117 5022 quo
3144 4967 3231 5004 cas
3257 4951 3587 5004 administrat

2015 5058 2070 5105 ut
2093 5048 2336 5114 voluerit,
2370 5061 2498 5116 quas
2530 5054 2585 5098 nt
2612 5045 2780 5099 voluit
2807 5044 3058 5099 Condidit.
3106 5043 3176 5097 Ibi
3208 5051 3287 5096 est
3317 5054 3364 5096 et
3395 5042 3582 5110 gratia,

2013 5158 2109 5214 per
2137 5157 2292 5212 quam
2320 5140 2449 5194 salvi
2480 5140 2606 5193 fiunt
2634 5147 2958 5207 peccatores.
2989 5136 3118 5191 Nam
3143 5137 3279 5205 quod
3304 5130 3489 5189 attinet
3518 5135 3586 5190 ad

2016 5242 2252 5287 naturain
2286 5231 2460 5299 iniqua
2490 5243 2582 5283 sua
2610 5229 2880 5284 voluntate
2915 5224 3271 5295 depravatum,
3312 5239 3584 5279 recursum

2015 5340 2108 5395 per
2132 5324 2468 5392 semetipsam
2499 5337 2602 5375 non
2627 5320 2805 5385 habet,
2846 5317 2938 5373 scd
2970 5333 3061 5387 per
3088 5316 3177 5371 Dei
3206 5316 3448 5388 gratiam,
3485 5334 3585 5388 qua

2078 5462 2093 5491 ί
2120 5466 2229 5508 Mss.
2249 5469 2356 5517 sex,
2380 5455 2590 5506 modum.

2012 5530 2033 5586 ι.
2075 5522 2095 5551 ³
2119 5520 2188 5586 sic
2211 5526 2314 5566 Mss.
2341 5514 2525 5586 omnes.
2563 5522 2615 5583 _Al
2645 5514 2806 5586 excusi
2832 5514 3024 5586 sublata.
3044 5516 3301 5586 negatione
3323 5526 3589 5586 perperam

2013 5583 2237 5650 ferebant
2260 5592 2271 5625 :
2302 5579 2433 5638 Quod
2456 5578 2506 5626 in
2527 5576 2596 5627 eis
2617 5584 2793 5639 portat,
2814 5584 2861 5626 ut
2886 5579 2947 5627 de
2974 5576 3048 5627 his
3063 5572 3173 5641 ﬁeri
3192 5576 3267 5628 uel
3284 5572 3461 5641 alisque
3484 5578 3591 5644 ipso
3608 5616 3620 5636 η,

2012 5649 2177 5708 vos“;

2078 5704 2097 5735 ³
2121 5710 2246 5759 Mss,
2269 5706 2516 5749 concrrta'.
