3902 6300
426 211 530 270 407

415 345 699 417 adiuvatur
739 357 794 404 et
843 345 1187 404 instauratur.
1236 345 1418 418 Neque
1478 347 1620 403 enim
1677 347 1996 418 desperandi

414 449 544 498 sunt
569 440 811 498 homines
841 443 892 496 in
927 442 1016 496 illa
1043 440 1325 504 sententia,
1358 439 1412 493 in
1446 453 1548 510 qua
1575 439 1829 509 scriptum
1873 449 1993 496 est:

412 533 604 590 Omnes
630 535 715 605 qui
739 534 997 588 ambulant
1020 534 1074 586 in
1103 549 1180 598 ea,
1226 549 1327 587 non
1353 541 1663 587 reuertentur
1695 531 1881 603 (Prov.
1911 549 1991 600 tt,

408 624 530 694 i9).
577 625 784 681 Dictum
822 633 906 680 est
945 623 1088 680 enim
1131 622 1422 679 secundum
1453 623 1660 695 pondus
1699 623 1995 695 iniquitatis

406 731 542 783 sum,
575 725 630 772 ut
657 715 795 786 quod
824 716 1122 781 revertitur,
1166 717 1257 786 qui
1287 717 1591 782 revertitur,
1621 731 1725 772 non
1764 716 1992 772 sibi-tri-

406 808 558 875 buat,
585 807 677 865 sed
708 808 891 879 gratiae
916 807 1033 876 Dei,
1063 822 1168 863 non
1188 823 1254 864 ex
1279 807 1635 880 eperibus,ue
1658 809 1793 864 forte
1819 808 1992 864 extol-

406 899 548 956 latur
575 898 787 970 (Epltes.
822 914 878 964 ιι,
904 898 984 970 9).

481 990 574 1044 54.
617 989 904 1059 Propterea
944 991 1254 1062 mysterium
1288 991 1472 1062 gratia:
1512 990 1670 1062 hujus
1707 993 1993 1063 Apostolus

407 1081 778 1139 absconditum
822 1082 974 1149 dixit,
1012 1099 1119 1139 non
1162 1082 1214 1138 in
1240 1083 1458 1150 mundo,
1502 1084 1556 1139 in
1584 1100 1690 1154 quo
1717 1095 1840 1139 sunt
1866 1086 1989 1140 abs-

406 1176 638 1232 conditae
674 1175 916 1230 causales
943 1176 1178 1231 rationes
1205 1176 1442 1231 omnium
1473 1191 1651 1232 rerum
1684 1177 1992 1232 naturaliter

404 1268 745 1331 oriturarum,
797 1267 935 1322 sicut
983 1266 1322 1322 absconditus
1365 1278 1482 1323 erat
1527 1268 1653 1324 Levi
1698 1269 1749 1324 in
1798 1270 1990 1325 lumbis

402 1356 653 1424 Abraltze,
681 1357 892 1428 quando
921 1367 975 1413 et
1017 1359 1128 1428 ipse
1155 1354 1448 1413 decimatus
1471 1368 1555 1414 est
1594 1358 1777 1432 (Hebr.
1806 1376 1900 1428 vn,
1931 1360 1986 1427 9,

404 1449 537 1519 £0);
569 1450 660 1506 sed
705 1452 758 1505 in
791 1451 920 1517 Deo,
965 1450 1057 1521 qui
1087 1451 1331 1505 universa
1361 1452 1579 1506 creavit.
1631 1452 1989 1521 Quamobrem

402 1535 581 1596 omnia
609 1542 768 1596 etiam
794 1557 913 1612 qua:
937 1539 1005 1594 ad
1030 1540 1166 1596 hanc
1189 1542 1414 1611 gratiam
1436 1542 1855 1612 signiﬁcandam,
1882 1560 1991 1600 non

407 1632 638 1687 naturali
688 1642 833 1686 motu
884 1647 1096 1697 rerum,
1138 1632 1232 1687 sed
1282 1633 1594 1688 mirabiliter
1637 1634 1770 1689 facta
1821 1644 1987 1703 sunt,

405 1737 591 1776 eorum
620 1722 780 1776 etiam
805 1721 1129 1777 absconditae
1156 1737 1332 1778 causa:
1358 1725 1408 1778 in
1439 1723 1547 1780 Deo
1582 1723 1788 1780 fuerant
1817 1744 1833 1782 :
1861 1742 1993 1796 quo-

405 1829 524 1871 rum
557 1815 719 1870 etiam
748 1814 794 1869 si
838 1829 999 1868 unum
1027 1822 1143 1870 erat
1173 1815 1214 1882 ί,
1254 1815 1396 1885 quod
1424 1816 1496 1871 ita
1524 1817 1716 1872 mulier
1746 1817 1883 1873 facta
1911 1827 1993 1874 est

404 1905 473 1962 dc
514 1907 680 1963 latere
720 1908 839 1972 viri,
891 1915 946 1962 et
993 1906 1094 1962 hoc
1129 1907 1466 1972 dormientis,
1515 1924 1634 1980 quze
1678 1925 1773 1980 per
1818 1911 1990 1980 ipsum

403 1997 558 2054 firma
587 1999 720 2054 facta
745 2008 848 2066 est,
879 2009 1128 2070 tanquam
1152 2000 1268 2068 ejus
1293 2014 1416 2055 osse
1439 2001 1663 2066 firmata,
1697 2001 1784 2055 ille
1812 2009 1990 2056 autem

403 2099 622 2160 propter
648 2091 816 2160 ipsam
847 2089 1106 2155 infirmus,
1150 2091 1272 2160 quia
1300 2091 1350 2145 in
1377 2090 1552 2146 locum
1578 2099 1744 2147 costa:
1767 2107 1871 2145 non
1902 2107 1992 2146 co-

404 2193 486 2240 sta
515 2185 608 2241 sed
638 2199 764 2240 caro
788 2184 1030 2254 suppleta
1072 2191 1192 2249 est;
1221 2198 1327 2238 non
1358 2184 1542 2239 habuit
1571 2183 1671 2238 hoc
1711 2185 1876 2254 prima
1907 2200 1992 2239 re-

404 2292 524 2333 rum
547 2276 802 2340 conditio,
833 2275 1046 2345 quando
1065 2283 1217 2330 sexto
1243 2275 1331 2330 die
1350 2274 1548 2330 dictum
1574 2283 1676 2339 est,
1704 2274 1991 2330 Masculum

404 2377 454 2420 et
479 2367 718 2438 feminam
747 2367 864 2437 fecit
889 2382 994 2431 eos,
1027 2375 1084 2420 ut
1109 2367 1301 2420 femina
1327 2366 1548 2421 omnino
1573 2367 1650 2422 sic
1676 2367 1828 2422 fieret
1851 2385 1865 2433 ;
1894 2366 1989 2422 sed

403 2466 609 2512 tantum
639 2456 741 2512 hoe
767 2457 966 2524 habuit,
993 2457 1114 2527 quia
1141 2465 1196 2512 et
1219 2459 1296 2511 sic
1328 2457 1440 2512 ﬁeri
1479 2467 1676 2527 posset,
1708 2474 1775 2513 ne
1800 2469 1988 2515 contra

401 2562 593 2603 causas
639 2563 770 2618 quas
817 2548 1087 2602 voluntate
1131 2547 1377 2614 instituit,
1427 2548 1667 2603 mutabili
1719 2551 1990 2606 voluntate

401 2638 600 2709 aliquid
632 2640 800 2694 fieret.
828 2638 963 2706 Quid
994 2645 1172 2694 autem
1207 2639 1377 2703 fieret,
1411 2649 1468 2694 ut
1493 2640 1712 2696 omnino
1737 2642 1876 2696 aliud
1908 2643 1990 2697 fu-

403 2739 577 2785 turum
609 2743 712 2784 non
741 2739 902 2796 esset,
947 2729 1315 2785 absconditum
1341 2739 1457 2786 erat.
1493 2731 1546 2786 in
1585 2731 1716 2795 Deo,
1748 2733 1836 2802 qui
1868 2734 1986 2788 uni-

401 2837 555 2879 versa
581 2823 800 2877 creavit.

471 2914 561 2969 35.
603 2912 707 2968 Sed
737 2912 986 2982 quoniam
1012 2913 1090 2967 sic
1127 2912 1255 2967 dixit
1299 2911 1689 2978 absconditum,
1734 2924 1790 2969 ut
1829 2916 1984 2971 inno-

399 3014 627 3060 tescerct
656 3004 977 3074 principibus
1006 3012 1061 3058 et
1087 3005 1435 3073 potestatibus
1477 3006 1528 3060 in
1556 3006 1862 3062 caelestibus
1892 3024 1987 3078 per

398 3095 695 3153 Ecclesiam
738 3096 1075 3152 multiformis
1102 3097 1360 3166 sapientia
1402 3097 1494 3153 Dei
1539 3095 1763 3170 (Ephes.
1796 3115 1872 3165 tn,
1913 3101 1982 3166 9,

397 3190 533 3261 40);
567 3189 911 3258 probabiliter
935 3188 1187 3252 creditur,
1218 3188 1355 3243 sicut
1380 3188 1510 3244 illud
1539 3203 1720 3244 semen
1747 3191 1831 3246 cui
1865 3207 1987 3261 pro-

399 3282 622 3336 missum
671 3287 788 3344 est,
828 3279 1141 3349 dispositum
1187 3287 1270 3335 est
1318 3294 1412 3349 per
1452 3279 1682 3350 Angelos
1725 3281 1777 3336 in
1824 3297 1982 3338 manu

398 3373 732 3438 mediatoris,
759 3373 835 3428 sic
849 3374 1027 3428 omnia
1051 3387 1168 3442 quce
1185 3372 1252 3427 ad
1270 3373 1435 3442 ipsius
1456 3372 1674 3428 seminis
1698 3373 1984 3432 adventum

399 3467 483 3522 vel
499 3465 958 3537 praenuntiandum
976 3465 1060 3521 vel
1074 3463 1490 3520 annuntiandum
1509 3464 1561 3519 in
1577 3480 1754 3520 rerum
1771 3475 1977 3536 natura,

462 3602 480 3634 ³
501 3601 574 3652 Sic
593 3605 699 3651 Mss.
725 3599 844 3651 Editi
867 3611 984 3650 vero
1012 3597 1214 3657 habent,
1235 3597 1381 3648 etiam
1402 3609 1640 3648 smnnwm
1659 3602 1780 3648 erat.

1345 231 1432 288 DE
1471 229 1716 289 GENESI
1754 231 1846 288 AD
1884 230 2250 302 LITTERAM,
2291 232 2349 290 S.
2389 233 2752 293 AUGUSTINI
3579 252 3673 311 ιω

2104 357 2298 418 praeter
2316 347 2566 405 usitatum
2592 359 2796 406 natura;
2813 337 3028 409 cursum
3045 340 3364 415 mirabiliter
3383 357 3519 417 facta
3536 375 3670 427 sunt.

2101 437 2524 495 ministrantibus
2567 443 2781 512 Angelis
2803 457 2924 499 esse
2958 443 3094 500 facta
3128 463 3143 500 :
3177 458 3237 502 ut
3278 455 3454 505 tamen
3491 453 3670 525 ubique

2100 542 2309 587 creator
2336 532 2418 588 vel
2459 544 2738 604 reparator
2777 538 3141 610 creaturarum
3167 554 3278 596 non
3325 541 3415 608 sit,
3459 544 3555 600 nisi
3589 547 3667 617 qui

2099 624 2396 694 plantatore
2418 634 2473 680 et
2496 627 2726 696 rigatnre
2751 629 2985 700 quolibet
3011 630 3160 688 solus
3180 631 3562 692 incrementum
3585 637 3665 695 dat

2101 714 2240 772 Deus
2265 716 2322 786 (l
2345 715 2463 773 Cor.
2493 733 2570 782 tu,
2603 719 2634 772 7
2655 719 2694 789 ).

2429 807 2656 865 CAPUT
2694 809 2930 866 XIX.—
2953 810 3177 868 Ecstasis
3213 813 3363 868 Ade.

2167 897 2257 953 36.
2297 899 2375 954 Ac
2401 913 2504 970 per
2525 899 2626 956 hoc
2649 902 2810 956 etiam
2840 901 2929 956 illa
2969 903 3192 959 ecstasis
3218 919 3382 974 quam
3411 906 3550 964 Deus
3575 909 3667 967 im-

2097 990 2242 1044 misit
2267 990 2320 1044 in
2346 990 2536 1057 Adam,
2579 1000 2638 1046 ut
2672 992 3331 1062 soporatusobdonniret,
3358 1005 3501 1053 recte
3525 997 3667 1054 intel-

2097 1081 2277 1152 ligitur
2299 1083 2364 1138 ad
2392 1082 2494 1138 hoc
2514 1084 2769 1151 immissa,
2797 1093 2856 1140 ut
2880 1093 2936 1141 et
2955 1085 3126 1155 ipsius
3143 1101 3298 1142 mens
3315 1103 3410 1159 per
3432 1091 3666 1146 ecstasim

2095 1174 2358 1245 particeps
2401 1176 2552 1230 fieret
2581 1183 2830 1244 tanquam
2873 1177 3132 1247 angelica:
3171 1177 3362 1243 curiae,
3389 1189 3444 1235 et
3479 1181 3669 1238 intrans

2095 1261 2149 1317 in
2177 1264 2534 1319 sanctuarium
2565 1265 2655 1320 Dei
2683 1264 3000 1336 intelligeret
3037 1266 3090 1322 in
3120 1267 3413 1323 novissima
3443 1270 3459 1302 ³
3487 1268 3506 1339 (
3529 1269 3663 1328 Psal.

2096 1368 2260 1421 uxtt,
2313 1356 2442 1429 17).
2496 1357 2732 1428 Denique
2777 1358 3035 1430 evigilans
3087 1368 3339 1432 tanquam
3395 1363 3668 1434 prephetia:

2094 1445 2304 1516 plenus,
2325 1461 2448 1502 cum
2473 1448 2540 1504 ad
2561 1462 2621 1503 se
2639 1447 2920 1506 adductam
2943 1459 3146 1505 costam
3167 1452 3210 1517 ³,
3235 1451 3514 1508 mulierem
3530 1468 3666 1512 suam

2094 1535 2313 1600 videret,
2341 1539 2596 1594 eruetavit
2621 1539 3053 1610 continuo..un
3076 1557 3336 1612 magnum
3365 1558 3658 1601 sacramen-

2096 1634 2204 1682 tum
2235 1629 2574 1685 commendat
2617 1630 2904 1701 Apostolus
2932 1630 3146 1702 (Ephes.
3180 1647 3238 1696 v,
3269 1634 3362 1701 3|,
3390 1635 3483 1705 δί)
3513 1653 3530 1690 :
3558 1634 3660 1691 Hoc

2094 1735 2227 1774 nunc
2255 1737 2312 1774 os
2333 1737 2399 1775 ea:
2420 1721 2610 1776 ossibus
2637 1723 2778 1788 meis,
2805 1733 2851 1777 et
2873 1740 2992 1778 caro
3015 1724 3079 1779 de
3100 1741 3256 1780 carne
3280 1743 3412 1782 mea.
3446 1726 3569 1782 Haec
3588 1744 3666 1785 uo-

2093 1811 2288 1867 cabitur
2322 1814 2523 1878 mulier,
2568 1816 2808 1885 quoniam
2837 1815 2903 1870 de
2943 1816 3184 1872 uiro-suo
3215 1828 3423 1890 sumpta
3461 1829 3532 1875 est
3572 1837 3590 1876 :
3622 1831 3666 1877 et

2095 1914 2298 1975 propter
2325 1909 2420 1959 hoc
2445 1905 2691 1978 relinquet
2713 1909 2864 1962 homo
2891 1918 3086 1978 patrem
3121 1926 3274 1964 suum
3302 1921 3349 1966 et
3373 1922 3596 1981 matrem,
3621 1923 3664 1971 et

2094 1996 2536 2052 adhaerebituxori
2559 2015 2706 2064 sua;
2745 2009 2792 2054 et
2814 2010 2960 2055 mut
3001 2002 3103 2057 duo
3126 2003 3180 2057 in
3208 2019 3364 2058 carne
3401 2022 3520 2060 una.
3547 2005 3663 2076 Quae

2093 2088 2252 2143 verba
2281 2104 2400 2144 cum
2431 2090 2585 2159 primi
2616 2091 2846 2147 hominis
2868 2091 3032 2148 fuisse
3055 2093 3332 2164 Scriptura
3373 2098 3482 2168 ipsa
3509 2107 3664 2154 teste-

2095 2186 2200 2244 tur,
2230 2179 2482 2234 Dominus
2501 2189 2680 2236 tamen
2707 2181 2760 2236 in
2783 2181 3072 2254 Evangelia
3087 2185 3258 2241 Deum
3280 2185 3478 2244 dixisse
3500 2187 3664 2244 decla-

2094 2272 2248 2326 ravit.
2282 2273 2372 2328 Ait
2405 2273 2568 2341 enim,
2598 2273 2952 2346 .Nonrlegistis
2973 2276 3093 2345 quia
3115 2278 3355 2350 quifeeit
3379 2280 3401 2312 ³
3427 2281 3490 2335 alt
3513 2280 3661 2349 initio,

2094 2363 2376 2418 masculum
2403 2374 2449 2418 et
2489 2365 2729 2434 feminam
2763 2367 2882 2437 fecit
2906 2383 2996 2421 eos.
3022 2382 3042 2421 :
3065 2379 3114 2422 et
3138 2369 3294 2436 dixit,
3339 2366 3550 2441 Propter
3574 2371 3658 2425 hoc

2094 2455 2307 2510 dimittet
2345 2456 2494 2511 homo
2537 2467 2729 2527 patrem
2747 2466 2836 2511 .et.
2856 2468 3087 2525 matrem,
3131 2468 3178 2514 et
3223 2460 3496 2516 adltmebit
3529 2461 3662 2516 uxori

2092 2561 2228 2610 ante;
2247 2556 2294 2600 et
2320 2556 2463 2600 erunt
2482 2547 2590 2602 duo.
2607 2548 2660 2601 in
2677 2563 2836 2602 carne
2861 2565 2964 2602 una
2979 2547 3193 2620 (Matth.
3226 2561 3346 2617 xu,
3365 2552 3455 2622 4)?
3475 2561 3530 2608 ut
3553 2552 3662 2608 hinc

2095 2637 2510 2708 intelliget-emus
2556 2647 2772 2707 prepter
2816 2640 3065 2696 ecstasim
3093 2655 3218 2710 qua:
3252 2651 3588 2712 praecesserat
3609 2643 3657 2698 in

2093 2727 2279 2791 Adam,
2313 2726 2412 2783 hoc
2437 2744 2558 2784 cum
2584 2728 2835 2785 divinitus
2858 2739 3104 2800 tanquam
3142 2732 3456 2803 prophetam
3496 2734 3658 2790 dicere

2091 2821 2347 2890 potuisse.
2377 2817 2480 2874 Sed
2503 2819 2612 2889 jam
2644 2820 2744 2876 iste
2785 2821 2943 2890 huius
2971 2823 3091 2881 libri
3117 2826 3385 2884 terminus
3412 2827 3590 2898 placet.
3611 2835 3661 2883 ut

2092 2923 2156 2964 ea
2183 2925 2302 2979 quae
2341 2919 2653 2980 sequuntur,
2683 2911 2750 2968 ab
2773 2913 2878 2969 alio
2901 2914 3122 2971 exordio
3143 2926 3410 2976 renovent
3433 2919 3660 2975 intentio-

2091 3016 2213 3056 nem
2241 3001 2550 3071 legentium.

2155 3112 2174 3143 ι
2196 3110 2333 3177 eam,
2375 3109 2656 3177 bttelligeret
2677 3113 2947 3177 notissima.
2974 3123 3027 3166 At
3050 3125 3176 3176 Mss,
3199 3117 3259 3169 in
3279 3119 3525 3171 novissima
3550 3132 3568 3170 :
3595 3121 3656 3172 uti

2090 3173 2268 3246 passim
2291 3173 2580 3246 Augustinus
2615 3175 2820 3246 in‘t‘sal.
2853 3191 3002 3242 tun,
3025 3179 3104 3246 .17,
3122 3173 3272 3244 juxta
3307 3195 3448 3246 graec.
3471 3183 3654 3246 interpr.

2090 3239 2217 3293 Lxx,
2241 3234 2447 3285 sund'eis
2464 3242 2512 3285 ta
2529 3234 2736 3286 cschata.
2955 3239 2958 3242 ’
2988 3234 2998 3238 ⁷
3025 3241 3029 3246 “

2151 3296 2411 3374 ἶέεξὶεξιμιέί
2433 3299 2898 3374 φίὲξςεθεθφίιιιξηί»
2916 3327 2918 3329 ν
2936 3308 3131 3374 φθίσει
3178 3309 3242 3354 ει
3273 3304 3413 3368 βιαιο
3433 3312 3534 3370 post
3560 3310 3654 3353 me

2088 3361 2356 3417 pervetusti
2378 3360 2606 3422 scriptum
2627 3359 2831 3419 habent,
2854 3359 3132 3415 eructuavit.
3241 3415 3248 3424 l
3274 3359 3288 3368 ’
3433 3359 3449 3370 ⁵

2153 3419 2173 3449 ³
2199 3417 2394 3488 Vulgata
2419 3419 2577 3470 versio
2600 3423 2647 3468 in
2671 3422 2925 3488 Evangelio
2948 3424 3076 3488 addit
3114 3426 3204 3483 hic,
3256 3427 3487 3478 hominem
3513 3440 3528 3478 :
3557 3439 3657 3488 quae

2089 3482 2347 3544 vox__abest
2368 3495 2395 3529 a
2418 3495 2577 3544 graeco
2603 3489 2761 3543 textu,
2796 3482 2892 3533 lino
2913 3493 2964 3534 et
2984 3498 3013 3534 a
3037 3485 3182 3536 latino
3205 3488 3262 3539 in
3281 3482 3658 3539 Germanensibus

2086 3539 2250 3652 ξέἱιὲίίιε
2267 3548 2396 3602 Mss,
2420 3539 2609 3595 necnon
2625 3546 2686 3594 ab
2708 3539 2930 3596 oinnibus
2950 3545 3088 3597 libris
3119 3549 3168 3598 in
3210 3550 3310 3601 hoc
3349 3564 3495 3614 opere
3518 3560 3657 3612 Augu-

398 3726 3640 3753 —_——————_——-—_—————-—_—_—___.—————

1386 3807 1869 3913 LIBER
1947 3810 2164 3916 DE
2176 3813 2468 3918 ΘΒΜ
2485 3812 2701 3921 US.

1523 4015 1574 4057 tn
1595 4021 1694 4072 quo
1717 4014 1948 4060 tractatur
1963 4010 2030 4062 de
2046 4016 2313 4066 animarum
2333 4018 2541 4080 origine.

1834 4143 2203 4202 sitst

390 4267 618 4329 CAPUT
655 4265 1280 4326 PRIMUM.—Anintam
1317 4265 1541 4321 mulieris
1583 4282 1647 4321 ea:
1671 4265 1841 4320 anima
1883 4264 1979 4320 vin

751 4363 937 4434 factam
957 4377 1063 4416 esse
1080 4359 1411 4431 quorumdam
1433 4357 1624 4428 opinio.

465 4457 518 4510 1.
547 4454 664 4511 Jam
695 4455 908 4526 quidem
945 4455 1079 4510 ordo
1108 4454 1222 4525 ipse
1264 4453 1472 4507 videtur
1496 4465 1788 4522 exposcere
1832 4457 1888 4504 ut
1910 4448 1978 4504 de

390 4555 613 4618 peccato
639 4547 794 4615 primi
819 4547 1049 4602 hominis
1075 4546 1434 4611 disseramus;
1461 4545 1556 4601 sed
1585 4545 1707 4614 quia
1729 4543 1798 4599 de
1819 4558 1979 4598 carne

393 4637 635 4692 mulieris
657 4678 673 4702 ,
704 4637 1152 4708 quemadmodum
1189 4637 1322 4692 facta
1349 4637 1452 4702 sit,
1493 4635 1765 4704 Scriptura
1797 4649 1978 4689 narra-

393 4731 487 4789 vit.
512 4729 674 4784 tacuit
692 4737 868 4784 autem
893 4729 960 4784 de
985 4729 1184 4792 anima,
1227 4729 1395 4783 multo
1420 4728 1588 4798 magis
1609 4741 1707 4782 nos
1735 4725 1860 4781 fecit
1898 4726 1980 4781 in-

390 4829 589 4884 tentos,
638 4829 695 4873 ut
739 4819 806 4874 de
845 4818 947 4874 hoc
992 4818 1294 4889 diligentius
1332 4819 1692 4889 inquiramns,
1747 4833 1978 4890 quonam

390 4913 555 4970 modo
589 4912 756 4968 refelli
806 4912 1046 4983 possint,
1080 4911 1192 4966 sive
1220 4927 1328 4967 non
1359 4912 1592 4982 possint,
1636 4911 1724 4982 qui
1755 4911 1979 4967 credunt

390 5007 624 5062 animam
665 5004 732 5060 de
758 5005 934 5059 anima
963 5003 1195 5079 hominis
1217 5045 1232 5072 ,
1282 5004 1417 5060 sicut
1458 5019 1672 5059 carnem
1703 5003 1770 5059 de
1814 5018 1974 5060 carne

390 5099 505 5154 fieri
530 5141 548 5167 ,
577 5114 608 5152 a
655 5097 963 5168 parentibus
993 5097 1044 5152 in
1097 5095 1232 5152 filios
1277 5097 1548 5168 utriusque
1590 5097 1668 5154 rei
1701 5097 1976 5153 transfusis

388 5191 702 5249 seminibus.
736 5191 871 5246 llinc
894 5191 1034 5246 enim
1061 5190 1308 5262 primitus
1331 5189 1397 5245 ad
1428 5189 1529 5246 hoc
1554 5199 1866 5259 moventur,
1917 5199 1976 5246 ut

388 5279 569 5338 dicant
596 5281 737 5354 quod
768 5298 924 5338 unam
949 5282 1181 5338 animam
1211 5281 1352 5336 Deus
1378 5281 1593 5347 fecerit,
1633 5281 1894 5338 sul'ilando
1920 5283 1972 5337 in

389 5375 578 5430 faciem
608 5374 836 5428 hominis
855 5416 869 5437 ,
893 5389 1051 5445 quem
1077 5374 1145 5430 de
1175 5373 1391 5445 pulvere
1421 5372 1645 5429 finxerat
1664 5415 1679 5439 ,
1709 5383 1764 5428 ut
1787 5389 1851 5428 ex
1882 5373 1971 5429 illa

386 5464 496 5533 jam
525 5475 733 5520 caetera:
752 5474 1060 5521 crearentur
1087 5466 1278 5521 anima:
1320 5465 1590 5520 hominum
1612 5507 1626 5533 ,
1654 5465 1790 5520 sicut
1811 5479 1874 5520 ex
1911 5463 1973 5519 il-

390 5555 494 5611 lius
519 5571 680 5613 carne
699 5557 875 5611 omnis
900 5558 1060 5613 etiam
1087 5573 1213 5614 caro
1251 5558 1550 5614 hominum.
1579 5557 1838 5626 Quoniam
1865 5557 1974 5629 pri-

389 5659 481 5703 mo
507 5644 674 5702 Adam
709 5645 965 5702 formatus
993 5655 1108 5714 est,
1143 5647 1334 5705 deinde
1373 5649 1480 5705 Eva
1512 5667 1525 5706 :
1559 5657 1612 5705 et
1639 5649 1726 5706 ille
1753 5648 1965 5720 quidem

2093 4269 2234 4323 unde
2275 4267 2521 4324 habuerit
2547 4284 2774 4340 corpus,
2821 4269 2960 4326 unde
2997 4271 3263 4338 animam,
3312 4273 3500 4329 dictum
3543 4276 3646 4344 esti

2089 4373 2285 4428 corpus
2305 4359 2548 4416 videlicet
2572 4361 2843 4431 pulverem
2870 4373 3024 4418 terra:
3044 4404 3058 4428 ,
3085 4364 3317 4418 animam
3345 4380 3470 4436 vero,
3482 4361 3646 4419 flatum

2090 4447 2182 4504 Dei
2211 4467 2223 4503 :
2251 4457 2306 4504 at
2346 4449 2434 4504 illa
2459 4449 2526 4505 de
2555 4451 2698 4505 illius
2727 4451 2891 4507 latere
2929 4468 3048 4507 cum
3100 4454 3236 4509 facta
3265 4439 3464 4510 dicatur
3483 4495 3497 4520 ,
3549 4465 3644 4506 non

2089 4540 2286 4596 dicitur
2311 4543 2450 4612 quod
2478 4558 2595 4598 eam
2643 4543 2780 4598 Deus
2808 4543 2986 4598 flando
3030 4545 3274 4602 similiter
3319 4543 3641 4605 animaverit.

2090 4639 2335 4703 tanquam
2367 4645 2647 4704 utrumque
2672 4634 2739 4689 de
2764 4635 2854 4689 illo
2874 4634 3088 4696 ductum
3114 4637 3217 4702 sit,
3249 4637 3336 4708 qni
3359 4637 3464 4713 jam
3491 4635 3643 4689 fuerat

2086 4717 2368 4772 animatus.
2400 4721 2503 4773 Aut
2529 4720 2671 4774 enim
2705 4719 2862 4774 taceri
2889 4721 3154 4792 oportuit,
3199 4721 3468 4790 inquiunt,
3496 4718 3640 4772 etiam

2086 4809 2154 4866 de
2175 4813 2347 4866 anima
2378 4813 2510 4876 viri,
2542 4823 2594 4867 ut
2625 4828 2741 4867 eam
2761 4854 2775 4877 ,
2807 4812 2943 4867 sicut
2976 4828 3282 4881 possemus,
3307 4813 3475 4868 datam
3510 4807 3641 4890 divi-

2087 4904 2228 4959 nitus
2257 4905 2335 4960 vel
2388 4904 2802 4974 intelligeremus
2825 4945 2840 4971 ,
2886 4904 2971 4958 vel
2995 4917 3139 4961 certe
3163 4893 3492 4984 crederemus
3521 4907 3639 4980 :laut

2086 4998 2130 5052 si
2159 4998 2257 5052 hoc
2307 5007 2582 5068 pr0pterea
2626 4995 2896 5072 Scriptura
2948 5014 3051 5054 non
3093 5001 3289 5064 tacuit,
3334 5013 3398 5053 ne
3422 4995 3633 5050 animam

2084 5107 2296 5165 quoque
2344 5091 2480 5147 sicut
2519 5105 2737 5146 carnem
2771 5091 3001 5147 hominis
3025 5089 3092 5146 de
3124 5101 3261 5166 terra
3303 5075 3496 5170 factam
3527 5095 3634 5138 esse

2085 5192 2420 5252 putaremus,
2451 5181 2635 5237 debuit
2661 5191 2714 5238 et
2750 5181 2820 5237 de
2848 5182 3420 5262 mulieris.animanqn
3448 5174 3593 5232 taceri
3615 5211 3627 5234 .

2085 5291 2152 5331 ne
2179 5271 2545 5345 putaretur‘ex
2568 5273 2785 5329 traduce
2803 5313 2820 5341 ,
2849 5274 2892 5328 si
2920 5273 3018 5328 hoc
3047 5289 3229 5328 verum
3252 5287 3353 5350 non
3379 5278 3474 5326 est.
3500 5267 3626 5334 Qua-

2083 5376 2298 5439 propter
2334 5366 2454 5422 idco
2481 5367 2695 5442 tacitum
2734 5375 2849 5433 est,
2881 5365 3157 5441 inquiunt,
3188 5362 3400 5444 quodin
3427 5359 3533 5430 ejus
3559 5353 3639 5426 fa:

2080 5461 2214 5518 ciem
2253 5458 2459 5515 flaverit
2506 5459 2681 5526 Deus,
2734 5459 2853 5529 quia
2894 5457 3021 5513 illttd
3051 5473 3230 5514 verum
3257 5465 3370 5524 est,
3415 5448 3545 5526 quod
3578 5453 3626 5502 et

2080 5557 2253 5611 anima
2279 5571 2344 5610 ex
2371 5553 2585 5610 homine
2614 5562 2897 5625 propagata
2921 5561 3021 5608 est.

2077 5675 2095 5693 ο
2147 5649 2204 5703 2.
2247 5648 2381 5706 lluic
2408 5646 2694 5720 suspicioni
2738 5645 2908 5720 facile.
2929 5645 3240 5702 occurritur.
3270 5640 3324 5700 Si
3352 5636 3486 5697 enim
3512 5644 3620 5705 ριὀο

3847 1765 3849 1912 i

3847 2371 3849 2486 γ

3847 2491 3849 2606 l

3847 2607 3849 2736 Ι

3847 2957 3849 3114 l

3847 3123 3849 3204 γ

3847 3355 3849 3464 ί

3847 3951 3849 4070 l
