3902 6322
165 278 272 336 £09

167 405 358 466 pterea
381 394 570 460 putant
588 381 820 439 animam
843 374 1083 432 mulieris
1105 371 1371 466 expianima
1401 367 1501 466 viri
1522 366 1752 466 factum,

166 456 296 558 quia
315 456 427 537 non
453 482 706 547 scriptum
731 479 813 527 est
836 468 981 541 quod
999 469 1051 522 in
1077 463 1313 521 mulieris
1337 460 1526 558 faciem
1552 456 1762 558 ﬂaverit

170 553 388 643 Deus;"
425 579 524 629 cur
569 568 793 626 credunt
838 578 904 620 ex
967 562 1081 616 viro
1111 558 1426 614 “animatum
1469 553 1714 608 feminam
1739 589 1757 617 ,

167 667 391 742 quando
418 679 506 720 ne
533 661 585 717 id
628 657 858 731 quidem
889 653 1142 723 scriptum
1168 649 1286 706 est?
1331 645 1483 742 linde
1529 644 1574 742 si
1621 643 1760 698 Deus

165 735 366 819 omnes
389 756 595 813 animas
619 750 892 807 hominum
921 743 1288 804 nascentium,
1316 739 1454 794 sicut
1491 735 1714 806 primam
1740 773 1756 801 ,

167 852 338 918 facit,
383 855 666 919 propterea
691 839 987 909 Scriptura
1015 835 1084 890 de
1124 832 1245 888 aliis
1261 828 1462 894 tacuit,
1509 825 1759 919 quoniam

171 916 367 1015 posset;
387 916 526 1009 quod
549 938 602 989 in
623 946 738 987 una
756 930 950 985 factum
974 930 1445 1015 commemoratum
1466 925 1567 978 est.
1599 916 1760 1015 etiam

168 1011 245 1090 de
271 1031 483 1088 caeteris
514 1025 804 1098 prudenter
829 1019 1082 1090 intelligi.
1110 1016 1290 1086 Itaque
1315 1013 1361 1069 si
1402 1011 1638 1083 oportuit
1661 1021 1761 1063 nos

167 1141 275 1198 per
304 1125 444 1178 hanc
464 1119 795 1189 Scriptorum
821 1114 888 1169 de
907 1112 1008 1167 hac
1029 1125 1087 1165 re
1113 1106 1308 1178 aliquid
1328 1101 1626 1198 admoneri,
1656 1115 1761 1198 ma-

170 1191 259 1288 gis
279 1210 550 1283 si'aliquid
576 1207 719 1264 aliud
758 1205 917 1261 ﬁebat
946 1204 998 1258 in
1025 1201 1218 1257 femina
1243 1239 1258 1262 ,
1290 1196 1432 1268 quod
1465 1195 1517 1288 in
1535 1195 1652 1288 viro
1677 1191 1760 1246 l‘a-

168 1284 318 1362 ctum
351 1318 456 1359 non
486 1308 622 1364 erat,
647 1307 705 1353 ut
721 1313 788 1353 ex
815 1310 974 1350 carne
1003 1292 1229 1347 animata
1255 1289 1372 1358 ejus
1399 1287 1574 1341 anima
1599 1284 1762 1340 duce-

165 1406 364 1460 retur,
408 1407 517 1448 nou
558 1391 698 1446 sicut
723 1387 968 1456 viri'ejus
1014 1383 1228 1438 aliunde
1273 1394 1502 1450 corpus,
1549 1376 1762 1432 aliunde

166 1489 390 1550 anima;
423 1484 524 1540 hoc
551 1483 723 1554 ipsum
748 1479 889 1551 quod
917 1478 1022 1532 alio
1050 1475 1210 1530 modo
1251 1473 1441 1535 ﬁebat,
1479 1469 1758 1540 Scriptura

165 1579 356 1652 potius
383 1586 558 1632 tacere
577 1588 682 1628 non
703 1571 911 1633 debuit,
943 1583 1012 1623 ne
1036 1566 1137 1621 hoc
1163 1564 1341 1620 itidem
1375 1563 1568 1652 factum
1606 1568 1760 1652 puta-

167 1649 363 1724 remus
385 1664 527 1737 quod
565 1663 675 1732 jam
704 1660 775 1716 de
821 1659 912 1713 illo
941 1657 1320 1712 didieeramus.
1362 1651 1594 1707 Proinde
1639 1649 1762 1720 quia

165 1776 284 1817 non
312 1759 447 1814 dixit
471 1772 538 1813 ex
561 1756 735 1810 anima
764 1752 862 1806 viri
891 1753 1078 1806 tactam
1103 1747 1482 1804 esse-animam
1503 1743 1759 1810 mulieris,

166 1851 580 1909 convenientius
598 1845 836 1902 creditur
853 1859 920 1899 eo
940 1844 1056 1912 ipso
1079 1856 1182 1896 nos
1197 1840 1487 1894 admonere
1503 1837 1760 1901 voluisse,

169 1944 310 2000 nihil
330 1943 415 1997 hic
430 1941 571 1996 aliud
596 1947 802 2009 putare,
823 1949 981 2006 quam
1007 1933 1076 1988 de
1095 1932 1190 1986 viri
1216 1931 1391 1986 aninta
1420 1941 1759 1992 noveramus,

170 2037 237 2092 id
265 2045 370 2102 est,
396 2033 642 2089 similiter
670 2035 846 2085 datam
877 2043 993 2083 esse
1021 2026 1227 2081 mulieri
1253 2041 1266 2078 :
1293 2038 1424 2078 cum-
1459 2021 1764 2091 praesertim

169 2135 327 2182 esset
371 2121 784 2180 evidentissima:
811 2116 1108 2174 occasionis
1135 2117 1281 2170 locus
1299 2155 1314 2180 ,
1346 2121 1403 2168 ut
1429 2114 1475 2169 si
1503 2127 1609 2167 non
1637 2122 1765 2167 tunc

171 2217 396 2290 quando
432 2215 656 2270 formata
681 2220 792 2278 est,
825 2219 1006 2281 postea
1055 2217 1200 2263 certe
1225 2207 1525 2270 diceretur,
1557 2205 1645 2259 ubi
1692 2204 1766 2259 ait

173 2311 354 2366 Adam
369 2351 384 2375 ,
419 2307 531 2362 Hoc
551 2322 685 2360 nunc
704 2321 760 2360 os
782 2321 846 2358 ea:
881 2301 1072 2356 ossibus
1092 2302 1213 2354 meis
1234 2341 1247 2364 ,
1271 2308 1320 2353 et
1354 2315 1475 2353 caro
1509 2300 1572 2352 de
1615 2312 1766 2351 come

172 2419 294 2458 mea
339 2399 490 2473 (Gen.
534 2415 593 2465 ll,
618 2397 737 2468 23).
760 2395 970 2464 Quanto
993 2393 1134 2448 enim
1161 2391 1377 2446 charins
1399 2389 1766 2458 amantiusque

171 2495 416 2558 diceret,
464 2492 530 2547 Et
558 2490 732 2545 anima
762 2489 832 2543 de
853 2487 1029 2541 anima
1051 2484 1226 2538 mea?
1268 2481 1384 2537 Non
1417 2491 1593 2536 tamen
1641 2480 1775 2535 hinc.

174 2598 290 2642 tam
324 2599 510 2654 magna
551 2581 775 2651 quaestio
799 2579 909 2649 jam
939 2577 1110 2632 soluta
1140 2584 1250 2641 est,
1284 2583 1340 2628 ut
1371 2588 1533 2627 unum
1577 2573 1766 2626 horum

170 2675 520 2732 manifestum
547 2680 860 2740 certumque
882 2677 1176 2724 teneamus.

171 2764 411 2822 CAPUT
441 2763 594 2820 ll.—
621 2761 757 2828 Quid
794 2762 849 2814 in
884 2756 1226 2829 superioribus
1250 2755 1391 2810 libris
1417 2755 1768 2824 investigatum

337 2877 359 2901 μ
654 2853 789 2906 circa
818 2851 1062 2921 originem
1093 2849 1295 2902 animm.

255 2949 310 3004 5.
342 2944 696 3013 Quamobrem
729 2943 956 3012 primum
989 2939 1276 2995 videndum
1297 2947 1408 3006 est,
1442 2947 1615 2992 utrum
1647 2952 1768 2992 san-

172 3049 270 3096 cta
294 3038 563 3108 Scriptura
591 3035 713 3089 libri
742 3033 918 3104 hujus,
949 3032 1018 3086 ah
1042 3031 1160 3100 ejus
1180 3029 1399 3084 exordio
1429 3039 1765 3100 pertractata,

177 3132 316 3186 hinc
341 3143 440 3184 nos
465 3127 706 3182 dubitare
740 3123 1050 3196 permittat:
1086 3130 1211 3178 tunc
1252 3128 1401 3175 recte
1429 3120 1652 3174 fortasse
1679 3136 1767 3174 re-

179 3223 461 3295 quiremus
479 3262 494 3284 ,
526 3227 618 3274 aut
640 3216 882 3289 quamam
911 3214 1174 3272 sententia
1201 3214 1374 3283 potius
1398 3211 1637 3282 eligenda
1665 3212 1765 3277 sit,

176 3315 357 3369 autin
397 3312 473 3367 rei
500 3310 655 3380 hujus
691 3309 892 3364 incerto
918 3321 1076 3378 quem
1119 3304 1334 3360 modum
1363 3313 1544 3359 tenere
1571 3302 1770 3358 debea-

179 3419 332 3460 mus.
352 3402 508 3458 Certe
527 3401 668 3456 enim
699 3409 848 3454 sexto
874 3397 964 3453 die
979 3397 1095 3469 fecit
1129 3395 1262 3448 Deus
1287 3393 1538 3447 hominem
1564 3393 1632 3446 ad
1652 3394 1771 3446 ima-

177 3498 355 3569 ginent
376 3510 552 3559 suam;
578 3491 666 3548 ubi
695 3493 856 3547 etiam
883 3490 1084 3545 dictum
1107 3497 1209 3553 est,
1241 3485 1524 3539 Masculum
1550 3495 1593 3539 et
1622 3485 1770 3554 [enti-

180 3605 312 3644 nam
333 3589 448 3660 fecit
465 3602 549 3642 eos
571 3584 726 3658 (Gen.
758 3600 796 3651 ι,
820 3585 936 3654 27).
976 3582 1212 3650 Quorum
1241 3580 1368 3636 illud
1390 3580 1651 3650 superius,
1681 3580 1772 3634 ubi

181 3681 368 3750 imago
389 3679 478 3733 Dei
494 3685 906 3733 eorumemorata
928 3683 1030 3739 est,
1051 3671 1344 3729 secundum
1369 3671 1600 3725 animum
1625 3689 1640 3736 ;
1672 3671 1772 3727 hoc

180 3783 370 3828 autem
392 3786 408 3838 ',
455 3771 541 3825 ubi
568 3783 730 3827 sexus
753 3767 1053 3823 diﬁ‘ercntia
1078 3805 1093 3832 ,
1123 3763 1415 3820 secundum
1441 3779 1656 3819 carnem
1683 3778 1774 3819 ac-

181 3862 518 3935 cipiebamus
541 3859 679 3934 (Lib.
710 3859 743 3914 6
763 3869 809 3913 et
839 3858 916 3928 7).
965 3858 1031 3912 Et
1061 3858 1310 3928 quoniam
1333 3865 1409 3911 tot
1433 3871 1496 3911 ac
1517 3865 1659 3912 tanta
1691 3865 1773 3911 te-

185 3955 599 4026 stimonia,qu:e
621 3953 691 4008 ibi
707 3950 1039 4008 considerata
1069 3957 1226 4020 atque
1253 3957 1471 4004 tractata
1501 3957 1643 4016 sunt,
1678 3964 1774 4004 nos

183 4065 308 4106 non
331 4048 570 4112 sinebant
609 4045 799 4102 eodem
832 4045 946 4115 ipso
982 4053 1136 4098 sexto
1164 4043 1252 4098 die
1290 4043 1451 4097 etiam
1492 4043 1775 4098 formatum

186 4141 264 4198 de
291 4140 420 4196 lituo
457 4139 726 4196 hominem
776 4137 1158 4207 mulieremque
1185 4135 1254 4191 de
1281 4137 1450 4190 latere
1492 4137 1607 4206 ejus
1632 4136 1774 4190 acci-

188 4248 360 4307 pere,
391 4231 484 4290 sed
524 4231 626 4286 hoc
654 4239 836 4300 postea
878 4227 1074 4283 factum
1102 4241 1222 4304 esse
1262 4236 1381 4297 post
1419 4227 1504 4280 illa
1533 4227 1776 4296 primitus

189 4341 360 4398 Opera
382 4325 506 4391 Dei,
535 4324 588 4378 in
608 4323 800 4394 quibus
818 4320 1018 4376 creavit
1036 4320 1214 4375 omnia
1235 4319 1391 4374 simul
1415 4317 1601 4390 (Eccli.
1623 4335 1772 4386 xvm,

199 4421 281 4492 4);
314 4418 652 4489 quaesivimus
678 4414 802 4485 quid
833 4413 900 4468 de
944 4412 1173 4468 hominis
1200 4413 1373 4467 anima
1403 4412 1772 4479 crederemus,

191 4509 558 4579 discussisque
596 4506 842 4561 erunibus
866 4503 1262 4574 disceptationis
1287 4513 1482 4558 nostra:
1506 4504 1736 4573 partibus
1757 4545 1772 4570 ,

193 4602 330 4659 illud
366 4600 673 4656 credibilius
700 4597 782 4653 vel
811 4595 1135 4652 tolerabilius
1160 4595 1261 4650 dici
1288 4596 1459 4650 visum
1489 4605 1570 4650 est
1590 4639 1603 4659 ,
1634 4596 1776 4666 quod

194 4693 312 4764 ipsa
333 4691 563 4747 hominis
586 4690 759 4745 anima
781 4689 833 4744 in
857 4687 960 4742 illis
986 4686 1234 4756 operibus
1257 4687 1386 4742 facta
1412 4696 1514 4752 est,
1538 4689 1777 4758 corporis

194 4801 328 4842 vero
355 4783 470 4854 ejus
513 4784 564 4837 in
591 4781 796 4836 mundo
813 4793 1074 4850 corporeo
1104 4787 1350 4847 tanquam
1381 4778 1432 4832 in
1461 4779 1663 4833 semine
1689 4795 1776 4834 ra-

194 4880 272 4935 tio
297 4895 312 4930 :
342 4892 406 4934 ne
433 4890 746 4951 cogeremur
782 4881 966 4928 contra
992 4871 1154 4927 verba
1183 4871 1469 4940 Scripturre
1496 4880 1586 4926 aut
1624 4882 1777 4928 sexto

195 4972 285 5028 die
315 4979 479 5025 totum
495 4968 686 5024 factum
709 4965 907 5032 dicere,
929 4964 981 5020 id
1005 4974 1107 5030 est,
1127 4973 1180 5020 et
1202 4963 1267 5019 de
1285 4963 1410 5019 limo
1425 4965 1614 5032 virum,
1638 4974 1691 5020 et
1709 4965 1778 5020 de

194 5067 318 5134 ejus
341 5063 507 5119 latere
537 5060 820 5122 feminam;
854 5067 945 5113 aut
970 5059 1022 5112 in
1046 5058 1148 5112 illis
1178 5074 1270 5114 sex
1293 5059 1501 5113 dierum
1529 5060 1776 5130 operibus

195 5158 347 5215 nullo
373 5155 690 5212 mode-esse
739 5153 934 5209 factum
966 5152 1270 5220 hominem;
1303 5163 1391 5207 aut
1416 5154 1652 5224 corporis
1681 5153 1776 5209 hu-

194 5253 340 5309 mani
366 5251 630 5307 causalem
656 5249 917 5304 rationem
949 5246 1309 5301 tantummodo
1336 5247 1523 5302 factum
1542 5290 1555 5314 ,
1585 5249 1776 5303 animae

193 5354 376 5401 autem
403 5343 622 5409 nullam,
652 5356 772 5395 cum
804 5339 979 5410 potius
1009 5339 1298 5395 secundum
1329 5339 1494 5410 ipsam
1525 5340 1594 5396 sit
1617 5339 1776 5396 homo

191 5438 263 5496 ad
310 5437 590 5509 imaginem
641 5434 774 5489 Dei:
815 5442 906 5491 aut
929 5441 1072 5490 certe
1101 5431 1202 5488 etsi
1247 5449 1350 5488 non
1387 5443 1571 5498 contra
1615 5435 1776 5489 verba

165 5529 488 5601 .Scripturac
514 5537 698 5599 aperte
727 5527 925 5597 posita,
959 5534 1136 5580 tamen
1177 5523 1308 5579 dure
1340 5534 1500 5594 atque
1527 5524 1778 5579 intolera-

190 5623 378 5681 biliter
407 5621 735 5687 diceremus,
767 5619 850 5674 vel
880 5620 946 5674 in‘
967 5632 1028 5673 ea
1055 5625 1294 5673 creatura
1332 5615 1590 5687 spirituali
1612 5656 1625 5680 ,
1657 5631 1774 5686 qum

188 5716 262 5772 ad
296 5714 398 5771 hoc
443 5711 806 5768 tantummodo
830 5719 1003 5769 creata
1030 5719 1205 5777 esset,
1247 5707 1437 5765 factam
1468 5705 1631 5764 fuisse
1657 5709 1771 5763 ani-

1484 248 1689 308 LIBER
1725 243 2041 305 DECIMUS.

3341 253 3450 314 410

1864 375 1966 416 mze
2011 359 2259 415 humanae
2295 358 2588 428 rationem,
2631 375 2752 416 cum
2781 361 2897 432 ipsa
2936 369 3214 432 creatura,
3259 365 3314 422 in
3343 381 3449 439 qua

1864 452 1962 507 ista
1990 452 2126 507 ratio
2167 451 2301 506 facta
2341 450 2640 518 diceretur,
2685 469 2790 507 non
2841 467 3347 514 commemoraretur
3394 459 3450 517 in

1863 545 2112 615 operibus
2133 544 2260 610 Dei;
2284 544 2366 600 vel
2388 545 2440 600 in
2461 545 2637 615 aliqua
2662 555 3061 618 creatura,qu:e
3081 548 3134 604 in
3164 549 3270 605 illis
3299 565 3450 607 com-

1864 646 2251 694 memoraretur
2265 639 2535 709 operibus,
2568 637 2758 694 l‘actam
2779 639 3039 696 rationem
3063 641 3276 708 animm,
3300 643 3448 699 velut

1863 731 1916 786 in
1935 731 2238 786 hominibus
2248 731 2457 802 quijam
2475 739 2618 799 sunt,
2636 730 2772 789 facta
2789 733 2954 787 ratio.‘
2973 732 3099 788 latet
3116 734 3452 804 generando-

1863 839 1981 880 rum
2013 824 2238 879 ﬁliorum
2269 841 2284 878 :
2312 837 2376 879 ac
2402 824 2480 878 sic
2499 837 2618 878 eam
2655 822 2738 878 vel
2765 823 3085 894 Angelorum
3109 824 3269 880 ﬁliam
3288 866 3305 891 ,
3337 825 3442 895 vel,

1865 916 2004 988 quod
2023 926 2106 973 est
2126 916 2535 986 intolerabilius,
2565 916 2792 988 alicujus
2811 915 3060 973 elementi
3072 917 3452 989 corporeicre-

1864 1007 2135 1064 deremus.

1934 1099 2163 1157 CAPUT
2203 1099 2292 1156 lli.
2308 1129 2381 1142 —
2407 1099 2633 1172 Originis
2653 1101 2941 1156 animarum
2965 1102 3152 1172 triplex
3177 1102 3378 1159 modus.

1934 1195 1990 1250 4.
2032 1194 2136 1250 Sed
2165 1210 2305 1250 nunc
2334 1198 2378 1249 si
2399 1195 2470 1250 ob
2490 1194 2592 1251 hoc
2622 1195 2814 1250 mulier
2841 1211 2946 1250 non
2973 1195 3040 1252 de
3069 1197 3215 1264 viro,
3247 1197 3341 1253 sed
3378 1196 3454 1253 si-

1865 1286 2062 1341 militer
2085 1296 2142 1341 ut
2172 1287 2262 1342 ille
2279 1328 2293 1350 ,
2319 1302 2349 1340 a
2382 1285 2493 1341 Deo
2533 1286 2724 1342 factam
2751 1287 2983 1342 animam
3009 1289 3266 1344 asseritur
3293 1303 3451 1346 acce-

1866 1379 2010 1449 pisse
2030 1419 2046 1444 ,
2077 1379 2200 1448 quia
2226 1378 2462 1448 singulas
2495 1378 2717 1446 singulis
2742 1379 2880 1435 Deus
2909 1379 3057 1446 facit,
3088 1395 3194 1436 non
3229 1389 3346 1436 erat
3372 1379 3454 1436 fa-

1866 1479 1949 1523 cta
1992 1470 2044 1523 in
2086 1469 2191 1524 illis
2236 1469 2422 1538 primis
2449 1470 2701 1538 operibus
2749 1470 2924 1525 anima
2973 1471 3227 1526 femimn:
3271 1479 3364 1526 aut
3405 1471 3454 1528 si

1863 1560 2128 1629 generalis
2151 1560 2389 1612 omnium
2415 1559 2711 1614 animarum
2739 1561 2874 1614 ratio
2903 1559 3038 1614 facta
3061 1560 3268 1628 fuerat,
3311 1562 3451 1616 sicut

1866 1649 1919 1704 in
1948 1649 2252 1704 hominibus
2274 1650 2410 1704 ratio
2451 1649 2734 1721 gignendi,
2779 1650 2984 1705 reditur
3012 1651 3076 1704 ad
3106 1652 3231 1706 illud
3255 1652 3448 1708 durum

1866 1757 1930 1797 ac
1955 1742 2233 1796 molestum
2257 1781 2274 1808 ,
2306 1752 2363 1796 ut
2384 1741 2468 1797 vel
2498 1741 2823 1812 Angelorum
2841 1783 2858 1806 ,
2889 1741 2995 1807 vel,
3027 1741 3167 1811 quod
3195 1742 3453 1812 indignis-

1867 1833 2060 1888 simum
2090 1841 2171 1887 est
2191 1873 2206 1896 ,
2231 1832 2356 1888 (ξαιὶὶ
2385 1832 2661 1902 corporei,
2703 1833 2786 1888 vel
2810 1832 3034 1901 alicujus
3059 1834 3218 1888 etiam
3241 1833 3458 1890 inferio-

1867 1924 1942 1978 ris
1963 1924 2210 1979 elementi
2235 1924 2368 1978 tilias
2393 1924 2598 1980 animas
2639 1923 2914 1980 hominum
2938 1939 3061 1980 esse
3080 1925 3337 1982 dicamus.
3377 1927 3457 1982 Ac

1852 2031 1962 2086 .pcr
1988 2015 2088 2071 hoc
2110 2015 2395 2072 videndum
2421 2027 2534 2082 est,
2564 2017 2665 2072 etsi
2694 2018 2822 2072 latet
2848 2016 2980 2087 quid
3011 2033 3194 2073 verum
3214 2019 3306 2086 sit,
3328 2016 3458 2088 quid

1867 2111 2053 2164 saltem
2084 2109 2414 2165 tolerabilius
2434 2108 2538 2164 dici
2561 2110 2727 2180 possit
2757 2128 2771 2164 :
2803 2119 2978 2164 utrum
3010 2109 3114 2164 hoc
3131 2109 3270 2179 quod
3297 2109 3457 2165 motu)

1865 2201 2007 2266 dixi,
2037 2216 2102 2254 an
2132 2201 2185 2256 in
2231 2201 2336 2255 illis
2364 2201 2549 2272 primis
2595 2201 2688 2255 Dei
2715 2201 2969 2270 operibus
3016 2217 3173 2256 unam
3221 2202 3456 2257 animam

1867 2293 2022 2362 primi
2050 2292 2282 2348 hominis
2302 2291 2491 2348 factam
2509 2335 2526 2358 ,
2552 2293 2618 2347 de
2643 2294 2796 2363 cujus
2821 2295 3111 2364 propagine
3135 2309 3324 2350 omnes
3349 2295 3450 2349 ho-

1870 2384 2072 2438 minum
2098 2385 2286 2438 anima:
2313 2393 2621 2439 crearentur
2646 2401 2660 2449 ;
2712 2401 2780 2440 an
2811 2400 2977 2440 novas
3001 2386 3227 2442 subinde
3251 2387 3456 2445 animas

1869 2474 1982 2529 ﬁeri
2004 2516 2018 2541 ,
2047 2489 2269 2544 quarum
2304 2476 2444 2528 nulla
2468 2475 2549 2530 vel
2580 2477 2716 2530 ratio
2745 2475 2880 2532 facta
2903 2478 3238 2546 praecesserit
3263 2479 3316 2533 in
3349 2479 3455 2550 pri-

1869 2567 1969 2621 mis
1990 2566 2093 2620 illis
2113 2581 2204 2620 sex
2233 2564 2436 2620 dierum
2459 2566 2712 2635 operibus
2732 2568 2847 2623 Dei.
2877 2568 3074 2622 llorum
3096 2578 3271 2624 autem
3297 2570 3456 2625 trium

1869 2657 1975 2712 duo
2015 2657 2193 2726 priora
2222 2673 2327 2711 non
2356 2666 2653 2727 repugnant
2677 2658 2866 2726 primis
2897 2658 3002 2713 illis
3027 2659 3450 2727 conditionibus,

1870 2750 1960 2805 ubi
2011 2750 2170 2805 simul
2196 2749 2374 2804 omnia
2417 2758 2593 2804 creata
2640 2758 2783 2804 sunt.
2836 2749 2959 2806 Sive
2987 2751 3128 2805 enim
3179 2751 3232 2806 in
3277 2751 3455 2820 aliqua

1873 2852 2116 2895 creatura
2148 2849 2394 2910 tanquam
2419 2840 2471 2894 in
2501 2850 2719 2909 parente
2739 2841 2874 2896 ratio
2894 2842 3086 2897 animae
3112 2841 3247 2898 facta
3271 2843 3370 2909 sit,
3399 2851 3458 2898 ut

1871 2947 2058 2988 omnes
2075 2932 2264 2986 animze
2288 2931 2355 2985 ab
2384 2930 2472 2986 illa
2492 2941 2811 3001 generentur
2827 2972 2842 2998 ,
2869 2947 2900 2987 a
2919 2933 3031 2987 Deo
3054 2943 3232 2989 autem
3258 2949 3447 2990 creen-

1871 3032 1984 3089 tur,
2016 3023 2227 3094 quando
2255 3023 2478 3092 singulis
2527 3023 2829 3078 homiuibus
2873 3022 3094 3091 dantur,
3140 3025 3278 3079 sicut
3301 3041 3332 3079 a
3365 3040 3458 3096 pa-

1874 3113 2113 3170 rentibus
2149 3127 2375 3182 corpora
2400 3130 2413 3176 ;
2443 3114 2558 3168 sive
2588 3129 2693 3168 non
2726 3114 2861 3168 ratio
2881 3115 3075 3170 animae
3103 3116 3248 3170 velut
3273 3117 3323 3170 in
3367 3131 3460 3186 pa-

1873 3219 2023 3265 rente
2070 3208 2202 3262 ratio
2243 3207 2443 3276 prolis,
2478 3207 2570 3262 sed
2602 3209 2713 3278 ipsa
2744 3208 2962 3263 omnino
3003 3224 3122 3266 cum
3168 3208 3336 3264 factus
3377 3221 3462 3265 est

1873 3298 1988 3353 dies
2027 3297 2160 3353 facta
2191 3298 2258 3352 sit
2285 3298 2457 3352 anima
2477 3339 2492 3362 ,
2543 3297 2679 3352 sicut
2709 3299 2822 3368 ipse
2846 3298 2996 3367 dies,
3025 3301 3159 3355 sicut
3187 3300 3378 3356 coelum
3405 3310 3461 3357 et

1875 3397 2050 3452 terra,
2098 3397 2152 3442 et
2203 3388 2480 3443 luminaria
2509 3389 2666 3449 creti;
2697 3400 3052 3460 congruenter
3093 3391 3293 3453 dictum
3335 3401 3455 3454 est.

1875 3478 2018 3534 Fecit
2045 3478 2184 3533 Deus
2211 3480 2461 3534 hominem
2488 3479 2556 3532 ad
2583 3481 2850 3549 imaginem
2869 3498 3036 3536 suam.

1861 3631 1878 3640 η,
1946 3572 1998 3625 5.
2032 3571 2142 3625 Hoc
2161 3585 2286 3624 vero
2313 3571 2522 3624 tertium
2551 3570 2819 3640 quomodo
2846 3587 2950 3626 non
2981 3582 3240 3642 repugnet
3263 3573 3310 3627 ei
3332 3588 3458 3627 sen-

1877 3663 2057 3718 tentiae
2080 3676 2183 3730 qua
2215 3669 2268 3714 ct
2292 3670 2442 3716 sexto
2468 3661 2553 3715 die
2581 3660 2747 3716 lactus
2775 3661 3031 3730 accipitur
3059 3662 3218 3717 homo
3235 3661 3302 3718 ad
3322 3662 3461 3717 ima-

1876 3753 2050 3820 ginem
2085 3753 2197 3817 Dei,
2228 3763 2279 3806 et
2306 3760 2421 3820 post
2449 3750 2590 3806 diem
2620 3751 2902 3821 septimum
2925 3752 3204 3809 visibiliter
3225 3761 3457 3820 creatus,

1878 3860 1984 3902 non
2016 3854 2120 3899 tam
2167 3843 2319 3898 facile
2364 3843 2532 3898 videri
2561 3852 2754 3914 potest.
2798 3842 2973 3898 Novas
3017 3845 3210 3916 quippe
3255 3845 3461 3901 animas

1880 3937 1992 3992 ﬁeri
2018 3977 2032 4002 ,
2062 3951 2180 4006 quae
2208 3951 2380 4005 neque
2408 3935 2536 4006 ipsae
2557 3977 2572 4003 ,
2597 3950 2772 4005 neque
2799 3935 2937 3989 ratio
2965 3951 3145 3990 earum
3167 3977 3183 4004 ,
3213 3946 3462 4007 tanquam

1879 4029 1932 4083 in
1955 4037 2171 4098 parente
2197 4028 2376 4097 prolis,
2411 4036 2562 4083 sexto
2591 4027 2683 4082 illo
2718 4027 2805 4083 die
2831 4026 2964 4082 facta
2984 4027 3053 4082 sit
3090 4043 3209 4092 cum
3230 4028 3310 4084 his
3334 4043 3465 4099 ope-

1880 4121 2046 4183 ribus,
2077 4136 2104 4173 a
2135 4120 2325 4186 quibus
2352 4120 2760 4186 consummatis,
2781 4128 2835 4174 et
2864 4119 3121 4175 inchoatis
3142 4121 3278 4178 Deus
3298 4123 3350 4178 in
3378 4123 3465 4180 die

1880 4213 2104 4283 septimo
2133 4213 2420 4281 requievit;
2443 4213 2487 4268 si
2517 4213 2825 4280 dixerimus,
2845 4212 3135 4276 cavendum
3152 4225 3233 4268 est
3257 4230 3323 4269 ne
3351 4215 3464 4272 l'ru-

1880 4317 1988 4362 stra
2021 4317 2126 4362 tam
2167 4308 2451 4378 diligenter
2488 4307 2758 4377 Scriptura
2788 4306 3128 4372 commendet
3158 4321 3249 4362 sex
3276 4307 3466 4365 diebus

1881 4413 2279 4453 consummasse
2305 4398 2467 4451 Deum
2495 4397 2672 4452 omnia
2695 4412 2855 4467 opera
2883 4413 2999 4463 sua,
3031 4413 3149 4466 qua:
3179 4397 3300 4454 iecit
3326 4399 3466 4456 bona

1883 4490 2058 4554 valde,
2088 4490 2129 4544 si
2161 4489 2365 4558 aliquas
2388 4488 2561 4543 adhuc
2588 4498 2802 4543 naturas
2823 4487 2994 4543 fuerat
3012 4497 3308 4558 creaturus,
3335 4506 3466 4561 quas

1882 4598 1981 4637 nec
2005 4583 2145 4652 ipsas
2188 4595 2286 4637 nec
2315 4595 2497 4636 earum
2550 4580 2617 4636 ibi
2661 4582 2896 4638 rationes
2926 4583 3209 4640 causaliter
3236 4585 3420 4656 fecerit
3450 4605 3464 4641 :

1883 4676 1981 4732 nisi
2013 4675 2366 4744 intelligatur,
2391 4675 2650 4730 rationem
2675 4675 2888 4744 quidem
2925 4677 3240 4747 singillatim
3261 4680 3461 4736 facien-

1881 4767 2066 4822 darum
2107 4766 2400 4820 animarum
2450 4767 2788 4821 nascentibus
2836 4767 3134 4840 quibusque
3172 4769 3466 4827 dandarum

1882 4859 1936 4913 in
1969 4858 2145 4927 scipso
2167 4856 2395 4923 habere,
2427 4872 2530 4911 non
2563 4857 2616 4910 in
2657 4867 2899 4914 creatura
2929 4861 3100 4930 aliqua
3124 4862 3464 4927 condidisse;

1881 4948 1977 5006 sed
2022 4948 2143 5020 quia
2182 4963 2288 5003 non
2319 4948 2536 5003 alterius
2574 4951 2785 5018 generis
2835 4962 3079 5018 creatura
3128 4963 3211 5009 est
3251 4954 3463 5019 anima,

1880 5054 2037 5109 quam
2066 5039 2204 5093 illius
2227 5037 2517 5094 secundum
2541 5055 2700 5109 quam
2720 5051 2872 5097 sexto
2897 5042 2984 5098 die
3005 5043 3176 5099 factus
3193 5052 3278 5098 est
3303 5043 3466 5098 homo

1882 5131 1948 5186 ad
1980 5131 2265 5202 imaginem
2298 5129 2418 5195 Dei,
2450 5145 2555 5185 non
2581 5141 2725 5186 recte
2756 5132 2857 5186 dici
2889 5135 2908 5164 ³
2943 5133 3104 5188 Deum
3132 5150 3248 5188 eam
3296 5135 3468 5190 facere

1880 5241 2053 5288 nunc,
2081 5239 2198 5295 qurc
2241 5235 2365 5280 tunc
2407 5239 2510 5280 non
2558 5225 2967 5280 consummavit.
3000 5224 3118 5282 iam
3161 5225 3305 5280 enim
3341 5236 3468 5282 tunc

1881 5319 2110 5374 animam
2163 5317 2390 5380 fecerat.
2421 5315 2604 5386 quales
2631 5325 2687 5372 et
2730 5331 2869 5370 nilne
2919 5315 3076 5380 facit;
3131 5323 3185 5371 et
3210 5315 3329 5371 ideo
3358 5331 3465 5372 non

1881 5413 2088 5484 aliquod
2111 5427 2304 5468 novum
2331 5420 2585 5466 creaturae
2616 5425 2788 5480 genus
2817 5425 2956 5463 nunc
2985 5407 3138 5475 facit,
3169 5409 3308 5480 quod
3340 5418 3466 5467 tunc

1881 5507 1935 5562 in
1965 5508 2075 5561 suis
2105 5505 2489 5566 consummatis
2515 5503 2764 5571 operibus
2794 5518 2899 5582 non
2927 5502 3126 5558 creavit
3156 5521 3168 5556 :
3202 5518 3302 5559 nec
3325 5517 3460 5559 conv

1945 5600 1960 5630 ι
1987 5598 2137 5648 editi:
2183 5595 2314 5656 Velut
2345 5595 2395 5656 in
2416 5592 2647 5656 omnibus,
2677 5592 2758 5656 qui
2768 5655 2775 5656 γ
2778 5593 2887 5656 jam
2919 5601 3026 5644 sunt
3048 5595 3178 5656 facti,
3209 5595 3347 5648 ratio.
3371 5603 3470 5652 lte-

1877 5656 1974 5711 lius
1996 5667 2122 5718 Mss.,
2145 5656 2266 5707 velut
2288 5655 2338 5706 in
2367 5653 2634 5718 Itontittibus
2651 5653 2738 5718 qui
2749 5653 2857 5717 jam
2879 5663 3006 5718 sunt,
3030 5653 3327 5718 factn'ratio.

1943 5723 1965 5752 '
1986 5715 2122 5780 miti,
2162 5718 2392 5776 dicimus;
2525 5715 2956 5782 Condamus-Mss,
