3902 6312
484 230 601 293 (ἆυ

496 355 583 405 tn
602 344 725 405 ilius
745 340 993 400 canales
1010 340 1245 399 rationes
1268 353 1447 401 rerum
1474 337 1791 403 futurarum,
1818 346 1951 407 quas
1968 335 2085 392 uni-

502 438 745 496 versitati
770 446 898 493 tunc
927 433 1150 500 indidit,
1177 432 1301 488 hac.
1317 431 1433 502 ejus
1452 432 1692 502 operatio
1716 438 1832 496 est,
1862 428 1954 485 sed
1986 439 2084 499 po-

482 536 607 590 -tius
623 530 919 588 secundum
963 528 1142 598 ipsas;
1173 524 1603 597 quandoquidem
1649 523 1962 592 “paribus
1989 522 2087 579 lio»

500 624 707 691 manis,
736 637 962 693 quorum
1016 635 1083 675 ex
1129 618 1236 676 illis
1282 618 1470 688 primis
1490 615 1747 688 operibus
1771 614 2085 686 propagatio

486 716 805 772 continuata
836 712 1175 769 successione
1218 708 1589 780 protenditur,
1648 707 1807 765 talos
1836 705 2085 778 congruit

492 810 710 865 anilitas
731 805 919 867 inseri;
940 804 1129 875 qualos
1156 808 1298 859 nime
1322 802 1450 860 facit
1476 810 1636 871 atque
1650 799 1870 858 :ioserit‘.

575 901 628 957 6.
669 901 1002 970 Quapropter
1026 898 1133 968 iam
1164 895 1307 953 nihil
1324 896 1591 958 limares,
1618 902 1689 952 ne
1714 903 1898 951 contra
1926 894 2085 957 verba

504 993 623 1049 libri
659 992 814 1062 hujus
832 1033 846 1055 ,
878 1006 996 1061 qure
1021 989 1088 1044 de
1117 988 1284 1058 prima
1313 986 1402 1041 illa
1430 1001 1521 1040 sex
1547 984 1755 1041 dierum
1782 984 2086 1044 conditione

504 1086 807 1153 conscripta
835 1088 984 1146 sunt,
1012 1079 1267 1151 qualibet
1294 1079 1478 1135 horum
1512 1077 2086 1137 triuet‘tettt’etitiarum

504 1176 849 1249 prtumbilita's
889 1174 1094 1237 vlcerit,
1138 1172 1340 1231 sentire
1385 1170 1695 1236 videamur;
1736 1168 2087 1239 accipiamus

482 1266 890 1337 diligentidrem
911 1261 1221 1335 quastionis
1236 1260 1395 1331 hujus
1414 1260 1900 1331 pertractatitmomt
1918 1272 2088 1330 quan-

504 1369 617 1418 tum
645 1360 862 1430 adjuvat
892 1360 1067 1417 Deus:
1093 1374 1160 1414 ne
1184 1357 1319 1413 forte
1344 1356 1457 1413 ﬂeri
1490 1356 1659 1427 possit
1694 1364 1755 1413 ut
1788 1355 1835 1411 si
1875 1370 1982 1413 non
2019 1353 2084 1410 li-

486 1452 717 1524 quidam
736 1495 749 1515 ,
781 1451 846 1507 de
873 1467 975 1521 qua
1003 1449 1228 1506 dubitari
1261 1450 1399 1504 ultra
1424 1464 1531 1505 non
1561 1446 1781 1514 debeat,
1806 1454 1911 1503 tam
1940 1453 2086 1503 Certe

490 1543 882 1613 ’aeceptabilem
912 1542 980 1596 de
1008 1541 1108 1597 hac
1152 1557 1211 1596 re
1246 1541 1568 1596 sententiam
1610 1540 1999 1606 nanciscamur,
2029 1547 2087 1594 ut

500 1651 619 1692 eam
661 1645 843 1690 tenere
886 1635 1058 1688 donec
1091 1643 1297 1689 certum
1324 1632 1524 1704 aliquid
1551 1632 1840 1697 clarescat,
1876 1646 1983 1686 non
2016 1630 2087 1686 sit

501 1727 809 1782 absurdum.
834 1724 984 1794 Quod
1012 1726 1054 1779 si
1084 1740 1153 1779 ne
1173 1724 1276 1779 hoc
1301 1724 1514 1795 quidem
1538 1722 1894 1794 potuerimus,
1924 1722 2088 1779 docu-

503 1828 804 1875 mentorum
841 1816 1126 1871 ammentis
1160 1816 1393 1887 undique
1418 1815 1726 1887 pariterque
1755 1813 2083 1879 nutantibus,

480 1910 688 1965 saltem
720 1923 824 1963 non
860 1907 1126 1963 videbitur
1154 1916 1335 1963 nostra
1372 1907 1632 1962 dubitatio
1667 1905 1905 1962 laborem
1934 1904 2086 1961 devi-

502 2009 643 2057 tasse
671 2000 964 2071 quaerendi,
1000 2000 1092 2056 sed
1129 2000 1428 2056 afﬁrmandi
1464 1998 1817 2055 temeritatem
1846 2016 1862 2055 :
1889 2002 1949 2054 ut
1974 2012 2082 2065 me,

500 2094 544 2148 si
574 2095 692 2164 quis
715 2102 860 2149 recte
884 2093 992 2164 jam
1014 2102 1193 2149 certus
1212 2102 1312 2160 est,
1336 2092 1531 2147 decere
1549 2091 1825 2163 dignetur;
1852 2090 1898 2146 si
1925 2105 2083 2160 quem

505 2200 634 2239 vero
653 2201 750 2240 nec
776 2185 938 2240 divini
968 2185 1195 2255 eloquii,
1218 2198 1318 2240 nec
1345 2184 1638 2255 perspicua:
1658 2183 1880 2238 rationis
1902 2188 2087 2237 aucto-

505 2278 663 2341 ritas,
705 2276 797 2331 sed
834 2293 929 2332 sua
969 2278 1309 2348 praesumptio
1350 2284 1553 2333 certum
1583 2274 1817 2343 fecerat,
1843 2273 2084 2330 dubitare

500 2383 706 2424 mecum
733 2384 839 2424 non
867 2368 1199 2440 dedignatur.

570 2459 797 2517 CAPUT
823 2460 909 2516 IV.
935 2490 1005 2503 --
1037 2461 1112 2515 De
1136 2462 1321 2516 animat
1362 2471 1543 2515 natura
1577 2469 1625 2515 et
1666 2460 1860 2531 origine
1892 2460 2013 2531 quid

1184 2563 1284 2608 cert
1290 2570 1392 2608 um.

575 2645 628 2701 ’1.
653 2645 729 2700 Ae
781 2646 1006 2715 primum
1051 2644 1176 2699 illud
1207 2646 1508 2703 ﬁrmissime
1555 2654 1850 2712 teneamus,
1891 2643 2084 2699 animae

498 2746 740 2792 naturam
785 2753 886 2793 nec
929 2740 979 2792 iu
1023 2748 1265 2793 naturam
1308 2737 1547 2807 corporis
1583 2737 1851 2802 converti,
1881 2744 1940 2790 ιιι
1966 2749 2083 2805 qua:

494 2830 603 2901 jam
648 2830 749 2885 fuit
789 2831 997 2899 anima,
1040 2832 1129 2885 ﬂat
1163 2845 1391 2900 corpus;
1420 2828 1518 2885 nec
1544 2829 1595 2883 in
1625 2838 1867 2885 naturam
1890 2827 2082 2882 anima:

502 2921 843 2984 irrationalis,
873 2930 931 2975 ut
959 2937 1076 2991 qua:
1114 2921 1208 2975 iuit
1242 2921 1417 2975 anima
1448 2919 1699 2987 hominis,
1725 2919 1814 2973 ﬂat
1837 2919 2078 2989 pecoris;

499 3028 598 3069 nec
626 3014 677 3067 in
706 3021 947 3068 naturam
971 3013 1061 3068 Dei
1080 3055 1093 3074 .
1125 3022 1182 3067 ttt
1207 3028 1326 3083 qtue
1356 3012 1453 3067 fuit
1476 3012 1649 3067 anima
1668 3054 1681 3076 ,
1717 3011 1806 3067 ﬂat
1831 3011 1970 3082 quod
2000 3021 2084 3067 est

498 3105 638 3163 Deus
668 3124 681 3159 :
708 3115 867 3177 atque
915 3107 986 3161 ita
1033 3107 1263 3163 vicissim
1306 3121 1404 3162 nec
1442 3121 1669 3177 corpus,
1708 3122 1804 3162 nec
1850 3107 2078 3163 animam

497 3198 878 3265 irrationalem,
908 3214 1004 3254 uec
1031 3198 1380 3254 substantiam
1405 3216 1522 3270 quas
1550 3200 1689 3255 Deus
1714 3207 1815 3265 est,
1840 3200 2079 3255 converti

496 3300 551 3347 et
573 3292 684 3347 lteri
709 3292 943 3348 animam
970 3292 1274 3346 humanam.
1301 3292 1431 3347 lllttd
1446 3291 1611 3347 etiam
1633 3307 1737 3346 non
1767 3293 1940 3346 minus
1961 3308 2077 3347 cer-

497 3390 609 3437 tum
635 3396 754 3437 esse
780 3382 956 3446 debet,
980 3384 1208 3437 animam
1237 3398 1340 3437 nou
1362 3397 1482 3437 esse
1513 3382 1612 3436 nisi
1637 3391 1931 3436 creaturam
1963 3383 2073 3437 Del.

496 3476 831 3548 Quapropter
858 3478 901 3531 si
938 3491 1110 3547 neque
1133 3476 1200 3531 de
1226 3467 1468 3544 corpore,
1492 3489 1665 3544 neque
1693 3475 1759 3530 de
1785 3474 1961 3530 anima
2004 3475 2077 3529 ir~

493 3570 757 3634 rationali,
781 3585 953 3640 neque
974 3569 1042 3626 de
1061 3570 1237 3639 seipso
1259 3570 1399 3625 Deus
1426 3568 1656 3623 animam
1682 3568 1910 3623 hominis
1933 3568 2073 3636 fecit,

492 3672 659 3717 restat
684 3672 742 3717 ut
770 3672 857 3716 aut
888 3662 956 3716 de
985 3660 1151 3715 nihilo
1177 3676 1294 3716 eam
1325 3661 1498 3727 faciat,
1523 3667 1613 3715 aut
1631 3660 1700 3715 de
1724 3660 1899 3730 aliqua
1920 3658 2077 3730 spiri-

494 3754 839 3819 tttali,tamen
882 3754 1121 3808 rationali
1168 3759 1429 3808 creatura.
1474 3752 1580 3807 Sed
1633 3751 1700 3807 de
1745 3751 1909 3806 nihilo
1960 3751 2074 3806 fieri

491 3848 688 3917 aliquid
724 3847 1102 3901 eonsummatis
1141 3847 1390 3915 oneribus
1410 3889 1425 3913 ,
1455 3846 1646 3916 quibus
1670 3846 1869 3900 creavit
1898 3845 2073 3899 omnia

493 3937 650 3993 simul
674 3979 690 4004 ,
717 3938 1005 3993 violentum
1036 3946 1118 3992 est
1145 3938 1280 3992 velle
1305 3948 1631 4002 monstrare;
1665 3946 1718 3991 et
1745 3947 1917 3991 utrum
1949 3951 2072 4007 pcr-

489 4031 689 4099 spicuis
733 4028 1063 4085 documentis
1107 4028 1333 4082 obtineri
1378 4029 1565 4097 possit,-
1597 4029 1797 4099 ignoro.
1825 4028 1934 4083 Nec
1958 4028 2073 4083 exi-

490 4119 720 4190 gendum
760 4127 839 4174 est
877 4134 907 4173 a
947 4120 1097 4174 nobis
1136 4117 1276 4188 quod
1312 4119 1397 4172 vel
1425 4118 1877 4187 comprehendere
1913 4118 2074 4175 homo

491 4227 597 4266 non
625 4212 794 4277 valet;
818 4211 901 4267 vel
930 4211 974 4266 si
993 4211 1100 4282 jam
1123 4212 1313 4279 valeat,
1338 4213 1529 4266 mirum
1552 4212 1594 4266 si
1618 4212 1936 4282 persuadere
1964 4212 2074 4268 cui-

491 4317 650 4373 quam
682 4308 873 4369 potest,
899 4302 999 4357 uisi
1027 4302 1137 4368 tali,
1163 4302 1250 4373 qui
1281 4303 1440 4357 etiam
1472 4302 1615 4357 nullo
1640 4302 1854 4358 homine
1879 4301 2072 4359 docere

490 4405 738 4460 conante,
766 4403 939 4465 potest
963 4395 1124 4451 etiam
1152 4398 1263 4465 ipse
1288 4395 1393 4451 tale
1412 4394 1608 4466 aliquid
1633 4396 1942 4466 intelligere.
1967 4395 2072 4450 Tu-

489 4489 593 4543 tius
616 4496 696 4543 est
726 4489 881 4559 igitur
904 4488 969 4544 de
996 4488 1296 4559 ltujusmodi
1328 4489 1485 4543 rebus
1512 4504 1617 4542 non
1642 4488 1887 4542 humanis
1915 4503 2071 4558 agere

489 4582 829 4648 eonjecturls,
857 4581 951 4636 sed
975 4581 1152 4636 divina
1181 4582 1480 4636 testimonia
1512 4582 1853 4651 perscrutari.

486 4670 713 4727 CAPUT
744 4671 809 4727 V.
834 4703 907 4714 —
928 4673 1112 4727 Anima
1139 4690 1229 4727 nec
1257 4690 1319 4727 ex
1338 4672 1561 4743 Angelis,
1598 4690 1687 4727 nec
1711 4688 1773 4727 ea:
1793 4674 2063 4741 elementis,

967 4780 1057 4819 nec
1083 4783 1147 4820 ea:
1172 4764 1267 4819 Dei
1292 4764 1589 4820 substantia.

560 4856 612 4911 8.
641 4854 792 4923 Quod
820 4868 947 4927 ergo
966 4870 1029 4911 ex
1053 4856 1291 4926 Angelis,
1323 4865 1570 4925 tauquam
1600 4858 1905 4927 parentibus
1929 4860 2069 4915 Deus

485 4957 633 5008 creet
659 4948 884 5015 animas,
912 4949 1058 5003 nulla
1088 4949 1215 5003 mihi
1244 4948 1311 5004 de
1343 4949 1612 5004 canonicis
1640 4949 1810 5004 Lihris
1838 4953 2069 5008 occurrit

420 5087 424 5092 .
487 5043 792 5098 auctoritas.
829 5040 995 5096 Multo
1039 5040 1214 5094 minus
1254 5040 1430 5110 itaque
1471 5055 1537 5095 ex
1575 5040 1755 5095 mundi
1795 5043 2069 5113 corporeis

485 5136 764 5190 elementis
790 5153 803 5190 :
829 5133 928 5189 nisi
960 5134 1091 5187 forte
1112 5132 1239 5186 illud
1263 5141 1457 5198 movet,
1486 5131 1626 5202 quod
1655 5132 1791 5201 apud
1817 5132 2071 5188 Ezechie-

488 5229 591 5283 lem
617 5227 926 5298 prophetam
949 5242 1067 5281 enm
1087 5227 1483 5281 demonstratur
1503 5227 1822 5281 resurrectio
1841 5236 2069 5282 mortuo-

486 5334 628 5389 rum,
658 5320 1033 5392 redintegratis
1052 5319 1383 5390 corporibus,
1413 5334 1477 5374 ex
1507 5330 1734 5390 quatuor
1759 5320 1929 5387 ventis
1948 5321 2069 5377 coeli

487 5411 774 5465 advocatur
802 5412 1037 5481 spiritus,
1069 5427 1177 5482 quo
1205 5408 1463 5480 perﬂante
1496 5408 1846 5479 viviﬂeentur,
1870 5420 1928 5466 ut
1951 5428 2069 5467 sur-

486 5512 629 5574 gant.
662 5502 749 5557 Sic
778 5505 916 5558 enim
961 5505 1214 5576 scriptum
1241 5515 1323 5561 est
1348 5521 1362 5558 :
1392 5501 1459 5557 Et
1486 5502 1614 5558 dixit
1647 5503 1774 5557 mihi
1795 5500 2065 5570 Dominus,

494 5591 751 5665 Propheta
779 5611 929 5666 super
956 5597 1186 5667 spiritum
1202 5612 1223 5662 ,'
1253 5596 1515 5668 prephela,
1544 5595 1624 5666 [lli
1650 5595 1887 5665 hominis,
1915 5608 1960 5653 et
1989 5600 2071 5656 dic

489 5687 557 5740 ad
599 5687 857 5757 spiritum,
899 5685 1023 5745 Ha'c
1067 5689 1184 5743 dicit
1225 5687 1493 5759 Dominus,
1524 5689 1564 5743 Α
1592 5699 1808 5761 quatuor
1845 5692 2070 5762 partibus

1385 221 1473 279 DE
1510 219 1760 279 GENESI
1796 220 1890 278 AD
1926 218 2301 291 ΜΤΊῈΒΆΜ.
2340 218 2810 289 ΒέηΑυϐιΙΒΤΠἪ

3666 235 3782 292 4ι2

2181 343 2451 405 pontorum
2470 336 2583 395 mli
2608 338 2734 407 veni,
2762 346 2807 395 et
2833 338 3026 411 inspira
3050 340 3105 396 in
3125 350 3346 401 mortuos
3369 344 3485 415 hos,
3505 352 3548 404 et
3578 346 3775 407 vivont.

2176 427 2261 491 ,ει
2284 430 2599 500 prophetae.
2622 432 2757 491 sicut
2779 435 3016 504 ρτοεαρξι
3041 435 3165 497 milu'
3188 434 3461 504 Dominus,
3482 450 3528 497 et
3551 440 3779 499 introivit

2175 523 2399 593 ,κρίνεται
2415 524 2529 581 uitta
2550 524 2605 581 iu
2630 542 2715 582 eos
2734 566 2750 594 ,
2778 536 2828 583 et
2852 527 3160 599 revixerunt,
3186 538 3231 585 et
3251 538 3489 587 stetemzt
3511 547 3673 603 super,
3686 550 3777 603 pa.

2188 613 2282 673 des
2298 629 2434 679 suos.
2451 618 2772 686 congregatio
2793 618 2954 673 multa
2971 618 3118 677 valde
3133 617 3342 690 (Ezeclt.
3364 636 3570 685 xxxvu,
3586 621 3645 679 9.
3666 624 3778 693 i0).

2178 701 2292 769 libi
2322 704 2450 761 mibi
2479 705 2689 762 videtur
2722 707 3032 778 prophetico
3061 709 3433 789 signiﬁcatum,
3457 728 3559 769 nou
3589 728 3658 771 ex
3689 714 3780 771 illo

2192 805 2396 855 tantum
2424 814 2616 871 campo
2658 799 2749 856 ubi
2791 816 2879 859 res
2920 801 3033 872 ipsa
3070 802 3551 872 demonstrabatur,
3582 806 3686 863 sed
3715 822 3781 861 ex

2192 897 2305 949 toto
2328 891 2459 949 orbe
2487 902 2746 955 terrarum
2768 904 3167 955 resurrecturus
3189 897 3451 969 homines,
3477 908 3532 955 et
3558 897 3666 961 hoc
3691 916 3782 973 per

2186 982 2371 1041 ﬂatum
2392 993 2619 1055 quatuor
2639 986 2820 1053 mundi
2843 988 3069 1057 partium
3091 988 3253 1044 fuisse
3274 988 3573 1061 ﬁguratum.
3593 990 3783 1062 Neque

2189 1076 2341 1133 euim'
2362 1077 2524 1135 etiam
2550 1076 2708 1137 ﬂatus
2741 1078 2834 1139 ille
2861 1095 2927 1139 ex
2956 1095 3182 1151 corpore
3206 1080 3452 1151 Domini,
3483 1081 3783 1139 substantia

2189 1176 2307 1223 erat
2332 1167 2564 1237 Spiritus
2602 1175 2806 1234 sancti,
2839 1172 3051 1242 quando
3078 1172 3311 1231 sutﬂavit
3337 1182 3390 1228 et
3417 1173 3522 1239 ait,
3553 1173 3784 1244 Accipite

2172 1257 2444 1331 Spiritum
2485 1271 2719 1323 sanctum
2760 1261 2937 1336 (Iron.
2966 1280 3060 1331 xx,
3089 1264 3212 1337 22);
3238 1265 3333 1323 sed
3361 1264 3539 1335 utique
3569 1264 3780 1337 signiﬁ-

2189 1359 2365 1407 catum
2389 1360 2472 1406 est
2489 1391 2505 1414 ,
2528 1352 2606 1408 sio
2631 1353 2793 1413 etiam
2817 1354 2885 1413 ab
2915 1355 3030 1424 ipso
3057 1354 3347 1426 procedere
3366 1354 3632 1426 Spiritum
3654 1371 3780 1412 sau-

2189 1450 2356 1509 etum,
2387 1444 2657 1514 quomodo
2684 1447 2751 1501 ab
2776 1446 2891 1517 ejus
2919 1463 3142 1518 corpore
3167 1440 3338 1505 ﬂatus.
3366 1449 3454 1505 ille
3491 1450 3777 1522 processit.

2184 1532 2296 1591 Sed
2330 1534 2453 1606 quia
2485 1537 2714 1595 mundus
2741 1552 2849 1595 non
2884 1539 2957 1597 ita
2984 1539 3094 1594 Deo
3118 1550 3393 1610 coaptatur
3419 1540 3491 1596 ad
3519 1541 3778 1598 unitatem

2189 1639 2469 1697 persona),
2507 1629 2644 1685 sicut
2670 1645 2798 1688 caro
2822 1631 2913 1689 illa
2945 1632 3117 1689 Verbo
3151 1634 3268 1703 ejus
3304 1634 3587 1704 unigenito
3607 1633 3777 1701 Filio;

2187 1732 2297 1774 non
2330 1732 2616 1789 possumus
2642 1721 2824 1781 dicere
2864 1724 2935 1783 ita
2977 1739 3097 1785 esse
3123 1725 3354 1785 animum
3384 1727 3453 1785 de
3480 1728 3780 1785 substantia

2189 1808 2319 1875 Dei,
2346 1811 2793 1880 Quemadmodum
2830 1813 2987 1872 ﬂatus
3028 1816 3120 1871 ille
3158 1832 3188 1870 a
3230 1826 3458 1887 quatuor
3501 1820 3684 1877 ventis
3719 1818 3780 1874 de

2190 1907 2377 1959 natura
2401 1901 2586 1959 mundi
2614 1902 2783 1961 facttts
2805 1914 2889 1962 est
2916 1924 2929 1961 :
2956 1905 3050 1965 sed
3072 1915 3248 1971 tamen
3270 1907 3410 1963 aliud
3434 1923 3561 1965 eum
3594 1908 3776 1975 fuisse,

2189 1992 2333 2053 aliud
2362 1993 2692 2066 signiﬁcasse
2716 2006 2873 2068 puto;
2899 1999 3040 2069 quod
3079 2001 3323 2071 exemplo
3361 2000 3517 2061 ﬂatus
3544 2017 3618 2057 ex
3659 2016 3777 2059 cor—

2186 2100 2319 2156 pore
2338 2087 2546 2145 Domini
2568 2089 2906 2159 procedentis
2928 2102 3085 2169 recte.
3098 2092 3323 2164 intelligi
3342 2104 3547 2163 potest:
3569 2096 3781 2153 etiamsi

2188 2179 2436 2241 Ezechiel
2458 2183 2714 2254 propheta
2733 2185 2825 2241 illo
2849 2185 2967 2241 loco
2984 2202 3089 2243 non
3106 2188 3552 2249 resurrectionem
3578 2190 3776 2257 carnis,

2187 2273 2363 2344 qualis
2403 2276 2618 2346 proprie
2657 2276 2836 2333 futura
2873 2287 2989 2343 est,
3030 2277 3127 2335 sed
3157 2279 3477 2349 inOpiuatam
3507 2278 3776 2351 desperati

2189 2366 2368 2437 populi
2390 2367 2780 2438 reparationem
2803 2384 2899 2440 per
2917 2368 3169 2439 Spiritum
3192 2370 3420 2436 Domini,
3443 2372 3535 2442 qui
3553 2372 3778 2442 replevit

2187 2456 2374 2515 orbem
2398 2465 2660 2515 terrarum
2692 2457 2844 2531 (Sap.
2872 2476 2912 2529 ι,
2940 2460 3014 2532 7),
3041 2460 3260 2533 ﬁgurata
3287 2462 3623 2529 revelatiooe
3647 2478 3777 2536 pm

2188 2548 2338 2605 vidit.

2186 2636 2412 2697 CAPUT
2450 2639 2535 2699 Vl.
2556 2672 2628 2682 —
2659 2641 2937 2714 Opinione:
2963 2644 3027 2703 de
3052 2646 3225 2703 animo
3254 2646 3371 2705 date
3396 2646 3466 2705 ad
3489 2647 3775 2721 Scriptura

2647 2737 2929 2793 testimonia
2946 2739 3307 2808 expendenda.

2257 2823 2311 2879 9.
2353 2823 2484 2880 Illud
2507 2841 2635 2897 ergo
2654 2826 2765 2897 jam
2793 2828 3087 2894 videamus.
3110 2831 3319 2887 cuinam
3350 2832 3529 2903 potius
3555 2842 3771 2889 senten-

2184 2914 2275 2973 tiae
2303 2914 2480 2972 divina
2518 2918 2821 2977 testimonia
2859 2920 3215 2993 suﬂ'ragentur
3243 2941 3257 2978 :
3288 2924 3407 2980 eine
3441 2941 3545 2995 qua
3581 2927 3774 2984 dicitur

2185 3008 2415 3065 animam
2437 3024 2597 3065 unam
2619 3010 2787 3066 Deum
2806 3010 3021 3077 fecisse,
3041 3022 3093 3069 et
3113 3013 3325 3071 dedisse
3354 3017 3527 3085 primo
3548 3018 3769 3085 homini,

2186 3097 2327 3155 unde
2365 3110 2587 3157 cmteras
2628 3100 2854 3170 iaceret,
2888 3104 3030 3160 sicut
3064 3119 3131 3161 ea
3168 3106 3283 3176 ejus
3320 3118 3545 3178 corpore
3578 3120 3771 3168 excreta

2185 3189 2464 3249 hominum
2495 3208 2723 3264 corpora
2743 3212 2757 3261 ;
2780 3202 2848 3251 an
2873 3197 2921 3251 ei
2948 3213 3049 3267 qua
3073 3196 3270 3254 dicitur
3294 3200 3533 3271 singulas
3550 3204 3770 3277 singulis

2184 3284 2379 3349 facere,
2404 3286 2543 3342 sicut
2560 3287 2641 3342 illi
2664 3304 2843 3353 unam,
2867 3306 2975 3345 non
3002 3306 3068 3347 ex
3096 3291 3183 3345 illa
3209 3298 3449 3351 austeras.
3473 3293 3617 3352 Illud
3635 3299 3768 3353 enim

2182 3378 2325 3449 quod
2357 3394 2452 3448 per
2482 3379 2669 3435 lsaiaiu
2700 3381 2861 3447 dicit,
2897 3380 3110 3437 Oumem
3133 3386 3322 3455 ﬂatum
3358 3402 3450 3457 ego
3477 3388 3577 3457 [cci
3608 3388 3765 3459 (hui.

2183 3474 2310 3536 Lvu,
2334 3470 2446 3542 l6),
2463 3486 2584 3526 eum
2608 3472 2710 3527 hoc
2724 3487 2855 3528 eum
2875 3473 2944 3529 de
2965 3474 3139 3538 anima
3166 3476 3365 3540 dicere,
3386 3493 3513 3545 qua:
3538 3493 3745 3550 sequuti

2166 3569 2270 3615 stur
2297 3562 2429 3616 satis
2458 3562 2774 3631 ostendant,
2802 3564 2869 3619 ad
2899 3572 3181 3637 utrumque
3214 3567 3380 3638 accipi
3408 3577 3610 3638 potest.
3642 3570 3767 3627 Nam

2180 3654 2294 3708 sive
2325 3668 2391 3709 ex
2422 3670 2525 3710 una
2552 3656 2708 3726 primi
2739 3656 2970 3712 hominis
2998 3659 3203 3725 animo,
3233 3660 3348 3716 sive
3370 3676 3436 3717 ex
3464 3663 3655 3734 aliquo
3677 3678 3768 3720 suo

2181 3755 2410 3810 secreto,
2443 3760 2630 3803 omnes
2658 3748 2844 3818 procul
2871 3749 3032 3805 dubio
3059 3751 3262 3808 animas
3286 3754 3401 3824 ipse
3422 3753 3571 3812 facit.

2254 3838 2341 3894 lo.
2384 3838 2453 3895 Et
2479 3840 2608 3895 illud
2639 3842 2780 3913 quod
2806 3844 3192 3915 scriptum‘eSt,
3224 3847 3326 3912 Qui
3351 3847 3497 3918 tinuit
3529 3851 3764 3923 singilla-

2181 3929 2271 3984 tim
2300 3930 2455 3985 carda
2482 3946 2654 3986 eorum
2677 3932 2847 4006 (Prol.
2873 3951 3041 4004 χχιιι,
3072 3937 3180 4007 l5),
3209 3940 3253 3992 si
3283 3940 3501 4003 nomine
3518 3944 3762 3999 eordiuat

2179 4022 2505 4078 voluerimus
2541 4024 2749 4080 animos
2787 4027 3110 4098 intelligere,
3156 4046 3328 4102 neque
3367 4032 3469 4088 hoe
3502 4038 3765 4107 reﬁgunt

2178 4114 2426 4184 cuiquam
2476 4114 2707 4172 duorum
2741 4117 2812 4173 de
2858 4120 3050 4189 quibus
3095 4137 3236 4177 nunc
3275 4122 3621 4195 ambigimus.
3644 4126 3763 4182 Sive

2179 4207 2327 4263 enim
2347 4222 2411 4263 ex
2437 4223 2541 4263 una
2568 4209 2657 4264 illa
2678 4226 2834 4281 quam
2857 4210 3001 4267 ﬂavit
3030 4213 3081 4268 in
3112 4212 3297 4269 iaciam
3328 4215 3483 4285 priori
3505 4215 3760 4287 hominis,

2178 4297 2297 4369 ipso
2326 4300 2505 4371 utique
2539 4302 2773 4373 singulas
2801 4302 2952 4375 lingit
2971 4346 2987 4373 ,
3013 4305 3152 4361 sicut
3176 4307 3335 4362 etiam
3361 4312 3633 4378 corpora;
3656 4310 3761 4369 sive

2178 4390 2414 4463 singulas
2433 4394 2516 4449 vel
2549 4395 2713 4467 tingat
2740 4405 2795 4451 et
2834 4398 3027 4465 mittat,
3069 4398 3154 4454 vel
3196 4403 3251 4455 in
3284 4401 3362 4456 eis
3406 4403 3535 4472 ipsis
3569 4404 3758 4475 quibus

2179 4484 2407 4551 miserit,
2433 4500 2525 4541 eas
2550 4485 2713 4558 lingat
2738 4506 2750 4543 :
2778 4505 3077 4561 quanquam
3108 4491 3209 4547 hoc
3233 4509 3338 4548 non
3365 4494 3499 4555 mihi
3516 4495 3759 4553 videatur

2176 4575 2397 4644 dictum,
2421 4580 2524 4634 nisi
2549 4595 2613 4634 ex
2644 4597 2713 4638 eo
2740 4582 2877 4653 quod
2902 4598 2997 4653 per
3014 4586 3237 4654 gratiam
3264 4596 3459 4643 nostrte
3478 4589 3675 4646 auium
3691 4590 3754 4646 ad

2175 4670 2459 4743 imaginem
2484 4674 2578 4730 Dei
2599 4678 2942 4735 renovatione
2964 4678 3277 4736 formantur.
3299 4680 3450 4739 Unde
3472 4683 3602 4740 dicit
3618 4687 3656 4740 Α
3665 4697 3755 4756 po-

2176 4764 2346 4819 stolus
2376 4784 2389 4821 :
2418 4764 2599 4821 Gratia
2626 4769 2758 4823 enim
2784 4769 2912 4823 salvi
2950 4771 3072 4839 facti
3097 4771 3217 4827 satis
3250 4790 3339 4844 per
3374 4776 3524 4844 ﬁdem
3544 4818 3559 4842 ,
3588 4788 3637 4832 et
3662 4778 3752 4832 Mc

2176 4871 2277 4911 non
2314 4872 2378 4911 es
2408 4858 2562 4923 vobis,
2592 4859 2681 4915 sed
2709 4859 2897 4913 donum
2922 4860 3019 4917 Dei
3042 4873 3150 4931 est;
3177 4882 3278 4920 non
3316 4880 3380 4922 ea:
3409 4868 3662 4939 operibus,
3692 4884 3752 4923 ne

2176 4952 2305 5020 forte
2346 4951 2465 5020 quis
2506 4951 2794 5005 extollatur.
2838 4952 3010 5025 Ipsius
3055 4959 3186 5012 enim
3228 4976 3400 5015 smus
3441 4962 3744 5033 ﬁguratum,

2172 5054 2397 5099 creatum
2449 5046 2505 5100 in
2553 5045 2751 5101 Christo
2791 5046 2917 5103 Iesu
2958 5050 3010 5103 in
3053 5051 3288 5122 operibus
3332 5053 3473 5109 bouis
3519 5052 3746 5127 (EpIm.

2175 5153 2232 5203 ιι,
2265 5138 2438 5210 840).
2471 5137 2587 5194 Non
2622 5141 2764 5195 enim
2803 5155 2901 5212 per
2941 5143 3076 5200 hanc
3101 5145 3324 5215 gratiam
3369 5144 3487 5202 [idet
3529 5162 3747 5218 corpora

2175 5239 2355 5286 nostra
2382 5241 2560 5287 creata
2589 5232 2671 5288 vel
2702 5231 2820 5287 ﬁcta
2846 5249 3129 5305 possumus
3153 5236 3465 5309 intelligere,
3494 5239 3586 5295 sed
3612 5241 3748 5295 sicut

2175 5323 2237 5378 in
2259 5323 2470 5379 Psalmo
2497 5326 2698 5383 dictum
2726 5338 2827 5393 est,
2849 5325 2947 5383 Cor
2973 5331 3212 5385 mttudum
3242 5347 3358 5386 creo
3394 5334 3447 5386 in
3486 5349 3582 5401 me,
3614 5332 3747 5387 Deus

2178 5415 2349 5490 (Paul.
2379 5432 2429 5483 ι..
2456 5417 2563 5487 te).

2249 5510 2335 5565 ll.
2378 5509 2513 5565 Hinc
2547 5511 2709 5566 etiam
2740 5510 2871 5567 illud
2899 5527 3018 5568 esse
3049 5522 3195 5585 puto,
3229 5516 3328 5583 Qui
3351 5517 3500 5588 ﬁnxit
3524 5516 3741 5589 spiritum

2178 5600 2396 5656 hominis
2423 5602 2475 5656 in
2502 5602 2613 5671 ipso
2641 5600 2819 5664 (Each.
2847 5618 2940 5667 ιιι,
2970 5603 3054 5677 l);
3088 5612 3337 5678 tanquam
3378 5607 3519 5662 aliud
3562 5606 3626 5661 sit
3665 5601 3741 5657 ia-

2177 5703 2318 5750 ctam
2364 5695 2594 5749 animam
2627 5695 2865 5765 mittere,
2894 5696 3037 5752 aliud
3078 5698 3132 5753 in
3170 5700 3284 5770 ipso
3313 5699 3526 5757 homine
3554 5700 3736 5763 facere,
