3902 6324
187 272 301 343 με

192 387 384 455 idest.
410 384 640 447 reticere
677 399 740 443 ac
776 394 1053 441 renovare.
1080 383 1185 440 Sed
1211 384 1371 439 etiam
1398 383 1500 438 hoc
1524 385 1567 439 si
1597 399 1700 439 non
1726 383 1794 439 de

190 482 388 554 gratia,
410 479 594 548 inqua
626 488 966 542 renovamur,
990 475 1084 531 sed
1109 475 1175 531 de
1202 486 1410 539 natura,
1448 477 1501 529 in
1549 484 1649 545 qua
1702 490 1795 530 na-

150 620 155 623 .
192 573 419 636 scinmr,
450 570 843 640 intelligamus.
892 568 958 623 ad
1005 578 1281 638 utramque
1325 568 1643 622 sententiam
1674 567 1795 622 duci

196 674 380 736 potest
408 683 420 715 :
450 663 576 733 quia
602 660 688 719 vel
717 670 911 717 ex'una
956 661 1043 715 illa
1084 660 1241 730 primi
1284 660 1516 717 hominis
1548 666 1795 730 umquam

195 772 387 812 semen
414 756 606 809 anima:
631 762 914 809 attractum
944 754 1058 823 ipse
1083 752 1229 823 tingit
1256 752 1306 806 in
1332 744 1564 817 homine,
1592 761 1647 805 ut
1670 752 1797 806 vivi-

196 849 331 904 iicet
368 862 597 918 corpus;
626 846 743 903 sive
782 846 1024 915 spiritum
1064 845 1217 912 vitm,
1252 858 1356 899 non
1386 860 1449 899 ex
1482 844 1564 899 illa
1604 850 1796 914 propa-

192 943 326 1012 gine
345 982 361 1006 ,
388 941 478 995 sed
510 938 722 993 aliunde
752 938 960 1008 corpori
996 937 1222 993 int‘usum
1245 981 1258 1005 ,
1294 938 1407 1008 ipse
1436 938 1619 992 itidem
1648 937 1797 1007 lingit

198 1050 304 1105 per
330 1034 580 1090 mortales
608 1047 800 1088 sensus
827 1033 1031 1095 carnis,
1069 1041 1124 1087 ut
1164 1033 1253 1087 ﬂat
1283 1032 1444 1086 homo
1483 1031 1537 1085 in
1565 1030 1797 1085 animam

194 1128 396 1183 Vivam.

194 1218 428 1276 CAPUT
458 1216 652 1273 Vl|.-—
672 1217 786 1273 Utri
814 1216 1041 1288 opinioni
1063 1216 1229 1286 faveat
1253 1216 1400 1284 illud,
1420 1215 1649 1273 Sortitus
1678 1230 1795 1270 sum

702 1309 934 1363 animam
960 1309 1174 1373 bonam,
1205 1317 1298 1361 etc.

276 1405 367 1460 12.
409 1403 540 1459 Illud
570 1418 699 1458 sane
736 1403 802 1459 de
832 1403 968 1457 iibro
990 1402 1307 1473 Sapientiae,
1334 1402 1421 1457 ubi
1449 1402 1548 1465 ait,
1575 1400 1798 1457 Sortitus

195 1511 319 1553 sum
338 1497 557 1550 animam
589 1496 789 1561 bonam,
811 1504 861 1549 et
885 1511 999 1547 tum
1025 1511 1181 1548 essent
1208 1494 1367 1565 magis
1393 1495 1569 1556 bonus,
1594 1495 1707 1549 veni
1731 1496 1798 1547 ad

174 1600 388 1658 corpus
424 1587 854 1654 incoinquinatum
890 1586 1045 1657 (Sep.
1074 1602 1188 1649 vui,
1223 1585 1311 1651 i9,
1335 1586 1459 1655 ‘20);
1492 1587 1797 1656 diligentio-

196 1694 320 1735 rem
348 1679 829 1735 considerationem
859 1677 1080 1747 ﬂagitat.
1110 1678 1272 1747 Magis
1303 1681 1444 1732 enim
1475 1676 1686 1733 videtur
1714 1687 1796 1733 at-

200 1774 390 1831 testari
422 1773 655 1843 npinioni
686 1787 790 1843 qua
820 1788 925 1827 non
955 1788 1017 1826 ex
1048 1788 1147 1825 una
1183 1773 1480 1842 propagari,
1512 1772 1603 1826 sed
1634 1772 1794 1827 desu-

198 1880 304 1937 per
322 1866 513 1920 anima:
534 1865 718 1918 venire
744 1864 1035 1918 creduntur
1058 1864 1122 1917 ad
1151 1879 1392 1934 corpora.
1415 1863 1795 1918 Verumtamen

200 1958 333 2028 quid
375 1964 487 2024 est,
531 1957 755 2012 Sortitus
788 1952 899 2009 sum
942 1957 1162 2009 animant
1200 1955 1422 2011 bonam?
1446 1957 1593 2027 quasi
1624 1966 1708 2010 aut
1743 1956 1795 2010 in

201 2050 299 2105 illo
340 2050 634 2103 animarum
678 2050 850 2111 fonte,
889 2047 932 2101 si
980 2038 1121 2101 ullus
1160 2057 1273 2113 est,
1306 2048 1424 2101 alia}
1465 2048 1570 2101 sint
1605 2047 1796 2102 animm

202 2145 395 2209 homo,
432 2145 547 2198 alim.
588 2160 620 2198 ιι
646 2161 691 2197 »ιι
733 2144 913 2209 inuia»,
949 2159 1067 2213 qua:
1110 2154 1253 2197 sorte
1296 2143 1522 2214 quadam
1568 2154 1792 2211 exeant,

203 2254 451 2309 (numnam
482 2238 564 2291 cui
603 2238 804 2291 homini
839 2238 1127 2301 tribuatur;
1158 2245 1247 2290 aut
1273 2236 1403 2289 alias
1437 2237 1574 2290 Deus
1603 2236 1669 2289 ad
1700 2236 1795 2289 ho-

205 2346 327 2386 ram
355 2340 734 2399 eoneeptorum
762 2330 842 2383 vel
885 2329 1215 2382 nascentium
1250 2328 1405 2381 faciat
1438 2327 1635 2393 bonas,
1670 2329 1797 2381 aiias

206 2439 315 2477 non
343 2423 525 2488 bonas,
552 2439 773 2493 quarum
797 2422 1017 2491 quisque
1041 2421 1229 2475 habeat
1258 2432 1421 2486 sorte,
1448 2438 1564 2492 qua:
1591 2423 1799 2476 accide-

206 2516 297 2570 rit.
324 2515 510 2569 Hiram
532 2514 578 2567 si
608 2513 708 2567 hoc
731 2528 824 2567 eos
847 2513 1033 2567 saltem
1066 2513 1297 2579 adjuvat,
1330 2512 1416 2581 qui
1448 2511 1673 2567 credunt
1692 2512 1799 2565 ani.

205 2624 329 2663 mas
354 2608 475 2661 alibi
502 2606 668 2661 factas
689 2645 706 2674 ,
737 2600 1041 2676 singillatim
1071 2605 1202 2658 mitti
1230 2620 1257 2655 a
1291 2604 1400 2658 Deo
1431 2603 1649 2679 singulis
1677 2604 1798 2674 qui-

204 2700 419 2771 busque
442 2699 758 2770 corporibus
781 2700 1081 2759 hominum,
1114 2713 1174 2752 ac
1204 2700 1310 2750 non
1340 2696 1456 2750 illos
1486 2682 1678 2767 potius,
1710 2697 1798 2769 qui

204 2810 310 2867 pro
336 2794 541 2850 meritis
561 2805 801 2863 operum,
826 2806 943 2863 quae
974 2798 1097 2846 ante
1120 2805 1313 2860 corpus
1342 2798 1582 2860 egerunt,
1611 2792 1661 2843 in
1692 2804 1799 2843 Ci!"

204 2904 341 2960 pora
382 2889 517 2943 mitti
552 2889 757 2942 animos
798 2887 995 2940 dicunt.
1025 2872 1323 2941 Secundini)
1356 2884 1478 2954 quid
1510 2884 1651 2938 enim
1680 2882 1798 2937 alim

204 2981 398 3044 bonae,
424 2980 545 3035 alite
575 2996 678 3034 non
706 2980 859 3034 bonae
893 2980 1075 3033 venire
1104 2976 1169 3030 ad
1194 2974 1415 3046 corpora
1450 2984 1665 3046 possant
1700 2992 1797 3045 pu-

209 3073 329 3135 tari,
353 3072 454 3127 nisi
479 3065 767 3127 secundum
792 3086 953 3141 opera
981 3069 1112 3124 sua?
1134 3070 1315 3139 Neque
1336 3062 1473 3122 enim
1507 3068 1798 3123 scetnulum

208 3178 475 3232 naturam,
506 3169 555 3222 in
582 3174 681 3237 qua
713 3167 844 3219 limit
868 3166 934 3219 ab
963 3165 1053 3218 illo
1076 3163 1163 3234 qui
1187 3158 1370 3217 omnes
1398 3156 1611 3217 naturas
1635 3160 1799 3215 bonas

209 3264 357 3318 facit.
380 3260 481 3317 Sed
510 3262 645 3315 absit
676 3266 729 3313 ut
759 3257 1189 3312 eontradieamus
1218 3242 1471 3324 Apostolu
1492 3298 1505 3322 ,
1545 3256 1633 3324 qui
1673 3254 1800 3309 dicit

209 3355 447 3410 nondum
474 3362 624 3406 natos
651 3349 776 3405 nihil
808 3351 981 3420 egisse
1004 3350 1127 3403 boui
1159 3358 1248 3401 aut
1272 3347 1415 3414 mali,
1440 3344 1578 3401 unde
1604 3348 1797 3401 contir-

208 3456 321 3502 mat
351 3456 453 3519 non
484 3438 719 3515 potniSse
760 3459 823 3495 ex
865 3442 1115 3511 operibus
1146 3440 1244 3495 diei
1268 3482 1280 3500 ,
1322 3440 1413 3493 sed
1446 3450 1511 3493 ex
1538 3448 1762 3493 vocante
1782 3482 1796 3505 ,

186 3582 189 3583 ν
214 3539 386 3611 Major
414 3539 588 3592 serviet
615 3536 829 3598 minori;
852 3551 974 3589 cum
1001 3534 1067 3588 de
1093 3532 1319 3603 geminis
1341 3540 1521 3603 ageret
1547 3530 1717 3585 adhuc
1748 3531 1799 3586 in

210 3627 469 3688 “dictitat
500 3640 652 3686 utero
675 3630 977 3684 eottstitutis
1009 3629 1026 3699 (
1056 3626 1205 3681 Rom.
1234 3643 1304 3691 ix,
1337 3626 1500 3680 iO-l5
1530 3625 1569 3696 ).
1596 3626 1797 3694 Seque—

210 3721 443 3779 str’emus
470 3737 597 3793 ergo
628 3722 899 3792 paululum
938 3720 1037 3773 hoc
1068 3720 1132 3773 de
1164 3719 1297 3773 libro
1328 3719 1615 3797 Sapienti-.e
1650 3716 1796 3771 testi-

212 3817 449 3872 montum
481 3834 492 3869 :
524 3831 696 3885 neque
742 3814 882 3867 enim
925 3812 1223 3883 negiigeudi
1270 3820 1411 3875 sunt,
1457 3825 1552 3865 seu
1598 3816 1797 3878 errent,

211 3922 307 3965 seu
341 3918 517 3964 rerum
548 3907 777 3978 sapiant,
806 3906 895 3976 qui
928 3905 1029 3958 hoc
1059 3904 1359 3974 specialiter
1382 3912 1436 3958 et
1466 3903 1802 3972 singulariter

212 4004 281 4060 de
320 4004 491 4058 animo
524 4001 613 4055 illa
648 4000 848 4055 dictum
886 3996 1070 4068 putant
1102 3997 1409 4052 mediatoris
1431 3996 1522 4049 Dei
1550 4002 1603 4049 et
1630 3994 1799 4048 homi-

210 4096 343 4153 uiua
380 4095 611 4149 hominis
653 4091 849 4147 ChriSti
886 4090 1031 4145 Jesu.
1057 4088 1229 4157 Quod,
1270 4089 1313 4141 si
1352 4102 1574 4143 necesse
1623 4087 1797 4149 fuerit,

210 4180 377 4261 qitnié
406 4188 474 4241 sit
504 4180 685 4257 postea
724 4178 1197 4246 considerabimus,
1223 4188 1277 4232 ut
1307 4182 1349 4232 si
1372 4179 1583 4232 Christo
1609 4192 1800 4233 c0nvc-

215 4282 334 4335 nire
352 4278 459 4333 non
480 4275 740 4346 patuerit,
770 4284 1071 4344 qua‘ramus
1106 4269 1548 4341 quemadmodum
1585 4269 1634 4323 id
1663 4270 1801 4323 acci-

216 4380 347 4446 pete
402 4360 727 4431 debeamus“,
779 4382 846 4421 ne
899 4373 1085 4421 contra
1138 4364 1479 4433 apostolicam
1533 4364 1801 4417 veniamus

214 4467 399 4529 iidem,
435 4468 681 4534 putantes
705 4461 901 4515 habere
928 4459 1134 4513 animas
1166 4458 1335 4527 aliqua
1370 4459 1552 4512 merita
1580 4474 1801 4528 operum

214 4564 460 4622 sitorum,
487 4557 789 4626 priusquam
822 4553 1077 4621 incipiant
1103 4550 1152 4603 in
1178 4550 1490 4618 corporibus
1511 4552 1705 4605 vivere.

212 4651 443 4709 CAPUT
474 4648 604 4705 Vlil‘.
632 4675 703 4691 -—
734 4646 916 4701 Neutri
950 4645 1205 4699 scntcntim
1237 4644 1490 4697 adversari
1518 4642 1674 4711 illud,
1700 4644 1805 4699 Au-

238 4760 239 4763 ‘
454 4734 457 4737 ’
732 4738 874 4794 nares
896 4738 1158 4808 Spiritum,
1181 4746 1272 4789 etc.

292 4836 381 4891 15.
423 4834 571 4888 Nune
614 4830 741 4887 illud
785 4830 1082 4893 videamus,
1123 4824 1566 4897 «ptcmadmodnm
1605 4823 1804 4881 dictum

212 4929 319 4993 siti
336 4927 545 4998 Auferes
574 4924 806 4993 spiritum
833 4936 1001 4975 eorum
1023 4963 1035 4983 ,
1061 4928 1107 4972 ct
1136 4920 1250 4987 deﬁt
1266 4920 1392 4983 ient,
1417 4926 1461 4969 ct
1484 4918 1532 4969 in
1556 4918 1807 4987 pulrcrent

212 5016 375 5074 duini
399 5008 761 5071 tantiei‘teatur.
792 5012 1002 5066 Emitte:
1031 5012 1261 5081 spiritum
1293 5018 1458 5073 tuum,
1490 5018 1533 5061 et
1563 5010 1806 5063 creaban-

218 5123 349 5176 tur;
366 5119 415 5164 et
434 5102 697 5165 innovabio
713 5106 893 5177 fatim
920 5110 1065 5157 tet-rw
1089 5101 1267 5175 (Psal.
1297 5117 1406 5165 ent,
1430 5099 1520 5162 29,
1550 5102 1616 5157 30
1636 5101 1674 5172 ).
1704 5102 1806 5156 Pro

216 5204 331 5259 illis
354 5202 499 5258 enim
518 5202 612 5273 qui
650 5200 975 5255 arbitrantur
1001 5196 1205 5250 animus
1232 5198 1297 5249 ex
1340 5193 1643 5264 parentibus
1673 5193 1807 5249 sicut

218 5292 793 5367 manerent-time
816 5292 1022 5346 videtur
1046 5304 1261 5354 sonare,
1295 5304 1411 5342 eum
1446 5288 1520 5343 sic
1551 5289 1809 5360 intelliga-

219 5402 345 5457 tur,
378 5399 434 5445 nt
472 5390 713 5462 Spiritum
745 5402 929 5442 eorum
972 5393 1249 5454 propterea
1280 5382 1491 5448 dixerit,
1516 5382 1654 5451 quod
1686 5386 1806 5437 eum

218 5485 472 5539 homines
516 5498 589 5538 ex
630 5478 934 5535 hominibus
981 5473 1319 5546 acceperint:
1353 5473 1439 5542 qui
1468 5474 1807 5551 commortui

216 5577 443 5642 fueriut;
468 5574 680 5631 non'ets
708 5570 997 5643 βῡιέιιικιιιι
1019 5568 1321 5623 hominibus
1350 5563 1522 5632 reddi,
1548 5574 1602 5619 ut
1629 5557 1809 5620 resur-

213 5668 379 5743 sunt;
412 5668 532 5740 quia
579 5672 685 5721 non
726 5660 943 5728 ruistis,
987 5657 1433 5731 quemadmodum
1467 5656 1675 5727 quamio
1703 5654 1806 5713 nati

207 5770 365 5829 aut,
391 5776 421 5817 ι
449 5758 762 5832 parentibus
787 5754 1016 5822 ducitur,
1046 5752 1142 5807 sed
1173 5750 1313 5806 Deus
1342 5756 1464 5805 eum
1487 5748 1689 5816 reddet,
1715 5753 1805 5820 qui

1491 258 1692 325 LIBER
1732 254 2039 329 uncinos.

1900 382 2182 446 reSuscitat
2201 402 2441 450 mortuos
2456 397 2471 466 (
2483 396 2525 451 Ιῐ
2543 399 2775 477 Martiali.
2792 420 2884 466 vn,
2899 403 3010 478 25).
3030 408 3101 461 Ac
3123 425 3215 480 per
3228 409 3327 465 hoc
3345 409 3495 475 enin—

1903 480 2022 536 dem
2053 486 2296 555 spiritum
2327 487 2465 543 dixit
2494 506 2679 549 eorutn
2711 509 2831 548 eum
2862 497 3176 562 moriuntur,
3205 502 3293 558 Dei
3316 514 3493 558 autem

1904 589 2024 631 eum
2056 574 2361 647 resurgunt.
2391 582 2541 648 Quod
2570 597 2795 651 possunt
2825 586 2925 650 illi,
2953 588 3039 656 qui
3072 604 3174 643 non
3203 608 3263 643 ex
3299 608 3491 662 paren-

1906 666 2064 733 tibus,
2095 670 2187 724 sed
2215 670 2321 725 Deo
2352 672 2623 735 mittente,
2651 676 2853 729 aitintas
2879 679 3060 733 venire
3089 692 3365 748 asmrruot,
3399 700 3494 752 pro

1904 770 1997 813 sita
2019 760 2269 830 opinione
2296 763 2372 817 sic
2401 763 2718 835 intelligere,
2748 777 2801 821 ut
2828 784 3011 822 eorum
3035 771 3227 825 dixerit
3251 772 3493 842 spiritum

1904 865 2041 927 cum
2067 853 2396 921 moriuntur,
2433 857 2551 925 quia
2598 858 2646 911 in
2678 859 2755 912 eis
2786 870 2919 925 erat,
2947 869 3001 916 et
3032 862 3098 915 ah
3126 864 3203 917 eis
3229 866 3370 929 exit;
3403 865 3495 921 Dei

1903 942 2078 996 autem
2108 957 2225 998 cum
2255 958 2566 1017 resurgunt,
2596 951 2736 1020 quod
2767 951 2833 1004 ab
2867 952 2981 1023 ipso
3012 955 3257 1024 mittitur,
3284 952 3350 1011 ab
3380 959 3495 1030 ipso

1903 1032 2143 1121 redditur
2169 1056 2181 1091 :
2207 1038 2429 1107 proinde
2461 1041 2558 1097 hoc
2584 1042 2741 1098 etiam
2780 1046 3139 1101 testimonium
3169 1051 3371 1104 neutris
3404 1066 3497 1105 eo-

1903 1142 2020 1181 rum
2050 1126 2379 1185 adversatur.

1979 1221 2065 1275 M.
2107 1221 2221 1294 Ego
2265 1240 2391 1279 vero
2417 1225 2648 1280 arbitror
2675 1228 2866 1282 melius
2901 1229 3117 1301 intelligi
3158 1230 3257 1286 hoe
3297 1230 3493 1288 dictant

1903 1315 1970 1371 de
1996 1317 2157 1386 gratia
2187 1315 2299 1382 Dei,
2331 1334 2431 1389 qua
2465 1318 2683 1375 interius
2711 1337 3049 1376 renovantur.
3073 1322 3317 1378 Omnium
3350 1324 3492 1380 enim

1904 1411 2249 1480 superbormn
2273 1411 2562 1469 secundum
2590 1403 2856 1470 tet'rentun
2888 1414 3151 1471 hominem
3180 1414 3491 1485 viventium,

1903 1494 1957 1556 ct
1986 1502 2051 1556 de
2088 1519 2180 1558 sua
2213 1505 2444 1562 vanitate
2475 1508 2931 1575 prmsumentium,
2980 1508 3369 1577 quodamn‘iodo
3399 1524 3495 1563 aus

1905 1593 2070 1648 fertur
2096 1596 2311 1665 spiritus
2354 1599 2616 1667 proprius,
2658 1614 2777 1651 cmn
2806 1608 3003 1652 exuunt
3035 1614 3092 1653 se
3127 1612 3359 1655 veterem
3393 1600 3494 1654 ho-

1902 1686 2120 1751 minem,
2148 1696 2199 1740 et
2233 1687 2585 1754 inlirmantur,
2616 1700 2666 1742 ut
2699 1690 3037 1759 perﬁciantur
3061 1692 3275 1761 expulsa
3308 1708 3495 1761 super-

1902 1778 2009 1845 bia,
2035 1780 2273 1833 dicentes
2303 1778 2524 1834 Domino
2553 1796 2647 1850 per
2676 1782 2923 1835 lunnilem
2951 1782 3357 1845 confessionem,
3385 1782 3497 1837 Me-

1903 1873 2103 1925 mento‘
2142 1872 2259 1943 quia
2300 1872 2462 1943 putris
2497 1891 2669 1927 smnus
2710 1871 2877 1947 (Psat.
2909 1888 2998 1938 cu,
3030 1874 3115 1945 Μ)
3145 1894 3154 1927 ;
3184 1876 3375 1945 quibus
3409 1874 3495 1930 di-

1902 1956 2042 2017 etunt
2082 1973 2215 2029 erat,
2254 1964 2391 2031 Quid
2419 1968 2639 2035 superbit
2668 1974 2800 2021 terra
2831 1976 2874 2020 ct
2911 1969 3035 2021 cinis
3067 1967 3250 2038 (Ereti.
3292 1986 3347 2035 χ,
3380 1968 3412 2023 9
3434 1966 3493 2041 )?

1903 2056 2007 2113 Per
2036 2058 2247 2111 oculum
2277 2061 2471 2131 quippe
2498 2059 2615 2114 iiin
2648 2070 2964 2115 contuentes
3008 2061 3096 2115 Dei
3126 2061 3402 2131 jttStiliattt,
3441 2072 3499 2116 ut

1903 2166 2008 2205 non
2045 2151 2209 2205 veiint
2234 2152 2559 2227 constituere
2590 2169 2737 2207 suam
2771 2153 2945 2226 (Itoni.
2971 2171 3024 2217 Χ,
3056 2153 3145 2224 5),
3180 2157 3497 2225 semetipsos

1903 2242 2222 2313 deSpiciunt,
2268 2244 2403 2297 sicut
2446 2226 2547 2299 Job
2577 2243 2724 2312 dicit,
2761 2256 2811 2301 et
2842 2245 3225 2308 disl'lbcscunl,
3268 2256 3317 2301 et
3354 2249 3499 2301 aesti-

1904 2342 2051 2388 mant
2081 2352 2137 2389 se
2165 2352 2357 2389 terram
2389 2345 2442 2389 et
2469 2338 2702 2391 cinerem
2734 2356 2746 2390 ι
2780 2334 2879 2391 hoc
2909 2353 2991 2391 est
3022 2338 3183 2403 enim,
3223 2337 3284 2390 Et
3307 2337 3357 2391 in
3381 2338 3497 2409 pnt-

1904 2432 2064 2479 vrreni
2094 2444 2238 2481 suum
2275 2437 2641 2482 convertentur.
2686 2428 2918 2498 Accepto
2945 2437 3120 2482 autem
3151 2428 3349 2499 Spiritu
3380 2429 3495 2496 Dei,

1904 2518 2128 2573 dicunt:
2172 2518 2290 2573 Vivo
2322 2529 2486 2574 autem
2523 2522 2636 2591 jam
2673 2538 2771 2573 non
2813 2537 2921 2591 ego,
2970 2522 3083 2573 vivit
3118 2532 3281 2574 autem
3325 2521 3375 2574 in
3422 2538 3500 2576 me

1906 2609 2131 2664 Christus
2158 2608 2353 2677 (Colat.
2382 2627 2438 2675 ιι,
2459 2610 2569 2679 20).
2599 2609 2688 2666 Sic
2716 2611 2995 2665 innovatur
3018 2611 3176 2665 facies
3206 2621 3377 2677 teri-tr,
3406 2628 3500 2681 per

1904 2703 2035 2757 Novi
2063 2704 2389 2757 Testamenti
2415 2705 2659 2774 gratiam,
2686 2703 3068 2758 ntnuerositate
3096 2714 3422 2758 sanctorum.

1906 2795 2129 2851 CAPUT
2169 2795 2261 2851 IX.
2288 2826 2358 2835 -—
2387 2795 2513 2850 Item
2553 2795 2698 2859 illud,
2732 2796 2791 2851 Et
2822 2807 3180 2863 ccttvcriatttr,
3221 2807 3341 2866 ctc.,
3371 2797 3500 2853 inter

2258 2898 2517 2957 utramque
2543 2891 2828 2958 opinionem
2855 2889 3139 2943 consistere.

1980 2982 2067 3035 15.
2110 2980 2240 3035 illud
2278 2983 2437 3036 etiam
2476 2982 2614 3052 quod
2657 2982 2798 3051 apud
2840 2982 3201 3041 ECelesiasten
3240 2981 3495 3051 scriptum

1906 3082 2008 3139 est,
2042 3062 2109 3126 Ει
2145 3083 2457 3127 convertatur
2480 3074 2642 3146 putris
2668 3076 2715 3127 in
2745 3082 2946 3137 terram,
2978 3075 3106 3128 Sicut
3128 3076 3243 3146 fuit,
3276 3078 3321 3128 et
3347 3070 3499 3146 spiri-

1907 3176 1985 3220 tus
2014 3177 2290 3221 revertatur
2335 3167 2403 3219 ad
2434 3166 2593 3220 Deum
2623 3168 2708 3237 qui
2746 3167 2882 3221 dedit
2919 3184 3032 3221 eum
3060 3166 3253 3240 (Eccle.
3285 3184 3384 3233 xu,
3412 3168 3491 3238 7),

1906 3260 2078 3314 neutri
2106 3260 2387 3314 sententia:
2414 3270 2596 3314 contra
2622 3261 2844 3315 alteram
2872 3259 3211 3331 sutiragatur,
3241 3259 3332 3313 sed
3358 3260 3497 3314 inter

1906 3362 2188 3423 utramque
2219 3354 2481 3407 consistit.
2514 3355 2643 3407 Cum
2674 3354 2814 3408 enim
2844 3354 2928 3406 isti
2960 3352 3190 3408 dixerint
3220 3352 3342 3408 hinc
3374 3370 3498 3425 pro,-

1906 3444 2016 3498 bari
2049 3460 2153 3498 non
2181 3460 2209 3497 a
2241 3444 2567 3513 parentibus,
2604 3444 2698 3498 sed
2729 3460 2758 3497 a
2791 3446 2895 3498 Dea
2928 3446 3157 3498 animum
3190 3444 3322 3512 dari,
3357 3445 3497 3517 quod

1906 3550 2167 3589 converso
2198 3535 2414 3606 pulvere
2445 3536 2495 3589 in
2537 3544 2732 3589 terram
2761 3551 2931 3601 suam,
2965 3535 3014 3589 id
3055 3545 3138 3589 est
3167 3551 3347 3601 carne,
3376 3552 3495 3607 qua:

1906 3628 1972 3684 de
2011 3629 2228 3698 pulvere
2262 3629 2394 3682 facta
2425 3638 2524 3693 est,
2556 3640 2851 3683 revertetur
2881 3629 3097 3697 spiritus
3126 3628 3190 3681 ad
3218 3629 3379 3681 Deum
3407 3629 3497 3698 qui

1906 3722 2053 3776 dedit
2098 3723 2284 3784 ilium;
2335 3722 2659 3793 respondent
2706 3722 2822 3776 illi:
2858 3722 3048 3792 Utique
3090 3723 3155 3777 ita
3195 3732 3294 3789 est.
3341 3723 3499 3779 Redit

1906 3816 2048 3868 enim
2078 3812 2295 3883 spiritus
2324 3814 2388 3866 ad
2420 3814 2604 3880 Deum,
2637 3814 2723 3885 qui
2755 3830 2873 3867 eum
2896 3814 3040 3870 dedit
3071 3815 3268 3869 homini
3302 3817 3493 3885 primo,

1907 3907 2120 3981 quando
2157 3908 2207 3960 in
2234 3908 2347 3978 ejus
2376 3905 2569 3962 faciem
2614 3908 2843 3981 sul‘liavit
2868 3908 3017 3979 (Gen.
3047 3925 3102 3973 li,
3132 3906 3206 3982 7),
3240 3924 3499 3964 converso

1908 4000 2151 4072 pulvere,
2176 3999 2228 4053 id
2255 4010 2336 4054 est
2360 3998 2591 4053 humano
2613 4017 2856 4071 Corpore,
2892 4002 2940 4054 in
2971 4013 3187 4065 terram,
3221 4003 3359 4057 unde
3389 4004 3496 4073 pri-

1908 4094 2069 4149 mitus
2098 4092 2292 4148 factum
2327 4103 2409 4149 est
2438 4092 2547 4165 (Id.
2580 4110 2654 4158 ιιι,
2692 4095 2795 4162 19).
2828 4094 3008 4166 Neque
3033 4096 3173 4151 enim
3208 4096 3273 4151 ad
3304 4112 3498 4165 paren-

1910 4198 1989 4242 tes
2020 4195 2135 4242 erat
2170 4188 2391 4259 spiritus
2426 4186 2713 4253 rediturus,
2747 4190 2992 4259 quamvis
3023 4188 3146 4243 inde
3184 4189 3252 4243 sit
3289 4198 3501 4244 creatus

1908 4293 1972 4333 ex
1996 4280 2087 4333 illo
2118 4295 2220 4333 uno
2244 4279 2328 4348 qui
2359 4278 2563 4331 homini
2594 4280 2763 4348 primo
2792 4280 2945 4334 datus
2966 4290 3084 4346 est;
3112 4282 3248 4334 sicut
3269 4296 3366 4336 nee
3388 4284 3499 4351 ipsa

1907 4386 2033 4423 caro
2082 4379 2197 4439 post
2233 4378 2457 4422 mortem
2499 4369 2563 4422 ad
2606 4379 2851 4439 parentes
2894 4372 3195 4436 revertitur,
3241 4387 3271 4425 a
3309 4372 3502 4441 quibus

1911 4476 2031 4515 cam
2065 4468 2210 4514 certe
2256 4468 2465 4513 constat
2494 4474 2614 4515 esse
2640 4472 3003 4532 prepagatam.
3044 4460 3501 4529 Quemadmodum

1910 4568 2039 4623 ergo
2070 4566 2194 4605 caro
2219 4567 2321 4605 non
2352 4552 2490 4605 redit
2517 4553 2581 4606 ad
2612 4552 2854 4607 homines
2880 4550 2943 4608 ex
2976 4555 3166 4625 quibus
3195 4565 3369 4609 errata
3397 4567 3500 4625 est,

1910 4646 2002 4700 sed
2034 4643 2100 4698 ad
2132 4652 2324 4697 terram
2360 4644 2497 4698 unde
2528 4646 2696 4713 primo
2727 4643 2925 4698 homini
2957 4642 3181 4700 formata
3207 4658 3312 4709 est:
3345 4649 3413 4701 ita
3444 4658 3502 4702 et

1910 4739 2125 4810 spiritus
2155 4752 2259 4792 non
2283 4737 2422 4791 redit
2447 4735 2510 4790 ad
2538 4736 2777 4792 homines
2805 4753 2831 4789 a
2860 4738 3048 4809 quibus
3072 4742 3363 4805 trattst'usus
3396 4750 3498 4807 est,

1912 4832 2003 4886 sed
2035 4830 2100 4885 ad
2131 4831 2297 4886 Deum
2325 4846 2351 4884 ει
2384 4846 2488 4900 quo
2516 4832 2698 4898 prinne
2730 4830 2800 4884 illi
2824 4832 2968 4885 carni
2999 4832 3152 4887 datus
3182 4842 3282 4887 est.

1986 4923 2071 4979 16,
2114 4923 2229 4990 Quo
2257 4923 2560 4978 testimonio
2588 4939 2716 4979 sane
2746 4924 2875 4978 satis
2914 4922 3279 4987 admonemur,
3313 4937 3374 4976 ex
3419 4922 3502 4974 ni-

1912 5014 2022 5069 hilo
2052 5015 2213 5069 Deum
2246 5014 2437 5069 fecisse
2465 5015 2694 5069 animam
2722 5031 2879 5084 quam
2910 5016 3079 5085 primo
3113 5014 3307 5067 homini
3334 5012 3499 5080 dedit,

1912 5122 2017 5161 non
2059 5123 2129 5161 ex
2182 5107 2357 5176 aliqua
2384 5106 2494 5176 jam
2540 5105 2675 5159 facta
2713 5116 2973 5171 creatura,
3028 5107 3165 5160 sicut
3203 5119 3394 5172 corpus
3437 5118 3501 5156 ρ(

1915 5210 2052 5253 terra
2080 5217 2091 5252 :
2123 5206 2175 5253 et
2200 5198 2320 5253 ideo
2360 5216 2479 5253 cum
2514 5199 2672 5264 redit,
2706 5213 2811 5252 non
2838 5198 2997 5253 habet
3026 5212 3130 5267 quo
3167 5196 3369 5262 redeat,
3402 5198 3502 5251 nisi

1912 5290 1977 5345 ad
2019 5300 2289 5345 auctorem
2325 5291 2414 5360 qui
2459 5308 2574 5346 eam
2608 5290 2785 5355 dedit;
2827 5305 2931 5343 non
2968 5290 3031 5343 ad
3060 5306 3175 5343 eam
3207 5298 3500 5343 creaturam

1913 5386 1975 5439 ex
2012 5399 2111 5455 qua
2150 5383 2283 5439 facta
2329 5393 2431 5452 est,
2473 5385 2609 5439 sicut
2647 5398 2841 5454 corpus
2869 5383 2935 5437 ad
2976 5392 3188 5437 terram,
3235 5380 3385 5436 Nulla
3422 5393 3505 5438 est

1915 5478 2058 5533 enim
2099 5484 2342 5534 creatura
2388 5494 2451 5531 ex
2481 5493 2582 5547 qua
2611 5478 2747 5530 facta
2775 5484 2875 5542 est,
2918 5475 3040 5546 quia
3073 5490 3134 5530 ex
3177 5472 3342 5530 nihilo
3368 5476 3504 5530 facta

1918 5662 1932 5667 υ
1980 5638 1993 5667 ι
2020 5638 2159 5683 mina
2183 5644 2394 5695 gracula
2415 5629 2677 5697 mnesttiéti.
2702 5631 2936 5681 stcetiam
2968 5639 3112 5682 vetus
3148 5630 3429 5697 Psalterium
3455 5638 3507 5682 et

1916 5705 2189 5806 Romani;an
2224 5698 2439 5807 ignique
2479 5695 2726 5745 arabicum
2760 5701 2810 5744 et
2849 5696 3179 5757 Attbiopicmn.
3208 5704 3264 5744 At
3290 5695 3506 5756 suisea,

1914 5769 2049 5809 rever
2137 5771 2190 5807 us
2214 5771 2239 5807 e
2287 5792 2297 5803 .
