3902 6306
505 251 611 313 L15

504 372 617 430 est;
644 377 708 422 ac
730 377 830 439 per
848 376 951 421 noc
976 377 1045 420 ao
1070 369 1328 419 tactorem
1352 359 1493 418 redit
1519 374 1639 431 quae
1659 358 1816 441 redit,
1848 375 1878 415 a
1901 372 2009 432 quo
2027 374 2095 416 ex

504 454 673 512 nihilo
712 455 847 511 facta
886 463 986 511 est.
1017 450 1130 507 Non
1168 448 1311 506 enim
1340 465 1529 507 omnes
1569 450 1816 518 redeunt,
1843 452 2094 523 quoniam

502 555 628 602 sunt
663 545 730 600 de
758 543 950 615 quibus
977 541 1191 609 dicitur,
1223 541 1449 610 Spiritus
1484 543 1770 610 ambulans,
1804 554 1851 600 et
1881 561 1982 600 non
2008 561 2091 601 re-

481 619 694 693 uertens
717 634 886 709 (Psal.
917 650 1122 704 ann,
1153 634 1267 709 30).
1692 712 1695 715 Δ

502 728 731 788 CAPUT
771 728 840 787 X.
861 757 932 771 —
956 727 1179 796 Qua'stio
1205 728 1268 784 de
1290 730 1463 785 anima
1486 746 1589 785 non
1616 730 1769 803 facile
1802 732 2010 789 solvitur
2031 748 2095 789 ea:

1139 820 1440 892 Scripturis.
1728 853 1736 875 -.

576 916 665 972 17.
706 912 967 984 Quocirca
991 911 1206 970 difficile
1246 923 1330 970 est
1355 912 1569 984 quidem
1598 914 1777 970 omnia
1812 913 1880 971 de
1907 915 2009 973 hac
2033 931 2094 973 re

502 1008 895 1081 Scripturarum
938 1016 1243 1063 sanctarum
1285 1006 1584 1063 testimonia
1633 1008 1913 1081 colligere;
1951 1009 2109 1081 quod

500 1101 602 1157 etsi
634 1099 749 1155 fieri
778 1098 976 1171 "possit,
1022 1106 1081 1154 ut
1118 1112 1224 1154 non
1267 1097 1441 1154 solum
1481 1110 1971 1179 commemorentur
1999 1101 2093 1161 sed

501 1192 661 1250 etiam
689 1198 1095 1263 pertractentur,
1126 1188 1179 1245 in
1219 1205 1463 1261 magnam
1504 1193 1767 1273 sermonis
1807 1193 2093 1269 longitudi-

498 1299 623 1340 nem
652 1288 911 1355 perguut:
938 1280 1032 1337 sed
1058 1290 1233 1337 tamen
1260 1281 1360 1335 nisi
1391 1280 1588 1352 aliquid
1612 1292 1717 1336 tam
1744 1291 1947 1338 certum
1969 1298 2093 1353 pro-

500 1373 717 1440 feratur,
762 1390 921 1445 quam
966 1381 1110 1429 certa
1162 1370 1510 1444 proferuntur
1554 1373 1746 1444 quibus
1792 1374 2095 1431 ostenditur

497 1465 640 1539 quod
673 1466 811 1522 Deus
838 1464 1072 1520 animam
1107 1463 1309 1530 fecerit,
1343 1462 1425 1519 vel
1454 1464 1594 1535 quod
1637 1481 1753 1520 eam
1784 1466 1957 1537 primo
1988 1465 2092 1522 ho-

498 1559 629 1615 mini
667 1557 895 1624 dederit,
922 1570 1154 1628 quonam
1188 1555 1348 1610 modo
1380 1571 1475 1627 per
1502 1555 1665 1612 divini
1708 1558 1906 1628 eloquii
1936 1560 2090 1616 testi-

500 1649 739 1705 monium
777 1648 877 1702 ista
906 1646 1134 1717 qutestio
1161 1647 1399 1701 solvatur
1435 1646 1642 1717 ignoro.
1692 1648 1748 1703 Si
1786 1649 1933 1705 enim
1962 1651 2094 1707 scri-

498 1754 648 1816 ptum
688 1750 831 1798 esset
853 1741 996 1813 quod
1034 1740 1280 1797 similiter
1319 1739 1611 1796 sufﬂaverit
1642 1741 1782 1797 Deus
1817 1743 1869 1797 itt
1901 1741 2093 1836 faciem

500 1837 743 1892 formata:
786 1834 1044 1901 mulieris,
1083 1843 1138 1890 et
1163 1834 1299 1889 facta
1330 1832 1491 1890 fuerit
1528 1834 1579 1889 in
1622 1832 2089 1907 animamvivam;

494 1927 607 2000 jam
646 1925 861 1999 quidem
906 1924 1191 1997 plurimum
1237 1926 1368 1982 lucis
1415 1927 1714 1992 accederet,
1762 1945 1862 1999 qua
1902 1931 2092 2002 cuique

497 2018 742 2075 formata:
778 2017 927 2074 carni
967 2017 1198 2073 hominis
1241 2032 1345 2073 non
1390 2032 1454 2074 ex
1485 2020 1796 2090 parentibus
1824 2021 1937 2076 dari
1979 2022 2095 2079 ani-

502 2126 645 2167 mam
693 2109 1037 2167 crederemus
1062 2128 1075 2164 :
1100 2108 1276 2165 adhuc
1317 2120 1490 2165 tamen
1533 2121 1931 2182 exspectaretur
1964 2114 2093 2185 quid

500 2204 716 2276 proprie
746 2209 1015 2260 teucretur
1046 2203 1099 2258 in
1140 2204 1308 2273 prole,
1338 2203 1427 2274 qui
1456 2204 1609 2259 nobis
1649 2205 1839 2260 modus
1870 2208 2093 2263 usitatus

500 2304 585 2351 est
604 2294 834 2350 hominis
859 2309 923 2350 es
948 2293 1184 2349 homine.
1210 2292 1389 2349 Prima
1412 2310 1538 2349 vero
1563 2295 1756 2351 mulier
1775 2297 1930 2352 aliter
1956 2297 2091 2354 facta

498 2393 603 2450 est,
632 2393 687 2441 et
711 2384 831 2442 ideo
857 2384 1033 2440 adhuc
1060 2384 1164 2440 dici
1200 2394 1384 2455 posset
1408 2384 1641 2440 animam
1675 2399 1956 2467 propterea
1985 2405 2090 2446 non

498 2495 562 2536 ex
602 2479 773 2535 Adatn
798 2479 1050 2535 divinitus
1081 2477 1207 2534 Eva:
1234 2478 1435 2546 datam,
1462 2479 1583 2550 quia
1623 2496 1728 2535 non
1757 2496 1819 2535 ex
1851 2482 1940 2537 illo
1971 2491 2090 2537 tau-

497 2586 656 2643 quam
679 2571 856 2643 proles
883 2579 1001 2626 orta
1028 2577 1132 2626 est.
1155 2570 1212 2626 Si
1241 2580 1419 2627 autem
1451 2570 1654 2627 homini
1675 2572 1767 2644 qui
1796 2574 2092 2653 primusve:

496 2666 605 2724 illis
631 2674 784 2721 natus
823 2670 927 2729 est,
964 2671 1413 2720 commemoraret
1453 2663 1725 2735 Scriptura
1766 2682 1870 2721 non
1898 2683 1964 2722 ex
1994 2682 2090 2738 pa-

497 2757 740 2815 rentibus
779 2755 1017 2822 ductam,
1060 2754 1155 2811 sed
1199 2754 1431 2826 desuper
1457 2756 1688 2811 animam
1719 2754 1920 2827 datam,
1962 2758 2091 2814 illud

488 2848 602 2922 jam
625 2848 679 2905 in
702 2847 931 2915 exteris,
963 2845 1123 2904 etiam
1160 2855 1367 2903 tacente
1394 2846 1687 2918 Scriptura,
1718 2859 1991 2920 oporteret
2011 2851 2093 2907 in-

496 2941 683 3014 telligi.

495 3033 723 3093 CAPUT
752 3033 845 3091 XI.
872 3064 946 3077 ——
969 3032 1050 3089 An
1090 3034 1289 3106 utrique
1324 3036 1584 3090 sententia
1618 3037 1773 3106 possit
1800 3054 2087 3095 accommo-

568 3124 685 3180 dari
721 3125 873 3194 illud,
899 3124 1003 3181 Per
1023 3140 1185 3180 unum
1212 3123 1480 3180 hominem
1502 3167 1520 3194 ,
1557 3135 1651 3181 etc.
1690 3126 1983 3200 Baptismus
2009 3131 2089 3185 in-

565 3218 805 3292 fantium.

566 3311 655 3368 18.
694 3309 847 3367 Nunc
868 3310 1045 3381 itaque
1073 3317 1126 3365 et
1153 3308 1281 3365 illttd
1309 3308 1733 3379 consideremus,
1759 3322 1936 3368 utrum
1966 3328 2087 3370 neu-

492 3413 631 3462 tram
660 3403 940 3460 conﬁrmet
965 3403 1303 3466 sententiam,
1334 3402 1427 3458 sed
1454 3404 1663 3475 utrique
1689 3407 1852 3475 possit
1877 3423 2087 3463 accom-

491 3494 720 3559 modari.
747 3494 889 3568 quod
926 3494 1180 3566 scriptum
1212 3503 1315 3563 est,
1348 3492 1451 3550 Per
1480 3512 1636 3550 unum
1678 3498 1932 3553 hominem
1970 3516 2087 3572 pec-

482 3574 658 3646 catum
680 3590 732 3644 in
757 3586 891 3644 hunc
926 3588 1169 3643 mundum
1192 3589 1415 3656 intravit,
1452 3599 1499 3644 et
1524 3606 1612 3662 per
1636 3600 1897 3661 peccatum
1926 3608 2082 3659 mors,

488 3691 539 3738 ct
556 3681 628 3736 ita
650 3679 705 3735 in
724 3697 897 3737 comes
915 3681 1142 3735 homines
1168 3681 1477 3752 pertransiit,
1506 3681 1560 3735 in
1584 3698 1685 3753 quo
1710 3698 1883 3738 omnes
1908 3700 2088 3755 pecca-

490 3782 789 3830 uerunt:et
841 3771 996 3843 paulo
1040 3782 1178 3843 post,
1220 3772 1364 3829 Sicut
1419 3790 1509 3845 per
1558 3775 1711 3829 unius
1752 3775 1989 3832 delictum
2031 3778 2085 3832 in

493 3880 668 3920 omnes
687 3863 913 3917 homines
932 3862 1001 3915 ad
1028 3864 1513 3932 condemnationem,
1541 3865 1611 3918 ita
1634 3876 1681 3920 et
1710 3884 1799 3938 per
1824 3869 1971 3923 unius
1988 3872 2084 3942 ju-

496 3953 921 4021 stiﬁcationemin
938 3969 1108 4007 omnes
1129 3952 1353 4007 homines
1394 3954 1463 4007 ad
1501 3956 1909 4025 iustiﬁcationem
1948 3960 2079 4016 citat.

483 4042 644 4101 'Sicut
681 4043 815 4097 enim
844 4061 933 4115 per
962 4042 1351 4098 inobedientiam
1378 4045 1530 4100 unius
1557 4047 1774 4102 hominis
1804 4061 2085 4119 peccatores

492 4135 751 4193 constituti
772 4145 888 4191 sunt
926 4134 1092 4200 multi,
1122 4136 1195 4189 ita
1227 4144 1273 4191 et
1304 4153 1393 4208 per
1426 4137 1576 4193 unius
1603 4140 1932 4194 obedientiam
1954 4143 2085 4213 justi

494 4231 864 4287 constituentur
890 4228 1036 4284 multi
1056 4227 1229 4301 (Rom.
1252 4245 1305 4296 v,
1338 4229 1427 4297 12,
1457 4231 1544 4299 18,
1576 4230 1685 4303 19).
1721 4233 1800 4288 Ex
1830 4234 1912 4290 itis
1941 4236 2084 4293 enim

493 4322 672 4379 verbis
695 4322 953 4394 Apostoli,
973 4320 1061 4393 qui
1083 4318 1376 4377 defendunt
1401 4321 1696 4378 animarum
1720 4328 2080 4398 propaginem,

491 4415 809 4472 sententiam
844 4429 993 4470 suam
1036 4413 1113 4469 sic
1147 4423 1387 4471 astruere
1426 4414 1756 4471 moliuntur:
1789 4415 1843 4475 Si
1889 4434 2081 4475 secun-

495 4510 623 4566 dum
664 4508 831 4565 solam
862 4524 1101 4576 carnem,
1135 4507 1398 4579 inquiunt,
1440 4518 1615 4580 potest
1644 4509 1863 4583 intelligi
1891 4527 2081 4583 pecca-

496 4612 607 4658 tum
641 4601 722 4656 vel
751 4610 1017 4672 peccator,
1058 4616 1161 4655 non
1192 4602 1433 4672 cogimur
1473 4602 1523 4656 in
1556 4600 1640 4659 his
1680 4604 1857 4661 verbis
1897 4619 1961 4659 ex
1995 4621 2084 4676 pa-

496 4695 737 4751 rentibus
760 4695 989 4749 animam
1013 4693 1263 4760 credere;
1292 4695 1335 4750 si
1363 4702 1540 4750 autem
1578 4697 1818 4766 quamvis
1843 4712 1938 4767 per
1967 4698 2081 4755 ille-

495 4788 711 4844 cebram
730 4776 1052 4854 carnis,'non
1076 4793 1251 4841 tamen
1270 4795 1454 4856 peccat
1471 4786 1571 4843 nisi
1593 4787 1791 4856 anima,
1815 4788 2083 4860 quomodo

494 4874 862 4949 accipiendum
887 4884 970 4932 est
992 4874 1132 4947 quod
1155 4875 1350 4932 dictum
1381 4886 1480 4943 est,
1511 4878 1563 4932 in
1588 4895 1686 4950 quo
1706 4895 1877 4965 omnes
1903 4898 2083 4952 pecca-

492 4981 688 5039 verunt,
713 4972 756 5027 si
787 4986 891 5027 non
918 4964 1180 5027 ex'Adam
1209 4970 1368 5027 etiam
1391 4971 1587 5039 anima,
1620 4973 1757 5029 sicut
1783 4990 1927 5041 caro,
1961 4992 2082 5048 pro-

491 5074 680 5137 pagata
714 5064 833 5121 est?
856 5072 948 5120 aut
973 5048 1240 5135 quomodo
1272 5081 1360 5136 per
1384 5063 1532 5149 illius
1557 5050 1943 5153 inobedientiam
1972 5086 2082 5141 pec-

490 5169 685 5213 catores
709 5157 966 5212 constituti
994 5166 1139 5229 sunt,
1158 5155 1201 5211 si
1231 5166 1435 5212 tantum
1464 5156 1755 5241 secundum
1784 5175 1999 5241 carnem
2027 5162 2078 5220 in

493 5249 604 5315 illo,
640 5264 742 5303 non
771 5248 930 5303 etiam
957 5249 1247 5303 secundum
1275 5248 1507 5304 animam
1529 5234 1781 5306 fuerunt?

566 5341 652 5398 19.
693 5338 999 5398 Cavendum
1043 5350 1127 5397 est
1156 5342 1296 5397 enim
1328 5357 1397 5399 ne
1434 5341 1520 5399 vel
1560 5342 1697 5400 Deus
1725 5344 1963 5402 videatur
1988 5362 2082 5405 au-

493 5443 614 5492 etor
650 5448 773 5490 esse
808 5430 1031 5504 peccati,
1073 5432 1118 5488 si
1157 5431 1247 5489 dat
1271 5418 1502 5489 animam
1538 5426 1707 5504 carni,
1749 5437 1803 5492 in
1829 5418 2080 5510 qua'eam

494 5539 717 5597 peccare
759 5539 981 5582 necesse
1026 5524 1124 5593 sit;
1162 5524 1249 5583 vel
1287 5525 1456 5597 possit
1498 5540 1618 5583 esse
1659 5528 1854 5597 anima,
1886 5540 2081 5602 praeter

482 5617 664 5687 ipsius
687 5614 909 5683 Christi,
948 5616 1034 5673 cui
1059 5616 1347 5675 liberandae
1382 5634 1412 5675 a
1438 5627 1656 5691 peccato
1692 5634 1798 5677 non
1837 5622 1907 5679 sit
1935 5623 2079 5681 chri-

493 5709 667 5764 stiana
696 5709 863 5780 gratia
902 5711 1222 5780 necessaria,
1249 5713 1370 5783 quia
1398 5727 1505 5770 non
1531 5714 1771 5784 peccavit
1803 5716 1854 5771 in
1883 5716 2073 5791 Adam,

1424 244 1518 304 DE
1555 244 1799 304 GENESI
1837 245 1930 302 AD
1968 242 2346 318 LITTERAM,
2381 244 2440 307 3.
2480 250 2853 313 AUCUSTINI

3666 275 3752 337 MO

2166 426 2169 429 _
2200 362 2246 417 si
2268 356 2455 422 omnes
2475 366 2528 423 in
2548 382 2615 423 eo
2635 384 2889 440 peccasse
2906 375 3199 434 secundum
3213 392 3429 441 carnem
3447 392 3639 445 tantum
3652 383 3751 464 qua

2166 506 2173 509 _
2200 453 2270 510 de
2297 455 2386 537 illo
2419 468 2598 515 creata
2632 471 2737 529 est,
2784 479 2892 520 non
2920 466 3093 545 etiam
3118 472 3411 530 secundum
3453 453 3752 540 animam-di-

2199 556 2344 604 ctum
2374 560 2456 606 est
2480 569 2493 606 :
2525 553 2667 623 quod
2706 570 2876 627 usque
2898 558 3037 616 adeo
3063 566 3390 623 contrarium
3418 580 3501 626 est
3533 574 3752 631 ecclesia-

2199 641 2350 733 sticae
2369 640 2515 709 ﬁdei,
2546 652 2606 700 ut
2635 657 2882 715 parentes
2907 650 2975 706 ad
2999 655 3392 726 percipiendam
3427 665 3636 733 gratiam
3659 682 3752 724 san-

2197 732 2270 788 cti
2313 732 2571 805 Baptismi
2617 738 2778 795 etiam
2835 756 2956 798 cum
3005 748 3239 814 parvulis
3288 732 3449 822 atque
3494 755 3753 815 infantibus

2198 834 2450 892 currant;
2483 826 2537 881 in
2574 828 2769 897 quibus
2808 832 2854 886 si
2884 831 2987 890 hoc
3024 836 3294 895 vinculum
3325 846 3521 912 peccati
3563 847 3753 904 solvitur

2198 914 2341 985 quod
2375 919 2745 1001 tantummodo
2765 924 2964 989 carnis,
2996 941 3101 982 non
3126 930 3284 984 etiam
3306 933 3448 1001 quod
3472 937 3650 992 animte
3665 949 3751 1005 est,

2166 1070 2173 1075 D
2199 1006 2392 1061 merito
2415 1009 2671 1077 quteritur
2707 1012 2833 1082 qttid
2869 1014 2949 1070 eis
2977 1014 3215 1083 obesset,
3247 1019 3295 1074 si
3343 1022 3398 1076 in
3427 1022 3511 1077 illa
3539 1034 3680 1081 tetate
3699 1026 3754 1084 de

2198 1111 2425 1168 corpore
2454 1100 2571 1156 sine
2598 1102 2872 1173 Baptismo
2911 1108 3137 1164 exirent.
3167 1110 3221 1166 Si
3252 1113 3396 1167 enim
3437 1130 3533 1186 per
3559 1114 3652 1171 hoc
3672 1117 3752 1173 Stt-

2197 1201 2528 1246 cratncntum
2555 1195 2765 1264 corpori
2792 1211 2978 1253 eorum
3001 1202 3319 1270 consulitur,
3346 1219 3452 1260 non
3491 1215 3544 1260 et
3566 1212 3749 1275 animat,

2198 1280 2458 1339 deberent
2497 1294 2551 1341 et
2589 1289 2783 1343 mortui
2810 1289 3066 1361 baptizari
3094 1303 3185 1348 :at
3228 1309 3348 1350 cum
3379 1295 3638 1353 videamus
3669 1298 3752 1358 hoc

2198 1373 2571 1433 univcrsaliter
2600 1377 2897 1437 Ecclesiam
2927 1384 3185 1448 retinere.
3232 1396 3292 1442 ut
3326 1404 3448 1444 cum
3490 1390 3752 1449 viventibus

2197 1475 2463 1536 curratur,
2500 1478 2554 1525 et
2581 1470 2879 1529 viventibus
2922 1486 3287 1546 succurratur,
3332 1496 3401 1537 ne
3425 1497 3542 1538 cum
3583 1483 3750 1541 mortui

2197 1556 2395 1613 fuerint
2437 1560 2566 1616 nihil
2610 1565 2777 1632 possit
2819 1566 2931 1622 fieri
2955 1568 3097 1639 quod
3142 1572 3344 1640 prosit;
3395 1588 3500 1630 non
3528 1574 3749 1632 videmus

2197 1649 2324 1722 quid
2364 1651 2507 1707 aliud
2537 1656 2703 1724 possit
2730 1657 2973 1730 intelligi,
3007 1661 3107 1717 nisi
3137 1679 3561 1735 unumquemque
3583 1682 3748 1736 parvu-

2198 1741 2307 1797 lum
2330 1760 2435 1799 non
2456 1760 2576 1802 esse
2605 1747 2708 1803 nisi
2746 1749 2915 1807 Adam
2943 1761 2997 1808 et
3014 1767 3241 1825 corpore
3268 1765 3324 1811 et
3349 1757 3543 1825 anima,
3573 1762 3628 1813 et
3652 1759 3750 1815 ideo

2197 2016 2637 2078 innocentissima
2676 2032 2779 2091 est,
2822 2026 2865 2081 si
2896 2042 2962 2081 ex
3002 2027 3169 2083 Adam
3205 2040 3490 2101 propagata
3516 2047 3613 2087 non
3645 2039 3744 2087 est:

2197 2111 2628 2184 unde’quomodo
2659 2120 2825 2187 possit
2844 2118 2988 2188 juste
3008 2120 3086 2176 ire
3106 2122 3161 2178 in
3181 2123 3682 2192 condemnationem,
3708 2125 3746 2180 si

2197 2201 2262 2257 de
2287 2218 2515 2274 corpore
2538 2207 2653 2262 sine
2683 2208 2952 2280 Baptismo
2976 2213 3186 2281 exierit,
3214 2216 3454 2287 quisquis
3482 2217 3623 2272 istam
3648 2231 3747 2273 seo-

2197 2296 2415 2349 tentiatn
2459 2299 2525 2353 de
2559 2298 2736 2356 anima
2778 2311 2967 2359 tenens
3001 2307 3237 2376 potuerit
3266 2308 3639 2377 demonstrare,
3666 2307 3746 2364 tui-

2196 2386 2394 2441 randus
2419 2397 2521 2445 est.

2194 2475 2424 2537 CAPUT
2454 2481 2567 2538 XII.
2592 2514 2663 2524 —
2687 2483 2921 2544 Carnutis
2941 2492 3364 2561 concupiscentia
3385 2510 3581 2550 causam
3602 2509 3690 2548 non
3703 2491 3746 2548 in

2478 2593 2631 2632 carne
2650 2579 2782 2646 sola,
2814 2582 2904 2636 sed
2922 2583 3071 2638 etiam
3100 2584 3153 2639 in
3177 2588 3354 2643 anima
3377 2604 3502 2644 esse.

2266 2665 2355 2721 20.
2399 2667 2687 2741 Verissime
2714 2674 2910 2744 quippe
2935 2690 3000 2732 ac
3025 2679 3373 2737 veracissime
3396 2681 3634 2752 scriptum
3655 2686 3742 2748 est,

2194 2755 2325 2814 Caro
2350 2764 2659 2833 concupiscit
2678 2766 2919 2823 adversus
2938 2770 3194 2842 spiritum,
3228 2782 3278 2828 et
3309 2773 3513 2844 spiritus
3534 2773 3739 2828 adversus

2193 2865 2399 2904 carnem
2428 2849 2625 2925 (Colat.
2660 2871 2716 2922 v,
2745 2858 2835 2929 17)
2859 2875 2874 2912 :
2897 2860 2991 2915 sed
3025 2871 3199 2919 tamen
3233 2879 3451 2922 carnem
3479 2865 3584 2921 sine
3601 2862 3744 2919 anima

2192 2942 2573 3013 concupiscere
2616 2947 2747 3003 nihil
2788 2964 2965 3020 posse,
3017 2963 3145 3024 puto
3185 2956 3333 3028 quod
3380 2958 3548 3013 omnis
3588 2955 3743 3011 doctus

2192 3031 2546 3106 indoctusque
2581 3052 2685 3094 non
2728 3039 2951 3098 dubitet.
2984 3046 3062 3100 Ac
3103 3062 3198 3116 per
3242 3049 3345 3105 hoc
3373 3048 3540 3120 ipsius
3575 3059 3742 3103 concu-

2169 1833 2272 1911 .illi
2312 1832 2509 1892 Christi
2532 1842 2758 1909 gratiam
2786 1845 3162 1901 necessariam.
3206 1845 3368 1903 IEtas
3395 1850 3583 1920 quippe
3604 1850 3680 1904 illa
3705 1850 3748 1906 in
3840 1840 3841 1849 “

2174 1926 2379 2001 ‘Seipsa.
2397 1930 2528 1984 nihil
2556 1931 2663 2003 egit
2689 1933 2771 1989 vel
2803 1934 2928 1991 boni
2956 1937 3037 1992 vel
3066 1938 3228 2004 mali;
3262 1939 3482 2010 proinde
3510 1939 3577 1996 ibi
3602 1941 3748 1995 anima

2191 3125 2466 3194 piscentiae
2503 3130 2734 3185 carnalis
2759 3147 2917 3188 causa
2946 3150 3051 3192 non
3087 3147 3171 3195 est
3211 3140 3267 3197 in
3309 3141 3479 3196 anima
3506 3137 3635 3203 sola,
3665 3133 3742 3192 sed
3840 3170 3841 3173 η

2190 3218 2360 3273 multo
2410 3220 2587 3277 minus
2636 3232 2719 3278 est
2756 3224 2810 3280 in
2850 3240 3012 3285 carne
3054 3230 3188 3286 sola.
3248 3233 3326 3289 Ex
3370 3228 3740 3303 utroquecnim

2190 3308 2250 3365 ﬁt
2277 3329 2289 3366 :
2318 3327 2384 3367 ex
2412 3314 2590 3370 anima
2625 3316 2848 3383 scilicet,
2888 3320 3030 3391 quod
3069 3323 3185 3379 sine
3211 3324 3306 3380 illa
3331 3323 3600 3381 delectatio
3624 3318 3740 3376 nulla

2190 3405 2445 3472 sentitur;
2470 3422 2535 3463 ex
2561 3423 2722 3466 carne
2748 3420 2949 3479 autem,
2972 3416 3113 3486 quod
3140 3417 3262 3475 sine
3283 3419 3370 3475 illa
3391 3416 3607 3476 carnalis
3623 3413 3741 3470 dele-
3840 3446 3841 3453 η

2189 3496 2353 3551 ctatio
2391 3512 2496 3552 non
2541 3501 2784 3557 sentitur.
2833 3502 3060 3561 Carnem
3100 3508 3287 3585 itaque
3321 3508 3741 3580 concupiscentem

2188 3586 2446 3644 adversus
2470 3592 2713 3661 spiritum
2737 3594 2865 3650 dicit
2886 3598 3174 3667 Apostolus
3192 3603 3464 3659 carnalem
3490 3598 3652 3674 procul
3667 3595 3740 3652 dil-

2190 3677 2280 3735 hio
2308 3680 2737 3752 delectationem,
2765 3703 2923 3758 quam
2951 3689 3019 3747 de
3038 3706 3199 3751 carne
3218 3705 3279 3752 et
3305 3711 3424 3752 cum
3450 3708 3596 3751 carne
3612 3685 3736 3760 ερὶτίο

2189 3776 2275 3825 tus
2310 3772 2467 3828 habet
2506 3775 2761 3834 adversus
2785 3779 3215 3855 delectationem,
3251 3803 3406 3861 quam
3431 3787 3568 3844 solus
3589 3781 3737 3838 Ιιειιιει·

2187 3860 2344 3920 Solus
2370 3867 2564 3939 quippe
2593 3868 2782 3937 habet,
2815 3874 2917 3929 nisi
2947 3874 3123 3945 fallor,
3140 3860 3277 3936 illud
3301 3878 3627 3939 desiderium,
3650 3884 3737 3927 non

2187 3970 2307 4011 cum
2335 3961 2512 4016 carnis
2533 3962 2824 4033 voluptate,
2857 3967 2941 4022 vel
2971 3969 3266 4028 carnalium
3295 3986 3468 4028 rerum
3491 3962 3738 4036 cupiditate
3840 3980 3841 3983 η

2187 4047 2555 4118 commixtum,
2599 4068 2706 4124 quo
2732 4054 3003 4113 desiderat
3037 4068 3092 4115 et
3119 4060 3303 4119 deficit
3330 4063 3500 4119 auitna
3540 4058 3588 4114 in
3620 4050 3735 4110 atri!

2188 4137 2396 4195 Domini
2418 4128 2590 4213 (Psal.
2620 4160 2847 4214 Lxxxut,
2877 4148 2955 4221 5).
2977 4149 3134 4209 Solus
3160 4154 3322 4213 habet
3344 4154 3499 4211 etiam
3529 4145 3660 4207 illud.
3678 4139 3734 4197 de

2185 4244 2292 4301 quo
2319 4231 2367 4285 ci
2391 4230 2605 4299 dicitur,
2630 4234 2919 4308 Concupisti
2937 4244 3273 4313 sapientiam;
3292 4262 3433 4302 serva
3451 4239 3731 4297 mandatum.

2186 4333 2232 4378 et
2256 4322 2512 4380 Dominus
2538 4328 2724 4398 praebet
2766 4331 2909 4387 illaut
2938 4336 3025 4390 tibi
3045 4336 3230 4411 (Eccli.
3261 4355 3299 4407 t,
3329 4338 3441 4408 53).
3477 4332 3600 4391 Nam
3634 4337 3733 4383 cum

2185 4414 2404 4486 spiritus
2438 4417 2663 4488 imperat
2698 4423 2954 4480 membris
2978 4431 3238 4499 corporis,
3267 4440 3326 4486 ut
3351 4429 3470 4485 huic
3502 4417 3731 4481 desiderio

2184 4507 2441 4574 serviant,
2478 4525 2585 4581 quo
2612 4513 2759 4569 Solus
2796 4518 3122 4589 accenditur,
3151 4523 3297 4579 velut
3322 4535 3440 4578 cum
3476 4510 3730 4572 assumitur

2183 4599 2374 4669 codex,
2405 4616 2525 4659 cum
2561 4603 2761 4677 aliquid
2788 4600 3056 4680 scribitur,
3082 4613 3293 4686 legitur,
3319 4615 3620 4685 disputatur,
3650 4612 3731 4655 “u‘

2185 4691 2346 4759 ditur,
2382 4710 2502 4751 cum
2532 4697 2763 4771 denique
2804 4703 2955 4773 panis
2982 4704 3240 4780 frangitur
3279 4704 3542 4770 esurienti,
3570 4707 3620 4755 et
3642 4707 3729 4750 επ·

2187 4794 2299 4842 tera
2332 4787 2673 4847 humanitatis
2711 4808 2776 4849 ac
2813 4797 3187 4855 misericordia:
3212 4805 3521 4873 praestantur
3549 4785 3726 4848 ofﬁcia;

2184 4876 2538 4937 obedientiam
2568 4898 2694 4939 caro
2726 4885 2961 4956 exhibet,
2994 4905 3102 4946 non
3139 4886 3602 4963 concupiscentiam
3625 4888 3728 4934 mo-

2183 4984 2291 5030 vet.
2316 4975 2411 5032 llis
2436 4986 2595 5050 atque
2627 4979 2930 5051 ltujusmodi
2956 4985 3109 5043 bouis
3132 4985 3411 5045 desideriis
3434 4978 3612 5054 quibus
3632 4966 3725 5028 $013

2181 5068 2357 5142 anima
2388 5072 2736 5143 concupiscit,
2758 5090 2878 5130 cum
2904 5077 3221 5138 adversatur
3244 5081 3438 5152 aliqum
3456 5068 3586 5147 quod
3603 5074 3727 5122 ⁸³⁵⁸⁸

2184 5161 2304 5218 dem
2334 5163 2563 5220 animam
2589 5168 2881 5225 secundum
2906 5186 3124 5230 carnem
3152 5176 3396 5239 delectat,
3427 5179 3542 5227 tunc
3561 5158 3726 5218 dicitur

2183 5268 2308 5309 caro
2336 5257 2718 5328 concupiscere
2751 5261 3009 5321 adversus
3044 5268 3309 5340 spiritum,
3331 5273 3398 5341 .et
3422 5257 3617 5334 spiritus
3638 5241 3707 5302 *δ’

2181 5362 2370 5427 versus
2395 5364 2632 5407 carnem.
3066 5354 3071 5357 ’

2185 5476 2189 5480 ›
2251 5442 2341 5499 21.
2380 5442 2468 5502 Sic
2500 5446 2643 5502 enim
2668 5445 2809 5506 dicta
2846 5459 2929 5508 est
2963 5466 3091 5511 caro
3118 5454 3171 5511 in
3195 5469 3260 5512 eo
3291 5448 3429 5524 quod
3452 5432 3715 5500 ἐοουηδυω

2183 5535 2352 5607 ipsam
2390 5536 2514 5594 facit
2540 5540 2740 5609 anima,
2772 5558 2893 5601 cum
2922 5546 3018 5614 ait,
3042 5546 3177 5604 Cara
3213 5533 3534 5628 οοηεάρίσάῖἶ

2181 5627 2466 5685 admodum
2509 5629 2706 5689 dictum
2750 5644 2853 5704 est,
2901 5611 3059 5695 Auris
3084 5639 3262 5705 audit,
3294 5611 3553 5694 et'oculus
3576 5611 3696 5715 *ὕδει

2182 5721 2310 5793 Quis
2337 5722 2479 5778 enim
2507 5726 2676 5782 nescit
2698 5728 2839 5800 quod
2865 5730 3041 5788 anima
3070 5734 3244 5805 potius
3267 5737 3322 5787 et
3339 5738 3431 5797 per
3449 5722 3612 5775 aufem
3632 5715 3693 5758 ³⁸

3786 5938 3842 6210 i
