3902 6312
157 333 280 394 δι’,

162 447 309 510 dial,
344 452 397 498 et
426 454 519 513 per
548 435 761 493 oculum
788 430 995 488 videat?
1018 425 1097 483 lta
1118 425 1389 497 loquimur
1417 426 1470 474 et
1492 432 1613 472 eum
1640 412 1775 468 dici-

165 508 528 601 nxuleabus
558 540 645 586 tua
672 525 921 583 subvenit
950 518 1188 581 homini;
1210 530 1330 570 cum
1361 508 1557 580 aliquid
1586 520 1774 577 porre-

168 644 269 687 cta
299 643 458 683 manu
492 624 669 684 datur,
699 634 807 690 quo
846 615 1092 685 cuiquam
1134 604 1504 665 subveniatur.
1537 595 1691 666 Quod
1732 594 1777 649 si

171 723 252 780 de
284 724 403 792 ipso
430 718 591 774 etiam
623 689 744 768 ﬁdei
787 709 963 771 oculo,
1001 704 1067 759 ad
1106 716 1263 772 quem
1300 695 1532 770 pertinet
1557 689 1778 746 credere

172 781 321 889 qua;
340 829 432 885 per
459 823 677 866 carnem
719 821 825 860 non
869 800 1136 860 videntur,
1177 793 1376 847 dictum
1425 795 1527 850 est,
1576 781 1775 837 Videbit

175 910 354 966 anulis
380 922 498 961 caro
534 904 758 957 salutare
790 897 887 948 Dei
911 894 1061 964 (an.
1086 905 1164 954 ιιι,
1190 885 1281 959 6);
1312 900 1417 939 non
1460 881 1641 950 utique
1676 874 1777 931 nisi

172 1002 252 1056 de
277 1000 477 1059 anima,
513 1007 617 1064 qua
647 988 775 1043 vivit
808 1001 956 1047 caro,
987 998 1108 1037 cum
1146 979 1306 1034 etiam
1337 991 1431 1045 per
1460 974 1626 1043 ipsam
1656 984 1777 1025 car-

175 1107 311 1149 nem
340 1097 573 1143 nostram
594 1079 866 1137 Christum
884 1075 978 1146 ,pie
996 1073 1196 1136 videre,
1223 1067 1271 1123 id
1296 1077 1399 1131 est,
1424 1064 1648 1119 formam
1674 1074 1778 1131 qua

183 1183 408 1240 indutus
450 1185 535 1231 est
572 1181 789 1243 pr0ptcr
827 1184 946 1230 nos,
987 1180 1091 1219 non
1124 1158 1385 1234 pertineat
1424 1155 1492 1211 ad
1530 1151 1780 1221 concupi-

178 1275 467 1335 scentiam,
496 1268 591 1325 sed
616 1265 682 1321 ad
721 1261 1069 1319 ministerium
1097 1255 1293 1319 carnis,
1321 1269 1388 1307 ne
1417 1253 1549 1304 l'orle
1587 1246 1779 1316 aliquis

178 1371 259 1427 ita
289 1367 417 1422 velit
438 1362 682 1431 accipere
708 1354 849 1428 quod
880 1354 1075 1408 dictum
1112 1357 1214 1412 est,
1249 1344 1444 1399 Videbit
1474 1342 1634 1395 omnis
1662 1354 1780 1392 caro

180 1461 414 1519 salutare
446 1454 547 1509 Dei
573 1469 592 1507 :
617 1458 815 1521 quanto
843 1441 1223 1515 congruentius
1266 1436 1458 1492 dicitur
1490 1446 1616 1489 caro
1654 1445 1782 1484 cou-

181 1554 485 1625 cupiscere,
520 1543 732 1618 quando
768 1540 944 1596 anima
972 1554 1076 1592 non
1115 1535 1287 1590 solum
1316 1529 1462 1586 carni
1494 1525 1779 1582 animalem

182 1649 351 1705 vitam
380 1642 598 1715 praebet,
627 1653 810 1693 vermn
844 1634 1004 1690 etiam
1044 1626 1338 1687 secundum
1370 1625 1537 1694 ipsam
1566 1633 1783 1675 carnem

189 1738 397 1813 aliquid
417 1731 777 1803 concupiscit;
806 1726 945 1799 quod
970 1725 1021 1778 in
1044 1729 1305 1794 potestate
1331 1732 1435 1770 non
1466 1721 1549 1768 est
1568 1727 1633 1767 ne
1654 1726 1783 1765 con-

191 1804 453 1905 cupiscat,
476 1824 729 1899 quamdiu
758 1822 898 1877 inest
923 1826 1195 1889 peccatum
1224 1813 1276 1867 in
1307 1808 1580 1873 membris,
1612 1804 1780 1869 idest,

186 1926 423 1983 violenta
453 1918 695 1991 quaedam
739 1913 917 1970 carnis
946 1907 1196 1964 illecebra
1243 1905 1295 1959 in
1334 1915 1557 1971 corpore
1596 1896 1784 1952 mortis

193 2020 375 2091 hujus,
407 2014 624 2071 veniens
662 2010 729 2065 de
757 2005 985 2062 vindicta
1016 2002 1154 2057 illius
1178 1996 1405 2071 peccati,
1435 1993 1574 2048 unde
1596 2006 1783 2060 propa-

188 2114 369 2187 ginem
395 2109 659 2167 ducimus,
691 2098 981 2157 secundum
1011 2109 1168 2165 quam
1198 2106 1387 2145 omnes
1413 2097 1537 2141 ante
1558 2085 1784 2156 gratiam

189 2179 288 2265 iiiii
332 2211 455 2259 sunt
492 2201 584 2255 ine
628 2195 843 2268 (Ephes.
876 2208 944 2256 ιι,
974 2191 1054 2258 3).
1105 2186 1303 2242 Ceutra
1336 2179 1477 2252 quod
1510 2186 1784 2249 peccatum

192 2298 423 2357 militant
448 2291 545 2347 sub
567 2289 733 2360 gratia
758 2281 1053 2346 constituti,
1081 2295 1185 2334 non
1218 2286 1274 2331 ut
1295 2289 1399 2329 non
1426 2273 1495 2327 sit
1520 2272 1571 2326 in
1600 2284 1786 2324 eorum

190 2402 439 2459 corpore,
467 2380 717 2455 quamdiu
743 2380 814 2432 ita
840 2374 1062 2431 mortale
1088 2380 1192 2436 est,
1223 2376 1279 2424 ut
1303 2377 1356 2421 et
1378 2375 1640 2420 mortmnu
1666 2364 1786 2431 jure

191 2482 423 2543 dicatur,
466 2474 559 2531 sed
591 2481 647 2527 ut
686 2486 791 2525 non
831 2474 1036 2537 regnet.
1080 2462 1193 2517 Non
1224 2469 1401 2515 autem
1434 2464 1636 2526 regnat,
1665 2468 1788 2507 eum

192 2570 475 2631 desideriis
501 2567 635 2637 ejus,
656 2563 705 2618 id
730 2571 831 2626 est,
856 2560 939 2613 his
966 2572 1085 2627 quae
1107 2550 1397 2610 secundum
1422 2563 1636 2603 eu-nem
1659 2560 1790 2600 con-

196 2676 277 2725 tra
322 2663 567 2735 Spiritum
613 2654 1080 2724 concupiscuntur,
1124 2662 1228 2701 non
1260 2643 1524 2697 obcditur.
1560 2635 1790 2692 Proinde

196 2757 488 2832 Aposmlus
526 2748 780 2821 numquid
823 2747 916 2812 ait,
962 2742 1075 2798 Non
1118 2744 1181 2795 sit
1207 2745 1485 2811 peccatum
1531 2734 1582 2787 in
1610 2740 1789 2786 vestro

193 2823 410 2911 mortali
436 2860 660 2914 corpore
698 2840 925 2911 (sciebat
960 2835 1156 2907 quippe
1185 2834 1364 2887 inesse
1412 2825 1610 2897 peccati
1640 2823 1788 2877 dele-

195 2943 506 3003 ctationem,
534 2950 691 3007 quam
739 2940 1010 3003 peccaturo
1052 2934 1225 2990 vocat,
1262 2922 1547 2990 depravata
1584 2914 1791 2969 scilicet

196 3054 261 3095 ex
291 3036 454 3107 prima
482 3025 902 3099 transgressione
931 3016 1311 3091 natura)?sed,
1334 3014 1471 3077 Non,
1494 3011 1681 3081 inquit,
1708 3024 1791 3064 rs-

195 3139 315 3206 gnet
346 3134 601 3199 peccatum
629 3120 681 3175 in
706 3130 868 3174 vestro
893 3115 1092 3169 mortali
1121 3126 1332 3181 corpore
1362 3108 1428 3161 ad
1460 3104 1793 3160 obediendum

198 3220 459 3279 desideriis
486 3218 630 3287 ejus;
662 3228 752 3268 nec
777 3208 1050 3265 exhibeatis
1080 3205 1301 3260 membra
1327 3210 1488 3255 vestra
1515 3216 1658 3253 arma
1687 3199 1791 3253 ini-

198 3313 405 3387 quitatis
429 3318 628 3382 peccato
652 3306 826 3379 (Rom.
862 3318 933 3367 vr,
963 3299 1051 3362 12,
1089 3297 1202 3369 15).

199 3384 425 3465 CAPUT
464 3400 599 3458 Xlll.
626 3429 696 3440 -
725 3396 833 3451 Illa
866 3392 1110 3449 sententia
1145 3390 1207 3442 de
1236 3384 1643 3455 concupiscentia
1670 3400 1789 3437 car-

381 3496 487 3560 nis,
524 3508 674 3564 quam
702 3491 765 3544 sit
796 3486 1050 3558 expedita.
1082 3482 1301 3537 Peecata
1324 3494 1614 3549 puerorum.

275 3589 367 3644 2‘2.
400 3584 696 3643 Secundum
723 3582 860 3635 hanc
880 3577 1219 3637 sententiam,
1241 3586 1338 3627 nec
1379 3586 1490 3626 rem
1517 3567 1791 3622 absurdis—

203 3686 393 3743 simam
419 3674 818 3748 dicimus,quod
840 3687 964 3728 caro
982 3672 1094 3725 sine
1115 3670 1289 3722 anima
1308 3663 1675 3734 concupiscat;
1697 3676 1794 3716 uec

203 3772 509 3834 Manicha-is
538 3766 930 3830 consentimus,
959 3762 1049 3833 qui
1075 3774 1195 3815 cum
1225 3757 1466 3811 viderent
1504 3771 1608 3807 non
1639 3766 1795 3823 posse

204 3883 423 3928 carnem
444 3865 558 3921 sine
582 3862 757 3918 anima
778 3855 1174 3925 concupiscere,
1198 3849 1354 3904 aliam
1378 3844 1656 3918 quamdam
1681 3840 1795 3896 ani-

206 3980 353 4022 mam
382 3976 528 4017 suam
558 3974 623 4014 ex
653 3956 755 4011 alia
782 3962 966 4009 natura
1010 3949 1118 4004 Deo
1156 3950 1419 4001 contraria
1451 3956 1663 3996 carnem
1696 3938 1794 3993 ha-

207 4061 343 4118 bere
384 4060 735 4127 putaverunt,
783 4047 924 4103 unde
965 4040 1306 4112 concupiscat
1341 4036 1596 4091 adversus
1637 4031 1796 4103 spiri-

208 4162 348 4209 tum.
376 4149 484 4205 Nec
506 4145 664 4202 alicui
691 4142 883 4198 anima:
928 4152 1033 4192 non
1060 4148 1180 4191 esse
1224 4128 1574 4187 necessariam
1605 4123 1800 4180 Christi

208 4247 433 4321 gratiam
465 4241 643 4297 dicere
671 4236 930 4306 cogimur,
954 4245 1073 4285 cum
1096 4226 1288 4283 dicitur
1312 4221 1466 4277 nobis
1491 4238 1503 4273 :
1532 4216 1667 4285 Quid
1690 4231 1801 4271 me-

211 4341 323 4399 ruit
350 4338 523 4393 anima
555 4329 791 4396 infantis,
819 4326 959 4381 unde
982 4321 1056 4377 illi
1079 4316 1435 4391 perniciosum
1462 4311 1529 4367 sit
1553 4326 1655 4364 non
1682 4322 1803 4377 per-

212 4440 373 4505 cepto
393 4426 664 4487 christiani
690 4421 939 4493 Baptismi
961 4421 1292 4471 sacramento
1308 4409 1453 4465 exire
1474 4405 1538 4461 de
1559 4417 1798 4474 corpore,

214 4530 263 4585 si
293 4540 390 4581 nec
428 4520 697 4594 proprium
726 4511 935 4583 aliquod
975 4516 1249 4580 peccatum
1280 4498 1575 4563 commisit,
1606 4511 1705 4552 nec
1733 4509 1803 4550 ex

213 4623 306 4680 illa
334 4629 415 4675 est
439 4631 559 4689 qua:
586 4615 635 4667 in
665 4609 834 4666 Adam
873 4606 1042 4677 prima
1067 4596 1343 4673 peccavit?

294 4715 383 4771 25.
411 4684 526 4767 Non
557 4707 696 4762 enim
723 4704 789 4759 de
816 4700 992 4773 pueris
1015 4690 1404 4769 grandiusculis
1431 4688 1655 4759 agimus,
1685 4684 1804 4754 qui-

217 4814 322 4869 bus
345 4808 558 4881 quidem
586 4810 859 4873 peccatum
882 4794 1150 4867 proprium
1181 4789 1367 4845 nolunt
1385 4784 1672 4839 altribuere
1692 4778 1809 4850 qui-

216 4904 379 4969 dam,
412 4900 513 4956 nisi
547 4898 614 4952 ab
642 4894 765 4949 anni
809 4888 980 4962 quarti
1024 4884 1215 4965 decimi
1259 4879 1511 4941 articulo,
1554 4891 1675 4931 eum
1708 4887 1805 4942 pu-

217 4999 441 5056 bescere
466 4988 743 5059 coeperint.
777 4961 928 5053 Quod
956 4961 1145 5053 merito
1183 4973 1522 5030 crederemus
1543 5009 1555 5032 ,
1589 4965 1632 5020 si
1663 4961 1807 5018 nulla

216 5095 403 5146 eSseut
427 5055 643 5156 peccata
668 5122 683 5147 ,
717 5076 816 5133 nisi
846 5088 963 5147 quae
992 5068 1246 5126 membris
1276 5061 1588 5136 genitalibus
1613 5055 1809 5112 admit-

219 5188 407 5253 tuqtur
431 5196 445 5235 :
472 5176 590 5248 quis
615 5188 741 5229 vero
766 5168 959 5226 audeat
981 5165 1274 5224 allirmare,
1303 5158 1468 5223 furta,
1498 5149 1769 5208 mendacia
1790 5188 1806 5215 ,

220 5247 613 5346 perjuria,rnon
643 5280 761 5323 esse
789 5269 1023 5334 peccata,
1054 5255 1153 5317 nisi
1182 5252 1271 5325 qui
1302 5250 1423 5306 talia
1452 5248 1565 5303 vult
1594 5247 1811 5315 impune

222 5362 600 5425 committere?
625 5361 695 5417 At
726 5359 808 5413 his
840 5356 990 5428 plena
1024 5359 1105 5407 est
1134 5346 1353 5420 puerilis
1378 5353 1506 5399 aetas
1525 5384 1540 5409 ,
1571 5337 1812 5410 quamvis

221 5461 286 5518 in
313 5460 390 5516 eis
420 5473 525 5513 non
570 5455 641 5509 ita
678 5460 736 5509 ut
777 5444 1159 5515 inrmajoribus
1197 5435 1462 5510 punienda
1502 5433 1809 5498 videantur,

217 5553 371 5627 quod
395 5558 676 5621 Sperentur
704 5544 857 5601 annis
876 5537 1271 5609 accedentibus,
1302 5531 1494 5603 quibus
1522 5527 1657 5582 ratio
1686 5540 1813 5580 con-

220 5620 484 5713 valescat,
512 5658 669 5715 posse
696 5646 959 5711 praecepta
988 5631 1235 5689 salutaria
1266 5627 1455 5684 melius
1482 5620 1810 5691 intelligere,

220 5741 417 5813 eisque
444 5711 693 5795 libentius
717 5730 954 5793 obedire.
983 5726 1088 5783 Sed
1114 5737 1253 5783 nunc
1272 5720 1339 5789 de
1364 5716 1540 5790 pueris
1569 5728 1674 5768 non
1703 5711 1814 5783 agi-

222 5804 383 5905 mus,
414 5844 641 5907 quorum
683 5824 953 5887 carnalem
986 5834 1050 5879 ac
1077 5814 1337 5893 puerilem
1380 5809 1703 5883 voluptatem
1728 5804 1811 5862 vel

1544 303 1751 361 LIBER
1776 286 2114 371 amemus:

3369 286 3473 348 διο

1883 408 2125 478 corporis
2150 407 2235 461 vel
2263 405 2426 460 animi
2468 410 2514 460 si
2551 410 2746 462 veritas
2773 418 2828 468 et
2868 420 3089 483 aequitas
3129 420 3473 478 oppugnave-

1884 502 1989 568 rit,
2018 500 2210 570 quibus
2253 507 2476 569 possunt
2500 497 2702 553 viribus
2730 496 2994 553 dictorum
3026 512 3183 569 atque
3210 500 3474 557 factorum

1884 601 2212 663 repugnant;
2247 606 2340 658 pro
2381 604 2483 660 qua
2505 631 2522 656 ,
2554 589 2656 644 nisi
2685 604 2783 660 pro
2826 588 3056 645 falsitate
3080 598 3136 644 et
3163 589 3471 660 iniquitate,

1886 700 2004 756 qua:
2046 683 2321 754 sull'ragari
2349 682 2618 738 videbitur
2642 683 2754 749 eis,
2784 683 2868 738 vel
2895 682 2960 737 ad
2996 683 3332 754 percipienda
3357 699 3477 754 quae

1885 776 2148 839 alliciunt,
2176 776 2257 830 vel
2284 774 2351 829 ad
2378 772 2590 829 vitanda
2610 789 2730 844 qua:
2749 773 3059 829 oll'endunt?
3089 775 3162 830 De
3191 774 3477 830 infantibus

1887 871 2177 942 loquimur,
2211 885 2316 925 non
2344 870 2464 940 quia
2506 877 2799 923 nascuntur
2827 869 3137 938 plerumque
3164 866 3233 923 de
3269 866 3475 923 adulte-

1884 961 1979 1016 riis
2017 962 2033 992 ⁸
2066 960 2262 1031 (neque
2304 960 2448 1015 enim
2489 959 2543 1013 in
2570 960 2752 1031 pravis
2794 959 3033 1015 moribus
3088 968 3291 1015 natura:
3334 958 3475 1015 dona

1885 1052 2147 1123 culpanda
2179 1061 2335 1118 sunt;
2377 1060 2470 1106 aut
2494 1059 2772 1122 propterea
2811 1065 2918 1107 non
2946 1051 3245 1107 debuerunt
3274 1052 3474 1123 germi-

1886 1161 2016 1200 nare
2040 1145 2301 1199 frumenta
2322 1184 2339 1210 ,
2379 1143 2521 1213 quod
2548 1159 2612 1199 ea
2653 1141 2851 1197 severit
2877 1142 3098 1197 iurantis
3122 1157 3310 1197 manus
3334 1161 3349 1197 :
3380 1152 3474 1198 aut

1886 1253 2017 1294 vero
2047 1238 2173 1308 ipsis
2207 1237 2513 1308 parentibus
2538 1235 2783 1291 obfutura
2809 1235 2879 1290 sit
2910 1234 3159 1305 iniquitas
3183 1250 3312 1303 sua,
3344 1235 3389 1290 si
3419 1250 3479 1292 se

1887 1329 1955 1385 ad
2005 1330 2173 1385 Deum
2229 1328 2590 1384 eonvertcndo
2642 1328 3005 1394 correxerint;
3057 1337 3255 1399 quanto
3301 1327 3477 1383 minus

1888 1420 2031 1487 ﬁliis,
2048 1419 2091 1475 si
2115 1430 2257 1476 recte
2274 1420 2587 1485 viserint?).

1887 1514 2114 1570 CAPUT
2154 1513 2293 1569 XIV.
2321 1544 2391 1554 —-
2419 1514 2785 1585 Argumentum
2814 1528 2906 1584 pro
2935 1512 3169 1585 Opinione
3195 1528 3478 1566 animarum

1959 1624 2023 1661 ea:
2049 1606 2282 1671 traduce,
2312 1607 2633 1675 desumptum
2661 1620 2724 1660 ea:
2750 1613 2894 1661 reatu
2932 1614 2978 1657 et
3018 1602 3266 1676 baptismo
3291 1619 3475 1674 parvu-

1965 1699 2148 1763 lorum,
2180 1698 2469 1751 discutitur.
3098 1684 3101 1687 λ

1963 1790 2069 1847 Sed
2101 1790 2185 1844 illa
2218 1798 2347 1843 mtas
2378 1789 2462 1842 hic
2498 1787 2866 1843 vehementem
2892 1785 3238 1858 qurestionem
3267 1794 3477 1852 movet,

1890 1882 2042 1951 cujus
2067 1882 2242 1936 anima
2264 1896 2384 1935 cum
2420 1888 2691 1949 peccatum
2732 1879 2934 1934 nullum
2962 1877 3154 1933 habeat
3178 1877 3245 1933 de
3268 1879 3480 1948 proprio

1890 1976 2179 2031 voluntatis
2199 1972 2442 2039 arbitrio,
2465 1973 2721 2042 quaeritur
2740 1971 3008 2042 quomodo
3026 1971 3191 2042 possit
3204 1972 3478 2041 justilicari

1891 2085 1989 2140 per
2013 2069 2154 2123 illius
2184 2072 2339 2122 unius
2367 2066 2596 2121 hominis
2643 2065 3025 2133 obedientiam,
3071 2064 3116 2120 si
3150 2081 3242 2136 per
3266 2066 3481 2122 alterius

1892 2162 2050 2217 unius
2100 2160 2512 2219 inobedientiam
2565 2175 2656 2229 rea
2697 2175 2800 2215 non
2847 2159 2961 2216 est?
3004 2159 3130 2214 [hec
3157 2174 3258 2214 vox
3298 2175 3481 2216 eorum

1893 2266 2009 2321 est,
2040 2256 2129 2327 qui
2172 2255 2380 2309 animas
2425 2253 2696 2307 hominum
2734 2267 2802 2307 ex
2845 2250 3148 2307 hominibus
3178 2252 3483 2321 parentibus

1892 2358 2103 2404 creatas
2133 2348 2348 2412 volunt,
2382 2362 2487 2401 non
2517 2345 2728 2415 quidem
2765 2344 2867 2399 nisi
2900 2360 2930 2397 a
2960 2353 3201 2399 creatore
3227 2341 3356 2406 Deo,
3386 2342 3480 2398 sed

1893 2442 2032 2498 sicut
2048 2440 2207 2496 etiam
2226 2453 2470 2507 corpora.
2496 2437 2608 2491 Non
2634 2436 2776 2491 enim
2801 2446 2854 2491 et
2874 2434 2989 2490 lucc
3011 2443 3259 2504 parentes
3278 2443 3479 2501 creant,

1894 2552 1956 2591 ac
1987 2552 2090 2590 non
2120 2535 2207 2588 ille
2243 2534 2331 2603 qui
2367 2533 2478 2587 ait:
2514 2531 2820 2602 Priusquam
2856 2540 2903 2584 te
2931 2530 3203 2599 formarem
3230 2528 3283 2583 in
3310 2538 3479 2597 utero,

1895 2629 2010 2683 novi
2032 2638 2078 2680 te
2102 2626 2313 2698 (Jerem.
2342 2642 2379 2688 ι,
2408 2625 2487 2693 5).

1966 2722 2057 2775 24.
2086 2720 2289 2787 Quibus
2314 2716 2685 2790 respondetur,
2713 2716 2918 2771 animas
2935 2714 3148 2785 quidem
3172 2714 3484 2784 corporibus

1897 2816 2172 2871 hominum
2206 2814 2371 2868 Deum
2404 2827 2566 2867 novas
2588 2809 2897 2879 singillatim
2927 2808 3086 2872 dare,
3120 2807 3185 2862 ad
3214 2807 3315 2863 hoc
3344 2816 3401 2863 ut
3428 2807 3483 2864 in

1896 2924 2057 2963 carne
2086 2905 2286 2977 peccati
2319 2904 2387 2959 de
2427 2902 2667 2973 originali
2707 2911 2925 2972 peccato
2951 2898 3197 2955 veniente
3225 2909 3370 2955 recte
3400 2899 3483 2954 vi-

1897 3002 2089 3064 vendo,
2136 3000 2483 3069 carnalesque
2524 2993 2983 3066 concupiscentias
3026 2995 3126 3047 sub
3175 2993 3266 3047 Dei
3317 2992 3486 3063 gratia

1898 3093 2210 3166 subigendo,
2244 3092 2490 3146 meritum
2530 3094 2875 3156 comparent,
2921 3098 3027 3155 quo
3055 3100 3175 3141 cum
3208 3084 3322 3152 ipso
3362 3098 3485 3138 cor-

1898 3205 2026 3262 pore
2053 3188 2103 3240 in
2133 3187 2322 3241 melius
2350 3181 2736 3238 transferantur
2765 3188 3003 3248 tempore
3042 3175 3448 3232 resurrectionis
3468 3216 3483 3241 ,

1898 3282 2031 3337 etin
2077 3279 2286 3334 Christo
2331 3279 2384 3331 in
2418 3286 2675 3331 aeternum
2719 3286 2841 3327 cum
2874 3270 3090 3340 Angelis
3132 3269 3329 3324 vivant.
3375 3268 3480 3325 Sed

1900 3388 2117 3428 necesse
2145 3386 2264 3425 esse
2292 3378 2349 3423 ut
2374 3371 2416 3435 ’,
2447 3383 2565 3423 cum
2608 3364 2861 3420 membris
2888 3362 3114 3418 terrenis
3148 3370 3306 3432 atque
3332 3377 3481 3417 mor-

1899 3466 2112 3528 talilms,
2143 3463 2473 3531 maximeque
2498 3459 2566 3514 de
2592 3459 2791 3528 peccati
2817 3470 2976 3509 carne
2996 3455 3319 3525 propagatis,
3349 3455 3483 3509 miro

1900 3557 2060 3612 modo
2087 3562 2419 3625 coaptautur,
2449 3560 2581 3604 utea
2603 3547 2851 3620 primitus
2874 3545 3160 3607 vivilicare,
3187 3554 3304 3615 post
3324 3544 3485 3599 etiam

1901 3649 2072 3703 mtatis
2098 3659 2313 3700 accessu
2340 3658 2522 3713 regere
2544 3639 2767 3709 possint,
2792 3646 3039 3706 tanquam
3061 3634 3326 3689 oblivione
3351 3650 3487 3704 prae-

1900 3748 2207 3813 graventur.
2239 3738 2367 3803 Qua:
2398 3734 2441 3789 si
2471 3740 2626 3787 esset
2652 3726 3043 3801 quodammodo
3077 3725 3444 3797 indigestibilis
3467 3767 3483 3795 ,

1904 3831 2143 3890 Creatori
2191 3829 2548 3883 tribueretur:
2582 3838 2702 3879 eum
2751 3836 2880 3876 vero
2926 3819 3179 3890 paulatim
3223 3817 3290 3873 ab
3331 3815 3490 3887 hujus

1904 3926 2187 3986 oblivionis
2225 3935 2440 3994 torpore
2467 3920 2643 3976 anima
2683 3915 3005 3987 resipiscens
3048 3912 3215 3986 possit
3250 3912 3490 3968 converti

1904 4023 1970 4079 ad
2014 4022 2177 4076 Deum
2209 4033 2360 4074 suum
2382 4058 2395 4083 ,
2428 4016 2650 4085 ejusque
2691 4008 3107 4067 misericordiam
3135 4016 3190 4065 et
3215 4007 3490 4064 veritatem

1906 4114 2079 4186 primo
2106 4113 2218 4182 ipsa
2243 4110 2440 4183 pietate
2460 4103 2843 4168 conversionis,
2871 4100 3062 4157 deinde
3088 4098 3333 4154 servandi
3357 4113 3491 4169 prac-

1905 4208 2044 4279 cepti
2073 4206 2188 4278 ejus
2216 4199 2606 4274 perseverantia
2641 4194 2968 4268 promereri;
2996 4191 3122 4263 quid
3147 4191 3195 4245 ei
3222 4191 3373 4246 obest
3398 4190 3491 4245 illo

1907 4302 2052 4357 velut
2078 4311 2266 4354 somno
2295 4293 2563 4365 paululum
2590 4288 2854 4357 inunergi,
2890 4284 3029 4340 unde
3060 4282 3309 4355 paulatim
3340 4282 3494 4353 evigi-

1908 4394 2024 4450 lans
2051 4394 2101 4446 iu
2132 4391 2303 4445 lucem
2346 4380 2710 4454 intelligentiae
2731 4421 2745 4443 ,
2788 4387 3005 4448 propter
3032 4390 3189 4446 quam
3219 4372 3493 4430 rationalis

1909 4486 2083 4541 anima
2116 4484 2248 4536 facta
2276 4487 2389 4540 est,
2422 4482 2594 4546 potest
2619 4487 2711 4543 per
2731 4469 3057 4525 voluntatem
3083 4466 3274 4522 bonam
3298 4465 3497 4536 eligere

1909 4578 2073 4635 vitam
2109 4571 2341 4630 bonam?
2366 4567 2508 4641 quod
2535 4563 2746 4638 quidem
2776 4577 2878 4617 non
2911 4559 3124 4632 poterit,
3156 4558 3254 4614 nisi
3280 4556 3496 4628 adjuve-

1910 4673 1980 4728 rit
1997 4668 2161 4741 gratia
2183 4664 2273 4720 Dei
2294 4678 2386 4735 per
2403 4658 2765 4716 Mediatorem.
2784 4654 2895 4709 Hoc
2933 4653 2977 4707 si
3008 4648 3296 4722 neglexerit
3314 4648 3492 4718 homo,

1912 4779 2019 4820 non
2046 4770 2249 4816 tantum
2278 4751 2571 4811 secundum
2600 4761 2814 4804 carnem
2835 4788 2850 4813 ,
2895 4759 3078 4801 verum
3108 4743 3266 4799 etiam
3303 4755 3496 4798 secun-

1914 4857 2040 4915 dum
2069 4854 2317 4925 spiritum
2357 4848 2461 4904 erit
2507 4843 2716 4901 Adam:
2749 4841 2794 4897 si
2838 4847 3011 4894 autem
3056 4834 3352 4899 curaverit,
3395 4831 3499 4888 erit

1914 4949 2084 5007 Adam
2100 4922 2400 5002 secundum
2421 4952 2636 4996 carnem
2658 4930 3054 4995 tantummodo;
3079 4925 3369 4983 secundum
3391 4922 3501 4993 spl-

1915 5048 2074 5103 rilum
2106 5049 2281 5097 autem
2310 5045 2453 5092 recte
2476 5032 2688 5095 vivens,
2714 5024 2848 5083 illud
2877 5023 3035 5079 etiam
3063 5017 3204 5090 quod
3234 5016 3301 5070 de
3325 5014 3495 5069 Adam

1916 5135 2179 5209 culpabile
2210 5136 2431 5187 tractum
2460 5132 2563 5192 est,
2592 5112 2900 5177 mundatum
2931 5129 2962 5169 a
2988 5112 3103 5168 labe
3133 5106 3332 5181 peccati
3363 5104 3500 5160 reci-

1916 5198 2045 5304 pere
2070 5224 2360 5283 merebitnr
2399 5218 2486 5274 illa
2526 5209 2938 5273 commutatione
2979 5217 3135 5275 quam
3166 5198 3360 5253 sanctis
3406 5210 3499 5252 re-

1919 5320 2173 5382 surrectio
2198 5315 2493 5389 pollicetur.
2864 5301 2868 5309 ’
3006 5298 3017 5385 γ’
3188 5286 3191 5295 ’
3414 5368 3417 5371 γ

1988 5417 2079 5473 23.
2107 5376 2211 5471 Sed
2234 5419 2515 5479 antequam
2543 5416 2637 5473 per
2658 5404 2867 5454 aetatem
2893 5376 3056 5463 possit
3079 5381 3501 5453 secundum‘spi-

1917 5514 2078 5571 ritum
2110 5510 2321 5569 vivere,
2368 5476 2724 5556 necessarium
2766 5486 2924 5541 habet
2960 5476 3500 5537 Medi’atdris‘Sacra-

1920 5564 2180 5667 ineptum,
2208 5606 2264 5652 ut
2288 5564 2429 5665 quod
2456 5603 2552 5660 per
2579 5585 2695 5655 ejus
2722 5580 2879 5635 (idem
2906 5573 3139 5632 nondum
3170 5564 3377 5642 potest,
3407 5578 3503 5641 per
