3902 6318
482 309 588 386 ιω

483 455 666 497 eorum
699 441 786 512 qui
827 455 946 496 eum
975 439 1195 506 diligunt
1237 437 1346 489 ttat.
1377 428 1506 503 Ejus
1538 435 1690 488 “enim
1722 433 2063 490 Sacramenta

483 531 892 602 SOit'iltlr'clittnt
922 528 973 581 in
1005 515 1158 582 aetate
1181 517 1407 580 infantill
1431 525 1701 596 originalis
1743 540 1895 596 pinna
1936 537 2061 595 pec
2099 602 2121 610 π,

483 625 584 678 cati
601 638 618 686 ;
649 615 803 691 aquo
826 606 926 692 nisi
956 617 1186 688 adjutus,
1211 619 1367 673 etiam
1391 617 1622 688 juvenis,
1646 615 1908 673 carnalem
1933 631 2063 672 con-

482 703 856 784 cupiscentiam
886 727 988 766 non
1019 709 1283 775 domabit;
1316 727 1412 766 nec
1449 727 1510 765 ca
1539 707 1812 782 subiugata
1847 720 2060 765 artcrna:

483 797 601 860 vitas
631 807 874 882 meritum
897 803 1278 874 apprcheudet,
1308 805 1404 859 nisi
1434 805 1549 874 ejus
1567 804 1728 867 dono,
1761 817 1914 874 quem
1939 819 2063 874 pro-

482 898 674 955 mereri
701 899 893 953 sttnlct.
927 893 1048 952 ldeo
1077 898 1223 951 vivus
1249 907 1453 968 iqnutet
1484 899 1640 952 etiam
1684 897 1854 951 iulans
1893 895 2063 966 baptio

484 1000 649 1052 zetur,
685 1005 749 1044 ne
793 976 943 1043 obsit.
974 988 1161 1042 animm
1206 987 1431 1042 Societas
1473 989 1644 1043 carnis
1673 987 1900 1057 peccati,
1957 1003 2060 1057 qua

485 1083 789 1152 participata
821 1072 956 1150 litui
979 1071 1105 1132 nihil
1137 1075 1302 1150 possit
1327 1077 1507 1133 anima
1527 1077 1738 1134 infantis
1767 1072 2060 1133 secundum

483 1174 721 1244 spiritum
766 1171 971 1240 sapere.
1023 1167 1137 1243 ipsa
1172 1170 1379 1241 quippe
1421 1170 1632 1225 affectio
1673 1179 1855 1240 gravat
1899 1169 2060 1224 etiant

482 1277 702 1337 corpore
728 1271 964 1326 exutain,
1009 1257 1106 1315 nisi
1134 1254 1251 1316 cum
1298 1263 1348 1317 in
1393 1253 1613 1333 corpore
1648 1272 1762 1328 est,
1810 1277 1906 1333 per
1941 1260 2062 1316 uui‘

391 1401 396 1406 .
482 1368 600 1410 cum
631 1353 944 1408 saerilicium
973 1345 1272 1408 Mediatoris
1302 1349 1316 1385 ⁸
1349 1353 1456 1409 veri
1480 1353 1769 1409 sacerdotis
1797 1353 2056 1424 expietur.

517 1444 739 1501 CAPUT
779 1443 890 1498 XV.
914 1475 984 1483 —
1008 1442 1154 1520 Idem
1192 1456 1539 1512 argumentum
1583 1445 1796 1520 penitins
1837 1443 2025 1498 exami-

1074 1517 1083 1526 ⁸
1185 1545 1347 1587 mitur.

555 1625 643 1680 26.
674 1625 808 1690 Quid
851 1639 1010 1694 ergo,
1043 1624 1116 1677 ait
1147 1623 1367 1693 aliquis,
1409 1625 1454 1677 si
1495 1626 1592 1678 hoc
1619 1642 1723 1679 non
1761 1628 2062 1682 curaverint

486 1716 598 1780 sui,
648 1715 726 1769 vel
774 1714 1114 1780 infidelitate,
1161 1715 1243 1768 vel
1289 1715 1643 1784 negligentia?
1696 1716 1806 1770 l‘loc
1846 1717 2059 1787 quidem

485 1805 642 1860 etiam
667 1804 734 1859 de
763 1803 1050 1872 ntajmlhus
1073 1803 1176 1857 diei
1209 1811 1398 1872 potest.
1433 1804 1659 1859 Possunt
1683 1807 1824 1860 enim
1853 1809 1933 1861 vel
1972 1825 2058 1862 re-

487 1906 640 1966 pente
665 1893 852 1961 emori,
886 1894 967 1949 vel
994 1895 1132 1964 apud
1161 1909 1252 1950 eos
1282 1906 1568 1965 aegrotare,
1599 1896 1685 1950 ubi
1717 1899 1792 1951 eis
1819 1914 1923 1969 quo
1961 1899 2058 1953 ba-

488 1988 766 2056 ptizenlur,
803 2001 958 2039 nemo
1000 1986 1295 2040 subveniat.
1341 1986 1444 2041 Sed
1490 1987 1596 2052 illi,
1639 1986 1833 2057 inquit,
1865 1988 2070 2044 habent

484 2079 640 2134 etiam
672 2079 882 2148 propria
915 2085 1156 2148 peccata,
1185 2093 1408 2147 quorum
1433 2078 1697 2148 indigeant
1723 2079 2056 2148 remissione,

485 2185 600 2240 quae
628 2171 671 2223 si
702 2170 914 2223 dimissa
942 2171 1044 2222 non
1077 2169 1290 2235 fuerint,
1319 2184 1476 2224 nemo
1497 2181 1589 2223 eos
1615 2179 1760 2224 recte
1789 2170 1929 2225 dicet
1957 2171 2066 2224 im-

485 2261 673 2316 merito
700 2263 855 2331 plecti
898 2275 992 2330 pro
1034 2261 1098 2314 iis
1139 2274 1254 2330 quae
1291 2261 1340 2314 in
1382 2273 1476 2314 sua
1516 2261 1621 2314 vita
1661 2276 1753 2315 sua
1791 2263 2062 2318 voluntate

483 2355 883 2408 commiserint:
922 2354 1008 2407 illa
1040 2365 1166 2406 Vero
1195 2354 1401 2415 anima,
1433 2354 1514 2407 cui
1541 2353 1782 2423 quaedam
1817 2356 2064 2426 contagio

481 2454 650 2501 tracta
675 2447 739 2501 de
759 2461 920 2502 carne
951 2447 1170 2516 peccati,
1205 2447 1247 2500 si
1277 2447 1341 2502 de
1369 2447 1453 2500 illa
1482 2448 1650 2516 prima
1674 2451 1844 2502 anima
1874 2461 2070 2519 pecca"

483 2539 614 2593 triee
640 2550 743 2591 non
771 2546 1078 2600 creata‘est,
1108 2538 1254 2592 nullo
1275 2537 1442 2599 modo
1463 2538 1705 2607 imputari
1741 2548 1909 2608 potest
1939 2540 2058 2612 (ne-

481 2645 584 2700 que
609 2631 747 2684 enim
772 2630 874 2683 ullo
899 2640 1133 2700 peccato,
1165 2631 1258 2684 sed
1281 2640 1462 2684 natura
1484 2646 1586 2700 qua
1612 2632 1687 2685 sic
1713 2631 1850 2686 facta
1877 2643 1977 2700 est,
2007 2642 2069 2688 et

483 2719 593 2774 Deo
619 2719 776 2775 dante
806 2721 952 2774 carni
977 2722 1096 2774 data
1129 2721 1264 2786 est);
1295 2735 1390 2775 cur
1413 2719 1735 2784 alienabitur
1756 2723 1823 2777 ab
1858 2735 2056 2780 {eterna

481 2810 608 2874 vita,
641 2811 683 2863 si
714 2810 1026 2880 baptizando
1048 2810 1232 2865 infanti
1262 2828 1418 2866 nemo
1445 2812 1787 2867 aduenerit?
1812 2815 1896 2870 An
1923 2814 2063 2870 forte

483 2901 613 2954 nihil
648 2901 851 2954 oberit?
877 2901 1015 2966 Quid
1049 2916 1175 2971 ergo
1205 2901 1423 2970 prodest
1451 2903 1500 2957 ei
1529 2904 1610 2957 cui
1641 2905 1972 2972 subvenitur,
2015 2907 2060 2961 si

484 2992 612 3046 nihil
641 2992 794 3045 obest
811 2991 896 3045 cui
919 3007 1022 3045 non
1047 2993 1390 3047 subvenitur?
1757 3045 1760 3048 .

551 3085 640 3137 ‘27.
674 3083 766 3138 llic
790 3099 886 3154 pro
911 3099 1004 3137 sua
1028 3098 1184 3140 causa
1211 3084 1334 3154 quid
1367 3088 1693 3154 respondere
1719 3089 1942 3156 possint,
1971 3091 2062 3159 qui

484 3175 773 3232 secundum
792 3175 1102 3244 Scriptura;
1131 3185 1362 3240 sanctas,
1392 3177 1472 3232 vel
1500 3177 1638 3246 quod
1668 3177 1806 3247 apud
1845 3194 1936 3234 eas
1974 3179 2058 3234 in-

484 3268 743 3331 veniatur,
771 3268 852 3322 vel
882 3267 1025 3337 quoii
1063 3268 1142 3322 eis
1169 3283 1275 3321 non
1299 3267 1652 3331 adversetur,
1688 3276 1946 3324 conantur
1969 3287 2065 3326 tis-

481 3373 664 3414 serere
699 3362 902 3429 animas
948 3372 1113 3415 novas
1141 3375 1246 3414 non
1276 3360 1342 3414 de
1386 3361 1689 3430 parentibus
1717 3371 1909 3419 tractas
1936 3379 2060 3419 eor-

485 3448 701 3520 poribus
724 3449 868 3518 dari;
899 3449 1132 3521 nondum
1163 3465 1249 3506 me
1267 3450 1508 3516 audisse,
1537 3451 1619 3506 vel
1647 3453 1846 3519 usuiam
1871 3453 2065 3522 legisse

485 3540 668 3598 fateor.
700 3538 815 3612 Non
861 3539 981 3597 ideo
1009 3555 1136 3596 sane
1164 3541 1458 3614 absentium
1488 3541 1754 3611 negotium
1799 3541 2060 3604 deseren-

482 3633 608 3688 dum
636 3640 739 3698 est,
768 3633 812 3686 si
837 3632 963 3702 quid
1001 3633 1152 3705 mihi,
1184 3649 1288 3704 quo
1315 3633 1550 3702 adjuvari
1581 3634 1839 3700 videatur,
1868 3651 2059 3694 occur-

484 3724 894 3792 rerit._Possunt
935 3725 1077 3779 enim
1115 3725 1286 3780 adhuc
1315 3725 1525 3791 dicere,
1566 3726 1739 3785 Deum
1783 3727 2064 3796 prtescium

482 3817 750 3887 quomodo
790 3831 1012 3886 qumque
1049 3816 1223 3871 anima
1251 3817 1449 3876 victura
1479 3826 1650 3881 esset,
1696 3820 1740 3874 si
1767 3817 1961 3880 diutius
2007 3819 2063 3878 in

483 3921 707 3978 corpore
732 3906 960 3982 viveret,
994 3905 1042 3962 ei
1084 3920 1367 3973 procurare
1409 3906 1603 3974 lavacri
1632 3907 1877 3974 salutaris
1890 3909 2062 3977 ,minig

481 3999 794 4062 “rationem
812 4037 825 4061 ,
865 3997 1024 4065 cujus
1053 3995 1279 4059 futuram
1308 3997 1469 4052 fuisse
1499 3999 1752 4067 prtevidet
1780 4000 2064 4072 pietatem,

482 4105 604 4149 cum
625 4088 691 4148 ad
718 4102 886 4144 annos
911 4087 1032 4149 fidei
1058 4102 1278 4158 capaces
1302 4089 1524 4154 veniret,
1557 4090 1601 4144 si
1629 4106 1736 4156 non
1762 4106 1880 4160 eum
1903 4108 2063 4164 οῃοττ

483 4192 619 4241 teret
644 4189 864 4251 propter
879 4180 1106 4252 aliquam
1133 4180 1391 4258 occultam
1419 4196 1630 4251 causam
1655 4167 1829 4249 morte
1858 4175 2060 4255 prteveé

481 4276 605 4333 uiri.
638 4273 912 4350 Occultum
955 4273 1130 4342 itaque
1176 4281 1286 4337 est,
1317 4259 1510 4342 atque
1541 4275 1608 4340 ab
1661 4263 1924 4345 humano,
1975 4280 2061 4333 vel

479 4379 625 4427 certe
647 4367 716 4428 ab
739 4365 950 4440 ingenio
980 4379 1102 4427 meo
1125 4365 1561 4433 remotissimum,
1585 4382 1679 4434 cur
1697 4378 1952 4434 nascatur
1979 4370 2061 4440 ine

479 4457 731 4519 fans,,vel
761 4437 1016 4512 continuo
1041 4455 1126 4518 vel
1151 4455 1256 4508 cito
1285 4455 1568 4510 moriturus
1594 4475 1606 4509 :
1637 4457 1729 4516 sed
1759 4458 1857 4533 hJoe
1884 4459 1952 4514 ita
1979 4475 2060 4515 oc-

479 4551 678 4610 cultum
701 4556 805 4615 est,
834 4558 888 4606 ut
914 4558 1130 4603 neutros
1165 4547 1396 4616 adjuvet,
1428 4548 1494 4602 de
1519 4565 1740 4621 quorum
1766 4566 1910 4624 nunc
1931 4567 2057 4627 seu-

481 4640 661 4704 tentiis
689 4639 1063 4708 disceptamus.
1091 4638 1188 4704 illa
1214 4640 1370 4706 enim
1414 4641 1626 4708 explosa
1669 4644 1916 4716 opinione
1954 4661 2058 4716 qua

480 4737 730 4799 putantur
754 4729 942 4794 anima:
965 4743 1062 4797 pro
1085 4737 1342 4798 anteacta;
1364 4728 1484 4800 vita:
1523 4726 1728 4802 meritis
1755 4732 1805 4806 in
1835 4713 2057 4810 corpora

479 4819 710 4886 detrudi,
736 4828 790 4876 ut
811 4835 872 4883 ea
903 4819 1059 4882 citius
1086 4807 1220 4874 sclvi
1249 4819 1503 4894 meruisse
1527 4820 1787 4901 videatur,
1812 4807 1928 4902 quae
1950 4809 2058 4900 non

472 4913 641 4974 multa
676 4920 1012 4982 peccaverat,
1048 4926 1122 4972 ne
1159 4910 1581 4989 contradicatlttts
1608 4895 1902 4993 Apostolo,
1927 4897 2056 4971 nihil

477 5002 715 5068 nondum
755 5012 907 5056 natos
934 5001 1054 5055 boni
1079 5001 1159 5077 vel
1184 5001 1305 5078 mali
1333 5003 1502 5079 egisse
1536 5005 1747 5059 testanzi
1771 4993 1943 5073 (Rom.
1963 4995 2059 5074 ix,-

480 5095 603 5164 il);
637 5109 736 5150 nec
762 5093 838 5150 illi
868 5093 956 5162 qui
979 5094 1171 5167 animae
1202 5092 1470 5168 traducem
1513 5081 1804 5160 :‘d‘tirmant,
1837 5086 2058 5180 possunt

477 5201 574 5256 pro
602 5202 660 5242 se
689 5175 973 5244 ostendere
1015 5185 1372 5261 cur‘aliorum
1414 5172 1570 5242 mors
1595 5171 1938 5255 acceleretur,
1968 5171 2055 5252 re?

478 5278 714 5332 tardetur
743 5278 998 5341 aliorum,
1034 5259 1135 5330 nec
1158 5277 1245 5345 qui
1277 5292 1366 5331 eas
1394 5277 1505 5330 dari
1537 5266 1702 5333 novas
1737 5267 1920 5334 volunt
1944 5263 2057 5335 sini

475 5368 618 5438 gulis
640 5367 891 5438 singulas.
925 5363 1146 5447 peculia
1175 5382 1300 5449 ergo
1331 5367 1427 5423 ista
1453 5383 1607 5422 causa
1640 5379 1748 5435 est,
1795 5365 1868 5425 et
1893 5356 2053 5426 utris-

476 5449 581 5532 que
614 5462 834 5531 pariter,
862 5445 1389 5535 quantum—existimo
1409 5504 1422 5528 ,
1455 5477 1555 5518 nec
1595 5453 1927 5534 suffragatur,
1958 5461 2054 5518 nec

476 5555 804 5622 adversatur.

512 5687 728 5802 ‘iEAbest
749 5699 864 5742 vox,
890 5682 1219 5746 Medittwris,a
1241 5685 1486 5750 plerisque
1507 5693 1609 5737 Mss.
1637 5695 1686 5737 et
1709 5690 1769 5740 ab
1795 5689 1936 5758 editis
1957 5699 2050 5742 Am.

583 5759 626 5797 r.
1289 5761 1296 5766 ·
1829 5777 1832 5779 λ

478 5759 532 5807 et
552 5759 626 5797 er.
1289 5761 1296 5766 ·
1829 5777 1832 5779 λ

1430 328 1516 384 DE
1555 326 1801 384 GENESI
1839 302 1946 376 At)?
1970 321 2059 373 ω’]

2166 321 2338 384 nAM,
2355 349 2358 352 ~
2373 324 2435 377 '8.
2477 321 2840 378 AUGUSTINI
3640 327 3762 388 ιη,

2375 431 2598 488 CAPUT
2639 433 2774 488 XVI.
2804 463 2874 475 -ο
2901 433 2978 487 De
3001 435 3184 490 eodem
3213 448 3530 508 arguuwuto.

2237 525 2323 583 9.8.
2360 525 2586 582 Proinde
2611 529 2697 597 qui
2727 531 2792 584 de
2814 529 3088 584 infantiuvn
3119 531 3389 585 mortibus
3411 534 3730 604 urgebantur,

2165 635 2258 674 cur
2283 619 2528 674 onn'iilius
2559 620 2623 673 sit
2657 622 3007 675 necessarium
3041 621 3303 691 iiaptismi
3340 637 3731 697 sacramentum,

2165 727 2388 781 quorum
2433 711 2623 765 anima:
2653 728 2756 766 non
2802 727 2869 766 ex
2906 713 2986 766 illa
3018 715 3196 767 ducta:
3229 719 3374 779 sunt,
3401 715 3549 782 cujus
3574 718 3734 774 inube—

2165 793 2360 857 dientia
2395 812 2698 872 peceatores
2721 805 2990 857 constituti
3019 814 3144 858 sunt
3169 805 3359 870 multi;
3391 818 3516 861 cum
3541 822 3736 877 respon-s

2165 891 2311 954 dent.
2343 905 2648 964 peccatores
2677 893 2890 964 quidem
2944 908 3135 948 omnes
3174 898 3432 950 constitui
3471 900 3734 954 secundum

2166 999 2408 1048 carnem,
2455 983 2743 1039 secundum
2774 984 3000 1036 animam
3035 999 3166 1038 vero
3198 985 3414 1037 nonnisi
3458 1000 3550 1038 eos
3577 991 3738 1054 quieo

2169 1085 2404 1145 tempore
2425 1073 2560 1128 tnale
2581 1076 2844 1139 vixerunt,
2867 1087 2970 1144 quo
2991 1084 3043 1128 et
3063 1073 3207 1128 bene
3226 1075 3550 1144 potuissent;
3573 1093 3740 1136 (nunc:

2166 1175 2341 1219 autem
2373 1166 2606 1231 aniinas,
2637 1166 2735 1220 hoc
2764 1174 2845 1220 est
2871 1175 2925 1218 et
2951 1165 3248 1227 infantum,
3279 1167 3404 1220 ideo
3435 1167 3627 1223 habere
3661 1187 3740 1224 ue-

2167 1258 2455 1313 eessarium
2501 1259 2755 1329 Baptisml
2799 1263 3232 1326 sacramentum,
3277 1260 3398 1314 sine
3436 1277 3544 1330 quo
3569 1262 3741 1320 exhac

2166 1348 2267 1402 vita
2301 1349 2458 1403 etiatn
2488 1350 2539 1403 in
2581 1349 2664 1402 illa
2694 1359 2850 1404 {etate
2890 1351 3153 1420 emigrare
3183 1366 3292 1406 non
3334 1352 3587 1422 expedit,
3632 1356 3740 1424 quia

2166 1440 2408 1508 contagio
2431 1440 2629 1508 peccati
2652 1455 2714 1494 ex
2739 1455 2900 1494 carne
2921 1442 3136 1508 peccati,
3163 1456 3272 1510 qua
3295 1443 3539 1497 obruitur
3558 1444 3752 1512 animo,

2165 1545 2282 1584 eum
2316 1530 2398 1583 his
2428 1531 2674 1584 inseritur
2713 1531 2994 1598 membris,
3029 1532 3208 1587 oberit
3244 1533 3297 1587 ei
3333 1543 3454 1603 post
3495 1543 3738 1602 mortem,

2165 1624 2264 1676 nisi
2295 1638 2415 1677 eum
2441 1622 2613 1678 adhuc
2637 1623 2690 1677 in
2723 1621 2834 1692 ipsa
2863 1639 3023 1678 carne
3047 1633 3151 1690 cst,
3180 1624 3534 1682 Sacramenta
3557 1626 3736 1682 Media-

2166 1703 2610 1781 turis'expietur;
2643 1713 2798 1782 eique
2832 1712 3084 1769 divinitus
3125 1715 3232 1769 hoc
3277 1717 3534 1770 auxilium
3566 1732 3737 1786 procu-

2167 1804 2290 1869 rari,
2315 1819 2470 1872 quam
2497 1803 2635 1858 Dens
2657 1806 2902 1872 Praisciit,
2925 1805 2971 1861 Si
2997 1821 3164 1876 usque
3184 1807 3254 1860 ad
3279 1821 3453 1867 annos
3482 1809 3601 1865 fidei
3625 1825 3738 1866 cou-

2164 1910 2324 1962 gruos
2351 1894 2438 1947 hic
2474 1894 2694 1959 viveret,
2726 1895 2808 1964 pie
2833 1897 2995 1951 fuisse
3026 1899 3290 1950 victuram
3309 1938 3326 1962 ,
3355 1881 3514 1969 quam
3545 1911 3737 1970 propter

2164 1984 2360 2055 aliquid
2382 1985 2524 2054 quod
2552 1986 2662 2055 ipse
2685 1987 2861 2052 novit,
2893 1995 2946 2041 et
2977 1988 3116 2041 nasci
3135 1989 3318 2054 voluit
3350 1991 3402 2044 in
3432 2007 3663 2061 corpore,
3687 2000 3750 2061 et,

2165 2078 2270 2132 cito
2307 2079 2539 2132 extraxit
2578 2094 2609 2132 e
2644 2093 2904 2147 corpore:
2935 2095 3052 2134 cum
3080 2095 3213 2150 ergo
3257 2082 3373 2137 lucc
3399 2083 3730 2154 reSpondent,

2165 2169 2288 2238 quid
2309 2169 2388 2224 eis
2411 2170 2700 2226 contradici
2727 2179 2916 2240 potest,
2945 2171 3044 2236 nisi
3071 2172 3308 2227 incertus
3338 2189 3437 2228 nos
3460 2190 3634 2229 eorum
3660 2190 3733 2248 sa-

2165 2259 2288 2314 lutis
2318 2261 2452 2325 fieri,
2480 2261 2567 2330 qui
2605 2261 2704 2315 hac
2735 2265 2839 2315 vita
2873 2262 3005 2326 bene
3035 2273 3218 2332 gesta,
3255 2263 3308 2318 in
3342 2264 3591 2319 Ecclesia:
3617 2281 3732 2336 pace

2165 2350 2398 2406 defuncti
2420 2360 2571 2417 sunt;
2595 2353 2637 2406 si
2661 2369 2764 2406 non
2784 2353 2954 2408 solum
2978 2355 3274 2410 secundum
3299 2355 3350 2410 id
3370 2357 3507 2426 quod
3529 2357 3730 2430 quisque

2164 2441 2328 2508 vixit,
2358 2457 2538 2496 verum
2566 2443 2725 2496 etiam
2751 2442 3038 2498 secundum
3071 2445 3120 2499 id
3151 2446 3294 2514 quod
3327 2448 3559 2514 victurus
3581 2456 3722 2510 esset,

2165 2532 2209 2585 si
2235 2533 2460 2600 amplius
2497 2533 2673 2592 vivere
2703 2535 2988 2602 potuisset,
3031 2537 3258 2606 quisque
3295 2537 3606 2604 jndicaodus
3627 2537 3727 2592 est?

2164 2624 2595 2693 quandoquidem
2638 2627 2811 2680 valent
2839 2615 2976 2695 apud
3013 2627 3180 2682 Deum
3226 2629 3417 2683 merita
3453 2631 3608 2692 mala,
3635 2644 3724 2703 non

2166 2726 2366 2771 tantum
2396 2721 2820 2788 prseteritorum,
2871 2720 2962 2774 sed
2993 2723 3293 2776 futurorum
3334 2724 3492 2794 etiam
3525 2717 3736 2798 deliciae

2166 2823 2312 2876 rum,
2343 2828 2369 2864 a
2406 2828 2628 2880 quorum
2658 2822 2806 2877 reatu
2835 2829 2934 2868 nec
2963 2829 3106 2878 mors
3134 2816 3358 2880 liberat,
3389 2819 3434 2872 si
3469 2807 3730 2889 antequam

2164 2902 2359 2960 fuerint
2378 2902 2658 2956 commissa
2683 2905 3020 2974 provenerit;
3049 2920 3146 2960 nec
3169 2907 3368 2975 aliquid
3388 2907 3436 2964 ei
3462 2908 3742 2979 pra-stilum

2164 3007 2276 3063 est,
2317 2998 2407 3066 qui
2440 3006 2619 3066 raptus
2670 3007 2752 3053 est
2793 3013 2859 3052 ne
2903 2998 3100 3064 malitia
3145 3008 3380 3070 mutaret
3426 2999 3719 3072 intellectum

2166 3089 2279 3156 ejus
2309 3087 2465 3157 (Sep.
2495 3103 2566 3154 tv,
2599 3088 2710 3158 il).
2741 3088 2880 3142 Deus
2917 3089 3057 3156 enim
3095 3091 3355 3158 prmscius
3383 3091 3520 3143 illius
3556 3089 3720 3144 futura:

2164 3178 2399 3242 malitia},
2428 3193 2522 3232 cur
2544 3194 2646 3232 non
2672 3194 2792 3232 eum
2828 3178 3117 3234 secundum
3150 3180 3324 3250 ipsam
3353 3181 3522 3256 potius
3543 3175 3721 3248 judica-

2165 3277 2314 3322 turus
2333 3277 2433 3333 est,
2463 3268 2506 3321 si
2530 3269 2798 3322 moritura:
2818 3269 3006 3322 anima:
3029 3268 3271 3334 infantis,
3299 3286 3367 3344 ne
3389 3269 3650 3324 obessetei
3669 3283 3724 3322 ex

2165 3373 2388 3427 corpore
2419 3359 2615 3428 peccati
2640 3359 2946 3434 participata
2974 3345 3258 3427 Colluvies,
3290 3347 3409 3427 ideo
3438 3359 3731 3414 subvenien-'

2165 3449 2287 3502 dum
2310 3447 2564 3517 judicavit
2594 3465 2688 3519 per
2713 3449 3059 3517 Baptismum,
3093 3451 3228 3520 quia
3251 3452 3509 3520 praescivit
3534 3466 3656 3516 eam,
3684 3447 3718 3501 si

2164 3543 2384 3606 viveret,
2412 3542 2494 3610 pie
2525 3542 2851 3612 fideliterque
2880 3544 3037 3596 fuisse
3065 3542 3366 3598 victuram?

2233 3631 2323 3687 29.
2350 3635 2428 3687 An
2455 3632 2571 3686 ideo
2599 3633 2771 3702 potius
2795 3634 2959 3688 refelli
2987 3635 3086 3688 hoc
3111 3635 3386 3690 inventum
3415 3643 3594 3706 potest,
3616 3631 3716 3701 quia

2163 3741 2339 3780 meum
2370 3734 2450 3779 est
2481 3743 2491 3777 :
2517 3725 2591 3779 illi
2618 3735 2792 3778 autem
2834 3726 2919 3795 qui
2951 3726 3016 3782 de
3059 3726 3158 3782 hac
3186 3729 3449 3784 sententia
3478 3717 3639 3782 certos
3669 3739 3716 3778 se

2164 3833 2283 3873 esse
2307 3816 2644 3883 confirmant,
2673 3817 2771 3872 alia
2805 3816 3024 3872 fortasse.
3046 3820 3328 3890 proferunt
3347 3820 3425 3874 vel
3446 3803 3731 3873 testimonia

2165 3908 2579 3985 Scripturarum,
2611 3910 2690 3963 vel
2721 3909 3034 3964 documenta
3063 3911 3329 3966 rationum
3350 3952 3366 3978 ,
3397 3912 3576 3982 quibus
3599 3908 3714 3961 hanc

2165 4001 2407 4056 auferant
2433 4002 2846 4070 ambiguitatem.
2880 4002 2959 4058 vel
2991 4012 3131 4072 certe
3161 4000 3464 4069 ostendant,
3494 4017 3590 4056 non
3614 4012 3726 4051 esse.

2166 4101 2349 4148 contra
2395 4092 2444 4146 id
2491 4091 2630 4162 quod
2660 4084 2891 4160 sentiunt
2913 4081 3053 4148 illud
3085 4087 3359 4163 Apostoli,
3388 4111 3488 4165 quo
3519 4090 3710 4163 gratiam

2164 4201 2265 4253 qua
2296 4184 2426 4237 salvi
2467 4184 2754 4248 efficimur,
2783 4201 2968 4252 magna
3005 4183 3298 4242 intentione
3345 4177 3719 4247 commendans,

2165 4276 2259 4343 ait,
2291 4274 2432 4330 Sicut
2462 4275 2513 4328 iu
2557 4275 2717 4327 Adam
2747 4291 2913 4328 omnes
2943 4278 3252 4342 moriuntur,
3288 4280 3353 4333 sic
3383 4290 3425 4332 et
3464 4278 3510 4330 in
3538 4271 3708 4331 Christo

2165 4383 2333 4420 omnes
2366 4366 2740 4436 viviﬁcabuntur
2769 4363 2949 4438 (lCor.
2974 4367 3162 4442 X\',2£’.)
3192 4387 3205 4436 ;
3240 4383 3293 4426 αι
3313 4414 3325 4434 ,
3354 4369 3492 4426 Sicut
3512 4384 3591 4438 per
3616 4366 3708 4417 ino-

2165 4441 2462 4513 bedicntiam
2485 4459 2630 4512 unius
2653 4455 2865 4512 hominis
2887 4470 3168 4531 peccarores
3195 4462 3447 4516 constituti
3468 4468 3574 4530 sunt
3597 4454 3707 4508 mul-

2163 4554 2228 4616 ti,
2252 4554 2321 4605 sic
2351 4569 2439 4622 per
2470 4550 2795 4605 obedientiam
2823 4555 2969 4606 auius
2996 4555 3207 4607 hominis
3225 4555 3358 4625 justi
3383 4552 3705 4607 constituentur

2165 4647 2308 4700 multi
2330 4663 2348 4712 ;
2371 4646 2691 4716 eosdemque
2718 4646 2908 4700 multos
2935 4655 3260 4715 peccatores,
3294 4663 3396 4702 non
3423 4638 3701 4715 quibusdam

2162 4738 2431 4807 exceptis,
2463 4736 2553 4792 sed
2595 4753 2779 4791 omnes
2819 4735 3037 4808 intelligi
3068 4739 3278 4806 volens,
3303 4737 3534 4807 superius
3561 4731 3624 4784 ait
3647 4727 3703 4780 de

2165 4829 2330 4883 Adam
2349 4825 2369 4893 ’,
2394 4823 2458 4882 1η
2497 4846 2593 4899 quo
2637 4847 2806 4884 omnes
2836 4839 3161 4900 peccaverunt
3185 4829 3353 4903 (Rom.
3385 4845 3412 4882 v
3437 4871 3449 4895 ,
3475 4826 3559 4889 il),
3583 4819 3660 4888 12)
3686 4833 3698 4869 1

2161 4921 2301 4977 unde
2331 4923 2508 4991 utique
2538 4923 2792 4977 infantum
2833 4923 3033 4977 animas
3063 4940 3169 4979 non
3215 4935 3370 4996 posse
3411 4917 3627 4975 secerni.
3655 4913 3700 4965 et

2160 5031 2225 5069 eo
2247 5009 2387 5086 quod
2419 4999 2613 5067 dictum
2642 5023 2742 5079 est,
2775 5029 2963 5081 omnes,
2985 5025 3124 5070 eteo
3153 5015 3288 5087 quod
3317 5016 3392 5070 eis
3412 5026 3500 5083 per
3524 5003 3699 5074 B:iptiS-‘

2160 5122 2303 5159 nium
2326 5095 2658 5168 subvenitur,
2684 5121 2787 5161 non
2815 5105 3041 5162 absurde
3068 5107 3306 5173 credunt,
3334 5109 3416 5176 qui
3442 5102 3624 5184 animas
3642 5105 3696 5147 εἰ

2161 5189 2316 5269 unius
2349 5195 2559 5270 traduCC
2590 5200 2820 5267 sapiunt,
2850 5199 2947 5253 nisi
2975 5197 3147 5270 aliqua
3170 5198 3437 5255 manifesta
3460 5204 3504 5251 et
3519 5185 3693 5258 ἰἱιιιύάα

2160 5289 2242 5343 vel
2265 5288 2486 5356 ratione,
2503 5304 2618 5358 flllll':
2635 5287 2746 5344 Scri
2755 5291 2919 5360 pturis
2931 5287 3126 5345 sanctis
3144 5307 3246 5347 oon
3265 5294 3523 5366 repugnet,
3538 5277 3611 5334 vel
3627 5285 3694 5366 ea:

2159 5397 2276 5435 rum
2304 5377 2532 5450 ipsarum
2563 5379 2951 5453 Scripturarum
2981 5367 3296 5437 auctoritate,
3315 5361 3695 5450 redat'gtlailluri

2159 5455 2384 5526 CAPUT
2424 5467 2585 5526 xvn.
2615 5503 2684 5512 -
2714 5469 3070 5527 Testimonium
3100 5489 3165 5528 ea:
3196 5475 3320 5529 libro
3363 5461 3616 5537 Βαρίεηείω
3647 5453 3694 5506 in

2169 5557 2178 5559 λλ
2563 5571 2825 5631 utramque
2852 5575 3042 5638 partem
3069 5571 3326 5620 tractatur.
3559 5638 3570 5646 ι
3623 5638 3630 5646 Ω

2232 5649 2319 5709 30.
2363 5651 2475 5709 iam
2507 5656 2683 5726 itaque
2713 5651 3004 5722 videamus,
3032 5664 3285 5736 quantum
3320 5638 3687 5736 susceptl‘huii":

2163 5748 2341 5818 operis
2366 5717 2650 5824 necessitas
2678 5749 2898 5819 patitur,
2927 5717 3079 5820 quale
3121 5729 3281 5806 etiam
3311 5740 3428 5802 illud
3453 5739 3542 5805 sit,
3570 5717 3688 5802 iiii"d
