3902 6310
122 320 209 378 ιει

120 415 270 512 paulo
297 446 425 489 ante
450 430 768 486 distulimus.
788 426 1061 496 Scriptum
1092 430 1173 478 est
1197 420 1339 477 enim
1370 418 1422 474 in
1451 418 1585 473 libro
1609 418 1705 473 Sa-

122 530 327 603 pientia:
360 545 373 578 :
404 522 538 577 Puer
568 535 733 575 autem
763 537 898 574 eram
925 516 1232 589 ingeniosus,
1265 522 1313 568 et
1355 513 1560 566 sortitus
1597 524 1708 563 sum

118 626 335 677 animum
381 622 602 682 bonam;
647 627 833 669 etcum
879 630 1033 667 essent
1078 609 1237 681 magis
1278 608 1454 671 bonus,
1490 606 1600 659 veni
1640 605 1707 658 ad

118 732 292 786 corpus
334 711 764 783 ineoinqninatnin
791 708 808 778 (
832 707 959 777 Sap.
984 721 1073 759 vm
1096 747 1109 769 ,
1132 699 1305 768 19,20
1400 700 1530 755 Cum
1560 695 1703 752 enim

66 822 73 859 κ
117 808 352 873 videatur
386 804 503 859 illos
532 802 783 871 adjuvare
818 798 919 852 hoc
959 792 1353 856 testimonium,
1386 789 1474 860 qui
1502 806 1604 843 non
1638 792 1703 843 ei:

118 891 421 972 pirentihns
442 897 632 955 creari,
653 892 744 944 sed
768 892 948 942 venire
970 887 1034 940 ad
1056 899 1248 955 corpus
1271 883 1350 937 vel
1374 880 1703 937 descendere

119 971 218 1048 beo
248 992 495 1042 mittente
525 982 729 1037 animas
758 980 976 1041 dicunt;
1004 992 1189 1031 rursus
1218 976 1317 1029 hoc
1360 971 1577 1043 impedit
1603 987 1698 1026 eo-

116 1102 219 1139 rum
239 1079 587 1141 sententiam,
604 1072 743 1145 quod
764 1072 856 1138 ait,
879 1070 1101 1126 Sortitus
1120 1085 1230 1122 sum
1252 1068 1469 1120 intimam
1485 1063 1698 1117 bonum:

116 1191 221 1227 eum
254 1168 443 1241 procul
476 1166 635 1220 dubio
666 1163 747 1218 vel
776 1178 842 1218 ex
870 1177 971 1216 uno
1014 1160 1154 1214 fonte
1196 1171 1409 1211 manare
1438 1154 1695 1225 quodam-

118 1266 262 1321 inodo
302 1274 557 1333 tanquam
598 1258 828 1322 rivulos,
859 1255 939 1309 vel
977 1254 1089 1324 p-iri
1118 1261 1300 1306 natura
1338 1249 1451 1304 lleri
1493 1248 1697 1303 animas

115 1340 343 1420 eredant,
371 1370 506 1425 quas
534 1354 672 1407 Deus
693 1348 851 1404 mittit
871 1347 921 1405 in
949 1360 1207 1414 corpora;
1235 1356 1339 1396 non
1364 1350 1539 1395 autem
1567 1338 1696 1393 alias

114 1454 267 1515 bonas
298 1447 381 1501 vel
417 1445 584 1515 magis
612 1443 807 1507 bonas,
844 1447 895 1493 et
922 1437 1052 1491 alias
1082 1451 1186 1489 non
1219 1434 1386 1487 bonas
1412 1431 1495 1485 vel
1523 1428 1695 1483 minus

114 1537 285 1601 bonas.
315 1540 471 1597 Unde
499 1539 640 1593 enim
670 1536 822 1589 bon:e
843 1539 933 1587 aut
958 1530 1125 1599 magis
1160 1527 1330 1589 home,
1351 1539 1441 1578 seu
1469 1538 1573 1576 non
1602 1522 1697 1576 ho-

116 1656 185 1695 nte
211 1644 301 1691 aut
326 1636 508 1698 minus
535 1632 687 1686 honre
715 1626 905 1681 anima:
932 1667 943 1690 ,
979 1622 1079 1677 nisi
1114 1619 1194 1675 vel
1236 1618 1477 1673 moribus
1498 1630 1693 1670 secun-

114 1732 225 1785 dum
255 1704 485 1783 liberum
509 1719 791 1777 voluntatis
820 1712 1216 1779 arbitrium,vel
1244 1708 1539 1765 differentia
1562 1715 1695 1761 lClll-

114 1812 363 1893 peratum:
409 1814 724 1886 Corporum,
766 1808 891 1864 dum
946 1806 1062 1859 alia:
1110 1803 1311 1873 magis,
1362 1799 1478 1854 alia:
1519 1797 1693 1852 minus

112 1889 384 1987 gravantur
404 1922 634 1977 corpore
653 1948 667 1971 ,
691 1901 830 1974 quod
854 1897 1208 1967 corrumpitur
1230 1905 1280 1950 et
1303 1901 1553 1963 aggravat
1578 1889 1693 1945 ani-

114 1985 239 2064 uiam
265 2006 377 2079 (Id.
407 2019 488 2071 ix,
514 2002 599 2069 15)
626 1999 647 2052 ?
675 1996 780 2053 Sed
811 2009 983 2064 neque
1008 1993 1146 2046 actio
1173 1995 1285 2044 erat
1312 1989 1483 2056 aliqua
1515 1985 1692 2054 singu-

114 2088 263 2157 larum
306 2111 641 2169 quarumque
679 2084 971 2144 animarum
990 2128 1003 2151 ,
1026 2099 1138 2155 qua
1167 2096 1349 2138 earum
1378 2093 1553 2134 mores
1580 2079 1690 2132 dis-

113 2202 442 2259 cernerentur
463 2231 479 2257 ,
509 2197 792 2255 antequam
824 2181 1065 2234 venirent
1114 2176 1179 2230 ad
1206 2188 1461 2243 corpora;
1497 2186 1595 2225 nec
1624 2184 1690 2225 ex

112 2303 313 2358 corpore
338 2285 521 2339 minus
552 2266 803 2352 gravante
832 2276 1001 2345 putuit
1020 2274 1120 2327 iste
1146 2270 1320 2323 dicere
1349 2268 1577 2321 animam
1603 2281 1690 2319 su-

112 2398 184 2437 am
212 2381 399 2435 bonam
422 2418 440 2444 ,
474 2374 563 2446 qui
600 2374 706 2438 ait,
742 2371 963 2424 Sortitus
992 2382 1103 2420 sum
1138 2364 1359 2416 animam
1400 2362 1617 2423 bonam;
1644 2367 1689 2412 et

114 2454 210 2527 eum
231 2450 385 2526 essem
415 2468 579 2538 magis
605 2466 782 2529 bonus,
810 2461 917 2515 veni
935 2459 1004 2523 ad
1025 2473 1207 2527 corpus
1234 2452 1684 2522 incoinquinalnm.

114 2541 395 2621 ~Accessisse
420 2562 566 2616 enim
590 2558 722 2612 dixit
743 2552 960 2609 bonitati
991 2566 1091 2620 qua
1116 2548 1287 2602 bonus
1310 2555 1442 2607 erat,
1468 2543 1687 2598 sortitus

113 2662 329 2715 videlicet
360 2634 818 2711 animam-bonam
838 2689 851 2711 ,
887 2646 1125 2699 utetiam
1156 2641 1220 2696 ad
1252 2654 1448 2708 corpus
1474 2637 1683 2691 incoin-

110 2753 358 2823 quiuatum
391 2746 621 2801 veniret.
664 2737 888 2795 Aliunde
925 2751 1051 2806 ergo
1079 2735 1249 2788 bonus
1275 2740 1557 2799 antequam
1592 2743 1683 2781 ve—

112 2819 227 2898 niret
249 2842 310 2895 ad
339 2851 543 2907 corpus
573 2853 583 2887 :
614 2832 706 2888 scd
750 2831 928 2899 utique
970 2842 1076 2882 non
1115 2819 1412 2879 dillerentia
1453 2833 1681 2883 morum,

110 2936 212 3007 quia
232 2936 433 2988 nullum
459 2938 610 2983 antea
636 2926 754 2978 vitae
773 2930 935 2991 gestae
958 2918 1202 2972 meritum
1227 2932 1238 2978 ;
1262 2930 1365 2967 non
1388 2908 1684 2967 dillereutia

111 3002 354 3097 corporis,
389 3022 519 3092 quia
550 3018 694 3089 prius
734 3015 901 3069 bonus
941 3004 1100 3082 qnam
1131 3006 1336 3062 veniret
1372 3002 1438 3059 ad
1468 3017 1681 3073 corpus.

111 3119 241 3175 Unde
272 3119 431 3188 igitur
454 3115 476 3166 '3

169 3215 244 3269 5|.
270 3212 383 3265 Huc
408 3215 590 3261 autem
615 3202 716 3256 illis
737 3199 825 3270 qui
847 3213 909 3252 ex
936 3194 1147 3250 traduce
1169 3192 1357 3245 animm
1387 3188 1525 3244 illius
1548 3203 1683 3257 pra:-

110 3278 412 3367 varicatricis
444 3300 648 3352 animas
694 3292 862 3347 creari
901 3296 1142 3342 asserunt
1168 3328 1181 3352 ,
1210 3282 1452 3355 quamvis
1480 3298 1577 3352 pro
1605 3279 1682 3335 eis

112 3412 274 3452 sonare
300 3411 406 3449 non
436 3390 695 3451 videatur,
720 3382 857 3454 quod
886 3382 1080 3434 dictqu
1105 3386 1203 3437 est.
1231 3374 1353 3429 Veni
1378 3374 1444 3426 ad
1477 3389 1686 3442 corpus,

111 3498 261 3544 tamen
292 3489 342 3542 in
382 3483 603 3540 czeteris
646 3494 750 3533 non
788 3478 1074 3544 incongrue
1123 3479 1430 3538 coaptatur;
1466 3476 1520 3521 ut
1560 3482 1678 3521 cum

111 3558 322 3649 dixisset,
355 3577 499 3631 Puer
539 3582 702 3626 autem
738 3585 871 3624 erant
900 3564 1221 3641 ingeniosus,
1254 3560 1479 3630 idipsum
1511 3557 1681 3628 expli-

111 3688 216 3727 rans
237 3672 429 3742 quibus
457 3665 631 3720 causis
660 3660 964 3730 ingeniosus
991 3664 1153 3719 esset,
1183 3653 1435 3707 continuo
1461 3650 1679 3719 subjun-

109 3762 361 3831 geret,1£t
411 3758 618 3812 sortitus
659 3769 770 3806 sunt
814 3766 1033 3804 annnam
1077 3746 1286 3811 bonum,
1320 3743 1561 3797 videlicet
1613 3757 1678 3795 ex

110 3866 302 3923 paterno
333 3851 551 3922 ingenio
582 3846 660 3899 vel
692 3842 953 3910 corporali
985 3846 1422 3909 temperamento.
1455 3832 1674 3897 Deinde,

110 3946 212 3997 Cum
234 3961 384 3999 essent
409 3982 424 4005 ,
452 3940 638 4007 inquit,
670 3937 828 4005 magis
855 3934 1029 3995 bonus,
1050 3930 1159 3983 veni
1186 3930 1250 3980 ad
1278 3943 1456 3998 corpus
1484 3925 1676 3978 incoin-

109 4037 343 4104 quiuatuin
373 4052 391 4088 :
424 4018 565 4102 qntnl
624 4029 667 4083 si
721 4035 1018 4080 maternum
1066 4022 1418 4090 intelligatur,
1468 4034 1534 4072 ne
1577 4021 1676 4073 hoc

109 4127 294 4194 quidem
337 4123 482 4197 quod
523 4123 717 4175 dictum
765 4125 875 4183 est,
921 4114 1039 4168 Veni
1070 4114 1135 4165 ad
1166 4128 1343 4181 corpus
1364 4152 1378 4177 ,
1411 4108 1530 4162 huic
1557 4107 1673 4178 opi-

111 4220 229 4273 Uiotti
254 4214 638 4286 teli-agabitur,
662 4227 779 4265 cum
810 4224 872 4263 ex
905 4210 1074 4261 anima
1107 4214 1159 4259 et
1197 4218 1417 4272 corpore
1455 4207 1674 4271 paterno

112 4312 288 4365 venisse
331 4309 401 4364 ad
450 4318 744 4361 maternum
776 4315 967 4369 corpus
1010 4297 1265 4365 accipitur
1306 4292 1668 4363 incoinquina-

111 4412 225 4470 tum,
252 4404 490 4459 videlicet
526 4399 603 4453 vel
636 4414 664 4451 a
692 4409 879 4450 cruore
908 4401 1212 4453 menstruo;
1246 4389 1492 4442 dicuntur
1529 4386 1671 4440 cnim

112 4510 163 4547 ex
192 4498 280 4550 hec
307 4493 516 4565 ingenia
543 4489 747 4561 gravari
772 4504 784 4551 ;
817 4486 902 4539 vel
929 4500 957 4537 a
988 4480 1437 4537 contaminatiOne
1464 4477 1670 4532 adulte-

112 4587 226 4644 rina.
260 4586 332 4641 ita
371 4597 428 4641 ct
476 4584 591 4639 h;ec
622 4581 781 4637 verba
813 4577 932 4632 libri
962 4575 1117 4645 hujus
1147 4584 1236 4626 aut
1280 4572 1445 4642 magis
1486 4571 1562 4624 eis
1591 4569 1668 4622 fa-

113 4688 239 4743 vent,
265 4680 350 4750 qui
383 4677 684 4731 animarum
730 4669 999 4725 traducem
1045 4666 1365 4735 loquuntur;
1404 4670 1493 4716 aut
1534 4661 1577 4715 si
1618 4668 1672 4715 et

86 4770 183 4822 isti
219 4787 275 4824 ea
323 4777 545 4841 possunt
586 4780 680 4836 pro
722 4778 779 4818 se
828 4756 1190 4830 interpretari,
1235 4756 1372 4809 inter
1419 4762 1670 4825 utrosque

112 4860 367 4918 alternaut.

113 4949 307 5010 CAPUT
338 4949 697 5009 XVlll.—De
726 4948 893 5001 anima
911 4944 1093 5000 Christi
1117 4959 1133 4997 :
1161 4960 1224 4996 an
1252 4940 1404 5013 possit
1427 4943 1478 4994 in
1505 4940 1667 5010 ipsum

170 5048 415 5099 conuenire
440 5041 589 5106 illud,
609 5042 745 5096 Puer
770 5047 945 5094 autem
982 5038 1283 5107 ingeniosus
1304 5050 1471 5101 cram,
1500 5044 1591 5087 etc.

171 5134 246 5189 δὲ.
284 5137 411 5205 Qua:
454 5137 498 5190 si
529 5134 597 5188 tle
626 5132 846 5187 Domino
876 5128 1163 5185 secundum
1196 5126 1513 5192 humanam,
1550 5141 1667 5195 qua:

114 5239 137 5277 τι
164 5226 323 5283 Verbo
360 5233 629 5295 assumpta
654 5236 751 5283 .est
775 5264 788 5289 ,
819 5230 1113 5277 creaturam
1149 5220 1369 5275 velimus
1404 5218 1664 5287 accipere,

1468 308 1669 363 LIBER
1709 307 2020 367 DECIMUS.

1820 422 2023 477 alienus
2052 435 2133 479 est
2157 426 2384 499 Virginis
2415 441 2596 501 partus
2614 478 2629 503 ,
2659 459 2815 505 quam
2843 462 2948 507 non
2976 463 3040 505 ex
3063 451 3266 507 semine
3293 422 3399 513 .vir‘i

1816 529 2026 568 carnem
2051 520 2358 589 concepisse
2379 524 2600 589 Christi,
2624 527 2796 582 nullus
2815 531 3034 603 amhigit
3058 542 3396 604 Christianus,

1813 605 1919 662 Sed
1945 608 2064 679 quia
2091 612 2243 667 estin
2277 616 2519 683 Psalmis,
2545 620 2628 673 ubi
2653 622 2746 689 ait,
2772 620 3034 680 Fuderunt
3056 648 3233 689 manus
3263 651 3398 692 meas

1808 708 1858 787 et
1887 702 2053 771 pedes,
2077 702 2512 764 dinumeraverunt
2538 713 2705 765 omnia
2722 732 2834 768 ossa
2856 734 2965 771 mea
2980 740 2997 783 ;
3020 720 3119 787 ipsi
3144 740 3254 777 t'ero
3278 742 3399 779 con-

1811 794 2155 850 sideracerunt
2182 808 2227 852 et
2265 814 2631 870 conspexerunt
2666 823 2783 861 me:
2808 804 3083 865 diviserunt
3115 814 3208 867 sibi
3249 798 3396 870 rele

1809 890 2122 979 mentumea,
2153 898 2199 944 et
2224 908 2374 961 super
2401 905 2579 948 restem
2605 914 2764 951 meum
2787 902 3025 956 miserunt
3050 916 3254 974 sortem,
3279 927 3396 979 quae

1808 978 2020 1047 proprie
2050 979 2122 1033 illi
2151 981 2241 1035 uni
2268 982 2592 1053 congruunt;
2622 989 2689 1043 ibi
2713 984 2870 1044 etiam
2896 973 3057 1060 digii,
3077 980 3241 1063 De";
3264 973 3394 1057 De!“

1809 1084 1967 1161 tuens,
1997 1072 2188 1139 respice
2214 1072 2265 1126 in
2286 1072 2381 1140 me,
2406 1076 2582 1145 utquid
2611 1096 2689 1132 me
2712 1081 3060 1153 dereliquisti?
3087 1088 3234 1161 longe
3257 1110 3290 1144 a
3310 1111 3394 1147 sa-

1806 1158 1907 1212 lute
1938 1178 2045 1215 mea
2072 1162 2216 1217 verba
2258 1164 2549 1222 delictorum
2586 1187 2808 1226 meorum
2848 1170 3015 1243 (Psal.
3044 1172 3134 1233 XXI
3156 1158 3391 1251 ,717,18,

1804 1251 1893 1333 19,
1922 1253 2000 1346 2),
2029 1272 2146 1326 quin
2174 1274 2357 1315 rursus
2382 1261 2429 1315 ei
2459 1278 2560 1315 non
2589 1267 2908 1321 conveniunt
2930 1309 2945 1333 ,
2978 1271 3076 1324 nisi
3109 1270 3391 1346 transﬁgit?

1804 1346 1939 1401 ranti
1974 1345 2024 1401 in
2056 1365 2113 1403 se
2143 1366 2335 1421 corpus
2364 1352 2675 1409 humilitatis
2707 1368 2927 1427 nostrai,
2955 1364 3200 1431 quoniam
3228 1345 3392 1421 mem-

1801 1434 1893 1491 bra
1941 1453 2121 1493 sumus
2158 1446 2396 1511 corporis
2437 1445 2551 1515 ejus
2576 1464 2587 1497 :
2612 1458 2663 1501 et
2691 1452 2807 1517 quia
2842 1451 2890 1504 in
2930 1452 3043 1523 ipso
3084 1454 3388 1527 Evangelio,
3428 1482 3445 1493 -

1802 1544 1924 1629 puer
1952 1532 2238 1600 proﬁciebat
2265 1546 2442 1602 (etate,
2473 1548 2518 1591 et
2547 1541 2793 1611 sapientia
2819 1560 2835 1596 :
2862 1546 2903 1597 si
2937 1561 3152 1615 possunt.
3185 1551 3199 1582 ¹
3228 1552 3388 1609 etiam

1801 1624 1897 1713 ista
1920 1661 1932 1683 ,
1964 1637 2081 1691 qute
2107 1624 2304 1677 Circum
2335 1624 2471 1681 hanc
2498 1634 2811 1686 sententiam
2845 1636 2896 1688 in
2938 1636 3071 1692 libro
3107 1639 3391 1713 Sapientia:

1799 1702 2064 1779 leguntur,
2094 1726 2311 1783 propter
2337 1716 2586 1773 humilem
2620 1721 2842 1777 formam
2888 1728 3024 1781 servi
3055 1742 3106 1783 et
3136 1702 3386 1793 unitatem

1800 1802 2039 1870 corporis
2071 1803 2322 1860 ECClCSlLC
2350 1824 2467 1862 cum
2499 1814 2668 1880 capite
2696 1830 2809 1881 suo,
2842 1817 3013 1872 eidem
3046 1819 3142 1890 ipsi
3169 1824 3390 1884 Domino

1798 1892 2072 1960 cooptari;
2103 1896 2225 1963 quid
2258 1895 2578 1967 ingeniosius
2619 1902 2707 1955 illo
2736 1919 2900 1972 puero
2927 1950 2938 1972 ,
2970 1911 3118 1977 cujus
3150 1914 3197 1965 in
3234 1919 3387 1972 annis

1798 1981 2075 2038 duodecim
2115 1987 2352 2043 seniores
2377 1992 2687 2059 sapientiam
2712 1980 3200 2071 mirabantur-(an.
3223 2024 3276 2071 ιι,
3296 2010 3391 2064 4'2:-

1797 2072 1933 2143 52)?
1971 2084 2024 2130 et
2052 2077 2175 2148 quid
2206 2079 2290 2133 illa
2318 2083 2495 2137 anima
2521 2086 2728 2154 melius,
2762 2107 2895 2159 qum,
2928 2095 3131 2150 etiamsi
3175 2100 3385 2159 vincant

1798 2182 1900 2221 non
1930 2171 2205 2235 certando,
2234 2171 2326 2226 sed
2356 2175 2647 2244 probando,
2679 2181 2765 2249 qui
2790 2183 3083 2240 animarum
3117 2158 3386 2251 traducem

1795 2260 2081 2329 afﬁrmant,
2113 2271 2216 2319 non
2248 2268 2350 2320 erit
2379 2283 2713 2340 consequens
2743 2284 2797 2327 ut
2823 2276 2979 2330 etiam
3012 2281 3118 2349 ipsa
3151 2300 3212 2337 ex
3245 2287 3387 2345 illius

1796 2358 2215 2448 prmvaricatoris
2255 2360 2473 2417 traduce
2500 2365 2710 2421 venisse
2758 2369 3019 2425 credenda
3063 2354 3167 2437 sit;
3200 2395 3262 2431 ne
3295 2397 3389 2448 per

1794 2447 1932 2501 illius
1963 2446 2191 2504 hominis
2224 2450 2635 2509 iuobedientiam
2667 2458 2822 2511 etiam
2852 2461 2959 2529 ipse
2988 2477 3231 2532 peccator
3260 2446 3388 2526 con-

1794 2539 2043 2595 stituatur
2066 2584 2079 2607 ,
2108 2557 2204 2611 per
2233 2544 2383 2613 cujus
2422 2546 2575 2601 unius
2603 2549 2954 2609 obedientiam
2993 2556 3057 2609 ab
3100 2558 3187 2613 illo
3228 2541 3375 2621 reatu

1794 2628 2022 2695 liberati,
2049 2633 2179 2703 justi
2208 2635 2601 2692 constituuntur
2623 2642 2769 2694 multi
2793 2645 2814 2693 ’ἐ
2846 2652 2897 2697 et
2929 2647 3051 2713 quid
3087 2650 3384 2723 lllt,‘0lttt]lll-

1794 2723 1968 2778 nntius
1996 2723 2083 2778 illo
2124 2733 2274 2781 utero
2306 2727 2554 2799 Virginis,
2582 2732 2729 2801 cujus
2759 2750 2881 2789 caro
2912 2737 3117 2793 etiamsi
3158 2744 3223 2796 de
3256 2762 3378 2813 pec-

1792 2815 1895 2869 cati
1937 2819 2225 2923 prppagine
2256 2822 2419 2887 venit,
2446 2840 2546 2876 non
2578 2833 2751 2880 tamen
2778 2828 2843 2882 de
2868 2833 3067 2897 peccati
3095 2839 3380 2907 propagine

1792 2914 2072 2981 concepit;
2104 2922 2160 2966 ut
2192 2930 2257 2968 ne
2287 2914 2457 2984 ipsum
2488 2917 2700 2986 quidem
2737 2935 2929 2990 corpus
2972 2924 3163 2978 Christi
3208 2945 3267 2981 ca
3300 2930 3381 2988 lex

1792 3002 1989 3056 severit
2014 3002 2067 3056 in
2093 3011 2245 3059 utero
2268 3003 2463 3071 Mariae,
2494 3023 2613 3078 qua:
2642 3009 2692 3061 in
2717 3013 2967 3066 membris
2996 3016 3163 3081 posita
3190 3034 3382 3087 torpo-

1793 3094 1868 3149 ris
1897 3094 2103 3163 mortis,
2131 3108 2385 3167 repugnat
2411 3100 2513 3169 legi
2554 3102 2787 3155 mentis?
2816 3094 3164 3173 quarumnam
3206 3120 3382 3180 patres

1790 3188 2053 3259 cenjugati
2083 3190 2432 3259 refrenantes,
2460 3209 2560 3247 non
2582 3194 2793 3265 quidem
2823 3198 2919 3250 nisi
2943 3204 3215 3272 quomque
3248 3204 3376 3259 lim-

1790 3278 1878 3334 hat
1900 3282 1949 3333 iu
1977 3284 2312 3337 concubitum
2337 3284 2668 3351 relaxat-unt;
2696 3303 2792 3341 nec
2815 3292 2987 3344 tamen
3014 3296 3380 3351 tantummodo

1788 3388 2062 3443 quousque
2083 3374 2294 3440 licebat,
2319 3392 2433 3444 ejus
2473 3380 2725 3448 impetum
2764 3384 3112 3450 pertulerunt.
3148 3386 3377 3445 Proinde

1788 3480 1979 3534 corpus
2009 3465 2206 3520 Christi
2236 3468 2477 3536 quamvis
2504 3485 2567 3524 ex
2597 3487 2756 3525 carne
2795 3471 3004 3528 Γυιιιίιιω
3044 3484 3371 3546 assumptum

1787 3565 1887 3623 est,
1911 3572 2028 3627 qum
2054 3556 2120 3612 de
2144 3556 2227 3611 illa
2252 3560 2426 3612 carnis
2448 3561 2645 3629 peccati
2678 3564 2961 3632 propagine
2985 3572 3235 3634 conci-pta
3263 3568 3375 3622 fue-

1788 3660 1888 3717 rat,
1914 3659 2087 3705 Lamen
2109 3652 2229 3721 quia
2258 3668 2359 3705 non
2383 3653 2459 3705 sie
2482 3654 2529 3704 in
2556 3670 2613 3706 ea
2638 3663 2952 3724 cmceptum
2975 3668 3076 3721 est,
3101 3661 3369 3727 quomodo

1785 3740 1956 3796 fuerat
1987 3743 2072 3796 illa
2094 3752 2369 3812 concepta,
2392 3760 2490 3797 nec
2517 3744 2628 3813 ipsa
2653 3754 2763 3799 erat
2784 3762 2908 3800 caro
2931 3749 3148 3815 peccati,
3177 3750 3267 3803 sed
3294 3750 3371 3805 si-

1785 3835 2026 3891 militudo
2046 3836 2220 3890 carnis
2238 3837 2459 3907 peccati.
2486 3835 2600 3891 Non
2631 3842 2769 3892 enim
2793 3839 2991 3909 accepit
3020 3840 3138 3895 inde
3166 3849 3369 3899 reatum

1784 3927 2065 3992 moriendi,
2095 3928 2183 3999 qui
2212 3936 2433 3999 apparet
2457 3929 2508 3982 in
2538 3940 2680 3982 motu
2712 3930 2888 3985 carnis
2920 3949 3021 3985 non
3050 3932 3371 4001 voluntario,

1783 4021 2023 4092 quamvis
2046 4022 2316 4076 voluntate
2347 4022 2670 4092 superando,
2695 4023 2949 4078 adversus
2971 4042 3126 4094 quem
3155 4018 3370 4095 spiritus

1783 4112 2107 4182 concupiscit
2138 4108 2329 4184 (Galat.
2354 4130 2406 4177 ν,
2434 4111 2520 4186 l7)
2547 4131 2558 4166 :
2584 4114 2675 4168 sed
2705 4115 2906 4185 accepit
2936 4114 3077 4177 inde,
3097 4134 3199 4171 non
3228 4117 3371 4187 quod

1783 4204 2082 4274 contagioni
2110 4204 2559 4273 prmvaricationis
2579 4248 2592 4271 ,
2628 4203 2719 4259 sed
2750 4204 2888 4274 quod
2918 4205 3255 4260 exsolvendze
3294 4206 3371 4262 in-

1783 4295 1974 4350 debitae
2006 4294 2199 4363 morti,
2231 4305 2284 4350 et
2313 4294 2652 4350 ostendendm
2688 4296 2959 4364 promisse
2993 4299 3370 4355 resurrectioni

1781 4390 2050 4446 Sufficeret
2073 4406 2086 4455 ;
2119 4405 2343 4458 quorum
2370 4406 2529 4443 unum
2552 4387 2706 4443 nobis
2725 4388 2789 4441 ad
2818 4406 2919 4442 non
2952 4388 3263 4456 timendum,
3290 4390 3371 4445 al-

1780 4495 1952 4540 terum
1990 4484 2057 4538 ad
2086 4483 2402 4552 sperandum
2430 4482 2645 4537 valeret.
3108 4470 3111 4477 ⁴

1851 4579 1941 4633 55.
1986 4577 2217 4645 Denique
2244 4575 2289 4631 si
2317 4590 2347 4629 ει
2377 4590 2462 4630 me
2494 4582 2760 4644 quaeratur
2787 4572 2926 4628 unde
2953 4574 3216 4644 acceperit
3249 4592 3365 4631 am-

1780 4687 1922 4751 mam
1949 4670 2104 4726 Jesus
2129 4654 2393 4735 Christus,
2415 4667 2625 4722 mallem
2658 4667 2867 4737 quidem
2900 4650 3021 4721 hinc
3047 4667 3230 4722 audire
3253 4685 3368 4724 me-

1778 4766 1941 4822 liores
1970 4776 2129 4835 atque
2154 4763 2456 4820 doctiores:
2505 4761 2598 4817 sed
2628 4770 2804 4815 tamen
2834 4773 2931 4830 pro
2963 4776 3081 4816 meo
3111 4770 3263 4832 eaptu
3294 4763 3359 4816 li-

1714 4868 1717 4869 ⁷
1776 4858 1986 4933 beatius
2006 4854 2401 4937 responderim,
2432 4852 2572 4908 unde
2602 4853 2767 4907 Adam
2799 4854 2819 4883 ¹
2841 4894 2855 4917 ,
2887 4868 3041 4921 quam
3074 4850 3140 4907 de
3174 4854 3363 4907 Adam.

1775 4952 1829 5008 Si
1860 4951 1999 5007 enim
2030 4949 2197 5019 pulvis
2226 4956 2528 5017 assumptus
2552 4963 2615 5003 ex
2649 4956 2809 5008 terra,
2842 4946 2890 4999 in
2921 4964 3021 5017 qua
3049 4946 3223 5000 nullus
3264 4946 3360 5007 hoe

1714 5044 1723 5100 ί
1776 5044 1974 5121 minam
2021 5040 2193 5121 fuerat
2234 5050 2516 5110 operatus,
2562 5039 2755 5093 meruit
2796 5037 3051 5092 divinitus
3093 5036 3357 5103 animari;

1722 5172 1725 5175 ν
1775 5120 1971 5209 quanto
1998 5120 2167 5204 magis
2195 5147 2388 5204 corpus
2415 5140 2742 5200 assumptum
2770 5146 2832 5183 ex
2862 5144 3037 5188 carne,
3066 5126 3116 5179 in
3149 5141 3249 5196 qua
3270 5128 3360 5180 iti-

115 5331 218 5374 sunt
242 5321 449 5393 quidem
482 5320 537 5374 in
575 5318 761 5401 eadpm
805 5314 1196 5370 circumstantia
1240 5312 1479 5366 lectionis
1503 5352 1517 5378 ,
1550 5326 1666 5382 qu;e
1720 5374 1729 5383 λ

1714 5398 1727 5487 έ
1775 5415 2053 5491 scenderet
2071 5398 2377 5475 levaturus?
2406 5402 2709 5465 Et’fortasse
2734 5406 2854 5460 ideo
2881 5404 2973 5469 ait,
3008 5404 3229 5460 Sortitus
3251 5414 3359 5459 Sum

1718 5502 1738 5583 ᾗ
1774 5510 1997 5583 animant
2017 5508 2198 5583 bonum
2225 5503 2291 5579 (si
2314 5513 2492 5583 tamen
2525 5502 2625 5555 hoc
2648 5496 2714 5554 de
2743 5498 2834 5552 illo
2859 5500 3068 5567 Oportet
3091 5495 3355 5568 inteliigi),

116 5602 335 5671 superius
358 5618 525 5677 quam.
541 5602 641 5659 ista
667 5599 827 5679 verba
844 5641 859 5666 ,
880 5582 948 5653 de
970 5596 1159 5668 quibus
1179 5609 1317 5649 mmc
1335 5590 1560 5663 agimus,
1586 5588 1667 5659 di-

1916 5578 2105 5675 ,soleut
2310 5580 2469 5653 Sorte,
2498 5580 2722 5660 dantur,
2755 5588 3005 5645 divinitus
3036 5578 3211 5646 θαιῖὲ
3230 5596 3356 5661 aut,

113 5410 175 5467 illi
208 5416 527 5473 excellentia:
564 5400 681 5468 non
715 5411 1063 5474 conveniant;
1102 5409 1328 5461 maxime
1356 5404 1516 5469 illud,
1546 5404 1665 5477 quia

116 5504 235 5561 idem
262 5509 373 5581 ipse
388 5510 484 5582 qui
515 5508 629 5571 hzec
656 5508 707 5560 in
728 5503 921 5587 eodem
942 5501 1086 5565 libro
1114 5500 1374 5571 loquitur,
1400 5496 1667 5570 aliquanto

1710 5682 1733 5695 ’.Ζ
1738 5685 1745 5695 ἠ

1774 5228 1895 5299 dem
1937 5208 2115 5282 nullus
2145 5212 2419 5280 hominum
2465 5224 2633 5279 fuerat
2672 5230 2955 5292 operatus,
2989 5217 3233 5273 sortitum
3279 5225 3362 5273 est

1774 5303 2247 5395 animamibonam,
2275 5333 2395 5379 cum
2428 5317 2532 5375 illic
2560 5311 2854 5386 erigerctur
2881 5328 3121 5376 Casurus,
3154 5310 3238 5366 hic
3264 5311 3363 5366 de-

115 5694 545 5767 Celet,,cqnfessus
566 5702 647 5753 est
665 5707 721 5748 se
740 5708 805 5748 cx
832 5689 1032 5771 semine
1057 5688 1153 5751 viri
1176 5686 1234 5771 in
1260 5683 1512 5769 sanguine
1539 5699 1664 5771 008-:
1818 5717 2267 5770 μείωμα
2354 5710 2516 5773 φωρ,
2534 5715 2582 5760 α
2599 5706 2855 5774 minuta,
2873 5698 2947 5757 sic
2965 5710 3171 5771 possunt.

116 5782 324 5825 mitam...
353 5786 495 5825 (Rm.
538 5801 606 5825 un
664 5783 729 5825 GM
757 5802 768 5811 -
796 5798 821 5825 ει
866 5796 969 5825 mm
998 5779 1243 5825 nascendi
1289 5775 1449 5825 modo
1485 5772 1662 5825 utimie
1696 5764 1755 5825 ’ἓὲλ
1834 5786 1855 5814 ³
1876 5780 2013 5825 Fditi.
2031 5790 2125 5825 non
2154 5774 2216 5825 de
2435 5764 2487 5825 Ᾰι
2512 5768 2682 5824 omnes
2701 5762 2827 5825 Mss"
2848 5766 2978 5820 unde
3004 5765 3168 5821 udam

116 5760 729 5865 platani-($9,352.)
757 5802 769 5838 :
795 5796 969 5869 aquo
998 5760 1244 5845 nascendi
1289 5762 1449 5834 modo
1485 5768 1662 5851 utique

2434 5762 2682 5845 domne;
2701 5762 2978 5834 sesama
3004 5765 3168 5821 .4th
