3902 6304
537 352 643 415 ‘23

535 464 679 538 quod
709 462 931 519 lidenter
958 459 1238 514 dicendum
1268 459 1379 518 est,
1410 468 1477 508 ne
1504 452 1586 508 vel
1619 451 1703 505 illa
1736 453 1909 506 anima
1939 452 2126 522 aliqui-

534 559 634 615 bus
649 542 896 624 Operibus
915 546 1334 620 pratcedentibns
1354 546 1417 601 ad
1437 555 1638 600 tantum
1655 548 1856 616 apicem
1875 547 2125 602 subvecta

536 654 835 718 putaretur,
859 650 916 696 ut
939 655 1060 696 eum
1088 655 1150 695 ea
1174 638 1406 694 Verbum
1431 653 1558 692 caro
1587 638 1758 706 ﬁeret,
1785 648 1838 692 et
1867 637 2125 693 habitaret

535 737 586 794 in
605 736 756 791 nobis
773 732 952 807 (Joan.
970 748 1009 798 t,
1028 731 1143 802 Η),
1161 729 1227 785 ad
1248 729 1589 786 auferendam
1613 731 1970 802 suspicionem
1991 744 2127 801 prte-

533 829 835 887 ccdentium
875 825 1185 882 meritorum
1215 824 1373 878 sortis
1402 839 1594 879 nomen
1624 824 1871 878 accessit.

533 919 760 979 CAPUT
793 917 1016 976 XIX.—
1031 916 1214 970 Anima
1234 913 1419 968 Christi
1441 931 1540 968 non
1564 916 1660 986 fuit
1683 915 1736 967 in
1762 914 1942 968 lumbis
1962 914 2126 968 Abra-

883 1013 982 1073 hts,
1008 1006 1219 1078 ideoque
1247 1022 1347 1059 non
1371 1013 1441 1058 est
1471 1021 1532 1059 ex
1559 1005 1782 1058 traduce.

615 1105 705 1162 34.
747 1103 841 1158 Est
867 1102 920 1156 in
952 1099 1186 1170 Epistola
1231 1114 1348 1169 quie
1393 1097 1696 1153 inscribitur
1739 1096 1805 1151 ad
1851 1096 2124 1163 llebrmos,

537 1197 687 1254 locus
732 1192 945 1265 quidam
991 1189 1229 1260 diligenti
1293 1187 1717 1243 consideratione
1766 1187 2125 1258 dignissimus.

535 1297 668 1352 Cum
698 1292 840 1349 enim
869 1305 965 1362 per
991 1286 1409 1352 Melchisedech,
1439 1285 1493 1339 in
1523 1299 1628 1354 quo
1655 1283 1810 1354 hujus
1837 1283 1913 1338 rei
1941 1282 2130 1336 futurae

535 1388 700 1461 ﬁgura
731 1390 1104 1457 praecesserat,
1133 1380 1461 1436 discerneret
1487 1377 1842 1432 sacerdotium
1874 1373 2068 1430 Christi
2099 1389 2128 1428 a

535 1479 834 1538 sacerdotio
862 1475 1013 1539 Levi,
1053 1472 1224 1526 Videte
1246 1487 1386 1541 ergo,
1413 1469 1603 1540 inquit,
1633 1469 1798 1540 qualis
1826 1468 1904 1521 hic
1932 1475 2022 1530 est,
2050 1464 2144 1518 cui"

537 1585 585 1632 et
601 1573 844 1628 decimam
862 1578 1055 1642 partem
1069 1564 1325 1619 Abraham
1344 1561 1478 1616 dedit
1501 1563 1561 1615 de
1573 1561 1805 1632 primitiis
1822 1557 2127 1630 patriarcha.

539 1664 607 1721 Et
631 1665 668 1718 ii
710 1661 911 1732 quidem
937 1658 1022 1730 qui
1063 1657 1124 1709 de
1163 1655 1284 1724 [iliis
1310 1662 1437 1706 sunt
1455 1650 1603 1715 Levi,
1630 1649 1966 1705 sacerdotium
1994 1647 2132 1700 acci.

540 1757 750 1829 pientes,
772 1751 1063 1806 mandatum
1084 1747 1262 1801 habent
1279 1762 1311 1798 a
1330 1744 1532 1798 decimis
1548 1743 1721 1814 papuli
1744 1740 2018 1795 secundum
2039 1738 2108 1792 Le
2121 1765 2135 1778 ι

539 1867 670 1925 gem,
697 1849 790 1902 hoc
814 1855 885 1901 est
909 1861 940 1897 a
975 1840 1215 1913 fratribus
1239 1838 1344 1894 suis
1363 1879 1379 1905 ,
1408 1836 1633 1908 quamvis
1660 1842 1704 1890 et
1737 1834 1836 1901 ipsi
1861 1849 1922 1887 ea:
1952 1832 2132 1886 lumbis

539 1940 758 2000 Abraha:
793 1936 1002 1992 exierint
1038 1933 1166 2005 :qui
1190 1941 1358 1985 autem
1385 1947 1484 1984 non
1527 1936 1597 1983 est
1632 1943 1693 1982 ex
1723 1943 1899 1998 genere
1935 1941 2130 1992 eorum,

541 2030 804 2088 deeimavit
821 2027 1096 2087 Abraham,
1116 2034 1162 2077 et
1180 2021 1441 2077 habentem
1457 2018 1836 2090 promissionem
1857 2015 2129 2070 benedixit.

544 2126 671 2183 Sine
700 2122 807 2179 ulla
833 2130 999 2175 autem
1033 2114 1450 2177 contradictione,
1475 2112 1560 2182 qui
1591 2111 1753 2164 minor
1778 2118 1849 2163 est
1875 2125 1907 2162 a
1941 2109 2135 2178 majore

547 2214 858 2272 benedicitur
886 2227 904 2266 :
940 2222 986 2264 et
1026 2208 1106 2262 hic
1147 2205 1351 2277 quidem
1377 2202 1595 2256 decimas
1621 2201 1886 2255 morientes
1910 2198 2134 2251 homines

543 2307 829 2378 accipiunt;
876 2301 943 2356 ibi
973 2311 1138 2354 autent
1179 2297 1264 2368 qui
1296 2295 1591 2364 testiﬁcatur
1631 2309 1684 2347 se
1722 2292 1914 2356 vivere,
1937 2299 1981 2343 et
2011 2289 2135 2342 sicut

544 2410 738 2473 Oportet
763 2397 928 2452 dicere
946 2437 961 2462 ,
986 2402 1191 2466 pmpter
1221 2389 1506 2455 Abraham,
1533 2397 1582 2441 et
1612 2385 1728 2440 Levi
1759 2382 2011 2473 accipiens
2043 2381 2132 2473 def

545 2471 730 2549 cintam
754 2489 1030 2544 decimatus
1051 2493 1120 2538 est
1147 2498 1164 2536 :
1195 2480 1360 2534 adhuc
1385 2479 1518 2532 enint
1547 2478 1599 2530 in
1640 2474 1821 2529 lumbis
1863 2472 2020 2543 patris
2057 2471 2136 2525 sui

545 2587 640 2660 fuit
657 2581 838 2655 (Hebr.
862 2594 955 2644 vn,
981 2575 1158 2643 4-10).
1185 2573 1238 2629 Si
1264 2587 1391 2642 ergo
1415 2570 1575 2625 etiam
1599 2567 1700 2623 hoc
1723 2567 1861 2660 valet
1886 2563 1951 2660 ad
1983 2563 2135 2660 istam

545 2654 848 2735 distantiam
865 2713 881 2738 ,
908 2676 1162 2740 quantum
1207 2663 1551 2734 prmemineat
1577 2657 1876 2715 sacerdotio
1900 2654 2138 2710 chitico

546 2767 905 2826 sacerdotium
928 2758 1148 2822 Christi,
1171 2755 1311 2827 quod
1336 2752 1585 2808 sacerdos
1610 2750 1853 2806 Christus
1873 2746 2137 2819 penillum

546 2863 915 2936 praetiguratus
943 2863 1025 2908 est
1045 2895 1060 2919 ,
1090 2849 1180 2920 qui
1212 2847 1495 2904 deeimavit
1537 2843 1837 2906 Abraham,
1873 2839 1926 2894 in
1953 2852 2058 2908 quo
2087 2845 2142 2890 et

547 2932 663 3023 ipse
684 2951 808 3006 Levi
836 2946 1129 3002 decimatas
1155 2949 1273 3005 est,
1307 2937 1546 3008 profecto
1571 2934 1817 2990 Christus
1843 2932 1909 2985 ah
1939 2945 2009 3023 eo
2030 2944 2138 3023 non

549 3021 634 3100 est
660 3040 970 3096 deeimatus.
1014 3036 1082 3088 At
1118 3032 1162 3087 si
1212 3038 1488 3100 prepterca
1529 3026 1820 3080 decimatus
1865 3031 1946 3078 est
1988 3021 2135 3085 Levi,

548 3135 674 3207 quia
703 3140 816 3186 erat
845 3129 898 3183 in
925 3125 1119 3181 lumbis
1144 3121 1374 3178 Abraha:
1400 3137 1415 3184 ;
1448 3129 1722 3189 propterea
1753 3131 1855 3171 non
1886 3123 1968 3170 est
1993 3114 2138 3169 deci-

550 3222 998 3285 matusCltristus,
1022 3216 1266 3288 quianon
1286 3211 1468 3268 eratin
1493 3210 1681 3265 lumbis
1704 3209 1948 3264 Abrahae.
1975 3207 2139 3264 Porro

551 3326 727 3374 autem
764 3315 809 3371 si
838 3328 941 3367 non
974 3305 1265 3365 secundum
1304 3305 1567 3369 animam,
1589 3300 1682 3356 sed
1719 3309 1918 3355 tantum
1951 3315 2141 3355 secun-

550 3409 680 3467 dum
706 3418 918 3462 carnem
961 3398 1250 3472 accipimus
1279 3394 1406 3451 Levi
1453 3394 1617 3449 fuisse
1655 3392 1707 3446 in
1739 3391 2039 3457 Abraham;
2071 3390 2141 3445 ibi

556 3511 670 3561 erat
692 3509 748 3557 et
771 3496 1052 3562 Christus,
1079 3492 1203 3563 quia
1238 3499 1291 3546 et
1317 3487 1559 3542 Christus
1599 3484 1886 3541 secundum
1925 3498 2140 3538 carnem

554 3612 625 3654 ex
656 3579 858 3650 semine
884 3598 966 3647 est
994 3585 1222 3642 Abraha:
1246 3599 1261 3648 ;
1293 3590 1346 3638 et
1375 3582 1487 3651 ipse
1513 3580 1690 3649 itaque
1718 3577 2010 3632 decimatas
2037 3585 2139 3631 est.

555 3685 692 3758 Quid
723 3695 804 3742 est
829 3697 956 3753 ergo
985 3677 1124 3750 quod
1158 3675 1376 3732 adet-tur
1398 3688 1492 3743 pro
1519 3687 1708 3742 magna
1737 3668 2032 3724 differentia
2054 3682 2142 3722 sa-

552 3776 775 3838 cerdotii
795 3773 988 3831 Christi
1016 3787 1045 3825 a
1075 3766 1372 3824 sacerdotio
1403 3763 1551 3830 Levi,
1579 3761 1718 3833 quod
1748 3760 1874 3815 Levi
1902 3759 2140 3814 decima-

559 3881 646 3928 tus
673 3877 756 3924 est
783 3883 814 3921 a
842 3860 1254 3927 Melchisedech,
1278 3875 1397 3914 cmn
1427 3866 1569 3912 esset
1594 3856 1645 3910 in
1672 3854 1865 3908 lumbis
1892 3851 2138 3916 Abrahae,

561 3961 650 4018 ubi
681 3968 735 4014 et
760 3956 997 4012 Christus
1024 3961 1157 4014 erat,
1194 3950 1334 4005 unde
1360 3948 1559 4019 pariter
1587 3945 1832 4001 deeimati
1864 3953 2015 4007 sunt;
2044 3941 2142 3996 nisi

565 4051 688 4124 quia
713 4061 930 4104 necesse
950 4055 1032 4100 est
1057 4041 1432 4111 intelligamus,
1456 4037 1742 4095 secundum
1771 4037 1999 4107 aliquem
2031 4049 2145 4089 mo-

561 4142 689 4200 dum
719 4139 788 4195 ibi
813 4136 1082 4192 Christum
1111 4150 1215 4189 non
1246 4131 1450 4186 fuisse?
1476 4130 1604 4198 Quis
1629 4124 1806 4183 auiem
1838 4137 1992 4198 neget
2020 4142 2143 4182 eum

560 4230 855 4292 secundum
898 4241 1113 4284 carnem
1160 4223 1232 4279 ibi
1278 4221 1488 4277 fuisse?
1527 4221 1666 4291 Ergo
1695 4220 1986 4276 secundum
2029 4219 2146 4274 ani-

559 4340 702 4383 mam
736 4322 808 4378 ibi
855 4336 960 4376 non
1009 4318 1125 4374 fuit.
1164 4315 1279 4370 Non
1323 4322 1406 4369 est
1447 4313 1603 4384 igitur
1645 4312 1819 4366 anima
1854 4309 2048 4366 Christi
2075 4311 2144 4366 de

556 4415 778 4474 traduce
803 4407 1253 4485 praevaricationis
1277 4404 1406 4461 Adae
1424 4447 1438 4471 ,
1466 4404 1700 4474 alioquin
1728 4403 1887 4460 etiam
1929 4403 2043 4474 ipsa
2071 4401 2141 4457 ibi

558 4508 766 4565 fuisset.

558 4597 784 4656 CAPUT
824 4594 1036 4652 XX.—
1062 4594 1140 4646 Ad
1188 4598 1539 4662 argumentum
1593 4604 1722 4642 nunc
1771 4588 1984 4642 allatum
2023 4586 2144 4656 quid

560 4670 965 4763 respondendum
1003 4702 1095 4757 pro
1133 4682 1511 4755 defendentibus
1553 4683 1838 4736 animarum
1864 4683 2138 4735 traducem.

631 4784 720 4841 55.
752 4776 1218 4838 Ilic‘existuntilli
1240 4777 1329 4847 qui
1350 4775 1620 4831 traducem
1637 4774 1932 4828 animarum
1959 4771 2142 4827 defen-

561 4877 714 4944 dunt,
736 4883 791 4930 et
812 4873 996 4928 dicunt
1015 4873 1382 4925 continuatam
1409 4881 1529 4923 esse
1553 4865 1872 4921 sententiam
1897 4880 2069 4931 suam,
2097 4863 2142 4919 si

561 4972 688 5035 Levi
715 4977 923 5027 constat
961 4967 1118 5022 etiam
1154 4961 1446 5018 secundum
1470 4960 1700 5014 animam
1731 4957 1894 5013 fuisse
1923 4959 1973 5012 in
2003 4957 2142 5012 lum-

559 5067 645 5126 bis
676 5061 925 5127 Abrahte,
950 5061 1002 5114 lu
1029 5071 1136 5129 quo
1161 5071 1282 5111 cum
1325 5051 1608 5109 deeimavit
1644 5049 2056 5115 Melchisedech,
2088 5056 2145 5104 ut

562 5159 731 5234 possit
757 5157 824 5211 ab
849 5169 915 5210 eo
944 5149 1185 5208 Christus
1229 5148 1281 5203 in
1327 5146 1426 5200 ista
1473 5143 1825 5199 decimatione
1874 5140 2141 5196 discerni:

561 5256 651 5327 qui
673 5250 922 5324 quoniam
951 5244 1245 5312 decimatas
1274 5256 1380 5295 non
1410 5247 1510 5311 est,
1540 5246 1595 5293 et
1638 5245 1814 5292 tamen
1854 5237 1908 5291 in
1951 5235 2144 5291 lumbis

561 5344 794 5403 Abrahae
837 5334 1127 5396 secundum
1177 5347 1390 5388 carnem
1437 5329 1554 5397 fuit,
1583 5337 1753 5386 restat
1775 5337 1833 5383 ut
1857 5329 2145 5384 secundum

562 5439 794 5494 animam
824 5432 897 5488 ibi
927 5446 1032 5487 non
1063 5427 1247 5493 fuerit,
1277 5434 1332 5481 et
1369 5423 1489 5479 ideo
1529 5423 1598 5478 sit
1639 5435 1970 5492 consequens
1992 5429 2047 5474 ut
2074 5418 2141 5474 ibi

561 5528 692 5586 Levi
721 5524 1015 5583 secundum
1043 5521 1272 5577 animam
1306 5517 1482 5573 fuerit.
1517 5516 1626 5571 lloc
1651 5515 1717 5570 ad
1755 5529 1841 5569 me
1877 5529 1982 5568 non
2013 5512 2146 5568 mul-

565 5628 676 5678 tum
707 5620 918 5682 attinet,
943 5615 1033 5687 qui
1077 5622 1423 5683 utrorumque
1465 5610 1804 5665 collationem
1850 5605 2023 5661 adlmc
2050 5619 2144 5659 au-

565 5711 681 5772 dire
705 5725 822 5765 sum
849 5706 1102 5780 pmatior,
1129 5719 1286 5776 quam
1311 5700 2148 5771 utrorumlibetjam‘conﬁrmare

629 5824 650 5864 ⁸
675 5829 752 5880 επ.
773 5823 920 5892 Lugd.
945 5831 1062 5875 ven.
1086 5828 1195 5875 ιον.
1219 5818 1399 5885 ierunt,
1425 5817 1562 5873 Hinc.
1625 5824 1684 5870 tt.

1462 347 1551 406 DE
1589 347 1838 398 CENESI
1878 347 1970 397 AD
2009 340 2382 411 LITTERAM,
2423 344 2481 398 S.
2525 341 2892 401 AUGUSTINI

3687 350 3771 411 ω

2234 453 2573 509 sententiam.
2599 455 2813 510 Interim
2838 452 3034 509 Christi
3067 453 3296 511 animam
3326 456 3394 512 ab
3418 457 3612 530 origine
3643 463 3772 534 hujus

2236 544 2469 600 traducis
2513 561 2609 617 per
2647 547 2748 601 hoc
2779 547 3142 602 testimonium
3169 563 3451 606 secernere
3477 553 3626 607 volui.
3653 553 3772 610 luve-

2235 638 2384 692 nieut
2410 637 2498 692 isti
2525 638 2614 709 qui
2641 639 2719 693 eis
2747 653 2844 708 pro
2868 640 3075 696 caeteris
3104 638 3332 698 fortasse
3361 643 3710 713 respondeant,
3733 657 3775 703 et

2235 729 2435 798 dicant,
2465 729 2604 801 quod
2635 730 2794 785 etiam
2843 747 2928 785 me
2969 746 3076 787 non
3123 748 3312 804 parum
3354 744 3547 801 movet,
3573 738 3775 808 quamvis

2235 822 2433 879 nullius
2483 823 2712 877 hominis
2764 824 2938 878 anima
2984 825 3053 879 sit
3101 825 3152 881 in
3184 826 3379 881 lumbis
3404 829 3564 898 patris
3589 828 3678 893 sui,
3704 845 3774 886 se-

2206 934 2219 948 -
2237 913 2468 969 cundum
2491 928 2707 968 carnem
2729 922 2905 967 tamen
2934 911 2988 967 in
3006 911 3203 967 lumbis
3224 916 3451 969 Abrahae
3473 918 3777 976 constitutum

2237 1007 2368 1064 Levi
2394 1009 2737 1077 decimatum,
2760 1019 2812 1064 et
2828 1009 2900 1064 ibi
2917 999 3265 1064 constitutum
3289 1009 3572 1065 secundum
3596 1027 3778 1069 carnem

2236 1100 2507 1157 Christum
2528 1119 2631 1158 non
2658 1101 2997 1157 decimatum.
3024 1099 3330 1155 Secundum
3351 1101 3600 1157 rationem
3618 1102 3778 1174 quippe

2239 1195 2380 1250 illam
2407 1195 2720 1250 seminaletn
2752 1195 2824 1249 ihi
2851 1194 2947 1250 l'uit
2974 1193 3128 1261 Levi,
3150 1211 3252 1266 qua
3275 1195 3481 1251 ratione
3505 1212 3594 1267 per
3615 1212 3776 1253 concu-

2238 1287 2406 1342 bitum
2433 1297 2685 1343 venturus
2710 1295 2825 1342 erat
2864 1286 2914 1340 in
2955 1295 3203 1353 matrem,
3234 1286 3526 1342 secundum
3549 1305 3690 1359 quam
3713 1306 3777 1343 ra-

2241 1379 2438 1435 tionem
2483 1395 2590 1434 non
2627 1379 2695 1434 ibi
2722 1387 2836 1434 erat
2859 1378 3058 1434 Christi
3084 1393 3230 1446 earo,
3261 1380 3503 1450 quamvis
3530 1382 3776 1438 secundum

2242 1471 2410 1541 ipsam
2459 1472 2532 1528 ibi
2579 1471 2732 1526 fuerit
2781 1471 2960 1526 Maria:
3001 1486 3146 1526 caro.
3182 1471 3515 1544 Quapropter
3547 1489 3636 1530 nec
3659 1473 3775 1540 Levi,

2240 1563 2612 1630 nec,Christus
2643 1563 2696 1616 in
2732 1561 2926 1616 lumbis
2965 1547 3194 1617 Abrahae
3223 1563 3513 1618 secundum
3543 1565 3775 1620 animam:

2241 1654 2535 1711 secundum
2562 1670 2777 1710 carnem
2804 1670 2934 1710 vero
2961 1662 3015 1710 et
3037 1654 3186 1722 Levi,
3207 1665 3262 1711 et
3281 1655 3550 1722 Christus;
3575 1656 3657 1712 sed
3675 1656 3776 1712 Levi

2241 1748 2532 1805 secundum
2560 1742 3043 1818 concupiscentiam
3073 1747 3366 1812 carnalem,
3388 1747 3619 1803 Christus
3635 1758 3776 1804 autem

2242 1839 2536 1897 secundum
2563 1838 2730 1894 solam
2760 1839 3111 1894 substantiam
3142 1840 3500 1909 corporalem.
3526 1838 3644 1895 Cum
3664 1841 3774 1895 enim
3850 1838 3851 1909 ᾖ

2242 1933 2312 1988 sit
2338 1933 2390 1987 in
2418 1932 2621 1986 semine
2648 1940 2702 1986 ct
2725 1930 2952 1985 visibilis
2975 1931 3330 2002 corpulentia,
3362 1940 3416 1988 et
3444 1933 3696 1989 invisibilis
3715 1948 3778 1987 ra-

2245 2023 2338 2088 tio,
2381 2031 2668 2092 utrumque
2706 2022 2939 2076 cucurrit
2983 2036 3048 2075 ex
3098 2020 3403 2089 Abraham,
3431 2022 3513 2077 vel
3553 2023 3692 2078 etiam
3727 2037 3774 2077 ex
3850 2029 3851 2092 ᾗ

2242 2113 2360 2182 ipso
2391 2111 2557 2166 Adam
2591 2127 2756 2181 usqtte
2789 2110 2855 2165 ad
2891 2125 3084 2180 corpus
3108 2109 3320 2174 Mariae;
3346 2112 3465 2182 quia
3487 2123 3536 2168 et
3555 2112 3704 2184 ipsum
3728 2127 3777 2166 eo

2243 2203 2404 2259 modo
2425 2214 2740 2272 conceptum
2757 2211 2810 2256 et
2829 2211 3070 2257 exortum
3093 2211 3208 2257 est:
3234 2193 3477 2259 Christus
3501 2217 3658 2258 autem
3678 2205 3774 2259 visi-

2242 2293 2405 2350 bilem
2449 2295 2627 2350 carnis
2653 2293 3001 2348 substantiam
3031 2292 3097 2348 de
3124 2308 3291 2349 carne
3315 2293 3540 2365 Virginis
3565 2296 3774 2365 sumpsit;
3850 2303 3851 2314 ‘

2243 2388 2381 2442 ratio
2404 2402 2534 2442 vero
2565 2385 2928 2457 conecptionis
2955 2385 3072 2455 ejus
3100 2400 3207 2441 non
3243 2401 3274 2442 a
3318 2385 3518 2442 semine
3542 2383 3684 2452 virili,
3705 2383 3776 2441 sed

2246 2480 2404 2552 longe
2447 2479 2602 2533 aliter
2649 2494 2712 2533 ac
2765 2477 2996 2548 desuper
3042 2478 3203 2532 venit.
3261 2477 3486 2534 Proinde
3534 2475 3774 2533 secundum
3850 2475 3851 2552 ᾗ

2247 2571 2348 2628 hoc
2371 2571 2514 2643 quod
2554 2571 2621 2627 de
2665 2579 2837 2626 matre
2866 2569 3090 2640 accepit,
3114 2569 3280 2626 etiam
3309 2568 3362 2626 in
3388 2569 3571 2626 lumbis
3592 2565 3776 2624 Abrahtc
3850 2569 3851 2648 ξ

2247 2664 2365 2719 fuit.

2319 2755 2406 2810 56.
2429 2753 2520 2808 Ille
2548 2762 2631 2808 est
2662 2753 2818 2824 igitur
2859 2751 3152 2809 decimatus
3187 2753 3245 2810 in
3285 2753 3562 2819 Abraham,
3584 2751 3658 2822 qui
3683 2751 3776 2804 licet

2248 2845 2537 2902 secundum
2567 2860 2782 2900 carnem
2813 2853 3036 2910 tantum,
3067 2844 3145 2900 sic
3180 2853 3360 2900 tamen
3402 2843 3494 2898 fuit
3535 2843 3585 2898 in
3618 2839 3771 2896 lumbis
3850 2831 3851 2872 ‘

2247 2938 2385 3009 ejus,
2413 2938 2856 3009 quemadmodum
2888 2939 2939 2993 in
2983 2938 3064 2993 sui
3109 2941 3281 3009 patris
3321 2939 3476 2995 etiam
3516 2939 3617 3008 ipse
3649 2933 3776 2990 Abra-
3850 2981 3851 3034 ι

2249 3028 2408 3092 ham;
2440 3028 2492 3083 id
2519 3040 2622 3096 est,
2649 3029 2738 3100 qui
2789 3029 2867 3084 sic
2914 3039 3000 3084 est
3043 3039 3197 3085 natus
3240 3030 3308 3085 de
3355 3040 3500 3100 patre
3537 3023 3772 3084 Abraham,

2248 3120 2694 3192 quemadmodum
2724 3109 2790 3176 de
2817 3135 2915 3174 suo
2942 3130 3095 3192 patre
3123 3130 3284 3176 nattts
3307 3130 3389 3176 est
3426 3118 3684 3176 Abraham,
3704 3127 3774 3184 per

2248 3213 2418 3284 legem
2442 3213 2644 3270 scilicet
2670 3213 2720 3268 iu
2748 3213 3002 3269 membris
3023 3225 3407 3286 repugnantem
3433 3213 3531 3284 legi
3559 3211 3775 3267 mentiset

2249 3307 2568 3364 invisibilem
2611 3308 3116 3378 concupiscentiam,
3147 3309 3396 3379 quamvis
3439 3322 3547 3363 eam
3581 3312 3704 3359 casta
3736 3307 3776 3353 et
3850 3301 3851 3379 Τ

2248 3401 2387 3457 bona
2410 3402 2528 3472 jura
2558 3402 2857 3472 nuptiarum
2891 3418 2994 3456 non
3023 3402 3201 3457 sinant
3229 3397 3423 3466 valere,
3450 3401 3542 3457 nisi
3569 3406 3774 3470 quantum
3850 3375 3851 3448 Ὺ

2250 3510 2315 3550 ex
2350 3510 2411 3550 ea
2461 3503 2685 3565 possunt
2722 3494 2902 3562 generi
2948 3493 3323 3550 substituendo
3366 3493 3775 3565 prospiceremon
3848 3475 3852 3516 ¹

2250 3598 2426 3642 autem
2475 3595 2530 3641 et
2571 3586 2658 3642 ille
2694 3586 2766 3641 ibi
2792 3585 3088 3642 decimatus
3114 3593 3218 3653 est,
3250 3590 3399 3657 cujus
3426 3600 3544 3642 caro
3567 3581 3672 3636 inde
3695 3591 3774 3632 non

2250 3677 2515 3733 fervorem
2539 3677 2794 3741 vulneris,
2827 3677 2921 3734 sed
2953 3679 3229 3734 materiam
3261 3676 3610 3735 medicaminis
3633 3669 3772 3727 traxit.

2250 3767 2381 3824 Nam
2412 3784 2530 3824 eum
2568 3769 2678 3837 ipsa
2708 3767 2993 3824 decimatio
3035 3768 3100 3824 ad
3143 3769 3575 3842 prmﬁgurandam
3601 3757 3776 3818 medici-

2254 3877 2378 3916 nam
2406 3859 2741 3930 pertinuerit,
2776 3859 2904 3915 illud
2936 3861 2988 3916 in
3019 3860 3252 3917 Abraha:
3281 3876 3440 3917 carne
3466 3853 3775 3914 decimabalut

2250 3953 2392 4024 quod
2435 3951 2737 4018 curabatur,
2787 3967 2891 4006 non
2940 3951 3067 4006 illud
3118 3951 3266 4009 unde
3297 3950 3586 4008 curabatur.
3616 3942 3774 3999 Eadem

2252 4061 2482 4117 namque
2525 4060 2649 4100 caro
2696 4060 2806 4100 non
2848 4043 3077 4099 Abrahae
3104 4053 3335 4110 tantum,
3366 4042 3456 4099 sed
3484 4041 3631 4111 ipsius
3655 4028 3775 4130 prinii
3847 4083 3852 4134 1

2253 4138 2558 4206 terrenique
2581 4135 2832 4198 hominis,
2855 4134 3013 4189 simul
3041 4135 3272 4190 habebat
3297 4144 3350 4190 et
3373 4133 3552 4189 vulnus
3572 4136 3776 4199 pnevart-
3850 4141 3851 4144 η

2254 4229 2479 4285 cationis
2508 4238 2562 4283 et
2586 4227 3030 4284 medicamentum
3053 4227 3291 4282 vulneris
3314 4244 3327 4280 :
3353 4224 3530 4279 vulnus
3567 4209 3774 4290 pratvari-

2253 4322 2476 4378 Catienis
2504 4321 2555 4375 in
2584 4321 2698 4391 lege
2728 4320 3092 4376 membrorum
3121 4326 3448 4390 repugnante
3481 4313 3572 4383 legi
3599 4302 3771 4391 mentiS.

2251 4430 2368 4485 quae
2397 4428 2493 4484 per
2522 4389 2736 4467 omn—em
2787 4411 2909 4466 inde
2949 4389 3295 4482 propagatam
3339 4420 3540 4466 carnem
3575 4389 3774 4456 semina“

2250 4509 2456 4564 ratione
2499 4506 2650 4577 quasi
2703 4505 3105 4571 transcribitur;
3150 4503 3580 4558 medicamentum
3630 4497 3772 4577 autern

2251 4603 2486 4658 vulneris
2514 4603 2566 4656 in
2588 4615 2673 4663 eo,
2705 4598 2845 4670 quod
2873 4597 2995 4678 inde
3019 4597 3135 4653 sine
3155 4613 3318 4668 opere
3334 4576 3768 4678 cettcupisrentialf.

2252 4696 2308 4751 in
2353 4694 2464 4750 sola
2505 4690 2723 4747 materia
2766 4674 3047 4760 corporali,
3073 4704 3170 4760 per
3199 4687 3430 4743 divinam
3457 4674 3770 4746 conceptionis

2253 4785 2697 4853 formationisque
2731 4783 2988 4837 rationem
3015 4780 3081 4837 de
3114 4781 3327 4852 Virgine
3349 4781 3654 4843 assumptum
3687 4767 3768 4863 est.

2252 4889 2469 4952 propter
2516 4877 2700 4932 mortis
2737 4875 2852 4930 sine
2902 4874 3176 4944 iniquitate
3213 4870 3556 4929 consortium.
3595 4868 3640 4916 et
3679 4863 3770 4952 51ης

2252 4939 2480 5028 ialsitate
2523 4968 2925 5024 resurrectionis
2968 4939 3290 5037 exemplum.
3318 4963 3627 5049 Quapropter
3656 4939 3769 5049 illi“?

2251 5063 2424 5119 anima
2449 5059 2644 5117 Christi
2675 5074 2778 5114 non
2810 5059 2879 5112 sit
2906 5073 2970 5113 ex
3003 5057 3221 5112 traduce
3251 5056 3439 5110 anima:
3467 5048 3594 5105 illius
3617 5046 3767 5111 primm

2255 5151 2715 5228 prmvaricatricis,
2745 5159 2870 5221 puto
2894 5149 3034 5221 quod
3069 5150 3227 5205 etiam
3269 5147 3366 5218 ipsi
3402 5143 3485 5214 qui
3518 5136 3766 5229 animatulll

2251 5226 2527 5304 traducem
2568 5241 2878 5306 defendunt,
2907 5242 3267 5304 consentiant;
3297 5252 3389 5308 per
3416 5243 3582 5289 semen
3608 5226 3768 5322 (μιξρριξ

2253 5338 2653 5398 concumbentis
2689 5336 2853 5408 patris
2893 5333 3185 5390 transfundi
3224 5329 3380 5390 etitm
3419 5335 3586 5382 semen
3610 5319 3765 5414 attint?

2253 5433 2461 5498 νοιυιιιι
2505 5448 2532 5484 ³
2586 5445 2689 5501 quo
2735 5444 2930 5500 genere
2965 5424 3322 5497 conceptionis
3345 5417 3569 5494 Christus
3600 5403 3764 5501 alienus

2255 5537 2338 5585 est
2360 5545 2371 5580 :
2397 5493 2618 5596 etquod
2645 5522 2695 5576 itt
2723 5493 2988 5576 Abraham
3028 5520 3073 5576 si
3103 5493 3388 5576 secundum
3422 5503 3628 5596 animant
3657 5493 3764 5596 fuit“

2255 5632 2358 5686 set,
2393 5621 2549 5676 etiam
2578 5618 2688 5686 ipse
2714 5616 3004 5671 decimatus
3032 5627 3205 5680 esset;
3237 5625 3338 5666 non
3361 5617 3474 5662 esse
3505 5593 3656 5653 autem
3687 5581 3760 5636 dc'

2257 5715 2528 5778 cimatum,
2553 5709 2830 5780 Scriptura
2857 5717 3100 5775 testatur,
3123 5721 3240 5780 qua:
3266 5702 3382 5757 hinc
3406 5700 3596 5766 quoque
3613 5687 3759 5740 Sam‘

2259 5805 2464 5866 dotium
2486 5803 2601 5876 ejus
2619 5817 2651 5858 a
2673 5799 2910 5859 Levitieo
2937 5798 3234 5862 sacerdotio
3259 5782 3531 5862 distinguit.
3747 5781 3770 5823 ί
