3902 6318
275 220 380 280 425

271 334 501 393 CAPUT
541 332 683 390 XXI.
712 363 782 375 —-
810 332 1087 401 Christum,
1128 333 1173 389 si
1188 330 1249 397 fin
1271 334 1556 393 Abrahamo
1585 344 1861 398 secundum

456 429 680 478 animum
711 424 905 492 fuisset,
930 441 1027 478 non
1049 426 1270 495 potuisse
1289 444 1389 481 non
1412 430 1671 485 decimari.

342 544 431 599 37.
492 544 574 597 An
626 542 758 596 forte
810 541 989 596 dicent
1028 560 1040 595 :
1082 542 1231 598 Sicut
1282 545 1450 614 potuit
1488 545 1561 601 ibi
1604 561 1725 604 esse
1772 564 1860 604 se-

266 636 502 692 cundum
554 624 769 691 carnem
822 643 877 691 et
926 651 1029 690 non
1089 636 1361 705 decimari,
1401 654 1497 694 cur
1537 655 1644 694 non
1700 642 1859 697 etiam

269 728 561 783 scentulum
597 728 827 782 animam
856 727 971 782 sine
995 727 1349 785 decimatione
1373 732 1639 800 potuerit-:
1662 732 1747 787 hic
1774 749 1860 789 re-

264 820 584 890 Spondetur,
611 820 742 887 Quia
766 820 948 890 utique
972 820 1266 889 simplicem
1289 822 1481 876 animae
1507 823 1855 880 substantiam

264 912 613 967 incrementis
661 911 842 980 augeri
876 911 1261 981 corporalibus,
1294 928 1395 967 nec
1432 913 1508 968 illi
1541 924 1859 984 putaverunt

262 1007 351 1076 qui
405 1021 524 1060 eam
569 1020 762 1074 corpus
803 1005 1135 1068 existimant,
1179 1021 1404 1076 quorum
1444 1008 1498 1061 in
1541 1018 1691 1077 parte
1733 1020 1858 1064 sunt

260 1097 498 1151 maxime
523 1097 609 1166 qui
636 1111 753 1150 eam
778 1111 844 1151 ex
871 1096 1177 1166 parentibus
1202 1099 1371 1154 creari
1399 1100 1700 1170 opinantur.
1723 1101 1855 1156 Pro-

258 1189 385 1246 inde
435 1191 487 1243 in
537 1191 780 1259 corporis
819 1191 1025 1245 semine
1066 1200 1239 1261 potest
1285 1207 1404 1248 esse
1445 1194 1525 1248 vis
1551 1193 1851 1263 invisibilis,

257 1296 380 1351 qua:
423 1281 831 1349 incorporaliter
876 1298 1126 1337 numeros
1153 1283 1277 1353 agit,
1317 1300 1422 1338 non
1453 1286 1621 1340 oculis
1648 1286 1741 1341 sed
1775 1287 1856 1340 iu-

256 1371 475 1426 tellectu
526 1370 876 1427 discernenda
921 1374 988 1429 ab
1028 1390 1088 1428 ea
1152 1376 1518 1443 corpulentia,
1568 1392 1688 1447 qua:
1735 1378 1854 1431 visu

256 1472 515 1535 tactuque
537 1465 765 1519 sentitur
789 1484 801 1518 :
826 1474 880 1519 et
909 1466 1021 1535 ipsa
1049 1467 1315 1536 quantitas
1341 1469 1581 1540 corporis
1611 1468 1850 1535 humani,

253 1572 379 1629 qum
410 1556 593 1627 utique
627 1556 896 1611 modulum
934 1557 1155 1612 seminis
1182 1559 1665 1628 incomparabiliter
1690 1576 1851 1615 exce-

256 1651 357 1716 dit,
399 1650 532 1703 satis
574 1650 805 1703 ostendit
834 1664 989 1718 posse
1018 1650 1139 1704 inde
1170 1651 1365 1720 aliquid
1391 1651 1549 1715 sumi,
1578 1652 1717 1722 quod
1745 1668 1851 1708 non

270 1741 469 1796 habeat
498 1742 641 1795 illam
670 1743 774 1796 vim
807 1743 1139 1810 setninalem,
1169 1744 1261 1797 sed
1289 1753 1488 1797 tinuum
1515 1746 1848 1813 corporalem

254 1831 633 1898 substantiam,
663 1848 782 1903 qua:
824 1832 1096 1895 divinitus,
1130 1849 1235 1887 non
1278 1834 1345 1887 de
1388 1835 1674 1904 propagine
1721 1850 1849 1890 con-

254 1924 645 1990 cumbentium,
676 1924 727 1978 iu
772 1940 986 1979 carnem
1019 1924 1211 1979 Christi
1254 1934 1524 1995 assumpta
1551 1936 1707 1996 atque
1736 1926 1845 1983 for-

255 2027 401 2070 mata
430 2025 530 2071 est.
566 2016 678 2070 Hoc
702 2027 878 2072 autem
916 2018 981 2071 de
1011 2018 1185 2071 anima
1214 2020 1332 2088 quis
1360 2019 1529 2074 valeat
1556 2020 1843 2087 afﬁrmare,

255 2106 397 2176 quod
428 2116 711 2176 utrumque
738 2106 950 2172 habeat,
981 2116 1036 2162 et
1062 2108 1337 2162 materiam
1364 2110 1583 2165 seminis
1616 2111 1839 2167 manife-
1882 2147 1887 2151 -

258 2207 417 2263 stam,
447 2208 501 2252 et
528 2199 788 2252 rationem
824 2198 1045 2253 seminis
1086 2200 1392 2253 occultam?
1418 2199 1521 2254 Sed
1547 2200 1673 2270 quid
1702 2202 1846 2256 labo-

257 2303 372 2342 rem
401 2287 452 2342 in
482 2304 540 2343 re
577 2304 695 2357 qua:
735 2288 1041 2357 persuaderi
1071 2289 1250 2344 verbis
1276 2291 1473 2344 nemini
1505 2290 1725 2346 forsitan
1750 2308 1848 2364 po-

254 2387 380 2444 test,
414 2378 515 2432 nisi
557 2388 759 2432 tantum
805 2394 868 2433 ac
914 2380 1022 2434 tale
1070 2380 1337 2452 ingenium
1378 2381 1469 2447 sit,
1498 2382 1639 2451 quod
1679 2386 1846 2453 possit

253 2471 522 2542 loquentis
553 2472 844 2540 prmvolare
881 2480 1153 2535 conatum,
1181 2488 1280 2527 nec
1318 2479 1488 2528 totum
1533 2486 1846 2544 exspectare

254 2576 287 2615 a
319 2562 607 2616 sermone?
636 2561 873 2616 Breviter
910 2562 1087 2632 itaque
1120 2561 1365 2631 colligam
1392 2579 1404 2614 :
1430 2563 1473 2617 si
1507 2564 1677 2634 potuit
1699 2574 1753 2619 et
1777 2565 1845 2620 de

252 2653 431 2706 anima
459 2654 571 2706 lieri
599 2651 762 2725 (quod
793 2668 911 2707 cum
959 2652 1026 2707 de
1067 2667 1229 2707 carne
1264 2653 1587 2720 diceremus,
1621 2654 1841 2711 forsitan

253 2741 583 2797 intellectum
615 2741 730 2813 sit),
760 2742 831 2797 ita
862 2752 945 2798 est
973 2743 1039 2799 de
1070 2744 1287 2797 tradam
1326 2745 1500 2799 anima
1542 2744 1755 2813 Christi,
1786 2757 1845 2803 ut

253 2848 360 2888 non
380 2847 564 2889 secum
592 2833 766 2888 labem
798 2834 1248 2902 prtevaricatinnis
1270 2836 1578 2903 attraxerit,
1600 2840 1644 2891 si
1665 2846 1842 2893 autem

251 2926 370 2982 sine
396 2927 501 2980 isto
544 2935 694 2980 reatu
740 2942 843 2979 non
887 2935 1067 2996 posset
1103 2926 1225 2980 inde
1262 2941 1406 2991 esse,
1439 2942 1542 2983 non
1588 2930 1838 2984 estinde.

253 3016 374 3071 Jam
407 3015 476 3070 de
502 3025 816 3070 czeterarum
844 3017 1139 3069 animarum
1174 3016 1424 3085 adventu,
1454 3029 1627 3074 utrum
1655 3037 1718 3074 ex
1746 3037 1839 3091 pa-

251 3112 494 3167 rentibus
535 3127 602 3165 an
644 3112 871 3181 desuper
913 3112 1003 3177 sit,
1032 3112 1249 3165 vincant
1284 3114 1373 3182 qui
1409 3116 1710 3182 potuerint:
1742 3130 1840 3186 ego

252 3204 431 3260 adhuc
468 3204 609 3259 inter
647 3213 899 3273 utrosque
941 3205 1172 3275 ambigo,
1205 3215 1259 3259 et
1286 3221 1523 3268 moveor,
1552 3207 1841 3277 aliquando

249 3296 348 3363 sic,
394 3295 682 3367 aliquando
720 3304 896 3349 autem
943 3296 1039 3359 sic,
1081 3296 1229 3351 Salvo
1266 3313 1330 3352 eo
1359 3297 1633 3364 duntaxat,
1663 3308 1720 3354 ut
1754 3298 1840 3354 vel

251 3402 450 3458 corpus
474 3402 593 3442 esse
619 3389 873 3453 animam,
906 3388 987 3442 vel
1013 3388 1243 3458 aliquam
1269 3405 1581 3460 corpoream
1618 3392 1841 3462 qualita-

250 3489 359 3537 tem
387 3481 501 3535 sive
522 3481 934 3549 co:iptationem,
963 3480 1005 3534 si
1030 3481 1099 3535 ita
1121 3481 1342 3537 dicenda
1364 3492 1466 3551 est,
1492 3500 1648 3554 quam
1668 3485 1840 3542 Grmci

249 3577 479 3647 ἁρμονίαν
505 3582 715 3638 vocant,
748 3589 853 3628 non
896 3575 1131 3641 credam,
1160 3592 1258 3631 nec
1298 3578 1536 3647 quolibet
1583 3581 1681 3636 ista
1719 3599 1837 3652 gar-

247 3666 422 3722 riente
469 3681 556 3721 me
598 3665 923 3721 crediturum
950 3682 1068 3722 esse
1097 3667 1382 3736 coniidam,
1416 3668 1701 3739 adjuvante
1726 3672 1837 3729 Deo

247 3771 485 3815 mentem
514 3774 706 3813 meam.

246 3866 475 3926 CAPUT
516 3869 682 3925 XXII.
721 3901 795 3912 —
821 3870 1032 3943 Utrique
1071 3874 1296 3942 opinioni
1332 3875 1394 3929 de
1431 3877 1613 3932 anima:
1644 3879 1836 3951 origine

282 3962 692 4015 accommodatur
713 3962 854 4017 locus
882 3962 970 4017 itte
992 3962 1211 4018 Joannis
1232 3981 1251 4018 :
1281 3966 1429 4031 Quod
1454 3978 1657 4036 natum,
1683 3981 1775 4024 etc.

318 4072 409 4127 58.
429 4073 525 4125 Est
540 4071 683 4127 aliud
704 4074 1059 4129 testimonium
1076 4092 1181 4130 non
1201 4076 1567 4147 negligendum
1585 4081 1726 4150 quod
1738 4097 1833 4152 pro

245 4165 808 4235 sepossuntproferre,
822 4170 911 4237 qui
930 4168 1111 4223 venire
1123 4168 1352 4240 desuper
1366 4172 1570 4228 animas
1586 4175 1829 4245 credunt,

246 4256 456 4313 dicente
474 4257 587 4326 ipso
613 4258 865 4312 Domino:
889 4259 1038 4324 Quod
1058 4271 1231 4315 natum
1248 4272 1318 4317 est
1335 4280 1397 4317 ea:
1411 4280 1581 4330 carne,
1599 4282 1715 4320 caro
1736 4279 1831 4333 est;

247 4354 292 4401 et
315 4347 450 4416 quod
484 4361 659 4401 natum
690 4359 762 4402 est
809 4365 872 4403 ea:
898 4351 1100 4420 spiritu,
1126 4354 1331 4422 spiritus
1366 4365 1436 4408 est
1457 4356 1727 4427 (Joan.m,
1748 4360 1825 4431 6).

244 4439 379 4505 Quid
404 4441 521 4507 hac,
538 4442 796 4511 inquiunt,
816 4446 1076 4499 sententia
1097 4445 1520 4516 determinatius,
1544 4467 1649 4506 non
1673 4468 1829 4521 posse

244 4547 311 4586 ex
357 4547 519 4587 carne
558 4534 788 4589 annnam
816 4535 999 4590 nasci?
1028 4536 1162 4603 Quid
1190 4546 1273 4592 est
1298 4541 1439 4593 enim
1461 4541 1601 4596 aliud
1631 4546 1823 4612 anima,

243 4640 400 4695 quam
429 4628 647 4695 Spiritus
674 4627 817 4694 νίιω,
844 4638 1054 4684 creatus
1079 4630 1276 4699 utique,
1303 4648 1406 4687 non
1432 4634 1674 4688 creator?
1694 4634 1829 4690 Con-

242 4725 321 4772 tra
352 4733 488 4788 quos
518 4717 591 4771 illi
616 4719 703 4773 alii
729 4718 896 4786 :Quid
917 4720 1081 4786 enini,
1113 4722 1375 4791 inquiunt,
1398 4726 1645 4779 nosaliud
1662 4728 1826 4781 senti-

241 4823 381 4875 mus,
410 4808 500 4878 qui
526 4808 754 4865 dicimus
781 4826 997 4867 carnetn
1049 4828 1114 4866 ex
1156 4827 1337 4880 carne,
1370 4815 1599 4870 animant
1620 4832 1685 4871 ex
1712 4819 1826 4873 ani-

241 4901 367 4955 ma?
391 4898 522 4954 Nam
545 4915 610 4955 ex
632 4910 855 4971 utroque
874 4911 1083 4957 constat
1108 4902 1289 4972 homo,
1312 4904 1380 4960 de
1413 4922 1519 4977 quo
1544 4916 1823 4979 utrumque

242 4992 424 5047 venire
450 4992 729 5061 sentimus,
750 5006 967 5048 carnem
991 4995 1058 5048 de
1084 5011 1243 5050 carne
1264 4998 1554 5066 operantis,
1578 5001 1821 5063 spiritum

241 5085 307 5141 de
332 5085 521 5157 spiritu
549 5086 974 5157 concupiscentis
999 5107 1011 5142 :
1037 5100 1092 5144 ut
1121 5089 1333 5145 interim
1358 5093 1649 5161 omittatur,
1681 5095 1821 5166 quod

240 5177 367 5233 illud
393 5179 645 5234 Dominus
675 5194 781 5235 non
804 5181 870 5235 de
892 5182 1087 5237 carnali
1115 5186 1475 5255 generatione,
1494 5188 1589 5243 sed
1611 5188 1678 5244 de
1707 5190 1820 5259 spi-

239 5270 417 5325 rituali
439 5273 837 5342 regeneratione
861 5270 1089 5330 dicebat.

237 5399 465 5461 CAPUT
491 5405 677 5462 XXIII.
696 5439 772 5449 —
789 5407 875 5464 Ea:
891 5409 1087 5464 duabus
1111 5409 1174 5464 de
1194 5410 1365 5465 anima
1400 5412 1657 5467 sententiis
1682 5429 1818 5485 quaee

310 5513 434 5551 nam
460 5501 826 5570 praeponderet.
850 5501 1167 5557 Consuetudo
1201 5502 1444 5557 Ecclesia:
1464 5505 1515 5558 in
1558 5503 1818 5577 Baptisnto

308 5590 659 5658 parvulorum.

307 5706 398 5763 39.
440 5706 535 5762 His
590 5708 747 5779 igitur
801 5717 1054 5777 quantum
1111 5723 1207 5779 pro
1260 5720 1497 5784 tempore
1546 5708 1815 5782 potuimus

504 5800 729 5863 SANC'I‘.
765 5801 1039 5864 Auensr.
1068 5802 1178 5865 III.

1627 228 1826 286 LIBER
1866 232 2179 293 DECIMUS.

3450 272 3556 332 426

1974 353 2329 420 pertractatis,
2378 358 2556 414 omnia
2608 364 2751 432 paria
2795 368 2880 423 vel
2918 386 3052 441 pene
3094 380 3264 445 patria
3296 382 3363 438 ex
3400 397 3539 444 utro-

1970 455 2075 508 que
2130 442 2314 512 latere,
2361 450 2625 508 rationum
2683 442 3214 539 testimoniorunique
3277 490 3513 533 moment

1970 539 2391 603 pronuntiarem,
2436 543 2537 599 nisi
2586 562 2770 606 eorum
2810 560 3070 615 sententia
3111 565 3200 633 qui
3240 569 3444 625 animas
3485 539 3563 633 ex‘z

1968 627 2278 727 parentibus
2330 633 2503 687 creari
2548 651 2755 707 putant,
2777 645 2844 702 de
2894 627 3159 721 baptismo
3207 663 3553 727 parvulorum

1970 719 2421 823 praeponderaret.
2447 725 2523 781 De
2546 729 2737 798 quibus
2762 734 2887 803 quid
2912 719 2991 793 eis
3017 719 3330 817 reSponderi
3357 756 3549 823 possit,

1967 810 2202 866 nondum
2240 814 2368 869 mihi
2400 816 2612 874 interim
2640 827 2906 881 occurrit:
2932 830 2976 883 si
3015 810 3141 902 quid
3192 839 3325 898 forte
3357 810 3550 915 postea

1964 897 2104 956 Deus
2130 903 2355 973 dederit,
2381 907 2429 964 si
2455 925 2611 979 quam
2639 915 2796 970 etiam
2825 897 3093 979 scribendi
3116 897 3442 988 concesserit
3470 938 3552 993 fa-

1963 990 2213 1047 cultatem
2241 997 2490 1054 studiosis
2515 1003 2718 1071 talium,
2748 1023 2852 1063 non
2878 1016 3157 1080 gravabor.
3188 1020 3339 1078 Nunc
3372 990 3549 1086 tamen

1964 1094 2070 1135 non
2107 1098 2228 1186 esse
2273 1094 2724 1150 contemnendum
2773 1103 3137 1161 testimonium
3179 1115 3545 1187 parvulorum,

1961 1178 2018 1273 ut
2048 1174 2197 1241 quasi
2235 1176 2427 1245 refelli,
2451 1182 2495 1236 si
2525 1186 2719 1241 veritas
2744 1201 2928 1246 contra
2950 1207 3051 1262 est,
3082 1174 3392 1273 negligatur,
3422 1174 3548 1267 ante

1962 1259 2242 1319 denuntio.
2267 1270 2374 1323 Aut
2397 1273 2539 1327 enim
2567 1274 2633 1330 de
2659 1276 2759 1333 hac
2799 1296 2857 1336 re
2898 1284 3028 1339 nihil
3070 1259 3410 1357 quderendum
3440 1312 3543 1368 est,

1962 1361 2017 1406 ut
2058 1355 2287 1413 sufficiat
2334 1361 2453 1417 ﬁdei
2507 1376 2702 1424 nostrm
2748 1373 2889 1429 scire
2931 1392 3027 1431 nos
3075 1355 3181 1450 quo
3212 1385 3295 1454 pie
3322 1355 3546 1451 vivendo

1960 1450 2166 1502 venturi
2205 1466 2409 1520 sumus,
2442 1458 2541 1512 etsi
2587 1464 2884 1521 nesciamus
2920 1471 3064 1527 unde
3099 1450 3548 1543 venerimuszaut

1956 1535 2003 1589 si
2028 1552 2134 1594 non
2163 1540 2500 1612 impudenter
2527 1560 2716 1608 aestuat
2744 1557 2921 1614 anima
2956 1565 3232 1624 rationalis
3258 1573 3417 1628 etiam
3443 1577 3546 1636 hoc

1958 1644 2116 1685 nosse
2151 1633 2220 1688 de
2261 1638 2457 1707 seipsa,
2487 1642 2627 1698 absit
2671 1650 2962 1716 pervicacia
3003 1662 3382 1732 contendendi,
3406 1669 3547 1725 adsit

1956 1722 2228 1794 diligentia
2258 1733 2585 1802 requirendi,
2620 1738 2889 1799 humilitas
2924 1751 3158 1819 petendi,
3192 1722 3547 1823 perseveran:

1956 1814 2024 1921 tia
2056 1819 2335 1889 pulsandi;
2370 1835 2425 1880 ut
2454 1827 2497 1880 si
2529 1831 2682 1886 nobis
2715 1835 2814 1889 hoc
2834 1840 3085 1908 expedire
3116 1848 3278 1914 novit,
3305 1852 3395 1921 qui
3421 1870 3540 1911 me-

1952 1904 2056 2009 lius
2094 1925 2252 1979 quam
2294 1930 2391 1969 nos
2426 1920 2555 1987 quid
2587 1924 2739 1978 nobis
2764 1904 3011 1997 expediat
3044 1936 3225 2006 utique
3254 1904 3419 2011 novit,
3449 1947 3542 2002 det.

1953 1998 2119 2103 etiam
2154 2002 2274 2071 hoc,
2307 2008 2397 2076 qui
2432 2009 2523 2063 dat
2566 2011 2703 2069 bona
2744 2017 2864 2072 data
2907 2020 3025 2077 filiis
3064 1998 3174 2079 suis
3206 1998 3419 2098 (Matth:

1954 2088 2010 2153 7,
2038 2090 2145 2164 Il).
2180 2092 2519 2155 Consuetudo
2550 2111 2725 2159 tamen
2763 2111 2945 2164 matris
2983 2088 3237 2173 Ecclesia:
3281 2121 3333 2175 in
3371 2088 3541 2197 bapti:

1953 2183 2138 2239 zandis
2185 2190 2417 2255 parvulis
2464 2208 2796 2267 nequaquam
2844 2207 3144 2271 spernenda
3199 2221 3313 2277 est,
3364 2183 3539 2287 neque

1952 2274 2059 2329 ullo
2076 2278 2237 2332 modo
2259 2282 2525 2351 superﬂua
2549 2286 2873 2358 deputanda,
2899 2310 2999 2352 nec
3023 2300 3241 2355 omnino
3269 2274 3534 2366 credenda

1952 2366 2051 2420 nisi
2074 2373 2363 2437 apostolica
2385 2386 2528 2431 esset
2553 2382 2785 2439 traditio.
2816 2386 2986 2443 Habet
3003 2392 3145 2446 enim
3178 2403 3231 2449 et
3260 2398 3345 2452 illa
3374 2416 3537 2470 parva

1950 2466 2079 2513 actas
2103 2476 2349 2532 magnum
2375 2467 2660 2526 testimonii
2684 2476 2911 2543 pondus,
2936 2495 3055 2550 qum
3078 2484 3245 2553 prima
3267 2466 3537 2559 pro—Chri—

1949 2558 2032 2604 sto
2060 2555 2251 2607 meruit
2281 2559 2589 2626 sanguinem
2620 2556 2859 2621 fundere.

1949 2636 2176 2697 CAPUT
2216 2643 2404 2701 XXIV.
2436 2680 2506 2689 —
2545 2650 2682 2716 Quid
2715 2659 2986 2714 cavendum
3026 2662 3103 2717 his
3142 2669 3229 2735 qui
3263 2671 3536 2742 apinantur

2391 2742 2587 2797 animas
2614 2761 2720 2800 esse
2746 2764 2807 2801 ex
2834 2750 3056 2806 traduce.

2018 2824 2108 2881 40.
2159 2826 2433 2885 Admoneo
2491 2848 2649 2903 sane,
2705 2850 2961 2908 quantum
3030 2846 3215 2916 valeo,
3283 2853 3325 2907 si
3398 2871 3535 2927 quos

1947 2915 2048 2972 ista
2116 2926 2502 2995 prmoccupavit
2560 2930 2769 2999 opinio,
2829 2944 2885 2988 ut
2946 2937 3149 2994 animas
3216 2958 3279 2998 ex
3344 2915 3534 3016 paien-

1947 3008 2088 3064 tibus
2139 3013 2359 3069 credant
2418 3022 2715 3089 pr0pagari,
2761 3035 3015 3093 quantum
3064 3045 3285 3100 possunt
3326 3008 3533 3111 seipsos

1945 3102 2306 3171 considerent,
2361 3116 2415 3161 et
2450 3109 2661 3165 interim
2724 3116 2931 3185 sapiant
2983 3135 3205 3193 corpora
3260 3145 3365 3186 non
3407 3102 3533 3193 esse

1944 3192 2151 3247 animas
2192 3210 2333 3252 suas.
2384 3198 2539 3255 Nulla
2586 3205 2726 3259 enim
2766 3210 2987 3279 pr0pior
3036 3192 3223 3273 natura
3280 3233 3383 3293 est,
3424 3242 3528 3298 qua

1945 3283 2222 3355 diligenter
2265 3290 2533 3362 inspecta,
2586 3299 2751 3365 possit
2800 3302 2960 3357 etiam
3012 3306 3180 3375 Deus,
3229 3314 3317 3383 qui
3368 3283 3530 3387 supra

1944 3391 2157 3433 omnem
2196 3393 2490 3439 creaturam
2536 3402 2684 3443 suam
2740 3391 3185 3456 incommutabilis
3228 3419 3524 3478 permanet,

1945 3466 2347 3539 incorporaliter
2369 3477 2608 3545 cogitari,
2632 3496 2789 3549 quam
2811 3498 2871 3539 ea
2897 3501 3015 3555 quae
3055 3489 3120 3542 ad
3172 3466 3334 3560 ipsius
3389 3466 3526 3553 ima:

1941 3561 2116 3630 ginem
2166 3563 2300 3619 facta
2356 3576 2438 3621 est
2467 3586 2480 3623 :
2512 3579 2565 3623 et
2616 3572 2749 3626 nihil
2782 3574 3024 3644 vicinius,
3052 3589 3143 3633 aut
3170 3581 3396 3643 fortasse
3434 3591 3524 3645 ni-

1943 3651 2016 3707 hil
2050 3663 2153 3709 tam
2184 3671 2534 3727 consequens,
2557 3677 2715 3732 quam
2743 3676 2796 3718 ut
2817 3668 3018 3723 credito
3039 3672 3177 3739 quod
3198 3676 3373 3733 anima
3399 3696 3521 3737 cor-

1941 3758 2039 3813 pus
2078 3746 2167 3810 sit,
2210 3748 2369 3801 etiani
2419 3750 2556 3805 Deus
2601 3768 2794 3823 corpus
2839 3771 2957 3813 esse
2995 3761 3261 3818 credatur.
3293 3768 3522 3840 Propter

1940 3835 2044 3892 hoc
2070 3839 2212 3892 enim
2242 3844 2605 3910 corporalibus
2629 3847 2913 3905 assuefacti
2953 3862 3006 3907 et
3043 3854 3220 3911 aﬂ'ecti
3250 3835 3520 3933 sensibus,

1940 3930 2127 3985 nolunt
2159 3933 2387 3987 animam
2432 3937 2650 3993 credere
2684 3940 2826 3996 aliud
2868 3959 2988 3999 esse
3020 3962 3177 4016 quam
3205 3968 3419 4023 corpus,
3454 3930 3523 4013 ne

1939 4023 1981 4076 si
2013 4038 2209 4094 corpus
2236 4042 2341 4081 non
2369 4027 2546 4095 fuerit,
2571 4032 2698 4086 nihil
2725 4034 2828 4089 sit:
2853 4051 2915 4091 ac
2935 4053 3030 4107 per
3057 4045 3156 4097 hoc
3180 4054 3324 4100 tanto
3352 4051 3519 4121 magis

1938 4114 2126 4170 timent
2164 4119 2321 4173 etiam
2362 4121 2429 4176 de
2466 4123 2574 4178 Deo
2613 4127 2831 4183 credere
2876 4132 3016 4200 quod
3057 4150 3251 4205 corpus
3294 4157 3397 4196 non
3426 4114 3515 4211 sit,

1937 4218 2136 4276 quanto
2185 4212 2351 4282 magis
2394 4214 2579 4269 timent
2618 4217 2782 4273 Deum
2834 4223 3055 4279 credere
3100 4228 3229 4282 nihil
3275 4246 3412 4289 esse.
3442 4235 3516 4291 Ita

1936 4302 2079 4356 enim
2105 4301 2345 4358 feruntur
2388 4307 2439 4360 in
2469 4308 2775 4377 phantasias
2802 4315 2882 4367 vel
2913 4315 3281 4384 phantasmata
3327 4325 3513 4398 imagi-

1934 4410 2083 4460 num,
2124 4412 2241 4466 qua:
2270 4398 2517 4469 cogitatio
2541 4402 2608 4456 de
2634 4406 2943 4473 corporibus
2976 4422 3168 4480 versat,
3200 4425 3257 4469 ut
3285 4416 3365 4473 his
3386 4424 3518 4478 sub.

1935 4489 2117 4542 tractis
2153 4499 2397 4560 tanquam
2442 4509 2536 4562 per
2577 4496 2733 4552 inane
2777 4503 3101 4569 pereundum
3150 4508 3239 4577 sit,
3270 4513 3516 4572 reformi-

1933 4577 2079 4633 dent.
2118 4581 2193 4635 lta
2231 4598 2449 4639 necesse
2485 4596 2567 4641 est
2597 4598 2652 4643 ut
2696 4599 2749 4645 et
2786 4592 3042 4660 justitiam
3095 4607 3148 4653 et
3174 4605 3511 4673 sapientiam

1931 4671 2148 4741 pingant
2171 4674 2562 4743 quodammodo
2604 4680 2652 4733 in
2694 4684 2941 4740 cordibus
2966 4688 3075 4743 suis
3103 4705 3221 4746 cum
3254 4671 3435 4753 innuis
3458 4710 3512 4755 ct

1930 4762 2216 4830 coloribus,
2247 4782 2379 4837 quas
2423 4785 2529 4823 non
2577 4784 2799 4840 possunt
2845 4776 3186 4850 incorporeas
3236 4790 3505 4857 cogitare:

1931 4872 2030 4912 nec
2057 4868 2229 4915 tamen
2271 4862 2482 4931 dicunt,
2515 4868 2725 4935 quando
2754 4870 2957 4939 justitia
2992 4876 3075 4930 vel
3101 4880 3361 4947 sapientia
3392 4900 3507 4938 mo-

1930 4959 2138 5019 ventur,
2169 4963 2226 5007 ut
2252 4955 2334 5009 vel
2364 4955 2578 5013 Iaudent
2614 4976 2725 5025 eas,
2758 4964 2840 5016 vel
2877 4966 3166 5021 secundum
3197 4986 3285 5023 eas
3312 4973 3505 5042 aliquid

1928 5055 2104 5117 agant,
2128 5064 2283 5119 quem
2306 5052 2559 5117 colorem,
2580 5070 2736 5125 quam
2759 5066 3035 5126 staturam,
3057 5078 3173 5131 qum
3191 5065 3504 5123 lineamenta
3520 5110 3540 5143 τ’

1927 5143 2010 5197 vel
2042 5144 2230 5213 quales
2256 5144 2454 5201 formas
2479 5153 2875 5221 conspexerint.
2905 5154 3008 5209 Sed
3047 5156 3113 5210 de
3155 5158 3237 5212 his
3282 5161 3411 5217 alias
3456 5151 3540 5217 et.

1926 5234 2090 5288 multa
2128 5236 2236 5306 jam
2283 5238 2531 5307 diximus,
2583 5253 2635 5297 et
2686 5244 2729 5297 si
2783 5245 2919 5300 Deus
2972 5247 3226 5317 voluerit,
3274 5253 3360 5307 ubi
3419 5271 3506 5310 res
3570 5256 3573 5257 ⁷

1926 5324 2188 5383 videbitur
2263 5333 2551 5400 postulare,
2609 5333 2865 5390 dicemus.
2918 5337 3069 5393 Nunc
3124 5342 3265 5410 quod
3327 5343 3505 5402 dicere

1925 5432 2289 5489 cmperamus,
2352 5425 2395 5479 si
2456 5425 2523 5479 de
2590 5426 2804 5481 traduce
2860 5429 3154 5485 animarum
3194 5448 3222 5487 a
3266 5440 3502 5504 parenti-

1923 5509 2023 5567 bus
2074 5514 2156 5569 vei
2200 5529 2307 5569 non
2346 5516 2583 5571 dubitant
2618 5518 2830 5587 quidam
2869 5522 3009 5589 quod
3034 5523 3105 5577 ita
3132 5526 3216 5591 sit,
3248 5529 3504 5587 velduhi~

1924 5615 2039 5663 tant
2074 5624 2141 5663 an
2198 5609 2269 5664 ita
2322 5612 2409 5675 sit,
2468 5612 2696 5665 animam
2748 5624 2920 5671 tamen
2979 5632 3171 5689 corpus
3227 5636 3343 5677 esse
3396 5642 3499 5680 non

1923 5704 2153 5762 audeant
2200 5702 2417 5761 credere
2461 5713 2551 5761 aut
2588 5705 2800 5775 dicere;
2832 5712 3061 5769 maxime
3114 5726 3331 5787 propter
3358 5718 3499 5790 quod

2811 5809 3219 5893 {QttatorzeJ
