3902 6306
249 296 357 355 499

1596 302 1800 362 LIBER
1831 305 2215 372 UNDECIMUS

255 427 3329 483 Ἥ-.

3440 344 3550 403 «35L-

3348 476 3522 487 ..ο-σιν.-

1186 506 1664 617 LIBER
1763 514 2181 629 UNDE
2195 528 2502 635 CIM
2509 534 2716 645 US.

314 719 366 762 In
390 710 507 763 illud
529 724 637 776 cap.
662 710 694 762 2
714 717 979 774 Geneseos,
1006 725 1136 765 vers.
1159 712 1252 765 25:
1278 717 1334 765 Et
1358 717 1496 765 erant
1517 713 1655 779 nudi,
1684 723 1779 830 eget.
1796 724 2143 840 ,caesiiligizllgkcﬁ?
2162 743 2267 782 cat).
2292 732 2343 795 ὅ,
2369 736 2510 799 cujus
2529 736 2801 793 ilhtstrandt
2822 759 2968 800 causa
2988 754 3160 809 didm
3181 758 3248 811 (ιθ
3271 762 3555 818 omnium

1736 914 2099 977 GWKQQ

244 1013 482 1093 CAPUT
521 1031 808 1090 PRIMUM.
827 1058 900 1073 ο·-
924 1030 1157 1087 Recitata
1188 1037 1326 1085 textu
1352 1027 1601 1087 Geneseos
1620 1034 1855 1103 explica-

772 1134 856 1179 tur
877 1138 1007 1180 vers.
1036 1124 1107 1179 25
1135 1138 1251 1195 cap.
1273 1123 1327 1178 2.

320 1242 377 1296 l.
414 1235 483 1295 Et
513 1246 657 1295 erant
682 1238 807 1294 nudi
834 1236 981 1291 ambo
1020 1237 1185 1291 Adam
1215 1243 1262 1290 et
1292 1236 1471 1291 mulier
1495 1238 1605 1306 eius
1625 1278 1637 1302 ,
1671 1245 1717 1291 et
1751 1255 1853 1293 non

240 1334 470 1405 pudebat
489 1333 624 1388 illos.
650 1331 871 1405 Serpens
891 1341 1057 1385 autent
1067 1336 1171 1386 erat
1192 1331 1608 1403 prudentissimus
1628 1334 1853 1388 omnium

238 1428 525 1483 bestiarum
557 1444 672 1501 quae
706 1436 823 1481 sunt
852 1443 1004 1496 super
1044 1437 1267 1491 terram,
1309 1442 1435 1495 quas
1462 1427 1577 1497 fecit
1606 1424 1851 1483 Dominus

236 1519 411 1574 Deus.
443 1516 511 1573 Et
537 1518 667 1573 dixit
692 1535 894 1589 serpens
920 1517 1119 1571 mulieri
1139 1558 1153 1584 ,
1188 1514 1343 1582 Quid,
1380 1516 1499 1585 quia
1527 1516 1659 1570 dixit
1688 1514 1847 1587 Deus,

238 1610 376 1665 Non
422 1611 582 1666 edetis
617 1610 678 1664 ab
718 1612 854 1665 omni
878 1612 895 1642 ¹
924 1610 1061 1681 ligno
1100 1609 1371 1681 paradisi?
1396 1607 1465 1662 Et
1505 1609 1634 1663 dixit
1671 1610 1853 1664 mulier

235 1706 493 1777 serpenti,
522 1706 565 1757 A
594 1708 761 1777 [ructu
785 1703 912 1775 ligni
938 1703 1075 1775 quod
1099 1711 1168 1759 est
1192 1700 1245 1757 in
1277 1702 1517 1774 paradiso
1543 1704 1764 1767 edemus,
1789 1703 1856 1758 de

236 1795 422 1855 fructu
460 1804 626 1849 autem
653 1794 778 1866 ligni
818 1794 955 1866 quod
997 1802 1068 1847 est
1107 1793 1158 1847 in
1198 1793 1363 1846 medio
1407 1793 1671 1864 paradisi,
1720 1794 1851 1848 dixit

236 1887 387 1943 Deus
408 1929 424 1954 ,
460 1884 584 1942 Non
612 1886 766 1944 edetis
792 1903 855 1941 ex
876 1903 953 1953 eo,
984 1902 1141 1954 neque
1170 1883 1382 1955 (angelis
1406 1884 1555 1948 illud,
1581 1901 1643 1939 ne
1671 1885 1851 1939 moria-

234 1982 394 2035 mini.
426 1978 497 2035 Et
526 1980 654 2035 dixit
684 1996 889 2051 serpens
915 1978 1131 2041 mulieri,
1163 1973 1283 2031 Non
1316 1986 1473 2031 morte
1512 1976 1793 2030 moriemini
1829 1994 1848 2032 :

231 2072 433 2130 sciebat
470 2074 603 2129 enim
632 2069 802 2140 Deus,
831 2071 1067 2143 quoniam
1096 2087 1195 2141 qua
1234 2070 1316 2123 die
1342 2066 1758 2123 manducaveritis
1787 2070 1850 2124 de

233 2186 316 2237 eo,
354 2167 649 2238 aperientur
670 2167 807 2220 vobis
832 2164 983 2230 oculi,
1017 2174 1063 2219 et
1092 2163 1230 2217 eritis
1253 2172 1492 2233 tanquam
1518 2162 1610 2229 dii,
1639 2162 1846 2218 scientes

234 2265 439 2317 bonum
454 2270 501 2314 et
526 2260 734 2314 malum.
768 2255 833 2312 Et
857 2258 982 2311 vidit
1007 2258 1188 2311 mulier
1208 2256 1324 2327 quia
1351 2255 1535 2310 bonum
1560 2255 1753 2326 lignum
1779 2254 1853 2309 ad

232 2370 433 2420 escam,
456 2363 503 2406 et
524 2352 642 2422 quia
663 2351 823 2422 placet
846 2347 1005 2403 oculis
1028 2346 1214 2415 videre,
1238 2358 1282 2401 et
1306 2344 1541 2400 decorum
1563 2355 1633 2400 est
1659 2361 1846 2419 cogno-
1896 2418 1899 2419 ν

229 2462 401 2501 scere.
450 2443 518 2497 Et
545 2459 746 2497 sumens
772 2442 833 2495 de
856 2442 1026 2514 fructu
1050 2438 1161 2512 ejus
1192 2437 1297 2491 edit
1317 2480 1330 2503 ,
1375 2446 1422 2491 et
1451 2437 1590 2491 dedit
1616 2438 1721 2491 viro
1752 2453 1843 2492 suo

229 2553 413 2591 secum
438 2578 455 2603 ,
496 2544 541 2588 et
567 2533 796 2589 ederunt.
830 2530 897 2586 Et
932 2528 1098 2602 aperti
1130 2537 1249 2583 sunt
1285 2528 1420 2583 oculi
1448 2528 1708 2583 amborum
1736 2570 1751 2595 ,
1798 2538 1850 2583 et

229 2635 555 2700 agnoverunt
575 2625 692 2694 quia
708 2622 833 2678 nudi
857 2631 1019 2687 erant,
1043 2631 1089 2675 et
1110 2620 1553 2693 consueruntfolia
1577 2621 1681 2691 ﬁci,
1706 2629 1755 2675 et
1769 2625 1846 2695 fe.

229 2730 419 2776 cerunt
451 2718 546 2773 sibi
574 2716 892 2789 campestria.
926 2713 995 2769 Et
1022 2715 1289 2769 audierunt
1310 2729 1476 2768 vocem
1500 2710 1711 2767 Domini
1748 2710 1847 2769 Dei

229 2810 619 2869 deambulantis
645 2810 697 2863 in
729 2807 969 2882 paradiso
998 2806 1069 2860 ad
1094 2822 1372 2877 vesperam,
1403 2814 1448 2859 et
1473 2804 1849 2861 absconderant

227 2926 283 2963 se
316 2906 496 2961 Adam
531 2913 575 2959 et
600 2903 782 2957 mulier
818 2903 930 2975 ejus
968 2918 1004 2954 a
1035 2902 1164 2973 facie
1194 2900 1403 2954 Domini
1432 2898 1562 2964 Dei,
1596 2900 1648 2952 in
1678 2898 1841 2954 medio

227 3001 369 3074 ligni
397 2998 644 3070 paradisi.
671 2995 740 3050 Et
767 2998 957 3050 vocavit
987 2994 1234 3048 Dominus
1260 2991 1398 3048 Deus
1433 2992 1617 3061 Adam,
1642 3004 1688 3047 et
1713 2992 1847 3049 dixit

225 3092 329 3158 illi,
377 3089 479 3147 Ubi
511 3091 602 3145 es?
631 3086 695 3143 Et
726 3088 853 3141 dixit
890 3088 933 3141 ei
954 3129 967 3151 ,
1008 3083 1189 3142 Vocem
1229 3094 1365 3138 tuam
1402 3086 1571 3139 audivi
1601 3085 1845 3139 deambu-

226 3185 395 3241 lantis
424 3184 478 3238 in
503 3182 764 3255 paradiso,
786 3190 832 3235 et
856 3178 1023 3247 timui,
1050 3181 1169 3252 quia
1191 3179 1357 3233 nudus
1378 3197 1511 3246 sum,
1536 3189 1585 3233 et
1602 3178 1843 3235 abscondi

225 3296 331 3333 me.
372 3274 438 3330 Et
469 3276 593 3329 dixit
620 3272 719 3339 illi,
752 3271 877 3339 Quis
904 3272 1150 3326 nuntiavit
1179 3271 1269 3325 tibi
1291 3272 1410 3342 quia
1438 3271 1603 3326 nudus
1630 3288 1700 3338 es,
1742 3273 1838 3327 nisi

223 3387 255 3423 a
281 3370 434 3440 ligno
464 3365 598 3437 quod
622 3383 957 3437 prceceperam
986 3365 1073 3417 tibi
1095 3372 1288 3417 tantum
1311 3380 1371 3417 ne
1399 3380 1461 3416 ex
1484 3379 1541 3417 eo
1562 3364 1837 3417 manduca-

224 3481 307 3519 res
330 3504 347 3528 ,
378 3460 442 3515 ab
474 3477 531 3515 eo
560 3460 707 3514 edisti
731 3460 757 3515 ?
788 3456 853 3513 Et
886 3458 1012 3513 dixit
1040 3458 1235 3519 Adam,
1265 3454 1451 3509 Mulier
1475 3470 1627 3526 quam
1654 3456 1841 3511 dedisti

224 3570 437 3609 mecum
462 3595 479 3619 ,
512 3554 618 3606 Itwc
656 3551 783 3605 mihi
814 3551 950 3604 dedit
973 3550 1036 3603 de
1064 3549 1202 3619 ligno
1223 3589 1236 3612 ,
1264 3556 1311 3601 et
1336 3548 1436 3601 edi.
1473 3546 1537 3600 Et
1572 3548 1704 3602 dixit
1729 3548 1836 3602 Do-

222 3624 407 3701 minus
436 3642 575 3699 Deus
605 3643 822 3711 mulieri,
860 3642 992 3709 Quid
1022 3642 1113 3695 hoc
1141 3638 1341 3711 fecisti?
1368 3638 1435 3693 Et
1463 3641 1591 3695 dixit
1618 3638 1797 3694 mulier
1815 3684 1830 3709 ,

224 3740 465 3809 Serpens
493 3738 688 3792 seduxit
714 3753 791 3790 me
811 3779 826 3803 ,
873 3747 919 3789 et
947 3734 1266 3789 manducavi.
1315 3734 1378 3786 Et
1417 3732 1545 3786 dixit
1583 3730 1841 3788 Dominus

221 3832 376 3887 Deus
407 3830 645 3899 serpenti,
678 3829 807 3894 Quia
832 3827 991 3899 fecisti
1021 3826 1113 3880 hoc
1136 3868 1151 3892 ,
1181 3823 1475 3879 maledictus
1501 3834 1552 3877 tu
1582 3825 1645 3877 ab
1670 3824 1839 3878 omni-

222 3926 318 3980 bus
351 3922 634 3993 pecoribus,
667 3930 712 3974 et
739 3919 800 3972 ab
830 3918 1059 3972 omnibus
1086 3916 1271 3981 bestiis,
1295 3932 1407 3986 qute
1431 3924 1544 3970 sunt
1563 3930 1714 3987 super
1734 3926 1831 3970 ter-

220 4032 368 4070 ram.
403 4012 573 4083 Super
602 4020 770 4082 pectus
797 4020 934 4063 tuum
965 4019 1011 4063 et
1040 4018 1256 4061 ventrem
1287 4017 1425 4060 tuum
1455 4006 1751 4073 ambulabis,
1784 4018 1831 4062 et

222 4117 424 4162 terram
455 4103 567 4157 edes
598 4118 768 4156 omnes
795 4102 899 4154 dies
931 4099 1045 4153 vita:
1069 4106 1187 4152 tum.
1216 4096 1282 4152 Et
1319 4097 1608 4151 inimicitias
1644 4112 1830 4167 ponam

220 4201 366 4254 inter
391 4206 439 4250 te
468 4205 511 4249 et
536 4195 665 4248 inter
692 4193 971 4256 mulierem,
996 4200 1047 4245 et
1070 4192 1200 4244 inter
1226 4204 1393 4243 semen
1422 4199 1564 4243 tuum
1589 4198 1637 4244 et
1660 4204 1827 4245 semen

221 4292 340 4363 ejus
378 4304 397 4341 :
428 4286 537 4357 ipsa
564 4284 649 4339 tibi
677 4283 889 4339 servabit
918 4291 1071 4354 caput
1087 4325 1101 4349 ,
1128 4292 1174 4337 et
1203 4292 1257 4335 tu
1277 4280 1493 4336 servabis
1518 4282 1627 4351 ejus
1655 4282 1827 4335 calca-

221 4401 402 4440 neum.
436 4382 498 4435 Et
528 4380 724 4435 mulieri
751 4378 902 4445 dixit,
929 4377 981 4431 Μ
991 4376 1648 4447 ιιιιὶμιὶεαηδγηιτιιιὶρθῖιταὺο
1674 4376 1830 4430 tristi-

222 4483 326 4535 tias
363 4490 483 4533 tuas
497 4486 542 4532 et
571 4476 808 4549 gemitum
834 4486 992 4527 tuum.
1034 4470 1100 4525 In
1130 4472 1345 4525 tristitiis
1374 4472 1538 4542 paries
1569 4466 1702 4539 ﬁlios
1728 4512 1741 4535 ,
1781 4479 1830 4524 et

222 4574 292 4625 ad
319 4571 490 4624 virum
513 4580 655 4622 tuum
684 4566 940 4621 conversio
967 4573 1052 4617 tua
1078 4604 1091 4628 ,
1131 4572 1179 4618 et
1219 4563 1327 4631 ipse
1353 4563 1425 4614 tui
1466 4560 1825 4615 dominabitur.

218 4664 361 4719 Ada:
380 4672 549 4716 autem
575 4660 732 4725 dixit,
778 4657 910 4724 Quia
944 4657 1130 4710 audisti
1152 4673 1318 4709 vocent
1358 4656 1578 4710 mulieris
1603 4668 1703 4710 tua:
1726 4699 1739 4723 ,
1779 4665 1829 4710 et

224 4756 379 4812 edisti
409 4755 472 4808 de
497 4754 658 4825 ligno,
687 4751 749 4806 de
781 4766 877 4823 quo
918 4765 1251 4820 prazceperam
1287 4748 1375 4801 tibi
1400 4749 1462 4800 de
1495 4765 1551 4803 eo
1587 4749 1694 4802 solo
1726 4766 1825 4803 non

223 4851 400 4913 edere,
430 4847 697 4901 maledicta
728 4856 857 4898 terra
879 4843 931 4897 in
960 4840 1192 4913 operibus
1218 4841 1315 4894 tuis
1344 4856 1361 4892 :
1388 4842 1439 4893 in
1470 4840 1682 4893 tristitiis
1711 4842 1825 4895 edes

220 4945 572 4999 illumenmes
599 4936 704 4992 dies
728 4938 841 4991 vita:
875 4948 974 4990 tute
998 4951 1015 4999 ;
1045 4934 1219 5006 spinas
1248 4942 1290 4985 et
1330 4932 1535 4985 tribulos
1563 4933 1821 5003 germina-

224 5037 296 5091 bit
327 5035 419 5089 tibi
443 5076 458 5101 ,
490 5045 535 5087 et
562 5032 677 5087 edes
700 5032 872 5102 fenum
898 5027 1027 5099 agri.
1079 5024 1144 5080 In
1172 5026 1353 5081 sudore
1386 5026 1535 5098 [aciei
1580 5037 1678 5079 tua?
1710 5026 1824 5080 edes

227 5144 418 5200 panem
440 5135 601 5191 tuum,
626 5126 784 5178 donec
814 5119 1116 5174 convertaris
1144 5120 1192 5171 in
1227 5128 1441 5185 terram,
1471 5134 1533 5172 ea:
1561 5132 1659 5188 qua
1687 5132 1823 5171 sum-

230 5234 353 5290 ptus
395 5234 489 5282 es;
530 5218 648 5287 quia
687 5226 820 5269 terra
854 5229 938 5280 es,
978 5222 1023 5265 et
1052 5212 1104 5264 in
1143 5220 1327 5265 terram
1366 5208 1475 5263 ibis.
1522 5207 1590 5262 Et
1634 5209 1827 5264 vocavit

229 5310 402 5365 Adam
432 5324 613 5371 nomen
647 5305 869 5361 mulieris
907 5316 1014 5357 sum
1037 5344 1051 5368 ,
1100 5296 1217 5354 Vita
1237 5301 1259 5331 ’
1282 5342 1294 5366 ,
1338 5302 1574 5371 quoniam
1611 5300 1723 5354 lucc
1752 5308 1829 5354 est

230 5415 394 5460 mater
416 5370 638 5460 omnium
666 5398 950 5456 viventium.
976 5392 1041 5452 Et
1070 5395 1185 5468 fecit
1218 5390 1466 5449 Dominus
1492 5392 1633 5449 Deus
1661 5394 1829 5447 Adam

301 5632 485 5692 1mm,
506 5626 608 5683 ato.
653 5635 707 5679 st
743 5630 945 5692 lupam
985 5622 1207 5692 iam

298 5698 331 5728 ¹
494 5682 671 5743 nomen
685 5685 902 5752 mlieris
917 5682 1207 5752 μεσενιῆνῆ
1221 5690 1307 5743 ω,
1334 5682 1459 5752 eius.
1473 5688 1639 5752 Atlas.
1653 5691 1831 5752 omnes

231 5742 501 5811 carentibis
522 5755 703 5812 verbis,
730 5761 825 5803 Eva
841 5785 855 5810 ,
878 5748 930 5799 id
953 5753 1022 5798 est
1045 5759 1061 5796 :
1090 5758 1199 5809 tnta:
1221 5742 1315 5795 nec
1350 5745 1577 5808 leguntur
1599 5742 1727 5807 apud
1754 5746 1825 5793 m-

233 5826 485 5882 terpretcs
507 5824 633 5866 LXX.
1800 5846 1803 5847 ν

1961 1049 2009 1138 et
2035 1046 2232 1103 mulieri
2256 1054 2368 1121 eius
2389 1060 2582 1111 tunicas
2604 1067 2838 1130 perticeas
2858 1109 2872 1133 ,
2917 1078 2963 1121 et
2988 1068 3150 1125 induit
3185 1088 3285 1131 eos.
3315 1072 3387 1133 Et
3416 1076 3548 1138 dixit

1958 1135 2209 1199 Dominus
2226 1142 2365 1204 Deus
2384 1194 2397 1218 ,
2434 1150 2567 1210 Ecce
2591 1156 2756 1212 Adam
2785 1162 2948 1231 factus
2972 1172 3045 1218 est
3067 1172 3305 1239 tanquam
3329 1188 3460 1227 unus
3482 1189 3548 1231 e1:

1958 1230 2099 1287 nobis
2123 1234 2177 1289 in
2200 1248 2543 1311 cognoscendo
2573 1248 2754 1305 bonum
2785 1230 2831 1306 et
2856 1254 3061 1308 malum.
3202 1277 3332 1316 nunc
3358 1279 3421 1319 ne
3446 1266 3547 1322 ali-

1957 1325 2161 1392 quando
2181 1334 2419 1388 extendat
2444 1352 2649 1394 ntanum
2675 1357 2840 1407 suam,
2871 1354 2918 1397 et
2936 1354 3103 1399 sumat
3128 1347 3190 1401 de
3219 1350 3356 1421 ligno
3387 1355 3499 1411 vita:
3520 1401 3537 1428 ,

1958 1424 2006 1469 et
2023 1418 2139 1473 edat
2161 1465 2175 1489 ,
2218 1430 2267 1477 et
2288 1425 2418 1482 vivat
2440 1429 2491 1484 in
2517 1442 2778 1489 internum.
2810 1434 2877 1489 Et
2904 1437 3091 1493 dimisit
3124 1418 3273 1496 illuni
3294 1418 3542 1508 Dominus

1956 1510 2095 1567 Deus
2121 1516 2185 1571 de
2208 1522 2447 1608 paradiso
2473 1525 2741 1597 voluptatis
2761 1530 2962 1600 aperari
2984 1541 3188 1601 terram,
3213 1550 3390 1608 exque
3406 1556 3544 1597 sum.

1957 1613 2073 1672 ptas
2101 1616 2192 1661 est.
2218 1606 2289 1664 Et
2316 1615 2459 1682 ejecit
2487 1616 2670 1685 Adam,
2694 1628 2739 1673 et
2761 1618 3024 1676 collocavit
3044 1641 3157 1679 eum
3180 1606 3359 1684 contra
3386 1648 3543 1702 para-

1956 1693 2121 1749 disum
2145 1699 2415 1772 voluptatis
2445 1724 2464 1761 :
2492 1716 2539 1761 et
2564 1708 2817 1763 ardinavit
2842 1710 3108 1768 Clterubint
3132 1756 3147 1781 ,
3186 1726 3235 1772 et
3255 1693 3544 1791 ﬂumineam

1954 1786 2303 1860 rltompluzam
2329 1810 2441 1861 quae
2464 1798 2688 1867 vertitur,
2718 1802 2973 1858 custodire
2994 1806 3127 1861 viam
3159 1786 3284 1882 ligni
3310 1812 3440 1870 title.

2110 1881 2404 1952 Antequam
2439 1885 2593 1959 hujus
2622 1892 2907 1962 proposita:
2936 1876 3223 1971 Scriptura;
3247 1910 3446 1961 textum
3474 1924 3542 1965 cx

1954 1966 2142 2026 ordine
2182 1982 2600 2048 pertractemus,
2643 1966 3348 2059 admonendum‘arbitror,
3396 1999 3541 2067 quod

1947 2059 2057 2129 jam
2100 2076 2187 2119 me
2217 2073 2271 2121 et
2300 2068 2423 2124 alibi
2474 2070 2529 2126 in
2564 2072 2667 2128 hoc
2706 2089 2869 2145 opere
2905 2076 3120 2133 memini
3155 2059 3497 2151 prmlocntum
3520 2132 3535 2157 ,

1953 2151 2083 2244 illud
2118 2169 2146 2209 a
2189 2157 2341 2214 nobis
2385 2174 2505 2217 esse
2534 2163 2915 2236 ﬂagitandum,
2956 2179 3012 2225 ut
3050 2170 3117 2226 ad
3158 2151 3539 2244 proprietatem

1952 2243 2142 2301 litterae
2172 2247 2485 2307 defendatur
2512 2256 2655 2325 quod
2693 2267 2901 2327 gestum
2926 2271 3107 2317 narrat
3136 2243 3365 2337 ipsequi
3403 2272 3541 2325 scri-

1952 2338 2073 2404 psit.
2103 2338 2159 2394 Si
2188 2352 2367 2397 autem
2396 2344 2449 2399 in
2491 2348 2667 2403 verbis
2693 2349 2789 2405 Dei
2802 2394 2818 2415 ,
2846 2352 2929 2407 vel
2956 2354 3271 2427 cujusquam
3297 2376 3539 2430 personas

1951 2433 2005 2486 in
2050 2433 2282 2491 ofﬁcium
2325 2440 2694 2510 propheticum
2738 2456 3063 2517 assumpta,
3104 2449 3300 2508 dicitur
3340 2456 3541 2527 aliquid

1948 2528 2091 2597 quod
2130 2529 2197 2584 ad
2237 2533 2464 2589 litteram
2508 2536 2607 2591 nisi
2642 2538 2870 2596 absurde
2913 2556 3021 2597 non
3058 2546 3229 2614 possit
3273 2548 3537 2621 intelligi,

1949 2621 2133 2690 procul
2174 2624 2335 2681 dubio
2376 2630 2597 2698 ﬁgurate
2649 2628 2850 2687 dictum
2890 2635 2959 2689 ob
3000 2638 3227 2707 aliquam
3272 2642 3540 2711 significa-

1949 2714 2146 2771 tionem
2175 2720 2341 2789 accipi
2371 2720 2566 2788 dcbet;
2607 2724 2805 2780 dictum
2839 2736 3013 2783 tamen
3042 2745 3160 2786 esse
3188 2730 3433 2789 dubitare
3456 2734 3541 2793 {as

1949 2822 2053 2861 non
2086 2819 2162 2865 est
2200 2826 2212 2863 :
2249 2811 2351 2867 hoc
2381 2814 2521 2868 cnim
2549 2831 2576 2868 a
2606 2816 2708 2871 ﬁde
2736 2820 3042 2885 narratoris,
3071 2830 3125 2876 et
3156 2824 3536 2892 pollicitatione

1947 2900 2265 2969 expositoris
2291 2904 2519 2975 exigitur
2549 2905 2680 2979 (Lib.
2714 2906 2775 2974 8,
2806 2926 2851 2963 ε.
2892 2909 3033 2983 1-7).

2017 2992 2069 3047 5.
2103 2993 2265 3047 Erant
2287 3012 2413 3066 ergo
2433 2998 2579 3052 ambo
2607 3000 2733 3053 nudi
2758 3016 2783 3055 .'
2812 3016 2991 3055 verum
3017 3012 3119 3068 est,
3147 3008 3363 3061 omnino
3391 3010 3531 3066 nuda

1932 3096 2095 3161 erant
2124 3101 2347 3156 corpora
2378 3088 2602 3145 duorum
2644 3091 2917 3147 hominum
2949 3094 2998 3147 in
3034 3096 3276 3163 paradiso
3306 3114 3531 3157 conver-

1945 3180 2193 3233 santium.
2228 3178 2339 3235 Nec
2368 3180 2591 3252 pudebat
2613 3199 2695 3239 eos
2730 3200 2749 3239 :
2774 3187 2899 3257 quid
2927 3191 3069 3242 enim
3094 3190 3337 3260 puderet,
3366 3206 3535 3264 quana

1943 3266 2013 3323 do
2044 3270 2238 3325 nullam
2281 3261 2451 3345 legem
2496 3288 2773 3331 senserant
2816 3278 2871 3332 in
2920 3280 3174 3335 membris
3217 3286 3325 3337 suis
3367 3261 3531 3357 repu-

1940 3373 2189 3432 gnuntem
2236 3366 2336 3436 legi
2367 3370 2559 3423 mentis
2585 3382 2696 3425 sua:
2728 3370 2899 3444 (Rom.
2928 3388 3035 3441 vn,
3080 3373 3221 3445 23)?
3254 3390 3373 3448 qum
3412 3380 3531 3436 illos

1943 3468 2095 3523 poma
2128 3460 2331 3525 peccati
2362 3469 2481 3529 post
2502 3465 2949 3532 perpetrationem
2978 3468 3425 3534 prmvaricat'ronis
3446 3485 3532 3525 se-

1940 3558 2059 3601 cuta
2087 3560 2188 3617 cst,
2222 3560 2511 3621 usurpante
2538 3552 2891 3611 inobcdientia
2924 3558 3267 3627 prohibitum,
3298 3570 3351 3616 et
3375 3564 3539 3632 justia

1940 3639 2009 3692 tia
2041 3639 2293 3708 puniente
2320 3644 2682 3701 commissum.
2712 3645 2863 3713 Quod
2889 3660 3175 3719 antequam
3199 3651 3365 3719 ﬂeret,
3401 3654 3527 3710 trudi

1939 3740 2093 3784 erant
2133 3740 2191 3784 ut
2215 3732 2414 3788 dictum
2444 3743 2524 3789 cst
2543 3776 2558 3801 ,
2588 3746 2642 3791 et
2672 3752 2777 3792 non
2805 3738 3267 3797 confundebantur
3302 3758 3319 3796 :
3346 3746 3526 3801 nullus

1938 3831 2051 3877 erat
2096 3833 2270 3879 motus
2313 3826 2365 3879 in
2412 3842 2669 3898 corpore,
2720 3832 2805 3886 cui
2848 3836 3161 3890 verecundia
3211 3837 3525 3908 deberetur;

1912 3915 2071 4003 .nihil
2095 3915 2350 3987 putabant
2380 3919 2658 3975 velandum
2680 3963 2695 3989 ,
2728 3924 2849 3993 quia
2892 3925 3023 3980 nihil
3047 3939 3321 3983 senserant
3352 3928 3526 3987 refre-

1937 4011 2191 4064 nandum.
2242 4010 2701 4078 Quemadmodum
2744 4020 3085 4089 propagaturi
3126 4029 3308 4075 essent
3349 4021 3483 4078 ﬁlios
3508 4067 3524 4087 ,

1930 4101 2040 4173 jam
2071 4112 2225 4160 antea
2256 4104 2576 4176 disputatum
2617 4116 2699 4163 est
2740 4108 2940 4180 (Supra
2962 4153 2976 4177 ,
3014 4109 3100 4165 lib.
3131 4108 3202 4180 9,
3232 4128 3277 4166 c.
3312 4115 3469 4186 δίη)
3503 4135 3519 4172 :

1934 4211 2039 4251 non
2078 4206 2250 4253 tamen
2278 4213 2344 4253 eo
2372 4199 2531 4255 modo
2557 4201 2885 4256 credendum
2908 4212 3020 4270 est,
3062 4218 3167 4274 quo
3194 4220 3525 4279 propagare-

1934 4296 2057 4342 rt‘mt
2104 4299 2445 4361 posteaquam
2489 4293 2691 4348 crimen
2742 4295 3030 4350 admissum
3085 4296 3337 4365 praedicta
3394 4301 3527 4358 ultio

1936 4390 2219 4437 consecuta
2258 4391 2367 4447 est;
2412 4398 2533 4439 cum
2570 4387 2885 4457 priusquam
2919 4400 3291 4457 morerentur,
3322 4390 3437 4461 jam
3463 4395 3519 4450 in

1934 4487 2157 4543 corpore
2200 4472 2615 4531 inubcdiensium
2648 4477 2920 4533 hominum
2944 4479 3241 4551 justissima
3278 4484 3523 4554 recip».

1934 4573 2054 4619 cata
2118 4565 2535 4622 inobcdi'entium
2600 4570 2973 4625 ωεηὺτογπῐπ
3026 4572 3313 4628 tunmltum
3373 4588 3521 4631 mors

1934 4666 2196 4728 concepta
2246 4668 2502 4716 versaret.
2556 4658 2801 4716 Nondum
2852 4672 3009 4718 ﬂant
3056 4664 3192 4720 tales
3242 4667 3416 4721 Adam
3463 4678 3525 4724 es

1935 4750 2087 4816 Eva,
2143 4764 2265 4806 cum
2312 4752 2471 4809 ambo
2518 4753 2647 4809 nudi
2702 4766 2925 4826 essent,
2972 4766 3029 4812 et
3076 4770 3185 4813 non
3229 4760 3517 4815 confunde-

1931 4850 2133 4897 rentur.

1992 4932 2219 4990 CAPUT
2257 4934 2320 4990 ll.
2342 4960 2415 4976 ι·-
2438 4934 2705 5009 Serpentis
2732 4942 2985 5012 sapientia
3005 4944 3190 5013 qualis,
3220 4950 3277 4997 et
3296 4944 3449 4997 unde.

2002 5026 2054 5083 4.
2086 5028 2307 5101 Serpens
2340 5040 2511 5084 autem
2547 5040 2657 5086 erat
2692 5033 2761 5087 ibi
2804 5035 3225 5101 prudentissimus
3264 5035 3511 5104 quidem,

1931 5120 2029 5177 sed
2051 5122 2273 5175 omnium
2299 5124 2569 5179 bestiarum
2588 5139 2704 5197 quc:
2720 5136 2861 5180 eram
2884 5142 3036 5197 super
3057 5136 3261 5191 terram,
3288 5140 3419 5196 quae
3442 5128 3519 5195 {e-

1930 5225 2073 5271 cerat
2109 5213 2356 5273 Dominus
2400 5218 2560 5275 Deus.
2612 5220 2895 5276 Translatd
2930 5222 3079 5275 estita
3112 5221 3276 5276 vcrbo
3312 5220 3515 5279 dictum

1930 5320 2038 5376 est,
2065 5314 2500 5383 prudentissinms,
2531 5314 2617 5370 vel
2640 5314 2777 5371 situt:
2801 5315 2980 5385 plm'es
3004 5313 3150 5367 latini
3179 5314 3389 5369 cmiiees
3415 5315 3485 5371 In!
3510 5346 3516 5351 ε

1932 5402 2077 5469 bent,
2104 5406 2521 5477 sapientissimus,
2554 5420 2669 5461 non
2689 5404 3031 5476 proprioquo
3048 5405 3103 5459 in
3127 5406 3323 5460 bonum
3344 5407 3527 5478 accipi.

1932 5504 2069 5560 solet
2096 5507 2355 5576 sapientia
2384 5506 2467 5561 vel
2510 5505 2635 5569 Dei,
2681 5507 2765 5560 vel
2808 5504 3169 5577 Ausum,
3203 5505 3287 5561 vel
3322 5506 3515 5561 manu:

1932 5600 2239 5665 rationalis;
2281 5607 2529 5669 tamquam
2572 5599 2615 5653 si
2659 5600 2926 5670 sapientes
2957 5614 3087 5671 apes
3122 5601 3283 5657 etiam
3325 5599 3513 5656 formi-

1931 5708 2127 5763 casque
2151 5694 2409 5757 dicamus,
2439 5700 2655 5762 propter
2676 5706 2838 5764 opera
2860 5694 3001 5750 velut
3302 5695 3514 5765 sapiet»

1934 5790 2080 5845 tiatn.
2112 5792 2424 5860 Quanquam
2466 5788 2565 5844 istc
2601 5803 2822 5860 serpens
2863 5804 2974 5846 non
3002 5788 3293 5849 irrationali
3339 5791 3517 5845 anima
