  <div class='ocr_page' id='page_1' title='image "/cluster/home/n/w/nwhite01/storage/ocr_20150623/34/uva.x000826574/229.png"; bbox 0 0 3902 6330; ppageno 0'>
   <div class='ocr_carea' id='block_1_1' title="bbox 400 376 1991 454">
    <p class='ocr_par' dir='ltr' id='par_1_1' title="bbox 400 376 1991 454">
     <span class='ocr_line' id='line_1_1' title="bbox 400 376 1991 454; baseline -0.011 -7"><span class='ocrx_word' id='word_1_1' title='bbox 400 406 518 454; x_wconf 87' lang='lat' dir='ltr'><strong>sua,</strong></span> <span class='ocrx_word' id='word_1_2' title='bbox 550 385 643 443; x_wconf 89' lang='lat' dir='ltr'><strong>sed</strong></span> <span class='ocrx_word' id='word_1_3' title='bbox 663 385 838 441; x_wconf 87' lang='lat' dir='ltr'><strong>alieno</strong></span> <span class='ocrx_word' id='word_1_4' title='bbox 856 382 967 454; x_wconf 86' lang='lat' dir='ltr'><strong>jam</strong></span> <span class='ocrx_word' id='word_1_5' title='bbox 1001 379 1191 451; x_wconf 91' lang='lat' dir='ltr'><strong>spiritu</strong></span> <span class='ocrx_word' id='word_1_6' title='bbox 1213 419 1230 447; x_wconf 93' lang='lat'><strong>,</strong></span> <span class='ocrx_word' id='word_1_7' title='bbox 1270 377 1323 433; x_wconf 89' lang='lat' dir='ltr'><strong>id</strong></span> <span class='ocrx_word' id='word_1_8' title='bbox 1358 387 1441 433; x_wconf 88' lang='lat' dir='ltr'><strong>est</strong></span> <span class='ocrx_word' id='word_1_9' title='bbox 1464 376 1727 432; x_wconf 87' lang='lat' dir='ltr'><strong>diabolico</strong></span> <span class='ocrx_word' id='word_1_10' title='bbox 1749 415 1765 442; x_wconf 95' lang='lat'><strong>,</strong></span> <span class='ocrx_word' id='word_1_11' title='bbox 1800 382 1991 444; x_wconf 80' lang='lat' dir='ltr'><strong>posset</strong></span> 
     </span>
    </p>
   </div>
   <div class='ocr_carea' id='block_1_2' title="bbox 396 466 1991 552">
    <p class='ocr_par' dir='ltr' id='par_1_2' title="bbox 396 466 1991 552">
     <span class='ocr_line' id='line_1_2' title="bbox 396 466 1991 552; baseline -0.009 -16"><span class='ocrx_word' id='word_1_12' title='bbox 396 480 827 552; x_wconf 58' lang='lat' dir='ltr'><strong>amentissimus</strong></span> <span class='ocrx_word' id='word_1_13' title='bbox 851 476 953 532; x_wconf 86' lang='lat' dir='ltr'><strong>dici</strong></span> <span class='ocrx_word' id='word_1_14' title='bbox 980 474 1218 531; x_wconf 87' lang='lat' dir='ltr'><strong>onmium</strong></span> <span class='ocrx_word' id='word_1_15' title='bbox 1251 471 1562 527; x_wconf 78' lang='lat' dir='ltr'><strong>bestiarum.</strong></span> <span class='ocrx_word' id='word_1_16' title='bbox 1591 466 1991 538; x_wconf 84' lang='lat' dir='ltr'><strong>Quantumlibet</strong></span> 
     </span>
    </p>
   </div>
   <div class='ocr_carea' id='block_1_3' title="bbox 400 558 1988 643">
    <p class='ocr_par' dir='ltr' id='par_1_3' title="bbox 400 558 1988 643">
     <span class='ocr_line' id='line_1_3' title="bbox 400 558 1988 643; baseline -0.009 -14"><span class='ocrx_word' id='word_1_17' title='bbox 400 576 543 630; x_wconf 88' lang='lat' dir='ltr'><strong>enim</strong></span> <span class='ocrx_word' id='word_1_18' title='bbox 583 569 1016 643; x_wconf 64' lang='lat' dir='ltr'><strong>pricvaricatores</strong></span> <span class='ocrx_word' id='word_1_19' title='bbox 1053 565 1228 637; x_wconf 90' lang='lat' dir='ltr'><strong>angeli</strong></span> <span class='ocrx_word' id='word_1_20' title='bbox 1255 564 1323 620; x_wconf 89' lang='lat' dir='ltr'><strong>de</strong></span> <span class='ocrx_word' id='word_1_21' title='bbox 1345 562 1594 629; x_wconf 91' lang='lat' dir='ltr'><strong>supernis</strong></span> <span class='ocrx_word' id='word_1_22' title='bbox 1620 558 1842 615; x_wconf 84' lang='lat' dir='ltr'><strong>sedibus</strong></span> <span class='ocrx_word' id='word_1_23' title='bbox 1877 573 1988 614; x_wconf 62' lang='lat' dir='ltr'><strong>sua:</strong></span> 
     </span>
    </p>
   </div>
   <div class='ocr_carea' id='block_1_4' title="bbox 396 653 1989 742">
    <p class='ocr_par' dir='ltr' id='par_1_4' title="bbox 396 653 1989 742">
     <span class='ocr_line' id='line_1_4' title="bbox 396 653 1989 742; baseline -0.013 -17"><span class='ocrx_word' id='word_1_24' title='bbox 396 664 764 742; x_wconf 84' lang='lat' dir='ltr'><strong>perversitatis</strong></span> <span class='ocrx_word' id='word_1_25' title='bbox 790 672 845 720; x_wconf 89' lang='lat' dir='ltr'><strong>et</strong></span> <span class='ocrx_word' id='word_1_26' title='bbox 872 662 1137 733; x_wconf 74' lang='lat' dir='ltr'><strong>superbiae</strong></span> <span class='ocrx_word' id='word_1_27' title='bbox 1172 656 1365 712; x_wconf 90' lang='lat' dir='ltr'><strong>merito</strong></span> <span class='ocrx_word' id='word_1_28' title='bbox 1404 653 1596 724; x_wconf 82' lang='lat' dir='ltr'><strong>dejecti</strong></span> <span class='ocrx_word' id='word_1_29' title='bbox 1634 654 1770 720; x_wconf 90' lang='lat' dir='ltr'><strong>sint,</strong></span> <span class='ocrx_word' id='word_1_30' title='bbox 1800 660 1989 707; x_wconf 85' lang='lat' dir='ltr'><strong>natura</strong></span> 
     </span>
    </p>
   </div>
   <div class='ocr_carea' id='block_1_5' title="bbox 398 745 1987 818">
    <p class='ocr_par' dir='ltr' id='par_1_5' title="bbox 398 745 1987 818">
     <span class='ocr_line' id='line_1_5' title="bbox 398 745 1987 818; baseline -0.011 0"><span class='ocrx_word' id='word_1_31' title='bbox 398 773 578 818; x_wconf 85' lang='lat' dir='ltr'><strong>tamen</strong></span> <span class='ocrx_word' id='word_1_32' title='bbox 623 758 1032 816; x_wconf 78' lang='lat' dir='ltr'><strong>excellentiores</strong></span> <span class='ocrx_word' id='word_1_33' title='bbox 1075 759 1200 805; x_wconf 87' lang='lat' dir='ltr'><strong>sunt</strong></span> <span class='ocrx_word' id='word_1_34' title='bbox 1244 748 1490 803; x_wconf 90' lang='lat' dir='ltr'><strong>omnibus</strong></span> <span class='ocrx_word' id='word_1_35' title='bbox 1538 745 1723 801; x_wconf 79' lang='lat' dir='ltr'><strong>bestiis</strong></span> <span class='ocrx_word' id='word_1_36' title='bbox 1767 752 1987 815; x_wconf 87' lang='lat' dir='ltr'><strong>propter</strong></span> 
     </span>
    </p>
   </div>
   <div class='ocr_carea' id='block_1_6' title="bbox 394 837 1985 913">
    <p class='ocr_par' dir='ltr' id='par_1_6' title="bbox 394 837 1985 913">
     <span class='ocr_line' id='line_1_6' title="bbox 394 837 1985 913; baseline -0.013 -2"><span class='ocrx_word' id='word_1_37' title='bbox 394 854 616 911; x_wconf 84' lang='lat' dir='ltr'><strong>rationis</strong></span> <span class='ocrx_word' id='word_1_38' title='bbox 639 846 1003 905; x_wconf 85' lang='lat' dir='ltr'><strong>eminentiam.</strong></span> <span class='ocrx_word' id='word_1_39' title='bbox 1025 842 1162 910; x_wconf 90' lang='lat' dir='ltr'><strong>Quid</strong></span> <span class='ocrx_word' id='word_1_40' title='bbox 1186 856 1316 913; x_wconf 87' lang='lat' dir='ltr'><strong>ergo</strong></span> <span class='ocrx_word' id='word_1_41' title='bbox 1335 840 1528 894; x_wconf 90' lang='lat' dir='ltr'><strong>mirum</strong></span> <span class='ocrx_word' id='word_1_42' title='bbox 1551 838 1597 892; x_wconf 92' lang='lat' dir='ltr'><strong>si</strong></span> <span class='ocrx_word' id='word_1_43' title='bbox 1616 853 1714 892; x_wconf 91' lang='lat' dir='ltr'><strong>suo</strong></span> <span class='ocrx_word' id='word_1_44' title='bbox 1734 837 1985 892; x_wconf 90' lang='lat' dir='ltr'><strong>instinctu</strong></span> 
     </span>
    </p>
   </div>
   <div class='ocr_carea' id='block_1_7' title="bbox 392 930 1983 1013">
    <p class='ocr_par' dir='ltr' id='par_1_7' title="bbox 392 930 1983 1013">
     <span class='ocr_line' id='line_1_7' title="bbox 392 930 1983 1013; baseline -0.013 -11"><span class='ocrx_word' id='word_1_45' title='bbox 392 945 637 1001; x_wconf 80' lang='lat' dir='ltr'><strong>diabolus</strong></span> <span class='ocrx_word' id='word_1_46' title='bbox 657 940 767 1013; x_wconf 91' lang='lat' dir='ltr'><strong>jam</strong></span> <span class='ocrx_word' id='word_1_47' title='bbox 789 938 1016 1008; x_wconf 86' lang='lat' dir='ltr'><strong>iinplens</strong></span> <span class='ocrx_word' id='word_1_48' title='bbox 1036 942 1360 1005; x_wconf 84' lang='lat' dir='ltr'><strong>serpentem,</strong></span> <span class='ocrx_word' id='word_1_49' title='bbox 1388 932 1543 1003; x_wconf 91' lang='lat' dir='ltr'><strong>eique</strong></span> <span class='ocrx_word' id='word_1_50' title='bbox 1563 930 1807 1007; x_wconf 83' lang='lat' dir='ltr'><strong>spiritum</strong></span> <span class='ocrx_word' id='word_1_51' title='bbox 1828 944 1983 984; x_wconf 87' lang='lat' dir='ltr'><strong>suum</strong></span> 
     </span>
    </p>
   </div>
   <div class='ocr_carea' id='block_1_8' title="bbox 392 1022 1983 1102">
    <p class='ocr_par' dir='ltr' id='par_1_8' title="bbox 392 1022 1983 1102">
     <span class='ocr_line' id='line_1_8' title="bbox 392 1022 1983 1102; baseline -0.011 -7"><span class='ocrx_word' id='word_1_52' title='bbox 392 1039 647 1102; x_wconf 76' lang='lat' dir='ltr'><strong>miscens,</strong></span> <span class='ocrx_word' id='word_1_53' title='bbox 694 1049 761 1089; x_wconf 90' lang='lat' dir='ltr'><strong>eo</strong></span> <span class='ocrx_word' id='word_1_54' title='bbox 808 1047 956 1087; x_wconf 90' lang='lat' dir='ltr'><strong>more</strong></span> <span class='ocrx_word' id='word_1_55' title='bbox 1000 1045 1105 1100; x_wconf 89' lang='lat' dir='ltr'><strong>quo</strong></span> <span class='ocrx_word' id='word_1_56' title='bbox 1143 1037 1293 1081; x_wconf 90' lang='lat' dir='ltr'><strong>vates</strong></span> <span class='ocrx_word' id='word_1_57' title='bbox 1332 1024 1715 1079; x_wconf 68' lang='lat' dir='ltr'><strong>daemoniorum</strong></span> <span class='ocrx_word' id='word_1_58' title='bbox 1760 1022 1983 1092; x_wconf 86' lang='lat' dir='ltr'><strong>implere</strong></span> 
     </span>
    </p>
   </div>
   <div class='ocr_carea' id='block_1_9' title="bbox 391 1114 1982 1197">
    <p class='ocr_par' dir='ltr' id='par_1_9' title="bbox 391 1114 1982 1197">
     <span class='ocr_line' id='line_1_9' title="bbox 391 1114 1982 1197; baseline -0.01 -12"><span class='ocrx_word' id='word_1_59' title='bbox 391 1130 531 1186; x_wconf 83' lang='lat' dir='ltr'><strong>solet</strong></span> <span class='ocrx_word' id='word_1_60' title='bbox 552 1130 569 1161; x_wconf 78' lang='grc'>³</span> <span class='ocrx_word' id='word_1_61' title='bbox 592 1171 608 1196; x_wconf 91' lang='grc'><em>,</em></span> <span class='ocrx_word' id='word_1_62' title='bbox 639 1123 1092 1197; x_wconf 85' lang='lat' dir='ltr'><strong>sapientissimum</strong></span> <span class='ocrx_word' id='word_1_63' title='bbox 1120 1135 1242 1174; x_wconf 90' lang='lat' dir='ltr'><strong>eum</strong></span> <span class='ocrx_word' id='word_1_64' title='bbox 1282 1116 1588 1173; x_wconf 81' lang='lat' dir='ltr'><strong>reddiderat</strong></span> <span class='ocrx_word' id='word_1_65' title='bbox 1621 1115 1859 1170; x_wconf 90' lang='lat' dir='ltr'><strong>omnium</strong></span> <span class='ocrx_word' id='word_1_66' title='bbox 1890 1114 1982 1170; x_wconf 72' lang='lat' dir='ltr'><strong>lie-</strong></span> 
     </span>
    </p>
   </div>
   <div class='ocr_carea' id='block_1_10' title="bbox 391 1204 1982 1277">
    <p class='ocr_par' dir='ltr' id='par_1_10' title="bbox 391 1204 1982 1277">
     <span class='ocr_line' id='line_1_10' title="bbox 391 1204 1982 1277; baseline -0.011 0"><span class='ocrx_word' id='word_1_67' title='bbox 391 1223 615 1277; x_wconf 86' lang='lat' dir='ltr'><strong>stiarum</strong></span> <span class='ocrx_word' id='word_1_68' title='bbox 662 1214 954 1273; x_wconf 78' lang='lat' dir='ltr'><strong>secundum</strong></span> <span class='ocrx_word' id='word_1_69' title='bbox 1008 1212 1238 1266; x_wconf 89' lang='lat' dir='ltr'><strong>animam</strong></span> <span class='ocrx_word' id='word_1_70' title='bbox 1290 1209 1461 1262; x_wconf 88' lang='lat' dir='ltr'><strong>vivam</strong></span> <span class='ocrx_word' id='word_1_71' title='bbox 1511 1204 1982 1275; x_wconf 87' lang='lat' dir='ltr'><strong>irrationalemque</strong></span> 
     </span>
    </p>
   </div>
   <div class='ocr_carea' id='block_1_11' title="bbox 388 1298 1981 1374">
    <p class='ocr_par' dir='ltr' id='par_1_11' title="bbox 388 1298 1981 1374">
     <span class='ocr_line' id='line_1_11' title="bbox 388 1298 1981 1374; baseline -0.011 -5"><span class='ocrx_word' id='word_1_72' title='bbox 388 1311 723 1369; x_wconf 75' lang='lat' dir='ltr'><strong>viventium?</strong></span> <span class='ocrx_word' id='word_1_73' title='bbox 763 1306 1036 1361; x_wconf 82' lang='lat' dir='ltr'><strong>Abusione</strong></span> <span class='ocrx_word' id='word_1_74' title='bbox 1082 1307 1279 1374; x_wconf 86' lang='lat' dir='ltr'><strong>quippe</strong></span> <span class='ocrx_word' id='word_1_75' title='bbox 1328 1300 1561 1355; x_wconf 87' lang='lat' dir='ltr'><strong>nominis</strong></span> <span class='ocrx_word' id='word_1_76' title='bbox 1602 1299 1673 1352; x_wconf 86' lang='lat' dir='ltr'><strong>ita</strong></span> <span class='ocrx_word' id='word_1_77' title='bbox 1720 1298 1981 1367; x_wconf 82' lang='lat' dir='ltr'><strong>sapientia</strong></span> 
     </span>
    </p>
   </div>
   <div class='ocr_carea' id='block_1_12' title="bbox 388 1390 1978 1467">
    <p class='ocr_par' dir='ltr' id='par_1_12' title="bbox 388 1390 1978 1467">
     <span class='ocr_line' id='line_1_12' title="bbox 388 1390 1978 1467; baseline -0.013 -6"><span class='ocrx_word' id='word_1_78' title='bbox 388 1404 583 1461; x_wconf 90' lang='lat' dir='ltr'><strong>dicitur</strong></span> <span class='ocrx_word' id='word_1_79' title='bbox 610 1402 661 1455; x_wconf 91' lang='lat' dir='ltr'><strong>in</strong></span> <span class='ocrx_word' id='word_1_80' title='bbox 685 1400 847 1465; x_wconf 87' lang='lat' dir='ltr'><strong>malo,</strong></span> <span class='ocrx_word' id='word_1_81' title='bbox 874 1392 1320 1467; x_wconf 85' lang='lat' dir='ltr'><strong>quemadmodum</strong></span> <span class='ocrx_word' id='word_1_82' title='bbox 1350 1393 1400 1445; x_wconf 91' lang='lat' dir='ltr'><strong>in</strong></span> <span class='ocrx_word' id='word_1_83' title='bbox 1434 1392 1573 1446; x_wconf 90' lang='lat' dir='ltr'><strong>bono</strong></span> <span class='ocrx_word' id='word_1_84' title='bbox 1596 1390 1789 1444; x_wconf 85' lang='lat' dir='ltr'><strong>astutia</strong></span> <span class='ocrx_word' id='word_1_85' title='bbox 1813 1404 1829 1455; x_wconf 88' lang='lat'><strong>;</strong></span> <span class='ocrx_word' id='word_1_86' title='bbox 1857 1403 1978 1444; x_wconf 88' lang='lat' dir='ltr'><strong>cum</strong></span> 
     </span>
    </p>
   </div>
   <div class='ocr_carea' id='block_1_13' title="bbox 386 1483 1981 1571">
    <p class='ocr_par' dir='ltr' id='par_1_13' title="bbox 386 1483 1981 1571">
     <span class='ocr_line' id='line_1_13' title="bbox 386 1483 1981 1571; baseline -0.01 -18"><span class='ocrx_word' id='word_1_87' title='bbox 386 1496 604 1571; x_wconf 79' lang='lat' dir='ltr'><strong>proprie</strong></span> <span class='ocrx_word' id='word_1_88' title='bbox 628 1494 903 1563; x_wconf 87' lang='lat' dir='ltr'><strong>magisque</strong></span> <span class='ocrx_word' id='word_1_89' title='bbox 922 1492 1117 1546; x_wconf 88' lang='lat' dir='ltr'><strong>usitate</strong></span> <span class='ocrx_word' id='word_1_90' title='bbox 1142 1489 1194 1543; x_wconf 90' lang='lat' dir='ltr'><strong>in</strong></span> <span class='ocrx_word' id='word_1_91' title='bbox 1218 1488 1377 1542; x_wconf 86' lang='lat' dir='ltr'><strong>latina</strong></span> <span class='ocrx_word' id='word_1_92' title='bbox 1402 1485 1660 1540; x_wconf 83' lang='lat' dir='ltr'><strong>duntaxat</strong></span> <span class='ocrx_word' id='word_1_93' title='bbox 1690 1483 1868 1553; x_wconf 82' lang='lat' dir='ltr'><strong>lingua</strong></span> <span class='ocrx_word' id='word_1_94' title='bbox 1895 1498 1981 1537; x_wconf 87' lang='lat' dir='ltr'><strong>sa-</strong></span> 
     </span>
    </p>
   </div>
   <div class='ocr_carea' id='block_1_14' title="bbox 388 1575 1980 1661">
    <p class='ocr_par' dir='ltr' id='par_1_14' title="bbox 388 1575 1980 1661">
     <span class='ocr_line' id='line_1_14' title="bbox 388 1575 1980 1661; baseline -0.009 -16"><span class='ocrx_word' id='word_1_95' title='bbox 388 1592 596 1661; x_wconf 88' lang='lat' dir='ltr'><strong>pientes</strong></span> <span class='ocrx_word' id='word_1_96' title='bbox 635 1585 972 1641; x_wconf 89' lang='lat' dir='ltr'><strong>laudabiliter</strong></span> <span class='ocrx_word' id='word_1_97' title='bbox 996 1581 1367 1651; x_wconf 83' lang='lat' dir='ltr'><strong>appellentur,</strong></span> <span class='ocrx_word' id='word_1_98' title='bbox 1410 1577 1570 1633; x_wconf 85' lang='lat' dir='ltr'><strong>astuti</strong></span> <span class='ocrx_word' id='word_1_99' title='bbox 1616 1585 1794 1630; x_wconf 89' lang='lat' dir='ltr'><strong>autem</strong></span> <span class='ocrx_word' id='word_1_100' title='bbox 1838 1575 1980 1631; x_wconf 90' lang='lat' dir='ltr'><strong>male</strong></span> 
     </span>
    </p>
   </div>
   <div class='ocr_carea' id='block_1_15' title="bbox 385 1671 1980 1748">
    <p class='ocr_par' dir='ltr' id='par_1_15' title="bbox 385 1671 1980 1748">
     <span class='ocr_line' id='line_1_15' title="bbox 385 1671 1980 1748; baseline -0.01 -8"><span class='ocrx_word' id='word_1_101' title='bbox 385 1681 593 1740; x_wconf 85' lang='lat' dir='ltr'><strong>cordati</strong></span> <span class='ocrx_word' id='word_1_102' title='bbox 624 1678 1007 1748; x_wconf 87' lang='lat' dir='ltr'><strong>intelligantur.</strong></span> <span class='ocrx_word' id='word_1_103' title='bbox 1044 1673 1195 1730; x_wconf 92' lang='lat' dir='ltr'><strong>Unde</strong></span> <span class='ocrx_word' id='word_1_104' title='bbox 1224 1674 1467 1729; x_wconf 87' lang='lat' dir='ltr'><strong>nonnulli</strong></span> <span class='ocrx_word' id='word_1_105' title='bbox 1489 1716 1503 1740; x_wconf 94' lang='lat'><strong>,</strong></span> <span class='ocrx_word' id='word_1_106' title='bbox 1532 1674 1672 1729; x_wconf 90' lang='lat' dir='ltr'><strong>sicut</strong></span> <span class='ocrx_word' id='word_1_107' title='bbox 1710 1674 1760 1727; x_wconf 90' lang='lat' dir='ltr'><strong>in</strong></span> <span class='ocrx_word' id='word_1_108' title='bbox 1792 1671 1980 1741; x_wconf 84' lang='lat' dir='ltr'><strong>pleris-</strong></span> 
     </span>
    </p>
   </div>
   <div class='ocr_carea' id='block_1_16' title="bbox 385 1761 1974 1845">
    <p class='ocr_par' dir='ltr' id='par_1_16' title="bbox 385 1761 1974 1845">
     <span class='ocr_line' id='line_1_16' title="bbox 385 1761 1974 1845; baseline -0.008 -16"><span class='ocrx_word' id='word_1_109' title='bbox 385 1789 491 1845; x_wconf 87' lang='lat' dir='ltr'><strong>que</strong></span> <span class='ocrx_word' id='word_1_110' title='bbox 520 1770 794 1827; x_wconf 85' lang='lat' dir='ltr'><strong>codicibus</strong></span> <span class='ocrx_word' id='word_1_111' title='bbox 824 1766 1146 1832; x_wconf 80' lang='lat' dir='ltr'><strong>invenimus,</strong></span> <span class='ocrx_word' id='word_1_112' title='bbox 1179 1764 1243 1818; x_wconf 88' lang='lat' dir='ltr'><strong>ad</strong></span> <span class='ocrx_word' id='word_1_113' title='bbox 1274 1780 1426 1818; x_wconf 83' lang='lat' dir='ltr'><strong>usum</strong></span> <span class='ocrx_word' id='word_1_114' title='bbox 1458 1765 1634 1819; x_wconf 79' lang='lat' dir='ltr'><strong>latina:</strong></span> <span class='ocrx_word' id='word_1_115' title='bbox 1662 1761 1974 1830; x_wconf 90' lang='lat' dir='ltr'><strong>locutionis,</strong></span> 
     </span>
    </p>
   </div>
   <div class='ocr_carea' id='block_1_17' title="bbox 385 1855 1972 1928">
    <p class='ocr_par' dir='ltr' id='par_1_17' title="bbox 385 1855 1972 1928">
     <span class='ocr_line' id='line_1_17' title="bbox 385 1855 1972 1928; baseline -0.008 -9"><span class='ocrx_word' id='word_1_116' title='bbox 385 1881 493 1920; x_wconf 87' lang='lat' dir='ltr'><strong>non</strong></span> <span class='ocrx_word' id='word_1_117' title='bbox 523 1861 786 1926; x_wconf 80' lang='lat' dir='ltr'><strong>verbum,</strong></span> <span class='ocrx_word' id='word_1_118' title='bbox 832 1857 927 1913; x_wconf 82' lang='lat' dir='ltr'><strong>sed</strong></span> <span class='ocrx_word' id='word_1_119' title='bbox 968 1857 1145 1928; x_wconf 85' lang='lat' dir='ltr'><strong>petitis</strong></span> <span class='ocrx_word' id='word_1_120' title='bbox 1192 1857 1510 1911; x_wconf 75' lang='lat' dir='ltr'><strong>sententiam</strong></span> <span class='ocrx_word' id='word_1_121' title='bbox 1555 1855 1972 1920; x_wconf 82' lang='lat' dir='ltr'><strong>transferentes,</strong></span> 
     </span>
    </p>
   </div>
   <div class='ocr_carea' id='block_1_18' title="bbox 384 1948 1976 2017">
    <p class='ocr_par' dir='ltr' id='par_1_18' title="bbox 384 1948 1976 2017">
     <span class='ocr_line' id='line_1_18' title="bbox 384 1948 1976 2017; baseline -0.009 -4"><span class='ocrx_word' id='word_1_122' title='bbox 384 1955 698 2013; x_wconf 72' lang='lat' dir='ltr'><strong>astutiorem</strong></span> <span class='ocrx_word' id='word_1_123' title='bbox 729 1949 977 2007; x_wconf 88' lang='lat' dir='ltr'><strong>omnibus</strong></span> <span class='ocrx_word' id='word_1_124' title='bbox 1016 1948 1200 2005; x_wconf 87' lang='lat' dir='ltr'><strong>bestiis</strong></span> <span class='ocrx_word' id='word_1_125' title='bbox 1231 1948 1389 2002; x_wconf 91' lang='lat' dir='ltr'><strong>istum</strong></span> <span class='ocrx_word' id='word_1_126' title='bbox 1430 1956 1733 2016; x_wconf 91' lang='lat' dir='ltr'><strong>serpentem</strong></span> <span class='ocrx_word' id='word_1_127' title='bbox 1755 1988 1770 2012; x_wconf 90' lang='lat'><strong>,</strong></span> <span class='ocrx_word' id='word_1_128' title='bbox 1817 1960 1976 2017; x_wconf 91' lang='lat' dir='ltr'><strong>quam</strong></span> 
     </span>
    </p>
   </div>
   <div class='ocr_carea' id='block_1_19' title="bbox 382 2038 1980 2120">
    <p class='ocr_par' dir='ltr' id='par_1_19' title="bbox 382 2038 1980 2120">
     <span class='ocr_line' id='line_1_19' title="bbox 382 2038 1980 2120; baseline -0.009 -15"><span class='ocrx_word' id='word_1_129' title='bbox 382 2047 758 2120; x_wconf 86' lang='lat' dir='ltr'><strong>sapientiorem</strong></span> <span class='ocrx_word' id='word_1_130' title='bbox 807 2042 988 2098; x_wconf 85' lang='lat' dir='ltr'><strong>dicere</strong></span> <span class='ocrx_word' id='word_1_131' title='bbox 1019 2041 1338 2095; x_wconf 87' lang='lat' dir='ltr'><strong>maluerunt.</strong></span> <span class='ocrx_word' id='word_1_132' title='bbox 1385 2038 1522 2107; x_wconf 83' lang='lat' dir='ltr'><strong>Quid</strong></span> <span class='ocrx_word' id='word_1_133' title='bbox 1567 2049 1744 2094; x_wconf 88' lang='lat' dir='ltr'><strong>autem</strong></span> <span class='ocrx_word' id='word_1_134' title='bbox 1786 2038 1980 2093; x_wconf 79' lang='lat' dir='ltr'><strong>habeat</strong></span> 
     </span>
    </p>
   </div>
   <div class='ocr_carea' id='block_1_20' title="bbox 381 2130 1973 2205">
    <p class='ocr_par' dir='ltr' id='par_1_20' title="bbox 381 2130 1973 2205">
     <span class='ocr_line' id='line_1_20' title="bbox 381 2130 1973 2205; baseline -0.008 -9"><span class='ocrx_word' id='word_1_135' title='bbox 381 2140 595 2196; x_wconf 67' lang='lat' dir='ltr'><strong>ltebrala</strong></span> <span class='ocrx_word' id='word_1_136' title='bbox 622 2136 942 2205; x_wconf 85' lang='lat' dir='ltr'><strong>proprietas,</strong></span> <span class='ocrx_word' id='word_1_137' title='bbox 971 2142 1149 2187; x_wconf 88' lang='lat' dir='ltr'><strong>utrum</strong></span> <span class='ocrx_word' id='word_1_138' title='bbox 1178 2131 1287 2186; x_wconf 90' lang='lat' dir='ltr'><strong>illic</strong></span> <span class='ocrx_word' id='word_1_139' title='bbox 1314 2131 1366 2185; x_wconf 91' lang='lat' dir='ltr'><strong>in</strong></span> <span class='ocrx_word' id='word_1_140' title='bbox 1398 2131 1559 2195; x_wconf 89' lang='lat' dir='ltr'><strong>malo,</strong></span> <span class='ocrx_word' id='word_1_141' title='bbox 1594 2146 1698 2184; x_wconf 89' lang='lat' dir='ltr'><strong>non</strong></span> <span class='ocrx_word' id='word_1_142' title='bbox 1724 2130 1973 2198; x_wconf 71' lang='lat' dir='ltr'><strong>abusive,</strong></span> 
     </span>
    </p>
   </div>
   <div class='ocr_carea' id='block_1_21' title="bbox 380 2221 1980 2306">
    <p class='ocr_par' dir='ltr' id='par_1_21' title="bbox 380 2221 1980 2306">
     <span class='ocr_line' id='line_1_21' title="bbox 380 2221 1980 2306; baseline -0.008 -18"><span class='ocrx_word' id='word_1_143' title='bbox 380 2230 476 2288; x_wconf 89' lang='lat' dir='ltr'><strong>sed</strong></span> <span class='ocrx_word' id='word_1_144' title='bbox 512 2229 728 2301; x_wconf 85' lang='lat' dir='ltr'><strong>proprie</strong></span> <span class='ocrx_word' id='word_1_145' title='bbox 757 2227 961 2297; x_wconf 89' lang='lat' dir='ltr'><strong>possint</strong></span> <span class='ocrx_word' id='word_1_146' title='bbox 990 2225 1095 2280; x_wconf 89' lang='lat' dir='ltr'><strong>dici</strong></span> <span class='ocrx_word' id='word_1_147' title='bbox 1126 2234 1180 2278; x_wconf 89' lang='lat' dir='ltr'><strong>et</strong></span> <span class='ocrx_word' id='word_1_148' title='bbox 1221 2222 1443 2293; x_wconf 86' lang='lat' dir='ltr'><strong>intelligi</strong></span> <span class='ocrx_word' id='word_1_149' title='bbox 1480 2222 1783 2306; x_wconf 67' lang='lat' dir='ltr'><strong>sapientes,</strong></span> <span class='ocrx_word' id='word_1_150' title='bbox 1829 2221 1980 2277; x_wconf 87' lang='lat' dir='ltr'><strong>vide-</strong></span> 
     </span>
    </p>
   </div>
   <div class='ocr_carea' id='block_1_22' title="bbox 379 2314 1974 2392">
    <p class='ocr_par' dir='ltr' id='par_1_22' title="bbox 379 2314 1974 2392">
     <span class='ocr_line' id='line_1_22' title="bbox 379 2314 1974 2392; baseline -0.006 -13"><span class='ocrx_word' id='word_1_151' title='bbox 379 2324 490 2379; x_wconf 88' lang='lat' dir='ltr'><strong>rint</strong></span> <span class='ocrx_word' id='word_1_152' title='bbox 526 2320 614 2392; x_wconf 90' lang='lat' dir='ltr'><strong>qui</strong></span> <span class='ocrx_word' id='word_1_153' title='bbox 646 2335 764 2375; x_wconf 89' lang='lat' dir='ltr'><strong>eam</strong></span> <span class='ocrx_word' id='word_1_154' title='bbox 794 2318 960 2387; x_wconf 82' lang='lat' dir='ltr'><strong>probe</strong></span> <span class='ocrx_word' id='word_1_155' title='bbox 996 2325 1276 2371; x_wconf 90' lang='lat' dir='ltr'><strong>noverunt.</strong></span> <span class='ocrx_word' id='word_1_156' title='bbox 1321 2314 1428 2370; x_wconf 85' lang='lat' dir='ltr'><strong>N0s</strong></span> <span class='ocrx_word' id='word_1_157' title='bbox 1460 2325 1635 2369; x_wconf 89' lang='lat' dir='ltr'><strong>tamen</strong></span> <span class='ocrx_word' id='word_1_158' title='bbox 1675 2322 1860 2384; x_wconf 86' lang='lat' dir='ltr'><strong>aperte</strong></span> <span class='ocrx_word' id='word_1_159' title='bbox 1895 2314 1974 2370; x_wconf 90' lang='lat' dir='ltr'><strong>le-</strong></span> 
     </span>
    </p>
   </div>
   <div class='ocr_carea' id='block_1_23' title="bbox 379 2405 1974 2489">
    <p class='ocr_par' dir='ltr' id='par_1_23' title="bbox 379 2405 1974 2489">
     <span class='ocr_line' id='line_1_23' title="bbox 379 2405 1974 2489; baseline -0.006 -19"><span class='ocrx_word' id='word_1_160' title='bbox 379 2418 554 2489; x_wconf 79' lang='lat' dir='ltr'><strong>gimus</strong></span> <span class='ocrx_word' id='word_1_161' title='bbox 579 2412 685 2467; x_wconf 91' lang='lat' dir='ltr'><strong>alio</strong></span> <span class='ocrx_word' id='word_1_162' title='bbox 713 2410 1113 2479; x_wconf 83' lang='lat' dir='ltr'><strong>Scripturarum</strong></span> <span class='ocrx_word' id='word_1_163' title='bbox 1140 2418 1445 2462; x_wconf 78' lang='lat' dir='ltr'><strong>sanctarum</strong></span> <span class='ocrx_word' id='word_1_164' title='bbox 1474 2406 1589 2462; x_wconf 91' lang='lat' dir='ltr'><strong>loco</strong></span> <span class='ocrx_word' id='word_1_165' title='bbox 1617 2406 1888 2475; x_wconf 76' lang='lat' dir='ltr'><strong>sapientes</strong></span> <span class='ocrx_word' id='word_1_166' title='bbox 1907 2405 1974 2461; x_wconf 88' lang='lat' dir='ltr'><strong>ad</strong></span> 
     </span>
    </p>
   </div>
   <div class='ocr_carea' id='block_1_24' title="bbox 377 2498 1975 2575">
    <p class='ocr_par' dir='ltr' id='par_1_24' title="bbox 377 2498 1975 2575">
     <span class='ocr_line' id='line_1_24' title="bbox 377 2498 1975 2575; baseline -0.007 -12"><span class='ocrx_word' id='word_1_167' title='bbox 377 2508 609 2575; x_wconf 82' lang='lat' dir='ltr'><strong>malum,</strong></span> <span class='ocrx_word' id='word_1_168' title='bbox 636 2518 743 2560; x_wconf 90' lang='lat' dir='ltr'><strong>non</strong></span> <span class='ocrx_word' id='word_1_169' title='bbox 769 2502 837 2557; x_wconf 89' lang='lat' dir='ltr'><strong>ad</strong></span> <span class='ocrx_word' id='word_1_170' title='bbox 864 2502 1065 2557; x_wconf 88' lang='lat' dir='ltr'><strong>bonum</strong></span> <span class='ocrx_word' id='word_1_171' title='bbox 1088 2498 1301 2571; x_wconf 74' lang='lat' dir='ltr'><strong>(larem.</strong></span> <span class='ocrx_word' id='word_1_172' title='bbox 1328 2514 1385 2554; x_wconf 84' lang='lat' dir='ltr'><strong>tv</strong></span> <span class='ocrx_word' id='word_1_173' title='bbox 1408 2540 1424 2565; x_wconf 91' lang='lat'><strong>,</strong></span> <span class='ocrx_word' id='word_1_174' title='bbox 1464 2498 1596 2570; x_wconf 68' lang='lat'><strong>22);</strong></span> <span class='ocrx_word' id='word_1_175' title='bbox 1636 2510 1689 2553; x_wconf 88' lang='lat' dir='ltr'><strong>et</strong></span> <span class='ocrx_word' id='word_1_176' title='bbox 1716 2498 1975 2553; x_wconf 89' lang='lat' dir='ltr'><strong>Dominus</strong></span> 
     </span>
    </p>
   </div>
   <div class='ocr_carea' id='block_1_25' title="bbox 377 2591 1971 2669">
    <p class='ocr_par' dir='ltr' id='par_1_25' title="bbox 377 2591 1971 2669">
     <span class='ocr_line' id='line_1_25' title="bbox 377 2591 1971 2669; baseline -0.008 -12"><span class='ocrx_word' id='word_1_177' title='bbox 377 2599 507 2657; x_wconf 89' lang='lat' dir='ltr'><strong>dicit</strong></span> <span class='ocrx_word' id='word_1_178' title='bbox 532 2597 885 2669; x_wconf 85' lang='lat' dir='ltr'><strong>sapientiores</strong></span> <span class='ocrx_word' id='word_1_179' title='bbox 913 2609 1034 2649; x_wconf 88' lang='lat' dir='ltr'><strong>esse</strong></span> <span class='ocrx_word' id='word_1_180' title='bbox 1060 2593 1196 2647; x_wconf 83' lang='lat' dir='ltr'><strong>filios</strong></span> <span class='ocrx_word' id='word_1_181' title='bbox 1222 2591 1405 2649; x_wconf 67' lang='lat' dir='ltr'><strong>saeculi</strong></span> <span class='ocrx_word' id='word_1_182' title='bbox 1435 2592 1557 2647; x_wconf 85' lang='lat' dir='ltr'><strong>filiis</strong></span> <span class='ocrx_word' id='word_1_183' title='bbox 1581 2592 1731 2658; x_wconf 89' lang='lat' dir='ltr'><strong>lucis,</strong></span> <span class='ocrx_word' id='word_1_184' title='bbox 1754 2591 1821 2646; x_wconf 87' lang='lat' dir='ltr'><strong>ad</strong></span> <span class='ocrx_word' id='word_1_185' title='bbox 1840 2605 1971 2648; x_wconf 89' lang='lat' dir='ltr'><strong>con-</strong></span> 
     </span>
    </p>
   </div>
   <div class='ocr_carea' id='block_1_26' title="bbox 375 2682 1972 2757">
    <p class='ocr_par' dir='ltr' id='par_1_26' title="bbox 375 2682 1972 2757">
     <span class='ocr_line' id='line_1_26' title="bbox 375 2682 1972 2757; baseline -0.006 -8"><span class='ocrx_word' id='word_1_186' title='bbox 375 2690 660 2749; x_wconf 84' lang='lat' dir='ltr'><strong>suleudum</strong></span> <span class='ocrx_word' id='word_1_187' title='bbox 687 2689 904 2744; x_wconf 89' lang='lat' dir='ltr'><strong>sibimet</strong></span> <span class='ocrx_word' id='word_1_188' title='bbox 932 2687 985 2741; x_wconf 89' lang='lat' dir='ltr'><strong>in</strong></span> <span class='ocrx_word' id='word_1_189' title='bbox 1026 2696 1301 2757; x_wconf 88' lang='lat' dir='ltr'><strong>posterum</strong></span> <span class='ocrx_word' id='word_1_190' title='bbox 1330 2685 1574 2756; x_wconf 81' lang='lat' dir='ltr'><strong>quamvis</strong></span> <span class='ocrx_word' id='word_1_191' title='bbox 1611 2682 1830 2754; x_wconf 79' lang='lat' dir='ltr'><strong>fraude,</strong></span> <span class='ocrx_word' id='word_1_192' title='bbox 1864 2700 1972 2740; x_wconf 90' lang='lat' dir='ltr'><strong>non</strong></span> 
     </span>
    </p>
   </div>
   <div class='ocr_carea' id='block_1_27' title="bbox 371 2778 938 2855">
    <p class='ocr_par' dir='ltr' id='par_1_27' title="bbox 371 2778 938 2855">
     <span class='ocr_line' id='line_1_27' title="bbox 371 2778 938 2855; baseline -0.009 -17"><span class='ocrx_word' id='word_1_193' title='bbox 371 2784 494 2854; x_wconf 87' lang='lat' dir='ltr'><strong>jure</strong></span> <span class='ocrx_word' id='word_1_194' title='bbox 524 2781 676 2855; x_wconf 87' lang='lat' dir='ltr'><strong>(Luc.</strong></span> <span class='ocrx_word' id='word_1_195' title='bbox 701 2795 796 2835; x_wconf 76' lang='lat' dir='ltr'><strong>xvr</strong></span> <span class='ocrx_word' id='word_1_196' title='bbox 814 2819 831 2846; x_wconf 91' lang='lat'><strong>,</strong></span> <span class='ocrx_word' id='word_1_197' title='bbox 857 2778 938 2850; x_wconf 88' lang='lat'><strong>8).</strong></span> 
     </span>
    </p>
   </div>
   <div class='ocr_carea' id='block_1_28' title="bbox 377 2867 1974 2939">
    <p class='ocr_par' dir='ltr' id='par_1_28' title="bbox 377 2867 1974 2939">
     <span class='ocr_line' id='line_1_28' title="bbox 377 2867 1974 2939; baseline -0.004 -9"><span class='ocrx_word' id='word_1_198' title='bbox 377 2872 605 2929; x_wconf 83' lang='lat' dir='ltr'><strong>CAPUT</strong></span> <span class='ocrx_word' id='word_1_199' title='bbox 644 2870 731 2926; x_wconf 86' lang='lat' dir='ltr'><strong>Ill.</strong></span> <span class='ocrx_word' id='word_1_200' title='bbox 750 2899 821 2910; x_wconf 89' lang='lat'><strong>—</strong></span> <span class='ocrx_word' id='word_1_201' title='bbox 844 2867 1094 2922; x_wconf 79' lang='lat' dir='ltr'><strong>Diabolus</strong></span> <span class='ocrx_word' id='word_1_202' title='bbox 1120 2867 1321 2922; x_wconf 77' lang='lat' dir='ltr'><strong>nonnisi</strong></span> <span class='ocrx_word' id='word_1_203' title='bbox 1354 2884 1446 2933; x_wconf 82' lang='lat' dir='ltr'><strong>per</strong></span> <span class='ocrx_word' id='word_1_204' title='bbox 1474 2877 1755 2939; x_wconf 74' lang='lat' dir='ltr'><strong>serpentem</strong></span> <span class='ocrx_word' id='word_1_205' title='bbox 1784 2877 1974 2924; x_wconf 86' lang='lat' dir='ltr'><strong>tentare</strong></span> 
     </span>
    </p>
   </div>
   <div class='ocr_carea' id='block_1_29' title="bbox 1019 2960 1313 3030">
    <p class='ocr_par' dir='ltr' id='par_1_29' title="bbox 1019 2960 1313 3030">
     <span class='ocr_line' id='line_1_29' title="bbox 1019 2960 1313 3030; baseline 0.003 -17"><span class='ocrx_word' id='word_1_206' title='bbox 1019 2960 1313 3030; x_wconf 80' lang='lat' dir='ltr'><strong>permissus.</strong></span> 
     </span>
    </p>
   </div>
   <div class='ocr_carea' id='block_1_30' title="bbox 450 3048 1967 3120">
    <p class='ocr_par' dir='ltr' id='par_1_30' title="bbox 450 3048 1967 3120">
     <span class='ocr_line' id='line_1_30' title="bbox 450 3048 1967 3120; baseline -0.003 -10"><span class='ocrx_word' id='word_1_207' title='bbox 450 3055 504 3110; x_wconf 82' lang='lat'><strong>5.</strong></span> <span class='ocrx_word' id='word_1_208' title='bbox 544 3052 655 3109; x_wconf 84' lang='lat' dir='ltr'><strong>Nec</strong></span> <span class='ocrx_word' id='word_1_209' title='bbox 680 3065 808 3106; x_wconf 88' lang='lat' dir='ltr'><strong>sane</strong></span> <span class='ocrx_word' id='word_1_210' title='bbox 834 3049 1091 3105; x_wconf 86' lang='lat' dir='ltr'><strong>debemus</strong></span> <span class='ocrx_word' id='word_1_211' title='bbox 1117 3049 1326 3119; x_wconf 89' lang='lat' dir='ltr'><strong>opinari</strong></span> <span class='ocrx_word' id='word_1_212' title='bbox 1348 3048 1487 3119; x_wconf 89' lang='lat' dir='ltr'><strong>quod</strong></span> <span class='ocrx_word' id='word_1_213' title='bbox 1514 3059 1817 3120; x_wconf 84' lang='lat' dir='ltr'><strong>serpentem</strong></span> <span class='ocrx_word' id='word_1_214' title='bbox 1846 3051 1967 3120; x_wconf 91' lang='lat' dir='ltr'><strong>sibi,</strong></span> 
     </span>
    </p>
   </div>
   <div class='ocr_carea' id='block_1_31' title="bbox 373 3140 1970 3222">
    <p class='ocr_par' dir='ltr' id='par_1_31' title="bbox 373 3140 1970 3222">
     <span class='ocr_line' id='line_1_31' title="bbox 373 3140 1970 3222; baseline -0.003 -18"><span class='ocrx_word' id='word_1_215' title='bbox 373 3162 472 3222; x_wconf 85' lang='lat' dir='ltr'><strong>per</strong></span> <span class='ocrx_word' id='word_1_216' title='bbox 490 3159 647 3217; x_wconf 88' lang='lat' dir='ltr'><strong>quem</strong></span> <span class='ocrx_word' id='word_1_217' title='bbox 671 3152 902 3198; x_wconf 83' lang='lat' dir='ltr'><strong>tentaret</strong></span> <span class='ocrx_word' id='word_1_218' title='bbox 931 3140 1379 3212; x_wconf 86' lang='lat' dir='ltr'><strong>persuaderetque</strong></span> <span class='ocrx_word' id='word_1_219' title='bbox 1408 3152 1705 3211; x_wconf 88' lang='lat' dir='ltr'><strong>peccatum,</strong></span> <span class='ocrx_word' id='word_1_220' title='bbox 1728 3142 1970 3199; x_wconf 78' lang='lat' dir='ltr'><strong>diabolus</strong></span> 
     </span>
    </p>
   </div>
   <div class='ocr_carea' id='block_1_32' title="bbox 374 3235 1971 3310">
    <p class='ocr_par' dir='ltr' id='par_1_32' title="bbox 374 3235 1971 3310">
     <span class='ocr_line' id='line_1_32' title="bbox 374 3235 1971 3310; baseline -0.002 -14"><span class='ocrx_word' id='word_1_221' title='bbox 374 3239 625 3310; x_wconf 84' lang='lat' dir='ltr'><strong>elegerit;</strong></span> <span class='ocrx_word' id='word_1_222' title='bbox 657 3237 752 3293; x_wconf 91' lang='lat' dir='ltr'><strong>sed</strong></span> <span class='ocrx_word' id='word_1_223' title='bbox 782 3251 905 3291; x_wconf 84' lang='lat' dir='ltr'><strong>eum</strong></span> <span class='ocrx_word' id='word_1_224' title='bbox 930 3244 1073 3291; x_wconf 82' lang='lat' dir='ltr'><strong>esset</strong></span> <span class='ocrx_word' id='word_1_225' title='bbox 1098 3235 1151 3289; x_wconf 91' lang='lat' dir='ltr'><strong>in</strong></span> <span class='ocrx_word' id='word_1_226' title='bbox 1181 3236 1273 3289; x_wconf 92' lang='lat' dir='ltr'><strong>illo</strong></span> <span class='ocrx_word' id='word_1_227' title='bbox 1319 3245 1537 3306; x_wconf 86' lang='lat' dir='ltr'><strong>propter</strong></span> <span class='ocrx_word' id='word_1_228' title='bbox 1575 3251 1885 3307; x_wconf 83' lang='lat' dir='ltr'><strong>perversam</strong></span> <span class='ocrx_word' id='word_1_229' title='bbox 1916 3247 1971 3293; x_wconf 88' lang='lat' dir='ltr'><strong>et</strong></span> 
     </span>
    </p>
   </div>
   <div class='ocr_carea' id='block_1_33' title="bbox 371 3327 1970 3399">
    <p class='ocr_par' dir='ltr' id='par_1_33' title="bbox 371 3327 1970 3399">
     <span class='ocr_line' id='line_1_33' title="bbox 371 3327 1970 3399; baseline -0.003 -10"><span class='ocrx_word' id='word_1_230' title='bbox 371 3331 610 3390; x_wconf 89' lang='lat' dir='ltr'><strong>invidam</strong></span> <span class='ocrx_word' id='word_1_231' title='bbox 637 3329 962 3385; x_wconf 86' lang='lat' dir='ltr'><strong>voluntatem</strong></span> <span class='ocrx_word' id='word_1_232' title='bbox 988 3327 1290 3397; x_wconf 87' lang='lat' dir='ltr'><strong>decipiendi</strong></span> <span class='ocrx_word' id='word_1_233' title='bbox 1324 3327 1607 3397; x_wconf 88' lang='lat' dir='ltr'><strong>cupiditas,</strong></span> <span class='ocrx_word' id='word_1_234' title='bbox 1638 3328 1848 3384; x_wconf 90' lang='lat' dir='ltr'><strong>nonnisi</strong></span> <span class='ocrx_word' id='word_1_235' title='bbox 1874 3345 1970 3399; x_wconf 89' lang='lat' dir='ltr'><strong>per</strong></span> 
     </span>
    </p>
   </div>
   <div class='ocr_carea' id='block_1_34' title="bbox 373 3420 1969 3494">
    <p class='ocr_par' dir='ltr' id='par_1_34' title="bbox 373 3420 1969 3494">
     <span class='ocr_line' id='line_1_34' title="bbox 373 3420 1969 3494; baseline -0.005 -10"><span class='ocrx_word' id='word_1_236' title='bbox 373 3426 506 3484; x_wconf 90' lang='lat' dir='ltr'><strong>illud</strong></span> <span class='ocrx_word' id='word_1_237' title='bbox 524 3425 719 3479; x_wconf 87' lang='lat' dir='ltr'><strong>animal</strong></span> <span class='ocrx_word' id='word_1_238' title='bbox 743 3424 931 3494; x_wconf 91' lang='lat' dir='ltr'><strong>potuit,</strong></span> <span class='ocrx_word' id='word_1_239' title='bbox 962 3437 1056 3492; x_wconf 87' lang='lat' dir='ltr'><strong>per</strong></span> <span class='ocrx_word' id='word_1_240' title='bbox 1075 3420 1216 3491; x_wconf 91' lang='lat' dir='ltr'><strong>quod</strong></span> <span class='ocrx_word' id='word_1_241' title='bbox 1242 3434 1399 3490; x_wconf 90' lang='lat' dir='ltr'><strong>posse</strong></span> <span class='ocrx_word' id='word_1_242' title='bbox 1421 3421 1710 3490; x_wconf 87' lang='lat' dir='ltr'><strong>permissus</strong></span> <span class='ocrx_word' id='word_1_243' title='bbox 1729 3432 1830 3476; x_wconf 89' lang='lat' dir='ltr'><strong>est.</strong></span> <span class='ocrx_word' id='word_1_244' title='bbox 1863 3422 1969 3476; x_wconf 85' lang='lat' dir='ltr'><strong>No-</strong></span> 
     </span>
    </p>
   </div>
   <div class='ocr_carea' id='block_1_35' title="bbox 372 3516 1968 3587">
    <p class='ocr_par' dir='ltr' id='par_1_35' title="bbox 372 3516 1968 3587">
     <span class='ocr_line' id='line_1_35' title="bbox 372 3516 1968 3587; baseline -0.004 -9"><span class='ocrx_word' id='word_1_245' title='bbox 372 3519 532 3579; x_wconf 84' lang='lat' dir='ltr'><strong>cendi</strong></span> <span class='ocrx_word' id='word_1_246' title='bbox 559 3519 702 3576; x_wconf 88' lang='lat' dir='ltr'><strong>enim</strong></span> <span class='ocrx_word' id='word_1_247' title='bbox 731 3517 979 3573; x_wconf 74' lang='lat' dir='ltr'><strong>voluntas</strong></span> <span class='ocrx_word' id='word_1_248' title='bbox 1014 3523 1189 3586; x_wconf 79' lang='lat' dir='ltr'><strong>poteSt</strong></span> <span class='ocrx_word' id='word_1_249' title='bbox 1214 3528 1335 3571; x_wconf 74' lang='lat' dir='ltr'><strong>esse</strong></span> <span class='ocrx_word' id='word_1_250' title='bbox 1371 3529 1401 3569; x_wconf 90' lang='lat' dir='ltr'><strong>a</strong></span> <span class='ocrx_word' id='word_1_251' title='bbox 1428 3528 1526 3569; x_wconf 91' lang='lat' dir='ltr'><strong>suo</strong></span> <span class='ocrx_word' id='word_1_252' title='bbox 1554 3531 1765 3587; x_wconf 87' lang='lat' dir='ltr'><strong>quoque</strong></span> <span class='ocrx_word' id='word_1_253' title='bbox 1788 3516 1968 3572; x_wconf 85' lang='lat' dir='ltr'><strong>animo</strong></span> 
     </span>
    </p>
   </div>
   <div class='ocr_carea' id='block_1_36' title="bbox 371 3607 1967 3687">
    <p class='ocr_par' dir='ltr' id='par_1_36' title="bbox 371 3607 1967 3687">
     <span class='ocr_line' id='line_1_36' title="bbox 371 3607 1967 3687; baseline -0.006 -16"><span class='ocrx_word' id='word_1_254' title='bbox 371 3629 570 3687; x_wconf 88' lang='lat' dir='ltr'><strong>prava;</strong></span> <span class='ocrx_word' id='word_1_255' title='bbox 603 3628 709 3668; x_wconf 92' lang='lat' dir='ltr'><strong>non</strong></span> <span class='ocrx_word' id='word_1_256' title='bbox 740 3621 824 3666; x_wconf 85' lang='lat' dir='ltr'><strong>est</strong></span> <span class='ocrx_word' id='word_1_257' title='bbox 848 3619 1025 3665; x_wconf 88' lang='lat' dir='ltr'><strong>autem</strong></span> <span class='ocrx_word' id='word_1_258' title='bbox 1058 3614 1294 3680; x_wconf 87' lang='lat' dir='ltr'><strong>potestas</strong></span> <span class='ocrx_word' id='word_1_259' title='bbox 1320 3607 1420 3662; x_wconf 89' lang='lat' dir='ltr'><strong>nisi</strong></span> <span class='ocrx_word' id='word_1_260' title='bbox 1447 3622 1478 3662; x_wconf 91' lang='lat' dir='ltr'><strong>a</strong></span> <span class='ocrx_word' id='word_1_261' title='bbox 1511 3608 1638 3672; x_wconf 85' lang='lat' dir='ltr'><strong>Deo,</strong></span> <span class='ocrx_word' id='word_1_262' title='bbox 1666 3618 1720 3664; x_wconf 88' lang='lat' dir='ltr'><strong>et</strong></span> <span class='ocrx_word' id='word_1_263' title='bbox 1749 3608 1850 3664; x_wconf 88' lang='lat' dir='ltr'><strong>hoc</strong></span> <span class='ocrx_word' id='word_1_264' title='bbox 1873 3609 1967 3663; x_wconf 89' lang='lat' dir='ltr'><strong>ab-</strong></span> 
     </span>
    </p>
   </div>
   <div class='ocr_carea' id='block_1_37' title="bbox 371 3700 1966 3776">
    <p class='ocr_par' dir='ltr' id='par_1_37' title="bbox 371 3700 1966 3776">
     <span class='ocr_line' id='line_1_37' title="bbox 371 3700 1966 3776; baseline -0.003 -14"><span class='ocrx_word' id='word_1_265' title='bbox 371 3707 481 3762; x_wconf 89' lang='lat' dir='ltr'><strong>dita</strong></span> <span class='ocrx_word' id='word_1_266' title='bbox 508 3705 720 3776; x_wconf 90' lang='lat' dir='ltr'><strong>altaque</strong></span> <span class='ocrx_word' id='word_1_267' title='bbox 740 3701 966 3775; x_wconf 77' lang='lat' dir='ltr'><strong>iustitia,</strong></span> <span class='ocrx_word' id='word_1_268' title='bbox 997 3700 1247 3773; x_wconf 90' lang='lat' dir='ltr'><strong>quoniam</strong></span> <span class='ocrx_word' id='word_1_269' title='bbox 1274 3714 1382 3756; x_wconf 90' lang='lat' dir='ltr'><strong>non</strong></span> <span class='ocrx_word' id='word_1_270' title='bbox 1425 3708 1509 3756; x_wconf 88' lang='lat' dir='ltr'><strong>est</strong></span> <span class='ocrx_word' id='word_1_271' title='bbox 1545 3700 1797 3772; x_wconf 88' lang='lat' dir='ltr'><strong>iniquitas</strong></span> <span class='ocrx_word' id='word_1_272' title='bbox 1823 3700 1966 3773; x_wconf 88' lang='lat' dir='ltr'><strong>apud</strong></span> 
     </span>
    </p>
   </div>
   <div class='ocr_carea' id='block_1_38' title="bbox 370 3799 1854 3958">
    <p class='ocr_par' dir='ltr' id='par_1_38' title="bbox 370 3799 1854 3958">
     <span class='ocr_line' id='line_1_38' title="bbox 370 3799 1854 3958; baseline -0.003 -11"><span class='ocrx_word' id='word_1_273' title='bbox 370 3799 564 3947; x_wconf 50' lang='lat' dir='ltr'><strong>pug:</strong></span> <span class='ocrx_word' id='word_1_274' title='bbox 572 3889 706 3946; x_wconf 91' lang='lat' dir='ltr'><strong>PUT</strong></span> <span class='ocrx_word' id='word_1_275' title='bbox 745 3889 909 3943; x_wconf 81' lang='lat' dir='ltr'><strong>lV.—</strong></span> <span class='ocrx_word' id='word_1_276' title='bbox 927 3886 1157 3943; x_wconf 89' lang='lat' dir='ltr'><strong>Tentatio</strong></span> <span class='ocrx_word' id='word_1_277' title='bbox 1176 3887 1394 3941; x_wconf 82' lang='lat' dir='ltr'><strong>hominis</strong></span> <span class='ocrx_word' id='word_1_278' title='bbox 1417 3903 1576 3958; x_wconf 87' lang='lat' dir='ltr'><strong>quare</strong></span> <span class='ocrx_word' id='word_1_279' title='bbox 1591 3888 1854 3958; x_wconf 84' lang='lat' dir='ltr'><strong>permissa.</strong></span> 
     </span>
    </p>
   </div>
   <div class='ocr_carea' id='block_1_39' title="bbox 446 3979 2007 4051">
    <p class='ocr_par' dir='ltr' id='par_1_39' title="bbox 446 3979 2007 4051">
     <span class='ocr_line' id='line_1_39' title="bbox 446 3979 2007 4051; baseline -0.002 -13"><span class='ocrx_word' id='word_1_280' title='bbox 446 3985 497 4039; x_wconf 90' lang='lat'><strong>6.</strong></span> <span class='ocrx_word' id='word_1_281' title='bbox 541 3982 597 4037; x_wconf 90' lang='lat' dir='ltr'><strong>Si</strong></span> <span class='ocrx_word' id='word_1_282' title='bbox 613 3996 742 4051; x_wconf 87' lang='lat' dir='ltr'><strong>ergo</strong></span> <span class='ocrx_word' id='word_1_283' title='bbox 761 3979 1015 4050; x_wconf 67' lang='lat' dir='ltr'><strong>quaeritur</strong></span> <span class='ocrx_word' id='word_1_284' title='bbox 1041 3995 1137 4034; x_wconf 89' lang='lat' dir='ltr'><strong>cur</strong></span> <span class='ocrx_word' id='word_1_285' title='bbox 1167 3979 1307 4034; x_wconf 85' lang='lat' dir='ltr'><strong>Deus</strong></span> <span class='ocrx_word' id='word_1_286' title='bbox 1334 3979 1525 4033; x_wconf 87' lang='lat' dir='ltr'><strong>tentari</strong></span> <span class='ocrx_word' id='word_1_287' title='bbox 1549 3980 1963 4048; x_wconf 87' lang='lat' dir='ltr'><strong>permiseritho-</strong></span> <span class='ocrx_word' id='word_1_288' title='bbox 1994 3990 2007 4005; x_wconf 79' lang='lat'><strong>‘</strong></span> 
     </span>
    </p>
   </div>
   <div class='ocr_carea' id='block_1_40' title="bbox 370 4071 1959 4144">
    <p class='ocr_par' dir='ltr' id='par_1_40' title="bbox 370 4071 1959 4144">
     <span class='ocr_line' id='line_1_40' title="bbox 370 4071 1959 4144; baseline -0.004 -10"><span class='ocrx_word' id='word_1_289' title='bbox 370 4078 592 4138; x_wconf 88' lang='lat' dir='ltr'><strong>minem,</strong></span> <span class='ocrx_word' id='word_1_290' title='bbox 621 4087 779 4144; x_wconf 90' lang='lat' dir='ltr'><strong>quem</strong></span> <span class='ocrx_word' id='word_1_291' title='bbox 803 4071 1055 4127; x_wconf 90' lang='lat' dir='ltr'><strong>tentatori</strong></span> <span class='ocrx_word' id='word_1_292' title='bbox 1073 4085 1459 4125; x_wconf 89' lang='lat' dir='ltr'><strong>consensurum</strong></span> <span class='ocrx_word' id='word_1_293' title='bbox 1484 4085 1603 4126; x_wconf 87' lang='lat' dir='ltr'><strong>esse</strong></span> <span class='ocrx_word' id='word_1_294' title='bbox 1626 4074 1959 4141; x_wconf 68' lang='lat' dir='ltr'><strong>praesciebat;</strong></span> 
     </span>
    </p>
   </div>
   <div class='ocr_carea' id='block_1_41' title="bbox 369 4161 1963 4236">
    <p class='ocr_par' dir='ltr' id='par_1_41' title="bbox 369 4161 1963 4236">
     <span class='ocr_line' id='line_1_41' title="bbox 369 4161 1963 4236; baseline -0.003 -12"><span class='ocrx_word' id='word_1_295' title='bbox 369 4166 701 4225; x_wconf 86' lang='lat' dir='ltr'><strong>altitudinem</strong></span> <span class='ocrx_word' id='word_1_296' title='bbox 738 4164 954 4236; x_wconf 89' lang='lat' dir='ltr'><strong>quidem</strong></span> <span class='ocrx_word' id='word_1_297' title='bbox 995 4161 1200 4220; x_wconf 86' lang='lat' dir='ltr'><strong>consilii</strong></span> <span class='ocrx_word' id='word_1_298' title='bbox 1238 4162 1353 4232; x_wconf 89' lang='lat' dir='ltr'><strong>ejus</strong></span> <span class='ocrx_word' id='word_1_299' title='bbox 1383 4172 1665 4231; x_wconf 82' lang='lat' dir='ltr'><strong>penetrare</strong></span> <span class='ocrx_word' id='word_1_300' title='bbox 1694 4179 1799 4218; x_wconf 89' lang='lat' dir='ltr'><strong>non</strong></span> <span class='ocrx_word' id='word_1_301' title='bbox 1838 4179 1963 4234; x_wconf 85' lang='lat' dir='ltr'><strong>pos-</strong></span> 
     </span>
    </p>
   </div>
   <div class='ocr_carea' id='block_1_42' title="bbox 370 4254 1964 4329">
    <p class='ocr_par' dir='ltr' id='par_1_42' title="bbox 370 4254 1964 4329">
     <span class='ocr_line' id='line_1_42' title="bbox 370 4254 1964 4329; baseline -0.004 -10"><span class='ocrx_word' id='word_1_302' title='bbox 370 4276 514 4327; x_wconf 87' lang='lat' dir='ltr'><strong>sum,</strong></span> <span class='ocrx_word' id='word_1_303' title='bbox 541 4270 595 4314; x_wconf 91' lang='lat' dir='ltr'><strong>et</strong></span> <span class='ocrx_word' id='word_1_304' title='bbox 620 4258 778 4329; x_wconf 88' lang='lat' dir='ltr'><strong>longe</strong></span> <span class='ocrx_word' id='word_1_305' title='bbox 793 4270 951 4327; x_wconf 88' lang='lat' dir='ltr'><strong>supra</strong></span> <span class='ocrx_word' id='word_1_306' title='bbox 978 4255 1119 4310; x_wconf 89' lang='lat' dir='ltr'><strong>vires</strong></span> <span class='ocrx_word' id='word_1_307' title='bbox 1141 4270 1286 4310; x_wconf 86' lang='lat' dir='ltr'><strong>meas</strong></span> <span class='ocrx_word' id='word_1_308' title='bbox 1308 4254 1408 4308; x_wconf 92' lang='lat' dir='ltr'><strong>hoc</strong></span> <span class='ocrx_word' id='word_1_309' title='bbox 1431 4268 1552 4310; x_wconf 89' lang='lat' dir='ltr'><strong>esse</strong></span> <span class='ocrx_word' id='word_1_310' title='bbox 1571 4256 1848 4311; x_wconf 89' lang='lat' dir='ltr'><strong>conliteor.</strong></span> <span class='ocrx_word' id='word_1_311' title='bbox 1868 4257 1964 4314; x_wconf 87' lang='lat' dir='ltr'><strong>Est</strong></span> 
     </span>
    </p>
   </div>
   <div class='ocr_carea' id='block_1_43' title="bbox 368 4349 1961 4428">
    <p class='ocr_par' dir='ltr' id='par_1_43' title="bbox 368 4349 1961 4428">
     <span class='ocr_line' id='line_1_43' title="bbox 368 4349 1961 4428; baseline -0.004 -14"><span class='ocrx_word' id='word_1_312' title='bbox 368 4372 500 4428; x_wconf 77' lang='lat' dir='ltr'><strong>ergo</strong></span> <span class='ocrx_word' id='word_1_313' title='bbox 527 4354 704 4425; x_wconf 88' lang='lat' dir='ltr'><strong>aliqua</strong></span> <span class='ocrx_word' id='word_1_314' title='bbox 733 4367 892 4409; x_wconf 87' lang='lat' dir='ltr'><strong>causa</strong></span> <span class='ocrx_word' id='word_1_315' title='bbox 919 4350 1157 4406; x_wconf 83' lang='lat' dir='ltr'><strong>fertassis</strong></span> <span class='ocrx_word' id='word_1_316' title='bbox 1194 4349 1471 4414; x_wconf 86' lang='lat' dir='ltr'><strong>occultior,</strong></span> <span class='ocrx_word' id='word_1_317' title='bbox 1503 4366 1621 4420; x_wconf 73' lang='lat' dir='ltr'><strong>qua:</strong></span> <span class='ocrx_word' id='word_1_318' title='bbox 1651 4350 1961 4407; x_wconf 90' lang='lat' dir='ltr'><strong>melioribus</strong></span> 
     </span>
    </p>
   </div>
   <div class='ocr_carea' id='block_1_44' title="bbox 368 4440 1958 4516">
    <p class='ocr_par' dir='ltr' id='par_1_44' title="bbox 368 4440 1958 4516">
     <span class='ocr_line' id='line_1_44' title="bbox 368 4440 1958 4516; baseline -0.004 -10"><span class='ocrx_word' id='word_1_319' title='bbox 368 4447 831 4516; x_wconf 84' lang='lat' dir='ltr'><strong>sanctioribusque</strong></span> <span class='ocrx_word' id='word_1_320' title='bbox 870 4454 1193 4509; x_wconf 82' lang='lat' dir='ltr'><strong>reservatur,</strong></span> <span class='ocrx_word' id='word_1_321' title='bbox 1230 4440 1369 4497; x_wconf 91' lang='lat' dir='ltr'><strong>illius</strong></span> <span class='ocrx_word' id='word_1_322' title='bbox 1396 4443 1567 4512; x_wconf 89' lang='lat' dir='ltr'><strong>gratia</strong></span> <span class='ocrx_word' id='word_1_323' title='bbox 1597 4442 1774 4512; x_wconf 88' lang='lat' dir='ltr'><strong>potius</strong></span> <span class='ocrx_word' id='word_1_324' title='bbox 1800 4458 1958 4511; x_wconf 86' lang='lat' dir='ltr'><strong>quam</strong></span> 
     </span>
    </p>
   </div>
   <div class='ocr_carea' id='block_1_45' title="bbox 368 4533 1955 4605">
    <p class='ocr_par' dir='ltr' id='par_1_45' title="bbox 368 4533 1955 4605">
     <span class='ocr_line' id='line_1_45' title="bbox 368 4533 1955 4605; baseline -0.003 -9"><span class='ocrx_word' id='word_1_325' title='bbox 368 4539 574 4596; x_wconf 85' lang='lat' dir='ltr'><strong>meritis</strong></span> <span class='ocrx_word' id='word_1_326' title='bbox 593 4553 777 4594; x_wconf 89' lang='lat' dir='ltr'><strong>eorum</strong></span> <span class='ocrx_word' id='word_1_327' title='bbox 799 4555 812 4590; x_wconf 92' lang='lat'><strong>:</strong></span> <span class='ocrx_word' id='word_1_328' title='bbox 836 4535 930 4590; x_wconf 89' lang='lat' dir='ltr'><strong>sed</strong></span> <span class='ocrx_word' id='word_1_329' title='bbox 958 4543 1133 4590; x_wconf 87' lang='lat' dir='ltr'><strong>tamen</strong></span> <span class='ocrx_word' id='word_1_330' title='bbox 1160 4544 1417 4605; x_wconf 89' lang='lat' dir='ltr'><strong>quantum</strong></span> <span class='ocrx_word' id='word_1_331' title='bbox 1444 4534 1526 4588; x_wconf 87' lang='lat' dir='ltr'><strong>vel</strong></span> <span class='ocrx_word' id='word_1_332' title='bbox 1554 4533 1720 4590; x_wconf 89' lang='lat' dir='ltr'><strong>donat</strong></span> <span class='ocrx_word' id='word_1_333' title='bbox 1746 4551 1955 4605; x_wconf 87' lang='lat' dir='ltr'><strong>sapere,</strong></span> 
     </span>
    </p>
   </div>
   <div class='ocr_carea' id='block_1_46' title="bbox 365 4628 1955 4698">
    <p class='ocr_par' dir='ltr' id='par_1_46' title="bbox 365 4628 1955 4698">
     <span class='ocr_line' id='line_1_46' title="bbox 365 4628 1955 4698; baseline -0.003 -8"><span class='ocrx_word' id='word_1_334' title='bbox 365 4634 454 4690; x_wconf 85' lang='lat' dir='ltr'><strong>vel</strong></span> <span class='ocrx_word' id='word_1_335' title='bbox 478 4633 604 4689; x_wconf 90' lang='lat' dir='ltr'><strong>sinit</strong></span> <span class='ocrx_word' id='word_1_336' title='bbox 631 4632 826 4697; x_wconf 85' lang='lat' dir='ltr'><strong>dicere,</strong></span> <span class='ocrx_word' id='word_1_337' title='bbox 860 4646 965 4684; x_wconf 91' lang='lat' dir='ltr'><strong>non</strong></span> <span class='ocrx_word' id='word_1_338' title='bbox 992 4630 1121 4684; x_wconf 85' lang='lat' dir='ltr'><strong>mihi</strong></span> <span class='ocrx_word' id='word_1_339' title='bbox 1150 4629 1357 4684; x_wconf 89' lang='lat' dir='ltr'><strong>videtur</strong></span> <span class='ocrx_word' id='word_1_340' title='bbox 1383 4643 1588 4698; x_wconf 72' lang='lat' dir='ltr'><strong>magna:</strong></span> <span class='ocrx_word' id='word_1_341' title='bbox 1616 4630 1785 4684; x_wconf 89' lang='lat' dir='ltr'><strong>laudis</strong></span> <span class='ocrx_word' id='word_1_342' title='bbox 1807 4628 1955 4686; x_wconf 89' lang='lat' dir='ltr'><strong>futu-</strong></span> 
     </span>
    </p>
   </div>
   <div class='ocr_carea' id='block_1_47' title="bbox 365 4720 1949 4790">
    <p class='ocr_par' dir='ltr' id='par_1_47' title="bbox 365 4720 1949 4790">
     <span class='ocr_line' id='line_1_47' title="bbox 365 4720 1949 4790; baseline -0.004 -6"><span class='ocrx_word' id='word_1_343' title='bbox 365 4743 488 4785; x_wconf 86' lang='lat' dir='ltr'><strong>rum</strong></span> <span class='ocrx_word' id='word_1_344' title='bbox 514 4723 679 4780; x_wconf 89' lang='lat' dir='ltr'><strong>fuisse</strong></span> <span class='ocrx_word' id='word_1_345' title='bbox 704 4722 994 4786; x_wconf 89' lang='lat' dir='ltr'><strong>hominem,</strong></span> <span class='ocrx_word' id='word_1_346' title='bbox 1020 4723 1063 4775; x_wconf 90' lang='lat' dir='ltr'><strong>si</strong></span> <span class='ocrx_word' id='word_1_347' title='bbox 1087 4728 1369 4790; x_wconf 87' lang='lat' dir='ltr'><strong>prepterea</strong></span> <span class='ocrx_word' id='word_1_348' title='bbox 1390 4728 1572 4789; x_wconf 58' lang='lat' dir='ltr'><strong>posset</strong></span> <span class='ocrx_word' id='word_1_349' title='bbox 1597 4720 1734 4775; x_wconf 86' lang='lat' dir='ltr'><strong>bene</strong></span> <span class='ocrx_word' id='word_1_350' title='bbox 1754 4722 1949 4790; x_wconf 86' lang='lat' dir='ltr'><strong>vivere,</strong></span> 
     </span>
    </p>
   </div>
   <div class='ocr_carea' id='block_1_48' title="bbox 366 4813 1953 4892">
    <p class='ocr_par' dir='ltr' id='par_1_48' title="bbox 366 4813 1953 4892">
     <span class='ocr_line' id='line_1_48' title="bbox 366 4813 1953 4892; baseline -0.001 -17"><span class='ocrx_word' id='word_1_351' title='bbox 366 4820 491 4892; x_wconf 90' lang='lat' dir='ltr'><strong>quia</strong></span> <span class='ocrx_word' id='word_1_352' title='bbox 521 4832 678 4875; x_wconf 86' lang='lat' dir='ltr'><strong>nemo</strong></span> <span class='ocrx_word' id='word_1_353' title='bbox 708 4816 847 4872; x_wconf 90' lang='lat' dir='ltr'><strong>male</strong></span> <span class='ocrx_word' id='word_1_354' title='bbox 871 4816 1051 4870; x_wconf 86' lang='lat' dir='ltr'><strong>vivere</strong></span> <span class='ocrx_word' id='word_1_355' title='bbox 1091 4813 1368 4873; x_wconf 87' lang='lat' dir='ltr'><strong>suaderet;</strong></span> <span class='ocrx_word' id='word_1_356' title='bbox 1413 4828 1533 4867; x_wconf 92' lang='lat' dir='ltr'><strong>cum</strong></span> <span class='ocrx_word' id='word_1_357' title='bbox 1577 4823 1630 4868; x_wconf 92' lang='lat' dir='ltr'><strong>et</strong></span> <span class='ocrx_word' id='word_1_358' title='bbox 1668 4814 1720 4868; x_wconf 92' lang='lat' dir='ltr'><strong>in</strong></span> <span class='ocrx_word' id='word_1_359' title='bbox 1768 4823 1953 4873; x_wconf 84' lang='lat' dir='ltr'><strong>natura</strong></span> 
     </span>
    </p>
   </div>
   <div class='ocr_carea' id='block_1_49' title="bbox 366 4907 1955 4987">
    <p class='ocr_par' dir='ltr' id='par_1_49' title="bbox 366 4907 1955 4987">
     <span class='ocr_line' id='line_1_49' title="bbox 366 4907 1955 4987; baseline 0.003 -22"><span class='ocrx_word' id='word_1_360' title='bbox 366 4929 548 4987; x_wconf 85' lang='lat' dir='ltr'><strong>posse,</strong></span> <span class='ocrx_word' id='word_1_361' title='bbox 587 4919 644 4968; x_wconf 90' lang='lat' dir='ltr'><strong>et</strong></span> <span class='ocrx_word' id='word_1_362' title='bbox 685 4911 737 4966; x_wconf 92' lang='lat' dir='ltr'><strong>in</strong></span> <span class='ocrx_word' id='word_1_363' title='bbox 780 4917 1041 4981; x_wconf 78' lang='lat' dir='ltr'><strong>potestate</strong></span> <span class='ocrx_word' id='word_1_364' title='bbox 1070 4907 1327 4962; x_wconf 59' lang='lat' dir='ltr'><strong>haberet“</strong></span> <span class='ocrx_word' id='word_1_365' title='bbox 1356 4908 1489 4963; x_wconf 89' lang='lat' dir='ltr'><strong>velle</strong></span> <span class='ocrx_word' id='word_1_366' title='bbox 1517 4923 1620 4964; x_wconf 92' lang='lat' dir='ltr'><strong>non</strong></span> <span class='ocrx_word' id='word_1_367' title='bbox 1652 4913 1955 4970; x_wconf 88' lang='lat' dir='ltr'><strong>consentire</strong></span> 
     </span>
    </p>
   </div>
   <div class='ocr_carea' id='block_1_50' title="bbox 363 5002 1950 5075">
    <p class='ocr_par' dir='ltr' id='par_1_50' title="bbox 363 5002 1950 5075">
     <span class='ocr_line' id='line_1_50' title="bbox 363 5002 1950 5075; baseline -0.001 -13"><span class='ocrx_word' id='word_1_368' title='bbox 363 5005 631 5069; x_wconf 79' lang='lat' dir='ltr'><strong>suadenti,</strong></span> <span class='ocrx_word' id='word_1_369' title='bbox 661 5003 944 5075; x_wconf 84' lang='lat' dir='ltr'><strong>adjuvante</strong></span> <span class='ocrx_word' id='word_1_370' title='bbox 983 5012 1158 5056; x_wconf 91' lang='lat' dir='ltr'><strong>tamen</strong></span> <span class='ocrx_word' id='word_1_371' title='bbox 1191 5002 1280 5057; x_wconf 92' lang='lat' dir='ltr'><strong>illo</strong></span> <span class='ocrx_word' id='word_1_372' title='bbox 1316 5002 1405 5071; x_wconf 90' lang='lat' dir='ltr'><strong>qui</strong></span> <span class='ocrx_word' id='word_1_373' title='bbox 1452 5003 1695 5073; x_wconf 88' lang='lat' dir='ltr'><strong>superbis</strong></span> <span class='ocrx_word' id='word_1_374' title='bbox 1734 5005 1950 5073; x_wconf 90' lang='lat' dir='ltr'><strong>resistit,</strong></span> 
     </span>
    </p>
   </div>
   <div class='ocr_carea' id='block_1_51' title="bbox 364 5093 1953 5169">
    <p class='ocr_par' dir='ltr' id='par_1_51' title="bbox 364 5093 1953 5169">
     <span class='ocr_line' id='line_1_51' title="bbox 364 5093 1953 5169; baseline -0.001 -14"><span class='ocrx_word' id='word_1_375' title='bbox 364 5098 653 5168; x_wconf 73' lang='lat' dir='ltr'><strong>humilibus</strong></span> <span class='ocrx_word' id='word_1_376' title='bbox 669 5107 844 5151; x_wconf 88' lang='lat' dir='ltr'><strong>autem</strong></span> <span class='ocrx_word' id='word_1_377' title='bbox 871 5095 956 5151; x_wconf 87' lang='lat' dir='ltr'><strong>dat</strong></span> <span class='ocrx_word' id='word_1_378' title='bbox 989 5093 1213 5166; x_wconf 86' lang='lat' dir='ltr'><strong>gratiam</strong></span> <span class='ocrx_word' id='word_1_379' title='bbox 1239 5093 1441 5163; x_wconf 77' lang='lat' dir='ltr'><strong>(Jacobi</strong></span> <span class='ocrx_word' id='word_1_380' title='bbox 1460 5111 1533 5159; x_wconf 91' lang='lat' dir='ltr'><strong>tv,</strong></span> <span class='ocrx_word' id='word_1_381' title='bbox 1551 5093 1628 5169; x_wconf 85' lang='lat'><strong>6).</strong></span> <span class='ocrx_word' id='word_1_382' title='bbox 1655 5093 1762 5152; x_wconf 88' lang='lat' dir='ltr'><strong>Cur</strong></span> <span class='ocrx_word' id='word_1_383' title='bbox 1778 5097 1953 5169; x_wconf 87' lang='lat' dir='ltr'><strong>itaque</strong></span> 
     </span>
    </p>
   </div>
   <div class='ocr_carea' id='block_1_52' title="bbox 362 5190 1955 5262">
    <p class='ocr_par' dir='ltr' id='par_1_52' title="bbox 362 5190 1955 5262">
     <span class='ocr_line' id='line_1_52' title="bbox 362 5190 1955 5262; baseline -0.005 -11"><span class='ocrx_word' id='word_1_384' title='bbox 362 5194 555 5251; x_wconf 88' lang='lat' dir='ltr'><strong>tentari</strong></span> <span class='ocrx_word' id='word_1_385' title='bbox 588 5210 692 5249; x_wconf 92' lang='lat' dir='ltr'><strong>non</strong></span> <span class='ocrx_word' id='word_1_386' title='bbox 724 5194 942 5257; x_wconf 86' lang='lat' dir='ltr'><strong>sineret,</strong></span> <span class='ocrx_word' id='word_1_387' title='bbox 972 5206 1129 5260; x_wconf 82' lang='lat' dir='ltr'><strong>quem</strong></span> <span class='ocrx_word' id='word_1_388' title='bbox 1158 5204 1538 5244; x_wconf 79' lang='lat' dir='ltr'><strong>consensurum</strong></span> <span class='ocrx_word' id='word_1_389' title='bbox 1566 5204 1685 5246; x_wconf 68' lang='lat' dir='ltr'><strong>esse</strong></span> <span class='ocrx_word' id='word_1_390' title='bbox 1703 5190 1955 5262; x_wconf 57' lang='lat' dir='ltr'><strong>praescie-</strong></span> 
     </span>
    </p>
   </div>
   <div class='ocr_carea' id='block_1_53' title="bbox 361 5282 1951 5354">
    <p class='ocr_par' dir='ltr' id='par_1_53' title="bbox 361 5282 1951 5354">
     <span class='ocr_line' id='line_1_53' title="bbox 361 5282 1951 5354; baseline -0.004 -10"><span class='ocrx_word' id='word_1_391' title='bbox 361 5287 472 5354; x_wconf 85' lang='lat' dir='ltr'><strong>bat,</strong></span> <span class='ocrx_word' id='word_1_392' title='bbox 503 5303 623 5342; x_wconf 89' lang='lat' dir='ltr'><strong>eum</strong></span> <span class='ocrx_word' id='word_1_393' title='bbox 654 5286 703 5341; x_wconf 91' lang='lat' dir='ltr'><strong>id</strong></span> <span class='ocrx_word' id='word_1_394' title='bbox 734 5287 966 5340; x_wconf 83' lang='lat' dir='ltr'><strong>facturus</strong></span> <span class='ocrx_word' id='word_1_395' title='bbox 991 5292 1137 5339; x_wconf 79' lang='lat' dir='ltr'><strong>esset</strong></span> <span class='ocrx_word' id='word_1_396' title='bbox 1167 5283 1375 5353; x_wconf 78' lang='lat' dir='ltr'><strong>propria</strong></span> <span class='ocrx_word' id='word_1_397' title='bbox 1406 5282 1675 5338; x_wconf 79' lang='lat' dir='ltr'><strong>Voluntate</strong></span> <span class='ocrx_word' id='word_1_398' title='bbox 1719 5297 1813 5353; x_wconf 85' lang='lat' dir='ltr'><strong>per</strong></span> <span class='ocrx_word' id='word_1_399' title='bbox 1838 5283 1951 5339; x_wconf 84' lang='lat' dir='ltr'><strong>cul-</strong></span> 
     </span>
    </p>
   </div>
   <div class='ocr_carea' id='block_1_54' title="bbox 362 5377 1946 5455">
    <p class='ocr_par' dir='ltr' id='par_1_54' title="bbox 362 5377 1946 5455">
     <span class='ocr_line' id='line_1_54' title="bbox 362 5377 1946 5455; baseline -0.004 -18"><span class='ocrx_word' id='word_1_400' title='bbox 362 5396 507 5455; x_wconf 85' lang='lat' dir='ltr'><strong>pain,</strong></span> <span class='ocrx_word' id='word_1_401' title='bbox 539 5391 594 5437; x_wconf 88' lang='lat' dir='ltr'><strong>et</strong></span> <span class='ocrx_word' id='word_1_402' title='bbox 618 5378 945 5434; x_wconf 67' lang='lat' dir='ltr'><strong>ordinandus</strong></span> <span class='ocrx_word' id='word_1_403' title='bbox 974 5389 1118 5433; x_wconf 87' lang='lat' dir='ltr'><strong>esset</strong></span> <span class='ocrx_word' id='word_1_404' title='bbox 1146 5377 1284 5430; x_wconf 87' lang='lat' dir='ltr'><strong>illius</strong></span> <span class='ocrx_word' id='word_1_405' title='bbox 1317 5378 1565 5447; x_wconf 68' lang='lat' dir='ltr'><strong>aequitate</strong></span> <span class='ocrx_word' id='word_1_406' title='bbox 1588 5392 1683 5446; x_wconf 87' lang='lat' dir='ltr'><strong>per</strong></span> <span class='ocrx_word' id='word_1_407' title='bbox 1702 5391 1946 5446; x_wconf 71' lang='lat' dir='ltr'><strong>pinnam;</strong></span> 
     </span>
    </p>
   </div>
   <div class='ocr_carea' id='block_1_55' title="bbox 424 5495 1333 5562">
    <p class='ocr_par' dir='ltr' id='par_1_55' title="bbox 424 5495 1333 5562">
     <span class='ocr_line' id='line_1_55' title="bbox 424 5495 1333 5562; baseline -0.003 -13"><span class='ocrx_word' id='word_1_408' title='bbox 424 5501 441 5534; x_wconf 78' lang='grc' dir='ltr'><strong><em>ι</em></strong></span> <span class='ocrx_word' id='word_1_409' title='bbox 467 5506 516 5549; x_wconf 87' lang='lat' dir='ltr'><strong>In</strong></span> <span class='ocrx_word' id='word_1_410' title='bbox 539 5498 936 5562; x_wconf 43' lang='lat' dir='ltr'><strong>plerisquestss&quot;</strong></span> <span class='ocrx_word' id='word_1_411' title='bbox 958 5495 1149 5562; x_wconf 76' lang='lat' dir='ltr'><strong>impleri</strong></span> <span class='ocrx_word' id='word_1_412' title='bbox 1169 5495 1333 5546; x_wconf 78' lang='lat' dir='ltr'><strong>solent.</strong></span> 
     </span>
    </p>
   </div>
   <div class='ocr_carea' id='block_1_56' title="bbox 422 5558 1951 5631">
    <p class='ocr_par' dir='ltr' id='par_1_56' title="bbox 422 5558 1951 5631">
     <span class='ocr_line' id='line_1_56' title="bbox 422 5558 1951 5631; baseline -0.001 -21"><span class='ocrx_word' id='word_1_413' title='bbox 422 5558 571 5631; x_wconf 42' lang='lat' dir='ltr'><strong>iussi</strong></span> <span class='ocrx_word' id='word_1_414' title='bbox 609 5558 840 5631; x_wconf 67' lang='lat' dir='ltr'><strong>nonnulli,</strong></span> <span class='ocrx_word' id='word_1_415' title='bbox 887 5558 1086 5631; x_wconf 60' lang='lat' dir='ltr'><strong>habeer</strong></span> <span class='ocrx_word' id='word_1_416' title='bbox 1113 5566 1229 5629; x_wconf 70' lang='lat' dir='ltr'><strong>tum</strong></span> <span class='ocrx_word' id='word_1_417' title='bbox 1272 5558 1475 5631; x_wconf 73' lang='lat' dir='ltr'><strong>quidam</strong></span> <span class='ocrx_word' id='word_1_418' title='bbox 1505 5564 1883 5631; x_wconf 45' lang='lat' dir='ltr'><strong>pr‘osequuntur,</strong></span> <span class='ocrx_word' id='word_1_419' title='bbox 1904 5559 1951 5609; x_wconf 76' lang='lat' dir='ltr'><strong>si</strong></span> 
     </span>
    </p>
   </div>
   <div class='ocr_carea' id='block_1_57' title="bbox 355 5618 1948 5682">
    <p class='ocr_par' dir='ltr' id='par_1_57' title="bbox 355 5618 1948 5682">
     <span class='ocr_line' id='line_1_57' title="bbox 355 5618 1948 5682; baseline -0.01 -7"><span class='ocrx_word' id='word_1_420' title='bbox 355 5624 495 5677; x_wconf 70' lang='lat' dir='ltr'><strong>uellet</strong></span> <span class='ocrx_word' id='word_1_421' title='bbox 517 5638 610 5673; x_wconf 87' lang='lat' dir='ltr'><strong>non</strong></span> <span class='ocrx_word' id='word_1_422' title='bbox 628 5618 907 5672; x_wconf 62' lang='lat' dir='ltr'><strong>cmemnire.</strong></span> <span class='ocrx_word' id='word_1_423' title='bbox 936 5620 1020 5668; x_wconf 78' lang='lat' dir='ltr'><strong>Alii</strong></span> <span class='ocrx_word' id='word_1_424' title='bbox 1043 5618 1475 5682; x_wconf 45' lang='lat' dir='ltr'><strong>plerique-{habeat</strong></span> <span class='ocrx_word' id='word_1_425' title='bbox 1497 5618 1615 5682; x_wconf 75' lang='lat' dir='ltr'><strong>belle</strong></span> <span class='ocrx_word' id='word_1_426' title='bbox 1636 5618 1728 5668; x_wconf 79' lang='lat' dir='ltr'><strong>non</strong></span> <span class='ocrx_word' id='word_1_427' title='bbox 1751 5633 1948 5671; x_wconf 78' lang='lat' dir='ltr'><strong>conseri-</strong></span> 
     </span>
    </p>
   </div>
   <div class='ocr_carea' id='block_1_58' title="bbox 356 5678 1946 5741">
    <p class='ocr_par' dir='ltr' id='par_1_58' title="bbox 356 5678 1946 5741">
     <span class='ocr_line' id='line_1_58' title="bbox 356 5678 1946 5741; baseline -0.003 -2"><span class='ocrx_word' id='word_1_428' title='bbox 356 5685 469 5739; x_wconf 69' lang='lat' dir='ltr'><strong>lira.</strong></span> <span class='ocrx_word' id='word_1_429' title='bbox 498 5686 571 5734; x_wconf 78' lang='lat' dir='ltr'><strong>sic</strong></span> <span class='ocrx_word' id='word_1_430' title='bbox 592 5685 742 5735; x_wconf 85' lang='lat' dir='ltr'><strong>etiam</strong></span> <span class='ocrx_word' id='word_1_431' title='bbox 761 5692 862 5732; x_wconf 76' lang='lat' dir='ltr'><strong>Am.</strong></span> <span class='ocrx_word' id='word_1_432' title='bbox 888 5689 941 5733; x_wconf 88' lang='lat' dir='ltr'><strong>et</strong></span> <span class='ocrx_word' id='word_1_433' title='bbox 959 5678 1114 5731; x_wconf 49' lang='lat' dir='ltr'><strong>tiri/tt</strong></span> <span class='ocrx_word' id='word_1_434' title='bbox 1133 5678 1265 5741; x_wconf 78' lang='lat' dir='ltr'><strong>L6v.,</strong></span> <span class='ocrx_word' id='word_1_435' title='bbox 1287 5681 1456 5732; x_wconf 81' lang='lat' dir='ltr'><strong>habeat</strong></span> <span class='ocrx_word' id='word_1_436' title='bbox 1487 5678 1606 5733; x_wconf 85' lang='lat' dir='ltr'><strong>velle</strong></span> <span class='ocrx_word' id='word_1_437' title='bbox 1640 5688 1689 5734; x_wconf 82' lang='lat' dir='ltr'><strong>et</strong></span> <span class='ocrx_word' id='word_1_438' title='bbox 1716 5696 1812 5735; x_wconf 84' lang='lat' dir='ltr'><strong>non</strong></span> <span class='ocrx_word' id='word_1_439' title='bbox 1832 5696 1946 5736; x_wconf 84' lang='lat' dir='ltr'><strong>con-</strong></span> 
     </span>
    </p>
   </div>
   <div class='ocr_carea' id='block_1_59' title="bbox 356 5747 551 5805">
    <p class='ocr_par' dir='ltr' id='par_1_59' title="bbox 356 5747 551 5805">
     <span class='ocr_line' id='line_1_59' title="bbox 356 5747 551 5805; baseline -0.015 -7"><span class='ocrx_word' id='word_1_440' title='bbox 356 5747 551 5805; x_wconf 79' lang='lat' dir='ltr'><strong>sentire.</strong></span> 
     </span>
    </p>
   </div>
   <div class='ocr_carea' id='block_1_60' title="bbox 1328 253 2747 329">
    <p class='ocr_par' dir='ltr' id='par_1_60' title="bbox 1328 253 2747 329">
     <span class='ocr_line' id='line_1_60' title="bbox 1328 253 2747 329; baseline -0.001 -8"><span class='ocrx_word' id='word_1_441' title='bbox 1328 260 1416 321; x_wconf 84' lang='lat' dir='ltr'><strong>DE</strong></span> <span class='ocrx_word' id='word_1_442' title='bbox 1451 258 1698 320; x_wconf 82' lang='lat' dir='ltr'><strong>GENESI</strong></span> <span class='ocrx_word' id='word_1_443' title='bbox 1734 256 1829 316; x_wconf 83' lang='lat' dir='ltr'><strong>AD</strong></span> <span class='ocrx_word' id='word_1_444' title='bbox 1867 253 2240 329; x_wconf 78' lang='lat' dir='ltr'><strong>LITTERAM,</strong></span> <span class='ocrx_word' id='word_1_445' title='bbox 2279 259 2338 315; x_wconf 89' lang='lat' dir='ltr'><strong>S.</strong></span> <span class='ocrx_word' id='word_1_446' title='bbox 2384 258 2747 320; x_wconf 78' lang='lat' dir='ltr'><strong>AUGUSTINI</strong></span> 
     </span>
    </p>
   </div>
   <div class='ocr_carea' id='block_1_61' title="bbox 3577 268 3679 330">
    <p class='ocr_par' dir='ltr' id='par_1_61' title="bbox 3577 268 3679 330">
     <span class='ocr_line' id='line_1_61' title="bbox 3577 268 3679 330; baseline 0.02 -2"><span class='ocrx_word' id='word_1_447' title='bbox 3577 268 3679 330; x_wconf 62' lang='grc' dir='ltr'>ωε</span> 
     </span>
    </p>
   </div>
   <div class='ocr_carea' id='block_1_62' title="bbox 2098 374 3682 449">
    <p class='ocr_par' dir='ltr' id='par_1_62' title="bbox 2098 374 3682 449">
     <span class='ocr_line' id='line_1_62' title="bbox 2098 374 3682 449; baseline 0.009 -20"><span class='ocrx_word' id='word_1_448' title='bbox 2098 381 2157 429; x_wconf 92' lang='lat' dir='ltr'><strong>ut</strong></span> <span class='ocrx_word' id='word_1_449' title='bbox 2179 374 2340 430; x_wconf 87' lang='lat' dir='ltr'><strong>etiam</strong></span> <span class='ocrx_word' id='word_1_450' title='bbox 2365 375 2444 431; x_wconf 88' lang='lat' dir='ltr'><strong>sic</strong></span> <span class='ocrx_word' id='word_1_451' title='bbox 2466 377 2771 433; x_wconf 83' lang='lat' dir='ltr'><strong>ostenderet</strong></span> <span class='ocrx_word' id='word_1_452' title='bbox 2814 378 3007 434; x_wconf 69' lang='lat' dir='ltr'><strong>anima:</strong></span> <span class='ocrx_word' id='word_1_453' title='bbox 3048 377 3291 449; x_wconf 68' lang='lat' dir='ltr'><strong>superbae</strong></span> <span class='ocrx_word' id='word_1_454' title='bbox 3318 379 3388 439; x_wconf 89' lang='lat' dir='ltr'><strong>ad</strong></span> <span class='ocrx_word' id='word_1_455' title='bbox 3424 385 3682 443; x_wconf 84' lang='lat' dir='ltr'><strong>eruditio-</strong></span> 
     </span>
    </p>
   </div>
   <div class='ocr_carea' id='block_1_63' title="bbox 2098 468 3725 554">
    <p class='ocr_par' dir='ltr' id='par_1_63' title="bbox 2098 468 3725 554">
     <span class='ocr_line' id='line_1_63' title="bbox 2098 468 3725 554; baseline 0.011 -32"><span class='ocrx_word' id='word_1_456' title='bbox 2098 482 2220 524; x_wconf 92' lang='lat' dir='ltr'><strong>nem</strong></span> <span class='ocrx_word' id='word_1_457' title='bbox 2248 468 2542 525; x_wconf 82' lang='lat' dir='ltr'><strong>futurorum</strong></span> <span class='ocrx_word' id='word_1_458' title='bbox 2567 480 2891 541; x_wconf 89' lang='lat' dir='ltr'><strong>sanctorum,</strong></span> <span class='ocrx_word' id='word_1_459' title='bbox 2925 490 3084 545; x_wconf 89' lang='lat' dir='ltr'><strong>quam</strong></span> <span class='ocrx_word' id='word_1_460' title='bbox 3123 485 3267 533; x_wconf 88' lang='lat' dir='ltr'><strong>recte</strong></span> <span class='ocrx_word' id='word_1_461' title='bbox 3307 477 3421 548; x_wconf 89' lang='lat' dir='ltr'><strong>ipse</strong></span> <span class='ocrx_word' id='word_1_462' title='bbox 3446 490 3681 541; x_wconf 86' lang='lat' dir='ltr'><strong>uteretur</strong></span> <span class='ocrx_word' id='word_1_463' title='bbox 3698 488 3725 554; x_wconf 63' lang='grc' dir='ltr'>τε</span> 
     </span>
    </p>
   </div>
   <div class='ocr_carea' id='block_1_64' title="bbox 2097 556 3720 644">
    <p class='ocr_par' dir='ltr' id='par_1_64' title="bbox 2097 556 3720 644">
     <span class='ocr_line' id='line_1_64' title="bbox 2097 556 3720 644; baseline 0.011 -28"><span class='ocrx_word' id='word_1_464' title='bbox 2097 561 2392 617; x_wconf 88' lang='lat' dir='ltr'><strong>animarum</strong></span> <span class='ocrx_word' id='word_1_465' title='bbox 2414 563 2778 620; x_wconf 88' lang='lat' dir='ltr'><strong>voluntatibus</strong></span> <span class='ocrx_word' id='word_1_466' title='bbox 2792 565 2953 622; x_wconf 88' lang='lat' dir='ltr'><strong>etiam</strong></span> <span class='ocrx_word' id='word_1_467' title='bbox 2971 568 3146 638; x_wconf 84' lang='lat' dir='ltr'><strong>malis,</strong></span> <span class='ocrx_word' id='word_1_468' title='bbox 3164 584 3287 626; x_wconf 88' lang='lat' dir='ltr'><strong>cum</strong></span> <span class='ocrx_word' id='word_1_469' title='bbox 3308 570 3412 629; x_wconf 66' lang='lat' dir='ltr'><strong>illa:</strong></span> <span class='ocrx_word' id='word_1_470' title='bbox 3431 587 3679 644; x_wconf 80' lang='lat' dir='ltr'><strong>perverso</strong></span> <span class='ocrx_word' id='word_1_471' title='bbox 3703 556 3720 569; x_wconf 56' lang='grc'><strong>”</strong></span> 
     </span>
    </p>
   </div>
   <div class='ocr_carea' id='block_1_65' title="bbox 2095 656 3745 715">
    <p class='ocr_par' dir='ltr' id='par_1_65' title="bbox 2095 656 3745 715">
     <span class='ocr_line' id='line_1_65' title="bbox 2095 656 3745 715; baseline 0.004 -6"><span class='ocrx_word' id='word_1_472' title='bbox 2095 663 2375 711; x_wconf 88' lang='lat' dir='ltr'><strong>uterentur</strong></span> <span class='ocrx_word' id='word_1_473' title='bbox 2399 658 2602 713; x_wconf 88' lang='lat' dir='ltr'><strong>naturis</strong></span> <span class='ocrx_word' id='word_1_474' title='bbox 2628 656 2814 715; x_wconf 84' lang='lat' dir='ltr'><strong>bonis?</strong></span> <span class='ocrx_word' id='word_1_475' title='bbox 3738 700 3745 715; x_wconf 61' lang='grc' dir='ltr'>ς</span> 
     </span>
    </p>
   </div>
   <div class='ocr_carea' id='block_1_66' title="bbox 2092 714 3750 855">
    <p class='ocr_par' dir='ltr' id='par_1_66' title="bbox 2092 714 3750 855">
     <span class='ocr_line' id='line_1_66' title="bbox 2092 714 3750 855; baseline 0.009 -53"><span class='ocrx_word' id='word_1_476' title='bbox 2092 745 2319 804; x_wconf 82' lang='lat' dir='ltr'><strong>CAPUT</strong></span> <span class='ocrx_word' id='word_1_477' title='bbox 2362 748 2423 803; x_wconf 86' lang='lat' dir='ltr'><strong>V.</strong></span> <span class='ocrx_word' id='word_1_478' title='bbox 2439 779 2509 789; x_wconf 89' lang='lat'><strong>-—</strong></span> <span class='ocrx_word' id='word_1_479' title='bbox 2532 748 2695 804; x_wconf 86' lang='lat' dir='ltr'><strong>Homo</strong></span> <span class='ocrx_word' id='word_1_480' title='bbox 2714 768 2746 804; x_wconf 94' lang='lat' dir='ltr'><strong>a</strong></span> <span class='ocrx_word' id='word_1_481' title='bbox 2761 714 3008 808; x_wconf 84' lang='lat' dir='ltr'><strong>tentatore</strong></span> <span class='ocrx_word' id='word_1_482' title='bbox 3023 752 3265 825; x_wconf 84' lang='lat' dir='ltr'><strong>dejectus,</strong></span> <span class='ocrx_word' id='word_1_483' title='bbox 3283 756 3404 828; x_wconf 86' lang='lat' dir='ltr'><strong>quia</strong></span> <span class='ocrx_word' id='word_1_484' title='bbox 3416 759 3676 830; x_wconf 78' lang='lat' dir='ltr'><strong>superbus.</strong></span> <span class='ocrx_word' id='word_1_485' title='bbox 3724 714 3750 855; x_wconf 54' lang='grc' dir='ltr'><em>ξ</em></span> 
     </span>
    </p>
   </div>
   <div class='ocr_carea' id='block_1_67' title="bbox 2165 839 3735 922">
    <p class='ocr_par' dir='ltr' id='par_1_67' title="bbox 2165 839 3735 922">
     <span class='ocr_line' id='line_1_67' title="bbox 2165 839 3735 922; baseline 0.008 -30"><span class='ocrx_word' id='word_1_486' title='bbox 2165 840 2217 893; x_wconf 89' lang='lat'><strong>7.</strong></span> <span class='ocrx_word' id='word_1_487' title='bbox 2258 839 2368 896; x_wconf 88' lang='lat' dir='ltr'><strong>Nec</strong></span> <span class='ocrx_word' id='word_1_488' title='bbox 2404 840 2770 897; x_wconf 89' lang='lat' dir='ltr'><strong>arbitrandum</strong></span> <span class='ocrx_word' id='word_1_489' title='bbox 2792 844 3035 915; x_wconf 89' lang='lat' dir='ltr'><strong>estquod</strong></span> <span class='ocrx_word' id='word_1_490' title='bbox 3064 855 3208 902; x_wconf 85' lang='lat' dir='ltr'><strong>esset</strong></span> <span class='ocrx_word' id='word_1_491' title='bbox 3232 846 3502 905; x_wconf 88' lang='lat' dir='ltr'><strong>hominem</strong></span> <span class='ocrx_word' id='word_1_492' title='bbox 3530 850 3679 922; x_wconf 85' lang='lat' dir='ltr'><strong>deje-</strong></span> <span class='ocrx_word' id='word_1_493' title='bbox 3729 839 3735 905; x_wconf 74' lang='grc' dir='ltr'><strong>ἶ</strong></span> 
     </span>
    </p>
   </div>
   <div class='ocr_carea' id='block_1_68' title="bbox 2090 931 3681 1005">
    <p class='ocr_par' dir='ltr' id='par_1_68' title="bbox 2090 931 3681 1005">
     <span class='ocr_line' id='line_1_68' title="bbox 2090 931 3681 1005; baseline 0.011 -22"><span class='ocrx_word' id='word_1_494' title='bbox 2090 938 2273 985; x_wconf 89' lang='lat' dir='ltr'><strong>cturus</strong></span> <span class='ocrx_word' id='word_1_495' title='bbox 2299 931 2399 986; x_wconf 90' lang='lat' dir='ltr'><strong>iste</strong></span> <span class='ocrx_word' id='word_1_496' title='bbox 2423 940 2676 997; x_wconf 89' lang='lat' dir='ltr'><strong>tentator,</strong></span> <span class='ocrx_word' id='word_1_497' title='bbox 2708 934 2807 988; x_wconf 89' lang='lat' dir='ltr'><strong>nisi</strong></span> <span class='ocrx_word' id='word_1_498' title='bbox 2834 935 3198 1005; x_wconf 68' lang='lat' dir='ltr'><strong>praecessisset</strong></span> <span class='ocrx_word' id='word_1_499' title='bbox 3223 938 3473 996; x_wconf 89' lang='lat' dir='ltr'><strong>inanima</strong></span> <span class='ocrx_word' id='word_1_500' title='bbox 3513 940 3681 999; x_wconf 83' lang='lat' dir='ltr'><strong>homi-</strong></span> 
     </span>
    </p>
   </div>
   <div class='ocr_carea' id='block_1_69' title="bbox 2090 1021 3678 1100">
    <p class='ocr_par' dir='ltr' id='par_1_69' title="bbox 2090 1021 3678 1100">
     <span class='ocr_line' id='line_1_69' title="bbox 2090 1021 3678 1100; baseline 0.01 -25"><span class='ocrx_word' id='word_1_501' title='bbox 2090 1021 2174 1076; x_wconf 85' lang='lat' dir='ltr'><strong>nis</strong></span> <span class='ocrx_word' id='word_1_502' title='bbox 2191 1022 2434 1091; x_wconf 60' lang='lat' dir='ltr'><strong>quaedam</strong></span> <span class='ocrx_word' id='word_1_503' title='bbox 2449 1023 2610 1078; x_wconf 89' lang='lat' dir='ltr'><strong>elatio</strong></span> <span class='ocrx_word' id='word_1_504' title='bbox 2633 1026 3059 1095; x_wconf 88' lang='lat' dir='ltr'><strong>comprimenda,</strong></span> <span class='ocrx_word' id='word_1_505' title='bbox 3078 1036 3135 1083; x_wconf 92' lang='lat' dir='ltr'><strong>ut</strong></span> <span class='ocrx_word' id='word_1_506' title='bbox 3148 1043 3246 1100; x_wconf 90' lang='lat' dir='ltr'><strong>per</strong></span> <span class='ocrx_word' id='word_1_507' title='bbox 3260 1030 3678 1091; x_wconf 84' lang='lat' dir='ltr'><strong>bumiliationem</strong></span> 
     </span>
    </p>
   </div>
   <div class='ocr_carea' id='block_1_70' title="bbox 2089 1113 3677 1190">
    <p class='ocr_par' dir='ltr' id='par_1_70' title="bbox 2089 1113 3677 1190">
     <span class='ocr_line' id='line_1_70' title="bbox 2089 1113 3677 1190; baseline 0.011 -24"><span class='ocrx_word' id='word_1_508' title='bbox 2089 1113 2314 1181; x_wconf 86' lang='lat' dir='ltr'><strong>peccati,</strong></span> <span class='ocrx_word' id='word_1_509' title='bbox 2342 1130 2502 1185; x_wconf 87' lang='lat' dir='ltr'><strong>quam</strong></span> <span class='ocrx_word' id='word_1_510' title='bbox 2528 1115 2595 1171; x_wconf 91' lang='lat' dir='ltr'><strong>de</strong></span> <span class='ocrx_word' id='word_1_511' title='bbox 2621 1130 2681 1172; x_wconf 87' lang='lat' dir='ltr'><strong>se</strong></span> <span class='ocrx_word' id='word_1_512' title='bbox 2700 1114 2837 1172; x_wconf 82' lang='lat' dir='ltr'><strong>falso</strong></span> <span class='ocrx_word' id='word_1_513' title='bbox 2861 1122 3280 1190; x_wconf 53' lang='lat' dir='ltr'><strong>praesumpserit,</strong></span> <span class='ocrx_word' id='word_1_514' title='bbox 3309 1122 3560 1181; x_wconf 89' lang='lat' dir='ltr'><strong>disceret.</strong></span> <span class='ocrx_word' id='word_1_515' title='bbox 3580 1125 3677 1184; x_wconf 83' lang='lat' dir='ltr'><strong>Ve-</strong></span> 
     </span>
    </p>
   </div>
   <div class='ocr_carea' id='block_1_71' title="bbox 2088 1204 3676 1289">
    <p class='ocr_par' dir='ltr' id='par_1_71' title="bbox 2088 1204 3676 1289">
     <span class='ocr_line' id='line_1_71' title="bbox 2088 1204 3676 1289; baseline 0.011 -32"><span class='ocrx_word' id='word_1_516' title='bbox 2088 1204 2301 1260; x_wconf 86' lang='lat' dir='ltr'><strong>rissime</strong></span> <span class='ocrx_word' id='word_1_517' title='bbox 2329 1210 2525 1277; x_wconf 90' lang='lat' dir='ltr'><strong>quippe</strong></span> <span class='ocrx_word' id='word_1_518' title='bbox 2543 1206 2743 1261; x_wconf 83' lang='lat' dir='ltr'><strong>dictum</strong></span> <span class='ocrx_word' id='word_1_519' title='bbox 2771 1217 2854 1263; x_wconf 87' lang='lat' dir='ltr'><strong>est</strong></span> <span class='ocrx_word' id='word_1_520' title='bbox 2876 1227 2889 1265; x_wconf 91' lang='lat'>:</span> <span class='ocrx_word' id='word_1_521' title='bbox 2912 1212 3043 1267; x_wconf 84' lang='lat' dir='ltr'><strong>Ante</strong></span> <span class='ocrx_word' id='word_1_522' title='bbox 3066 1214 3267 1268; x_wconf 86' lang='lat' dir='ltr'><strong>ruinam</strong></span> <span class='ocrx_word' id='word_1_523' title='bbox 3294 1216 3547 1272; x_wconf 77' lang='lat' dir='ltr'><strong>exaltatur</strong></span> <span class='ocrx_word' id='word_1_524' title='bbox 3572 1235 3676 1289; x_wconf 89' lang='lat' dir='ltr'><strong>cor,</strong></span> 
     </span>
    </p>
   </div>
   <div class='ocr_carea' id='block_1_72' title="bbox 2086 1297 3680 1381">
    <p class='ocr_par' dir='ltr' id='par_1_72' title="bbox 2086 1297 3680 1381">
     <span class='ocr_line' id='line_1_72' title="bbox 2086 1297 3680 1381; baseline 0.012 -32"><span class='ocrx_word' id='word_1_525' title='bbox 2086 1305 2133 1349; x_wconf 87' lang='lat' dir='ltr'><strong>et</strong></span> <span class='ocrx_word' id='word_1_526' title='bbox 2161 1306 2278 1349; x_wconf 90' lang='lat' dir='ltr'><strong>ante</strong></span> <span class='ocrx_word' id='word_1_527' title='bbox 2304 1297 2521 1367; x_wconf 86' lang='lat' dir='ltr'><strong>gloriam</strong></span> <span class='ocrx_word' id='word_1_528' title='bbox 2563 1298 2861 1355; x_wconf 84' lang='lat' dir='ltr'><strong>humiliatur</strong></span> <span class='ocrx_word' id='word_1_529' title='bbox 2886 1299 3065 1376; x_wconf 74' lang='lat' dir='ltr'><strong>(Prov.</strong></span> <span class='ocrx_word' id='word_1_530' title='bbox 3100 1320 3215 1373; x_wconf 76' lang='lat' dir='ltr'><strong>xvr,</strong></span> <span class='ocrx_word' id='word_1_531' title='bbox 3264 1305 3375 1378; x_wconf 77' lang='lat' dir='ltr'><strong>l8).</strong></span> <span class='ocrx_word' id='word_1_532' title='bbox 3419 1309 3483 1363; x_wconf 81' lang='lat' dir='ltr'><strong>Et</strong></span> <span class='ocrx_word' id='word_1_533' title='bbox 3524 1308 3680 1381; x_wconf 87' lang='lat' dir='ltr'><strong>hujus</strong></span> 
     </span>
    </p>
   </div>
   <div class='ocr_carea' id='block_1_73' title="bbox 2086 1385 3679 1469">
    <p class='ocr_par' dir='ltr' id='par_1_73' title="bbox 2086 1385 3679 1469">
     <span class='ocr_line' id='line_1_73' title="bbox 2086 1385 3679 1469; baseline 0.01 -27"><span class='ocrx_word' id='word_1_534' title='bbox 2086 1385 2226 1444; x_wconf 82' lang='lat' dir='ltr'><strong>forte</strong></span> <span class='ocrx_word' id='word_1_535' title='bbox 2273 1389 2503 1446; x_wconf 91' lang='lat' dir='ltr'><strong>hominis</strong></span> <span class='ocrx_word' id='word_1_536' title='bbox 2544 1407 2643 1446; x_wconf 78' lang='lat' dir='ltr'><strong>vox</strong></span> <span class='ocrx_word' id='word_1_537' title='bbox 2676 1402 2761 1448; x_wconf 89' lang='lat' dir='ltr'><strong>est</strong></span> <span class='ocrx_word' id='word_1_538' title='bbox 2795 1393 2848 1448; x_wconf 93' lang='lat' dir='ltr'><strong>in</strong></span> <span class='ocrx_word' id='word_1_539' title='bbox 2888 1394 3138 1451; x_wconf 87' lang='lat' dir='ltr'><strong>Psalmo:</strong></span> <span class='ocrx_word' id='word_1_540' title='bbox 3169 1397 3277 1469; x_wconf 84' lang='lat' dir='ltr'><strong>Ego</strong></span> <span class='ocrx_word' id='word_1_541' title='bbox 3302 1398 3411 1453; x_wconf 74' lang='lat' dir='ltr'><strong>dixi</strong></span> <span class='ocrx_word' id='word_1_542' title='bbox 3439 1400 3492 1455; x_wconf 87' lang='lat' dir='ltr'><strong>in</strong></span> <span class='ocrx_word' id='word_1_543' title='bbox 3516 1398 3679 1458; x_wconf 83' lang='lat' dir='ltr'><strong>abun-</strong></span> 
     </span>
    </p>
   </div>
   <div class='ocr_carea' id='block_1_74' title="bbox 2086 1478 3679 1562">
    <p class='ocr_par' dir='ltr' id='par_1_74' title="bbox 2086 1478 3679 1562">
     <span class='ocr_line' id='line_1_74' title="bbox 2086 1478 3679 1562; baseline 0.011 -30"><span class='ocrx_word' id='word_1_544' title='bbox 2086 1478 2263 1533; x_wconf 85' lang='lat' dir='ltr'><strong>dantia</strong></span> <span class='ocrx_word' id='word_1_545' title='bbox 2289 1498 2419 1548; x_wconf 86' lang='lat' dir='ltr'><strong>mea,</strong></span> <span class='ocrx_word' id='word_1_546' title='bbox 2452 1481 2575 1537; x_wconf 88' lang='lat' dir='ltr'><strong>Non</strong></span> <span class='ocrx_word' id='word_1_547' title='bbox 2596 1485 2825 1538; x_wconf 79' lang='lat' dir='ltr'><strong>movebar</strong></span> <span class='ocrx_word' id='word_1_548' title='bbox 2842 1486 2898 1539; x_wconf 87' lang='lat' dir='ltr'><strong>in</strong></span> <span class='ocrx_word' id='word_1_549' title='bbox 2920 1498 3163 1542; x_wconf 71' lang='lat' dir='ltr'><strong>(uernum</strong></span> <span class='ocrx_word' id='word_1_550' title='bbox 3179 1489 3217 1541; x_wconf 74' lang='lat'><strong>‘.</strong></span> <span class='ocrx_word' id='word_1_551' title='bbox 3243 1489 3439 1547; x_wconf 90' lang='lat' dir='ltr'><strong>Deinde</strong></span> <span class='ocrx_word' id='word_1_552' title='bbox 3455 1492 3566 1562; x_wconf 89' lang='lat' dir='ltr'><strong>jam</strong></span> <span class='ocrx_word' id='word_1_553' title='bbox 3581 1509 3679 1549; x_wconf 76' lang='lat' dir='ltr'><strong>ex-</strong></span> 
     </span>
    </p>
   </div>
   <div class='ocr_carea' id='block_1_75' title="bbox 2086 1573 3679 1656">
    <p class='ocr_par' dir='ltr' id='par_1_75' title="bbox 2086 1573 3679 1656">
     <span class='ocr_line' id='line_1_75' title="bbox 2086 1573 3679 1656; baseline 0.009 -29"><span class='ocrx_word' id='word_1_554' title='bbox 2086 1581 2269 1642; x_wconf 88' lang='lat' dir='ltr'><strong>pertus</strong></span> <span class='ocrx_word' id='word_1_555' title='bbox 2295 1573 2420 1644; x_wconf 90' lang='lat' dir='ltr'><strong>quid</strong></span> <span class='ocrx_word' id='word_1_556' title='bbox 2449 1574 2572 1629; x_wconf 90' lang='lat' dir='ltr'><strong>mali</strong></span> <span class='ocrx_word' id='word_1_557' title='bbox 2602 1574 2795 1632; x_wconf 84' lang='lat' dir='ltr'><strong>habeat</strong></span> <span class='ocrx_word' id='word_1_558' title='bbox 2820 1576 3049 1648; x_wconf 86' lang='lat' dir='ltr'><strong>superba</strong></span> <span class='ocrx_word' id='word_1_559' title='bbox 3077 1584 3419 1652; x_wconf 66' lang='lat' dir='ltr'><strong>praesumptio</strong></span> <span class='ocrx_word' id='word_1_560' title='bbox 3450 1588 3679 1656; x_wconf 64' lang='lat' dir='ltr'><strong>propria:</strong></span> 
     </span>
    </p>
   </div>
   <div class='ocr_carea' id='block_1_76' title="bbox 2084 1668 3680 1745">
    <p class='ocr_par' dir='ltr' id='par_1_76' title="bbox 2084 1668 3680 1745">
     <span class='ocr_line' id='line_1_76' title="bbox 2084 1668 3680 1745; baseline 0.009 -25"><span class='ocrx_word' id='word_1_561' title='bbox 2084 1668 2387 1737; x_wconf 86' lang='lat' dir='ltr'><strong>potestatis,</strong></span> <span class='ocrx_word' id='word_1_562' title='bbox 2421 1676 2476 1722; x_wconf 74' lang='lat' dir='ltr'><strong>et</strong></span> <span class='ocrx_word' id='word_1_563' title='bbox 2510 1668 2635 1739; x_wconf 88' lang='lat' dir='ltr'><strong>quid</strong></span> <span class='ocrx_word' id='word_1_564' title='bbox 2680 1669 2802 1726; x_wconf 89' lang='lat' dir='ltr'><strong>boni</strong></span> <span class='ocrx_word' id='word_1_565' title='bbox 2831 1671 3152 1740; x_wconf 84' lang='lat' dir='ltr'><strong>adjutoriutn</strong></span> <span class='ocrx_word' id='word_1_566' title='bbox 3194 1676 3380 1745; x_wconf 73' lang='lat' dir='ltr'><strong>gratiae</strong></span> <span class='ocrx_word' id='word_1_567' title='bbox 3413 1676 3540 1733; x_wconf 89' lang='lat' dir='ltr'><strong>Dei:</strong></span> <span class='ocrx_word' id='word_1_568' title='bbox 3570 1677 3680 1733; x_wconf 87' lang='lat' dir='ltr'><strong>Do-</strong></span> 
     </span>
    </p>
   </div>
   <div class='ocr_carea' id='block_1_77' title="bbox 2084 1759 3680 1835">
    <p class='ocr_par' dir='ltr' id='par_1_77' title="bbox 2084 1759 3680 1835">
     <span class='ocr_line' id='line_1_77' title="bbox 2084 1759 3680 1835; baseline 0.008 -24"><span class='ocrx_word' id='word_1_569' title='bbox 2084 1760 2237 1822; x_wconf 85' lang='lat' dir='ltr'><strong>mine,</strong></span> <span class='ocrx_word' id='word_1_570' title='bbox 2261 1759 2446 1830; x_wconf 86' lang='lat' dir='ltr'><strong>inquit,</strong></span> <span class='ocrx_word' id='word_1_571' title='bbox 2476 1760 2528 1813; x_wconf 88' lang='lat' dir='ltr'><strong>in</strong></span> <span class='ocrx_word' id='word_1_572' title='bbox 2556 1761 2811 1816; x_wconf 84' lang='lat' dir='ltr'><strong>voluntate</strong></span> <span class='ocrx_word' id='word_1_573' title='bbox 2834 1772 2921 1817; x_wconf 89' lang='lat' dir='ltr'><strong>tua</strong></span> <span class='ocrx_word' id='word_1_574' title='bbox 2941 1765 3219 1835; x_wconf 63' lang='lat' dir='ltr'><strong>praestitisti</strong></span> <span class='ocrx_word' id='word_1_575' title='bbox 3246 1766 3418 1822; x_wconf 83' lang='lat' dir='ltr'><strong>decori</strong></span> <span class='ocrx_word' id='word_1_576' title='bbox 3446 1785 3555 1823; x_wconf 85' lang='lat' dir='ltr'><strong>meo</strong></span> <span class='ocrx_word' id='word_1_577' title='bbox 3579 1771 3680 1823; x_wconf 80' lang='lat' dir='ltr'><strong>vir-</strong></span> 
     </span>
    </p>
   </div>
   <div class='ocr_carea' id='block_1_78' title="bbox 2084 1853 3679 1930">
    <p class='ocr_par' dir='ltr' id='par_1_78' title="bbox 2084 1853 3679 1930">
     <span class='ocr_line' id='line_1_78' title="bbox 2084 1853 3679 1930; baseline 0.008 -27"><span class='ocrx_word' id='word_1_578' title='bbox 2084 1858 2272 1916; x_wconf 87' lang='lat' dir='ltr'><strong>tutem;</strong></span> <span class='ocrx_word' id='word_1_579' title='bbox 2292 1853 2513 1905; x_wconf 80' lang='lat' dir='ltr'><strong>avertisti</strong></span> <span class='ocrx_word' id='word_1_580' title='bbox 2538 1862 2706 1907; x_wconf 86' lang='lat' dir='ltr'><strong>autem</strong></span> <span class='ocrx_word' id='word_1_581' title='bbox 2732 1854 2913 1924; x_wconf 84' lang='lat' dir='ltr'><strong>faciem</strong></span> <span class='ocrx_word' id='word_1_582' title='bbox 2940 1864 3098 1917; x_wconf 82' lang='lat' dir='ltr'><strong>tuam.</strong></span> <span class='ocrx_word' id='word_1_583' title='bbox 3123 1866 3169 1910; x_wconf 86' lang='lat' dir='ltr'><strong>et</strong></span> <span class='ocrx_word' id='word_1_584' title='bbox 3201 1862 3367 1930; x_wconf 79' lang='lat' dir='ltr'><strong>factus</strong></span> <span class='ocrx_word' id='word_1_585' title='bbox 3403 1876 3519 1915; x_wconf 86' lang='lat' dir='ltr'><strong>sum</strong></span> <span class='ocrx_word' id='word_1_586' title='bbox 3553 1878 3679 1916; x_wconf 80' lang='lat' dir='ltr'><strong>con-</strong></span> 
     </span>
    </p>
   </div>
   <div class='ocr_carea' id='block_1_79' title="bbox 2083 1940 3677 2017">
    <p class='ocr_par' dir='ltr' id='par_1_79' title="bbox 2083 1940 3677 2017">
     <span class='ocr_line' id='line_1_79' title="bbox 2083 1940 3677 2017; baseline 0.009 -23"><span class='ocrx_word' id='word_1_587' title='bbox 2083 1942 2313 1996; x_wconf 84' lang='lat' dir='ltr'><strong>turbatus</strong></span> <span class='ocrx_word' id='word_1_588' title='bbox 2351 1940 2524 2013; x_wconf 87' lang='lat' dir='ltr'><strong>(Psal.</strong></span> <span class='ocrx_word' id='word_1_589' title='bbox 2551 1959 2699 2009; x_wconf 77' lang='lat' dir='ltr'><strong>xm,</strong></span> <span class='ocrx_word' id='word_1_590' title='bbox 2735 1945 2791 2011; x_wconf 86' lang='lat'><strong>7,</strong></span> <span class='ocrx_word' id='word_1_591' title='bbox 2819 1945 2899 2017; x_wconf 88' lang='lat'><strong>8).</strong></span> <span class='ocrx_word' id='word_1_592' title='bbox 2930 1945 3035 2002; x_wconf 87' lang='lat' dir='ltr'><strong>Sed</strong></span> <span class='ocrx_word' id='word_1_593' title='bbox 3063 1949 3174 2002; x_wconf 89' lang='lat' dir='ltr'><strong>sive</strong></span> <span class='ocrx_word' id='word_1_594' title='bbox 3202 1948 3331 2003; x_wconf 91' lang='lat' dir='ltr'><strong>illud</strong></span> <span class='ocrx_word' id='word_1_595' title='bbox 3355 1949 3422 2005; x_wconf 92' lang='lat' dir='ltr'><strong>de</strong></span> <span class='ocrx_word' id='word_1_596' title='bbox 3446 1950 3548 2006; x_wconf 86' lang='lat' dir='ltr'><strong>hoc</strong></span> <span class='ocrx_word' id='word_1_597' title='bbox 3577 1951 3677 2008; x_wconf 89' lang='lat' dir='ltr'><strong>ho-</strong></span> 
     </span>
    </p>
   </div>
   <div class='ocr_carea' id='block_1_80' title="bbox 2083 2032 3675 2103">
    <p class='ocr_par' dir='ltr' id='par_1_80' title="bbox 2083 2032 3675 2103">
     <span class='ocr_line' id='line_1_80' title="bbox 2083 2032 3675 2103; baseline 0.008 -16"><span class='ocrx_word' id='word_1_598' title='bbox 2083 2032 2248 2099; x_wconf 88' lang='lat' dir='ltr'><strong>mine,</strong></span> <span class='ocrx_word' id='word_1_599' title='bbox 2286 2035 2402 2089; x_wconf 87' lang='lat' dir='ltr'><strong>sive</strong></span> <span class='ocrx_word' id='word_1_600' title='bbox 2444 2035 2512 2090; x_wconf 91' lang='lat' dir='ltr'><strong>de</strong></span> <span class='ocrx_word' id='word_1_601' title='bbox 2553 2035 2661 2090; x_wconf 92' lang='lat' dir='ltr'><strong>alio</strong></span> <span class='ocrx_word' id='word_1_602' title='bbox 2703 2036 2903 2091; x_wconf 86' lang='lat' dir='ltr'><strong>dictum</strong></span> <span class='ocrx_word' id='word_1_603' title='bbox 2946 2040 3036 2103; x_wconf 89' lang='lat' dir='ltr'><strong>sit,</strong></span> <span class='ocrx_word' id='word_1_604' title='bbox 3077 2039 3350 2096; x_wconf 82' lang='lat' dir='ltr'><strong>extollenti</strong></span> <span class='ocrx_word' id='word_1_605' title='bbox 3396 2057 3454 2097; x_wconf 90' lang='lat' dir='ltr'><strong>se</strong></span> <span class='ocrx_word' id='word_1_606' title='bbox 3495 2051 3675 2100; x_wconf 83' lang='lat' dir='ltr'><strong>tamen</strong></span> 
     </span>
    </p>
   </div>
   <div class='ocr_carea' id='block_1_81' title="bbox 2081 2125 3678 2205">
    <p class='ocr_par' dir='ltr' id='par_1_81' title="bbox 2081 2125 3678 2205">
     <span class='ocr_line' id='line_1_81' title="bbox 2081 2125 3678 2205; baseline 0.006 -24"><span class='ocrx_word' id='word_1_607' title='bbox 2081 2125 2295 2193; x_wconf 79' lang='lat' dir='ltr'><strong>aninne,</strong></span> <span class='ocrx_word' id='word_1_608' title='bbox 2328 2137 2382 2183; x_wconf 90' lang='lat' dir='ltr'><strong>et</strong></span> <span class='ocrx_word' id='word_1_609' title='bbox 2410 2127 2632 2184; x_wconf 89' lang='lat' dir='ltr'><strong>nimium</strong></span> <span class='ocrx_word' id='word_1_610' title='bbox 2668 2139 2917 2201; x_wconf 86' lang='lat' dir='ltr'><strong>tanquam</strong></span> <span class='ocrx_word' id='word_1_611' title='bbox 2943 2131 3009 2186; x_wconf 90' lang='lat' dir='ltr'><strong>de</strong></span> <span class='ocrx_word' id='word_1_612' title='bbox 3040 2133 3251 2203; x_wconf 88' lang='lat' dir='ltr'><strong>propria</strong></span> <span class='ocrx_word' id='word_1_613' title='bbox 3280 2134 3472 2190; x_wconf 87' lang='lat' dir='ltr'><strong>virtute</strong></span> <span class='ocrx_word' id='word_1_614' title='bbox 3503 2137 3678 2205; x_wconf 62' lang='lat' dir='ltr'><strong>praeli-</strong></span> 
     </span>
    </p>
   </div>
   <div class='ocr_carea' id='block_1_82' title="bbox 2082 2217 3677 2294">
    <p class='ocr_par' dir='ltr' id='par_1_82' title="bbox 2082 2217 3677 2294">
     <span class='ocr_line' id='line_1_82' title="bbox 2082 2217 3677 2294; baseline 0.008 -20"><span class='ocrx_word' id='word_1_615' title='bbox 2082 2217 2249 2285; x_wconf 89' lang='lat' dir='ltr'><strong>dcnti,</strong></span> <span class='ocrx_word' id='word_1_616' title='bbox 2280 2222 2439 2277; x_wconf 89' lang='lat' dir='ltr'><strong>etiam</strong></span> <span class='ocrx_word' id='word_1_617' title='bbox 2479 2223 2847 2290; x_wconf 81' lang='lat' dir='ltr'><strong>experimento</strong></span> <span class='ocrx_word' id='word_1_618' title='bbox 2876 2239 3048 2294; x_wconf 77' lang='lat' dir='ltr'><strong>pteua:</strong></span> <span class='ocrx_word' id='word_1_619' title='bbox 3092 2224 3264 2282; x_wconf 86' lang='lat' dir='ltr'><strong>fuerat</strong></span> <span class='ocrx_word' id='word_1_620' title='bbox 3302 2228 3677 2286; x_wconf 85' lang='lat' dir='ltr'><strong>demonstran-</strong></span> 
     </span>
    </p>
   </div>
   <div class='ocr_carea' id='block_1_83' title="bbox 2081 2311 3680 2389">
    <p class='ocr_par' dir='ltr' id='par_1_83' title="bbox 2081 2311 3680 2389">
     <span class='ocr_line' id='line_1_83' title="bbox 2081 2311 3680 2389; baseline 0.007 -22"><span class='ocrx_word' id='word_1_621' title='bbox 2081 2311 2207 2367; x_wconf 89' lang='lat' dir='ltr'><strong>dum</strong></span> <span class='ocrx_word' id='word_1_622' title='bbox 2248 2329 2406 2384; x_wconf 84' lang='lat' dir='ltr'><strong>quam</strong></span> <span class='ocrx_word' id='word_1_623' title='bbox 2439 2332 2541 2368; x_wconf 91' lang='lat' dir='ltr'><strong>non</strong></span> <span class='ocrx_word' id='word_1_624' title='bbox 2574 2315 2710 2370; x_wconf 82' lang='lat' dir='ltr'><strong>bene</strong></span> <span class='ocrx_word' id='word_1_625' title='bbox 2737 2330 2797 2371; x_wconf 90' lang='lat' dir='ltr'><strong>se</strong></span> <span class='ocrx_word' id='word_1_626' title='bbox 2827 2315 3018 2372; x_wconf 84' lang='lat' dir='ltr'><strong>habeat</strong></span> <span class='ocrx_word' id='word_1_627' title='bbox 3047 2320 3181 2373; x_wconf 80' lang='lat' dir='ltr'><strong>facta</strong></span> <span class='ocrx_word' id='word_1_628' title='bbox 3214 2330 3420 2389; x_wconf 86' lang='lat' dir='ltr'><strong>natura,</strong></span> <span class='ocrx_word' id='word_1_629' title='bbox 3466 2322 3567 2377; x_wconf 87' lang='lat' dir='ltr'><strong>sia</strong></span> <span class='ocrx_word' id='word_1_630' title='bbox 3602 2323 3680 2378; x_wconf 83' lang='lat' dir='ltr'><strong>fa-</strong></span> 
     </span>
    </p>
   </div>
   <div class='ocr_carea' id='block_1_84' title="bbox 2080 2408 3682 2473">
    <p class='ocr_par' dir='ltr' id='par_1_84' title="bbox 2080 2408 3682 2473">
     <span class='ocr_line' id='line_1_84' title="bbox 2080 2408 3682 2473; baseline 0.006 -9"><span class='ocrx_word' id='word_1_631' title='bbox 2080 2408 2256 2464; x_wconf 87' lang='lat' dir='ltr'><strong>ciente</strong></span> <span class='ocrx_word' id='word_1_632' title='bbox 2281 2411 2583 2466; x_wconf 83' lang='lat' dir='ltr'><strong>recesserit.</strong></span> <span class='ocrx_word' id='word_1_633' title='bbox 2612 2410 2745 2466; x_wconf 86' lang='lat' dir='ltr'><strong>llinc</strong></span> <span class='ocrx_word' id='word_1_634' title='bbox 2784 2411 2926 2465; x_wconf 91' lang='lat' dir='ltr'><strong>enim</strong></span> <span class='ocrx_word' id='word_1_635' title='bbox 2964 2411 3124 2466; x_wconf 89' lang='lat' dir='ltr'><strong>etiam</strong></span> <span class='ocrx_word' id='word_1_636' title='bbox 3154 2414 3382 2468; x_wconf 83' lang='lat' dir='ltr'><strong>maxime</strong></span> <span class='ocrx_word' id='word_1_637' title='bbox 3406 2430 3682 2473; x_wconf 68' lang='lat' dir='ltr'><strong>commeno</strong></span> 
     </span>
    </p>
   </div>
   <div class='ocr_carea' id='block_1_85' title="bbox 2080 2497 3683 2574">
    <p class='ocr_par' dir='ltr' id='par_1_85' title="bbox 2080 2497 3683 2574">
     <span class='ocr_line' id='line_1_85' title="bbox 2080 2497 3683 2574; baseline 0.007 -21"><span class='ocrx_word' id='word_1_638' title='bbox 2080 2497 2235 2553; x_wconf 86' lang='lat' dir='ltr'><strong>datur</strong></span> <span class='ocrx_word' id='word_1_639' title='bbox 2262 2500 2420 2570; x_wconf 84' lang='lat' dir='ltr'><strong>quale</strong></span> <span class='ocrx_word' id='word_1_640' title='bbox 2460 2500 2656 2554; x_wconf 91' lang='lat' dir='ltr'><strong>bonum</strong></span> <span class='ocrx_word' id='word_1_641' title='bbox 2686 2503 2756 2556; x_wconf 90' lang='lat' dir='ltr'><strong>sit</strong></span> <span class='ocrx_word' id='word_1_642' title='bbox 2794 2501 2952 2569; x_wconf 84' lang='lat' dir='ltr'><strong>Deus,</strong></span> <span class='ocrx_word' id='word_1_643' title='bbox 2995 2503 3208 2574; x_wconf 89' lang='lat' dir='ltr'><strong>quando</strong></span> <span class='ocrx_word' id='word_1_644' title='bbox 3252 2505 3381 2560; x_wconf 88' lang='lat' dir='ltr'><strong>nulli</strong></span> <span class='ocrx_word' id='word_1_645' title='bbox 3409 2507 3477 2561; x_wconf 86' lang='lat' dir='ltr'><strong>ab</strong></span> <span class='ocrx_word' id='word_1_646' title='bbox 3502 2523 3566 2562; x_wconf 88' lang='lat' dir='ltr'><strong>eo</strong></span> <span class='ocrx_word' id='word_1_647' title='bbox 3595 2525 3683 2565; x_wconf 68' lang='lat' dir='ltr'><strong>reo</strong></span> 
     </span>
    </p>
   </div>
   <div class='ocr_carea' id='block_1_86' title="bbox 2079 2593 3680 2668">
    <p class='ocr_par' dir='ltr' id='par_1_86' title="bbox 2079 2593 3680 2668">
     <span class='ocr_line' id='line_1_86' title="bbox 2079 2593 3680 2668; baseline 0.006 -19"><span class='ocrx_word' id='word_1_648' title='bbox 2079 2593 2290 2649; x_wconf 75' lang='lat' dir='ltr'><strong>cedenti</strong></span> <span class='ocrx_word' id='word_1_649' title='bbox 2328 2595 2460 2650; x_wconf 89' lang='lat' dir='ltr'><strong>bene</strong></span> <span class='ocrx_word' id='word_1_650' title='bbox 2487 2605 2603 2651; x_wconf 86' lang='lat' dir='ltr'><strong>est:</strong></span> <span class='ocrx_word' id='word_1_651' title='bbox 2628 2595 2749 2665; x_wconf 88' lang='lat' dir='ltr'><strong>quia</strong></span> <span class='ocrx_word' id='word_1_652' title='bbox 2792 2604 2849 2652; x_wconf 88' lang='lat' dir='ltr'><strong>et</strong></span> <span class='ocrx_word' id='word_1_653' title='bbox 2884 2596 2974 2667; x_wconf 89' lang='lat' dir='ltr'><strong>qui</strong></span> <span class='ocrx_word' id='word_1_654' title='bbox 3015 2597 3250 2668; x_wconf 86' lang='lat' dir='ltr'><strong>gaudent</strong></span> <span class='ocrx_word' id='word_1_655' title='bbox 3290 2600 3343 2654; x_wconf 93' lang='lat' dir='ltr'><strong>in</strong></span> <span class='ocrx_word' id='word_1_656' title='bbox 3389 2600 3680 2659; x_wconf 82' lang='lat' dir='ltr'><strong>mortiferis</strong></span> 
     </span>
    </p>
   </div>
   <div class='ocr_carea' id='block_1_87' title="bbox 2078 2687 3674 2767">
    <p class='ocr_par' dir='ltr' id='par_1_87' title="bbox 2078 2687 3674 2767">
     <span class='ocr_line' id='line_1_87' title="bbox 2078 2687 3674 2767; baseline 0.007 -27"><span class='ocrx_word' id='word_1_657' title='bbox 2078 2687 2458 2757; x_wconf 84' lang='lat' dir='ltr'><strong>voluptatibus,</strong></span> <span class='ocrx_word' id='word_1_658' title='bbox 2486 2703 2608 2745; x_wconf 90' lang='lat' dir='ltr'><strong>esse</strong></span> <span class='ocrx_word' id='word_1_659' title='bbox 2634 2690 2752 2746; x_wconf 89' lang='lat' dir='ltr'><strong>sine</strong></span> <span class='ocrx_word' id='word_1_660' title='bbox 2778 2689 3023 2746; x_wconf 88' lang='lat' dir='ltr'><strong>dolorum</strong></span> <span class='ocrx_word' id='word_1_661' title='bbox 3054 2693 3244 2750; x_wconf 90' lang='lat' dir='ltr'><strong>timore</strong></span> <span class='ocrx_word' id='word_1_662' title='bbox 3279 2710 3382 2749; x_wconf 90' lang='lat' dir='ltr'><strong>non</strong></span> <span class='ocrx_word' id='word_1_663' title='bbox 3409 2705 3674 2767; x_wconf 81' lang='lat' dir='ltr'><strong>possunt;</strong></span> 
     </span>
    </p>
   </div>
   <div class='ocr_carea' id='block_1_88' title="bbox 2078 2780 3679 2858">
    <p class='ocr_par' dir='ltr' id='par_1_88' title="bbox 2078 2780 3679 2858">
     <span class='ocr_line' id='line_1_88' title="bbox 2078 2780 3679 2858; baseline 0.005 -23"><span class='ocrx_word' id='word_1_664' title='bbox 2078 2781 2235 2850; x_wconf 86' lang='lat' dir='ltr'><strong>etqui</strong></span> <span class='ocrx_word' id='word_1_665' title='bbox 2258 2781 2479 2834; x_wconf 89' lang='lat' dir='ltr'><strong>omnino</strong></span> <span class='ocrx_word' id='word_1_666' title='bbox 2504 2780 2703 2834; x_wconf 90' lang='lat' dir='ltr'><strong>malum</strong></span> <span class='ocrx_word' id='word_1_667' title='bbox 2728 2781 3047 2838; x_wconf 83' lang='lat' dir='ltr'><strong>desertionis</strong></span> <span class='ocrx_word' id='word_1_668' title='bbox 3062 2798 3173 2839; x_wconf 80' lang='lat' dir='ltr'><strong>suae</strong></span> <span class='ocrx_word' id='word_1_669' title='bbox 3196 2787 3396 2856; x_wconf 87' lang='lat' dir='ltr'><strong>majore</strong></span> <span class='ocrx_word' id='word_1_670' title='bbox 3412 2788 3679 2858; x_wconf 77' lang='lat' dir='ltr'><strong>superbia:</strong></span> 
     </span>
    </p>
   </div>
   <div class='ocr_carea' id='block_1_89' title="bbox 2076 2874 3680 2946">
    <p class='ocr_par' dir='ltr' id='par_1_89' title="bbox 2076 2874 3680 2946">
     <span class='ocr_line' id='line_1_89' title="bbox 2076 2874 3680 2946; baseline 0.006 -20"><span class='ocrx_word' id='word_1_671' title='bbox 2076 2880 2300 2942; x_wconf 85' lang='lat' dir='ltr'><strong>stupore</strong></span> <span class='ocrx_word' id='word_1_672' title='bbox 2328 2888 2431 2926; x_wconf 91' lang='lat' dir='ltr'><strong>non</strong></span> <span class='ocrx_word' id='word_1_673' title='bbox 2462 2874 2717 2938; x_wconf 86' lang='lat' dir='ltr'><strong>sentiunt,</strong></span> <span class='ocrx_word' id='word_1_674' title='bbox 2748 2874 2869 2928; x_wconf 90' lang='lat' dir='ltr'><strong>aliis</strong></span> <span class='ocrx_word' id='word_1_675' title='bbox 2906 2877 2994 2946; x_wconf 89' lang='lat' dir='ltr'><strong>qui</strong></span> <span class='ocrx_word' id='word_1_676' title='bbox 3028 2875 3139 2932; x_wconf 79' lang='lat' dir='ltr'><strong>luce</strong></span> <span class='ocrx_word' id='word_1_677' title='bbox 3173 2876 3481 2935; x_wconf 84' lang='lat' dir='ltr'><strong>discernere</strong></span> <span class='ocrx_word' id='word_1_678' title='bbox 3508 2896 3680 2936; x_wconf 84' lang='lat' dir='ltr'><strong>nove-</strong></span> 
     </span>
    </p>
   </div>
   <div class='ocr_carea' id='block_1_90' title="bbox 2076 2964 3679 3037">
    <p class='ocr_par' dir='ltr' id='par_1_90' title="bbox 2076 2964 3679 3037">
     <span class='ocr_line' id='line_1_90' title="bbox 2076 2964 3679 3037; baseline 0.006 -18"><span class='ocrx_word' id='word_1_679' title='bbox 2076 2975 2222 3031; x_wconf 82' lang='lat' dir='ltr'><strong>runt,</strong></span> <span class='ocrx_word' id='word_1_680' title='bbox 2256 2964 2560 3021; x_wconf 89' lang='lat' dir='ltr'><strong>miseriores</strong></span> <span class='ocrx_word' id='word_1_681' title='bbox 2588 2975 2808 3034; x_wconf 84' lang='lat' dir='ltr'><strong>prorsus</strong></span> <span class='ocrx_word' id='word_1_682' title='bbox 2835 2978 3125 3037; x_wconf 87' lang='lat' dir='ltr'><strong>apparent;</strong></span> <span class='ocrx_word' id='word_1_683' title='bbox 3157 2976 3215 3023; x_wconf 90' lang='lat' dir='ltr'><strong>ut</strong></span> <span class='ocrx_word' id='word_1_684' title='bbox 3235 2969 3281 3025; x_wconf 89' lang='lat' dir='ltr'><strong>si</strong></span> <span class='ocrx_word' id='word_1_685' title='bbox 3314 2970 3501 3025; x_wconf 90' lang='lat' dir='ltr'><strong>nolunt</strong></span> <span class='ocrx_word' id='word_1_686' title='bbox 3536 2972 3679 3028; x_wconf 71' lang='grc' dir='ltr'><strong>ι’εεί-</strong></span> 
     </span>
    </p>
   </div>
   <div class='ocr_carea' id='block_1_91' title="bbox 2075 3057 3677 3136">
    <p class='ocr_par' dir='ltr' id='par_1_91' title="bbox 2075 3057 3677 3136">
     <span class='ocr_line' id='line_1_91' title="bbox 2075 3057 3677 3136; baseline 0.006 -26"><span class='ocrx_word' id='word_1_687' title='bbox 2075 3072 2205 3127; x_wconf 87' lang='lat' dir='ltr'><strong>pere</strong></span> <span class='ocrx_word' id='word_1_688' title='bbox 2220 3057 2535 3111; x_wconf 88' lang='lat' dir='ltr'><strong>medicinam</strong></span> <span class='ocrx_word' id='word_1_689' title='bbox 2561 3059 2682 3113; x_wconf 84' lang='lat' dir='ltr'><strong>talia</strong></span> <span class='ocrx_word' id='word_1_690' title='bbox 2709 3058 3000 3136; x_wconf 87' lang='lat' dir='ltr'><strong>devitandi,</strong></span> <span class='ocrx_word' id='word_1_691' title='bbox 3024 3061 3233 3116; x_wconf 84' lang='lat' dir='ltr'><strong>valeant</strong></span> <span class='ocrx_word' id='word_1_692' title='bbox 3252 3061 3318 3117; x_wconf 90' lang='lat' dir='ltr'><strong>ad</strong></span> <span class='ocrx_word' id='word_1_693' title='bbox 3343 3064 3677 3135; x_wconf 73' lang='lat' dir='ltr'><strong>exemplum,</strong></span> 
     </span>
    </p>
   </div>
   <div class='ocr_carea' id='block_1_92' title="bbox 2074 3150 3675 3225">
    <p class='ocr_par' dir='ltr' id='par_1_92' title="bbox 2074 3150 3675 3225">
     <span class='ocr_line' id='line_1_92' title="bbox 2074 3150 3675 3225; baseline 0.004 -21"><span class='ocrx_word' id='word_1_694' title='bbox 2074 3166 2182 3221; x_wconf 90' lang='lat' dir='ltr'><strong>quo</strong></span> <span class='ocrx_word' id='word_1_695' title='bbox 2212 3152 2417 3219; x_wconf 81' lang='lat' dir='ltr'><strong>possint</strong></span> <span class='ocrx_word' id='word_1_696' title='bbox 2447 3151 2566 3205; x_wconf 90' lang='lat' dir='ltr'><strong>talia</strong></span> <span class='ocrx_word' id='word_1_697' title='bbox 2598 3150 2841 3206; x_wconf 88' lang='lat' dir='ltr'><strong>devitari.</strong></span> <span class='ocrx_word' id='word_1_698' title='bbox 2864 3150 3010 3208; x_wconf 89' lang='lat' dir='ltr'><strong>Sicut</strong></span> <span class='ocrx_word' id='word_1_699' title='bbox 3033 3153 3176 3209; x_wconf 88' lang='lat' dir='ltr'><strong>enim</strong></span> <span class='ocrx_word' id='word_1_700' title='bbox 3207 3156 3481 3225; x_wconf 87' lang='lat' dir='ltr'><strong>apostolus</strong></span> <span class='ocrx_word' id='word_1_701' title='bbox 3510 3155 3675 3211; x_wconf 84' lang='lat' dir='ltr'><strong>Jaco-</strong></span> 
     </span>
    </p>
   </div>
   <div class='ocr_carea' id='block_1_93' title="bbox 2075 3242 3677 3318">
    <p class='ocr_par' dir='ltr' id='par_1_93' title="bbox 2075 3242 3677 3318">
     <span class='ocr_line' id='line_1_93' title="bbox 2075 3242 3677 3318; baseline 0.004 -20"><span class='ocrx_word' id='word_1_702' title='bbox 2075 3242 2333 3307; x_wconf 82' lang='lat' dir='ltr'><strong>busdieit,</strong></span> <span class='ocrx_word' id='word_1_703' title='bbox 2354 3242 2709 3315; x_wconf 78' lang='lat' dir='ltr'><strong>Unusquisque</strong></span> <span class='ocrx_word' id='word_1_704' title='bbox 2732 3254 2952 3300; x_wconf 83' lang='lat' dir='ltr'><strong>tentatur</strong></span> <span class='ocrx_word' id='word_1_705' title='bbox 2970 3264 3000 3299; x_wconf 92' lang='lat' dir='ltr'><strong>a</strong></span> <span class='ocrx_word' id='word_1_706' title='bbox 3020 3248 3426 3318; x_wconf 83' lang='lat' dir='ltr'><strong>concupiscentia</strong></span> <span class='ocrx_word' id='word_1_707' title='bbox 3444 3265 3537 3302; x_wconf 84' lang='lat' dir='ltr'><strong>sua</strong></span> <span class='ocrx_word' id='word_1_708' title='bbox 3551 3249 3677 3304; x_wconf 83' lang='lat' dir='ltr'><strong>abs-</strong></span> 
     </span>
    </p>
   </div>
   <div class='ocr_carea' id='block_1_94' title="bbox 2075 3335 3674 3410">
    <p class='ocr_par' dir='ltr' id='par_1_94' title="bbox 2075 3335 3674 3410">
     <span class='ocr_line' id='line_1_94' title="bbox 2075 3335 3674 3410; baseline 0.004 -21"><span class='ocrx_word' id='word_1_709' title='bbox 2075 3344 2266 3390; x_wconf 85' lang='lat' dir='ltr'><strong>tractus</strong></span> <span class='ocrx_word' id='word_1_710' title='bbox 2285 3345 2333 3389; x_wconf 81' lang='lat' dir='ltr'><strong>et</strong></span> <span class='ocrx_word' id='word_1_711' title='bbox 2352 3335 2548 3389; x_wconf 85' lang='lat' dir='ltr'><strong>illectus</strong></span> <span class='ocrx_word' id='word_1_712' title='bbox 2563 3336 2774 3391; x_wconf 80' lang='lat' dir='ltr'><strong>:deinde</strong></span> <span class='ocrx_word' id='word_1_713' title='bbox 2789 3338 3191 3408; x_wconf 81' lang='lat' dir='ltr'><strong>concupiscentia</strong></span> <span class='ocrx_word' id='word_1_714' title='bbox 3227 3355 3341 3392; x_wconf 88' lang='lat' dir='ltr'><strong>cum</strong></span> <span class='ocrx_word' id='word_1_715' title='bbox 3364 3342 3674 3410; x_wconf 78' lang='lat' dir='ltr'><strong>conceperit,</strong></span> 
     </span>
    </p>
   </div>
   <div class='ocr_carea' id='block_1_95' title="bbox 2074 3428 3677 3500">
    <p class='ocr_par' dir='ltr' id='par_1_95' title="bbox 2074 3428 3677 3500">
     <span class='ocr_line' id='line_1_95' title="bbox 2074 3428 3677 3500; baseline 0.004 -19"><span class='ocrx_word' id='word_1_716' title='bbox 2074 3428 2208 3499; x_wconf 84' lang='lat' dir='ltr'><strong>parit</strong></span> <span class='ocrx_word' id='word_1_717' title='bbox 2230 3439 2521 3499; x_wconf 84' lang='lat' dir='ltr'><strong>peccatum;</strong></span> <span class='ocrx_word' id='word_1_718' title='bbox 2540 3438 2800 3499; x_wconf 84' lang='lat' dir='ltr'><strong>peccatum</strong></span> <span class='ocrx_word' id='word_1_719' title='bbox 2822 3440 2989 3483; x_wconf 86' lang='lat' dir='ltr'><strong>autem</strong></span> <span class='ocrx_word' id='word_1_720' title='bbox 3009 3446 3125 3484; x_wconf 88' lang='lat' dir='ltr'><strong>cum</strong></span> <span class='ocrx_word' id='word_1_721' title='bbox 3139 3440 3542 3484; x_wconf 85' lang='lat' dir='ltr'><strong>consummatum</strong></span> <span class='ocrx_word' id='word_1_722' title='bbox 3559 3431 3677 3500; x_wconf 78' lang='lat' dir='ltr'><strong>fue-</strong></span> 
     </span>
    </p>
   </div>
   <div class='ocr_carea' id='block_1_96' title="bbox 2071 3518 3675 3593">
    <p class='ocr_par' dir='ltr' id='par_1_96' title="bbox 2071 3518 3675 3593">
     <span class='ocr_line' id='line_1_96' title="bbox 2071 3518 3675 3593; baseline 0.004 -19"><span class='ocrx_word' id='word_1_723' title='bbox 2071 3521 2159 3586; x_wconf 89' lang='lat' dir='ltr'><strong>rit,</strong></span> <span class='ocrx_word' id='word_1_724' title='bbox 2184 3528 2389 3591; x_wconf 79' lang='lat' dir='ltr'><strong>generat</strong></span> <span class='ocrx_word' id='word_1_725' title='bbox 2410 3530 2619 3574; x_wconf 83' lang='lat' dir='ltr'><strong>mortem</strong></span> <span class='ocrx_word' id='word_1_726' title='bbox 2642 3518 2845 3593; x_wconf 81' lang='lat' dir='ltr'><strong>(Jacobi</strong></span> <span class='ocrx_word' id='word_1_727' title='bbox 2865 3536 2902 3588; x_wconf 86' lang='lat' dir='ltr'><strong>I,</strong></span> <span class='ocrx_word' id='word_1_728' title='bbox 2926 3521 3014 3588; x_wconf 78' lang='lat' dir='ltr'><strong>H,</strong></span> <span class='ocrx_word' id='word_1_729' title='bbox 3039 3520 3151 3591; x_wconf 83' lang='grc'><strong>15).</strong></span> <span class='ocrx_word' id='word_1_730' title='bbox 3185 3520 3335 3578; x_wconf 88' lang='lat' dir='ltr'><strong>Unde</strong></span> <span class='ocrx_word' id='word_1_731' title='bbox 3364 3531 3550 3578; x_wconf 88' lang='lat' dir='ltr'><strong>sanato</strong></span> <span class='ocrx_word' id='word_1_732' title='bbox 3576 3539 3675 3580; x_wconf 80' lang='lat' dir='ltr'><strong>su-</strong></span> 
     </span>
    </p>
   </div>
   <div class='ocr_carea' id='block_1_97' title="bbox 2073 3611 3674 3687">
    <p class='ocr_par' dir='ltr' id='par_1_97' title="bbox 2073 3611 3674 3687">
     <span class='ocr_line' id='line_1_97' title="bbox 2073 3611 3674 3687; baseline 0.005 -22"><span class='ocrx_word' id='word_1_733' title='bbox 2073 3611 2273 3682; x_wconf 77' lang='lat' dir='ltr'><strong>perbia:</strong></span> <span class='ocrx_word' id='word_1_734' title='bbox 2296 3620 2503 3666; x_wconf 89' lang='lat' dir='ltr'><strong>tumore</strong></span> <span class='ocrx_word' id='word_1_735' title='bbox 2532 3611 2844 3683; x_wconf 87' lang='lat' dir='ltr'><strong>resurgitnr,</strong></span> <span class='ocrx_word' id='word_1_736' title='bbox 2869 3612 2915 3666; x_wconf 91' lang='lat' dir='ltr'><strong>si</strong></span> <span class='ocrx_word' id='word_1_737' title='bbox 2945 3612 3187 3669; x_wconf 81' lang='lat' dir='ltr'><strong>voluntas</strong></span> <span class='ocrx_word' id='word_1_738' title='bbox 3214 3630 3331 3684; x_wconf 73' lang='lat' dir='ltr'><strong>qua:</strong></span> <span class='ocrx_word' id='word_1_739' title='bbox 3357 3623 3485 3671; x_wconf 88' lang='lat' dir='ltr'><strong>ante</strong></span> <span class='ocrx_word' id='word_1_740' title='bbox 3503 3631 3674 3687; x_wconf 71' lang='lat' dir='ltr'><strong>cxpe-</strong></span> 
     </span>
    </p>
   </div>
   <div class='ocr_carea' id='block_1_98' title="bbox 2072 3702 3673 3774">
    <p class='ocr_par' dir='ltr' id='par_1_98' title="bbox 2072 3702 3673 3774">
     <span class='ocr_line' id='line_1_98' title="bbox 2072 3702 3673 3774; baseline 0.003 -14"><span class='ocrx_word' id='word_1_741' title='bbox 2072 3704 2360 3761; x_wconf 88' lang='lat' dir='ltr'><strong>rimentum</strong></span> <span class='ocrx_word' id='word_1_742' title='bbox 2398 3702 2584 3770; x_wconf 89' lang='lat' dir='ltr'><strong>defuit,</strong></span> <span class='ocrx_word' id='word_1_743' title='bbox 2627 3712 2686 3758; x_wconf 91' lang='lat' dir='ltr'><strong>ut</strong></span> <span class='ocrx_word' id='word_1_744' title='bbox 2728 3714 3134 3774; x_wconf 88' lang='lat' dir='ltr'><strong>permaneretnr</strong></span> <span class='ocrx_word' id='word_1_745' title='bbox 3165 3721 3285 3761; x_wconf 87' lang='lat' dir='ltr'><strong>cum</strong></span> <span class='ocrx_word' id='word_1_746' title='bbox 3318 3706 3448 3770; x_wconf 88' lang='lat' dir='ltr'><strong>Deo.</strong></span> <span class='ocrx_word' id='word_1_747' title='bbox 3478 3708 3673 3766; x_wconf 80' lang='lat' dir='ltr'><strong>saltem</strong></span> 
     </span>
    </p>
   </div>
   <div class='ocr_carea' id='block_1_99' title="bbox 2070 3795 3506 3867">
    <p class='ocr_par' dir='ltr' id='par_1_99' title="bbox 2070 3795 3506 3867">
     <span class='ocr_line' id='line_1_99' title="bbox 2070 3795 3506 3867; baseline 0.003 -17"><span class='ocrx_word' id='word_1_748' title='bbox 2070 3805 2194 3867; x_wconf 88' lang='lat' dir='ltr'><strong>post</strong></span> <span class='ocrx_word' id='word_1_749' title='bbox 2223 3796 2648 3865; x_wconf 72' lang='lat' dir='ltr'><strong>eXperimentum</strong></span> <span class='ocrx_word' id='word_1_750' title='bbox 2676 3795 2836 3863; x_wconf 87' lang='lat' dir='ltr'><strong>adsit,</strong></span> <span class='ocrx_word' id='word_1_751' title='bbox 2866 3807 2924 3849; x_wconf 89' lang='lat' dir='ltr'><strong>ut</strong></span> <span class='ocrx_word' id='word_1_752' title='bbox 2948 3795 3196 3852; x_wconf 87' lang='lat' dir='ltr'><strong>redeatur</strong></span> <span class='ocrx_word' id='word_1_753' title='bbox 3222 3797 3286 3852; x_wconf 92' lang='lat' dir='ltr'><strong>ad</strong></span> <span class='ocrx_word' id='word_1_754' title='bbox 3317 3798 3506 3854; x_wconf 83' lang='lat' dir='ltr'><strong>Deum.</strong></span> 
     </span>
    </p>
   </div>
   <div class='ocr_carea' id='block_1_100' title="bbox 2070 3886 3666 3959">
    <p class='ocr_par' dir='ltr' id='par_1_100' title="bbox 2070 3886 3666 3959">
     <span class='ocr_line' id='line_1_100' title="bbox 2070 3886 3666 3959; baseline 0.001 -15"><span class='ocrx_word' id='word_1_755' title='bbox 2070 3887 2297 3945; x_wconf 84' lang='lat' dir='ltr'><strong>CAPUT</strong></span> <span class='ocrx_word' id='word_1_756' title='bbox 2336 3886 2426 3943; x_wconf 79' lang='lat' dir='ltr'><strong>Vl.</strong></span> <span class='ocrx_word' id='word_1_757' title='bbox 2449 3916 2519 3929; x_wconf 89' lang='lat'><strong>——</strong></span> <span class='ocrx_word' id='word_1_758' title='bbox 2548 3887 2654 3942; x_wconf 86' lang='lat' dir='ltr'><strong>Cur</strong></span> <span class='ocrx_word' id='word_1_759' title='bbox 2678 3886 2813 3942; x_wconf 83' lang='lat' dir='ltr'><strong>Deus</strong></span> <span class='ocrx_word' id='word_1_760' title='bbox 2843 3888 3126 3959; x_wconf 87' lang='lat' dir='ltr'><strong>permiserit</strong></span> <span class='ocrx_word' id='word_1_761' title='bbox 3165 3888 3416 3943; x_wconf 81' lang='lat' dir='ltr'><strong>hominem</strong></span> <span class='ocrx_word' id='word_1_762' title='bbox 3456 3892 3666 3946; x_wconf 84' lang='lat' dir='ltr'><strong>tentari.</strong></span> 
     </span>
    </p>
   </div>
   <div class='ocr_carea' id='block_1_101' title="bbox 2140 3980 3668 4053">
    <p class='ocr_par' dir='ltr' id='par_1_101' title="bbox 2140 3980 3668 4053">
     <span class='ocr_line' id='line_1_101' title="bbox 2140 3980 3668 4053; baseline 0.003 -16"><span class='ocrx_word' id='word_1_763' title='bbox 2140 3980 2195 4037; x_wconf 87' lang='lat'><strong>8.</strong></span> <span class='ocrx_word' id='word_1_764' title='bbox 2236 3980 2323 4035; x_wconf 84' lang='lat' dir='ltr'><strong>Sic</strong></span> <span class='ocrx_word' id='word_1_765' title='bbox 2343 3990 2518 4037; x_wconf 90' lang='lat' dir='ltr'><strong>autem</strong></span> <span class='ocrx_word' id='word_1_766' title='bbox 2548 3981 2764 4052; x_wconf 87' lang='lat' dir='ltr'><strong>quidam</strong></span> <span class='ocrx_word' id='word_1_767' title='bbox 2794 3990 3077 4038; x_wconf 87' lang='lat' dir='ltr'><strong>moventur</strong></span> <span class='ocrx_word' id='word_1_768' title='bbox 3103 3980 3171 4037; x_wconf 91' lang='lat' dir='ltr'><strong>de</strong></span> <span class='ocrx_word' id='word_1_769' title='bbox 3197 3981 3293 4037; x_wconf 90' lang='lat' dir='ltr'><strong>hac</strong></span> <span class='ocrx_word' id='word_1_770' title='bbox 3314 3983 3469 4053; x_wconf 89' lang='lat' dir='ltr'><strong>primi</strong></span> <span class='ocrx_word' id='word_1_771' title='bbox 3491 3983 3668 4042; x_wconf 85' lang='lat' dir='ltr'><strong>homi-</strong></span> 
     </span>
    </p>
   </div>
   <div class='ocr_carea' id='block_1_102' title="bbox 2068 4072 3665 4147">
    <p class='ocr_par' dir='ltr' id='par_1_102' title="bbox 2068 4072 3665 4147">
     <span class='ocr_line' id='line_1_102' title="bbox 2068 4072 3665 4147; baseline 0.003 -18"><span class='ocrx_word' id='word_1_772' title='bbox 2068 4073 2154 4129; x_wconf 86' lang='lat' dir='ltr'><strong>nis</strong></span> <span class='ocrx_word' id='word_1_773' title='bbox 2183 4073 2493 4140; x_wconf 86' lang='lat' dir='ltr'><strong>tentatione,</strong></span> <span class='ocrx_word' id='word_1_774' title='bbox 2525 4072 2664 4142; x_wconf 89' lang='lat' dir='ltr'><strong>quod</strong></span> <span class='ocrx_word' id='word_1_775' title='bbox 2693 4088 2813 4128; x_wconf 89' lang='lat' dir='ltr'><strong>eam</strong></span> <span class='ocrx_word' id='word_1_776' title='bbox 2837 4072 2951 4128; x_wconf 81' lang='lat' dir='ltr'><strong>fieri</strong></span> <span class='ocrx_word' id='word_1_777' title='bbox 2982 4074 3285 4144; x_wconf 81' lang='lat' dir='ltr'><strong>permiserit</strong></span> <span class='ocrx_word' id='word_1_778' title='bbox 3313 4075 3473 4141; x_wconf 83' lang='lat' dir='ltr'><strong>Deus,</strong></span> <span class='ocrx_word' id='word_1_779' title='bbox 3507 4078 3665 4147; x_wconf 88' lang='lat' dir='ltr'><strong>quasi</strong></span> 
     </span>
    </p>
   </div>
   <div class='ocr_carea' id='block_1_103' title="bbox 2068 4164 3665 4236">
    <p class='ocr_par' dir='ltr' id='par_1_103' title="bbox 2068 4164 3665 4236">
     <span class='ocr_line' id='line_1_103' title="bbox 2068 4164 3665 4236; baseline 0.002 -15"><span class='ocrx_word' id='word_1_780' title='bbox 2068 4180 2211 4222; x_wconf 87' lang='lat' dir='ltr'><strong>nunc</strong></span> <span class='ocrx_word' id='word_1_781' title='bbox 2235 4181 2342 4220; x_wconf 90' lang='lat' dir='ltr'><strong>non</strong></span> <span class='ocrx_word' id='word_1_782' title='bbox 2369 4164 2584 4220; x_wconf 89' lang='lat' dir='ltr'><strong>videant</strong></span> <span class='ocrx_word' id='word_1_783' title='bbox 2609 4165 2913 4220; x_wconf 89' lang='lat' dir='ltr'><strong>universum</strong></span> <span class='ocrx_word' id='word_1_784' title='bbox 2941 4179 3110 4236; x_wconf 88' lang='lat' dir='ltr'><strong>genus</strong></span> <span class='ocrx_word' id='word_1_785' title='bbox 3142 4164 3432 4220; x_wconf 88' lang='lat' dir='ltr'><strong>humanum</strong></span> <span class='ocrx_word' id='word_1_786' title='bbox 3461 4166 3665 4224; x_wconf 87' lang='lat' dir='ltr'><strong>diaboli</strong></span> 
     </span>
    </p>
   </div>
   <div class='ocr_carea' id='block_1_104' title="bbox 2067 4255 3663 4328">
    <p class='ocr_par' dir='ltr' id='par_1_104' title="bbox 2067 4255 3663 4328">
     <span class='ocr_line' id='line_1_104' title="bbox 2067 4255 3663 4328; baseline 0.002 -15"><span class='ocrx_word' id='word_1_787' title='bbox 2067 4256 2273 4313; x_wconf 89' lang='lat' dir='ltr'><strong>insidiis</strong></span> <span class='ocrx_word' id='word_1_788' title='bbox 2302 4258 2416 4312; x_wconf 90' lang='lat' dir='ltr'><strong>sine</strong></span> <span class='ocrx_word' id='word_1_789' title='bbox 2440 4258 2738 4312; x_wconf 80' lang='lat' dir='ltr'><strong>ceSsatione</strong></span> <span class='ocrx_word' id='word_1_790' title='bbox 2766 4256 2978 4311; x_wconf 86' lang='lat' dir='ltr'><strong>tentari.</strong></span> <span class='ocrx_word' id='word_1_791' title='bbox 3016 4255 3125 4312; x_wconf 89' lang='lat' dir='ltr'><strong>Cur</strong></span> <span class='ocrx_word' id='word_1_792' title='bbox 3170 4266 3225 4311; x_wconf 87' lang='lat' dir='ltr'><strong>et</strong></span> <span class='ocrx_word' id='word_1_793' title='bbox 3264 4255 3369 4313; x_wconf 87' lang='lat' dir='ltr'><strong>hoc</strong></span> <span class='ocrx_word' id='word_1_794' title='bbox 3397 4261 3663 4328; x_wconf 87' lang='lat' dir='ltr'><strong>permittit</strong></span> 
     </span>
    </p>
   </div>
   <div class='ocr_carea' id='block_1_105' title="bbox 2066 4348 3663 4419">
    <p class='ocr_par' dir='ltr' id='par_1_105' title="bbox 2066 4348 3663 4419">
     <span class='ocr_line' id='line_1_105' title="bbox 2066 4348 3663 4419; baseline 0.003 -14"><span class='ocrx_word' id='word_1_795' title='bbox 2066 4348 2241 4406; x_wconf 81' lang='lat' dir='ltr'><strong>Deus?</strong></span> <span class='ocrx_word' id='word_1_796' title='bbox 2270 4351 2351 4404; x_wconf 84' lang='lat' dir='ltr'><strong>An</strong></span> <span class='ocrx_word' id='word_1_797' title='bbox 2378 4355 2499 4419; x_wconf 88' lang='lat' dir='ltr'><strong>quia</strong></span> <span class='ocrx_word' id='word_1_798' title='bbox 2547 4349 2798 4419; x_wconf 87' lang='lat' dir='ltr'><strong>probatur</strong></span> <span class='ocrx_word' id='word_1_799' title='bbox 2837 4357 2892 4404; x_wconf 94' lang='lat' dir='ltr'><strong>et</strong></span> <span class='ocrx_word' id='word_1_800' title='bbox 2931 4357 3211 4404; x_wconf 82' lang='lat' dir='ltr'><strong>exercetur</strong></span> <span class='ocrx_word' id='word_1_801' title='bbox 3252 4350 3441 4417; x_wconf 84' lang='lat' dir='ltr'><strong>virtus,</strong></span> <span class='ocrx_word' id='word_1_802' title='bbox 3483 4361 3541 4407; x_wconf 87' lang='lat' dir='ltr'><strong>et</strong></span> <span class='ocrx_word' id='word_1_803' title='bbox 3577 4358 3663 4409; x_wconf 84' lang='lat' dir='ltr'><strong>est</strong></span> 
     </span>
    </p>
   </div>
   <div class='ocr_carea' id='block_1_106' title="bbox 2065 4440 3657 4514">
    <p class='ocr_par' dir='ltr' id='par_1_106' title="bbox 2065 4440 3657 4514">
     <span class='ocr_line' id='line_1_106' title="bbox 2065 4440 3657 4514; baseline 0.003 -19"><span class='ocrx_word' id='word_1_804' title='bbox 2065 4442 2239 4514; x_wconf 88' lang='lat' dir='ltr'><strong>palma</strong></span> <span class='ocrx_word' id='word_1_805' title='bbox 2258 4440 2538 4513; x_wconf 79' lang='lat' dir='ltr'><strong>gloriOsior</strong></span> <span class='ocrx_word' id='word_1_806' title='bbox 2568 4455 2670 4495; x_wconf 90' lang='lat' dir='ltr'><strong>non</strong></span> <span class='ocrx_word' id='word_1_807' title='bbox 2697 4440 3035 4498; x_wconf 89' lang='lat' dir='ltr'><strong>consensisse</strong></span> <span class='ocrx_word' id='word_1_808' title='bbox 3065 4449 3345 4507; x_wconf 89' lang='lat' dir='ltr'><strong>tentatum,</strong></span> <span class='ocrx_word' id='word_1_809' title='bbox 3374 4459 3657 4514; x_wconf 86' lang='lat' dir='ltr'><strong>quamnon</strong></span> 
     </span>
    </p>
   </div>
   <div class='ocr_carea' id='block_1_107' title="bbox 2064 4532 3656 4608">
    <p class='ocr_par' dir='ltr' id='par_1_107' title="bbox 2064 4532 3656 4608">
     <span class='ocr_line' id='line_1_107' title="bbox 2064 4532 3656 4608; baseline 0.003 -19"><span class='ocrx_word' id='word_1_810' title='bbox 2064 4536 2302 4608; x_wconf 68' lang='lat' dir='ltr'><strong>potuisse</strong></span> <span class='ocrx_word' id='word_1_811' title='bbox 2333 4534 2558 4590; x_wconf 91' lang='lat' dir='ltr'><strong>tentari:</strong></span> <span class='ocrx_word' id='word_1_812' title='bbox 2582 4549 2702 4588; x_wconf 88' lang='lat' dir='ltr'><strong>cum</strong></span> <span class='ocrx_word' id='word_1_813' title='bbox 2724 4533 2883 4589; x_wconf 89' lang='lat' dir='ltr'><strong>etiam</strong></span> <span class='ocrx_word' id='word_1_814' title='bbox 2906 4533 3005 4603; x_wconf 91' lang='lat' dir='ltr'><strong>ipsi</strong></span> <span class='ocrx_word' id='word_1_815' title='bbox 3034 4533 3125 4605; x_wconf 90' lang='lat' dir='ltr'><strong>qui</strong></span> <span class='ocrx_word' id='word_1_816' title='bbox 3158 4532 3373 4590; x_wconf 86' lang='lat' dir='ltr'><strong>deserto</strong></span> <span class='ocrx_word' id='word_1_817' title='bbox 3398 4534 3656 4593; x_wconf 88' lang='lat' dir='ltr'><strong>Creatore</strong></span> 
     </span>
    </p>
   </div>
   <div class='ocr_carea' id='block_1_108' title="bbox 2060 4624 3652 4699">
    <p class='ocr_par' dir='ltr' id='par_1_108' title="bbox 2060 4624 3652 4699">
     <span class='ocr_line' id='line_1_108' title="bbox 2060 4624 3652 4699; baseline 0 -16"><span class='ocrx_word' id='word_1_818' title='bbox 2060 4639 2185 4683; x_wconf 89' lang='lat' dir='ltr'><strong>eunt</strong></span> <span class='ocrx_word' id='word_1_819' title='bbox 2210 4636 2331 4698; x_wconf 88' lang='lat' dir='ltr'><strong>post</strong></span> <span class='ocrx_word' id='word_1_820' title='bbox 2359 4634 2697 4689; x_wconf 83' lang='lat' dir='ltr'><strong>teutatorem,</strong></span> <span class='ocrx_word' id='word_1_821' title='bbox 2727 4624 2895 4696; x_wconf 89' lang='lat' dir='ltr'><strong>magis</strong></span> <span class='ocrx_word' id='word_1_822' title='bbox 2920 4626 3194 4696; x_wconf 87' lang='lat' dir='ltr'><strong>magisque</strong></span> <span class='ocrx_word' id='word_1_823' title='bbox 3224 4635 3428 4683; x_wconf 90' lang='lat' dir='ltr'><strong>tentent</strong></span> <span class='ocrx_word' id='word_1_824' title='bbox 3448 4642 3544 4682; x_wconf 84' lang='lat' dir='ltr'><strong>eos</strong></span> <span class='ocrx_word' id='word_1_825' title='bbox 3560 4628 3652 4699; x_wconf 89' lang='lat' dir='ltr'><strong>qui</strong></span> 
     </span>
    </p>
   </div>
   <div class='ocr_carea' id='block_1_109' title="bbox 2061 4716 3652 4790">
    <p class='ocr_par' dir='ltr' id='par_1_109' title="bbox 2061 4716 3652 4790">
     <span class='ocr_line' id='line_1_109' title="bbox 2061 4716 3652 4790; baseline 0.001 -16"><span class='ocrx_word' id='word_1_826' title='bbox 2061 4719 2115 4775; x_wconf 89' lang='lat' dir='ltr'><strong>in</strong></span> <span class='ocrx_word' id='word_1_827' title='bbox 2138 4720 2299 4775; x_wconf 87' lang='lat' dir='ltr'><strong>verbo</strong></span> <span class='ocrx_word' id='word_1_828' title='bbox 2328 4717 2420 4775; x_wconf 88' lang='lat' dir='ltr'><strong>Dei</strong></span> <span class='ocrx_word' id='word_1_829' title='bbox 2447 4726 2779 4790; x_wconf 88' lang='lat' dir='ltr'><strong>permanent,</strong></span> <span class='ocrx_word' id='word_1_830' title='bbox 2806 4716 3189 4788; x_wconf 75' lang='lat' dir='ltr'><strong>praebeantque</strong></span> <span class='ocrx_word' id='word_1_831' title='bbox 3217 4716 3321 4772; x_wconf 88' lang='lat' dir='ltr'><strong>illis</strong></span> <span class='ocrx_word' id='word_1_832' title='bbox 3349 4729 3533 4774; x_wconf 86' lang='lat' dir='ltr'><strong>contra</strong></span> <span class='ocrx_word' id='word_1_833' title='bbox 3555 4735 3652 4775; x_wconf 82' lang='lat' dir='ltr'><strong>cu-</strong></span> 
     </span>
    </p>
   </div>
   <div class='ocr_carea' id='block_1_110' title="bbox 2061 4809 3664 4892">
    <p class='ocr_par' dir='ltr' id='par_1_110' title="bbox 2061 4809 3664 4892">
     <span class='ocr_line' id='line_1_110' title="bbox 2061 4809 3664 4892; baseline 0.001 -27"><span class='ocrx_word' id='word_1_834' title='bbox 2061 4811 2337 4882; x_wconf 84' lang='lat' dir='ltr'><strong>piditatem</strong></span> <span class='ocrx_word' id='word_1_835' title='bbox 2375 4811 2714 4866; x_wconf 89' lang='lat' dir='ltr'><strong>devitationis</strong></span> <span class='ocrx_word' id='word_1_836' title='bbox 2742 4809 3068 4879; x_wconf 77' lang='lat' dir='ltr'><strong>exemplum,</strong></span> <span class='ocrx_word' id='word_1_837' title='bbox 3096 4820 3148 4865; x_wconf 86' lang='lat' dir='ltr'><strong>et</strong></span> <span class='ocrx_word' id='word_1_838' title='bbox 3181 4810 3437 4865; x_wconf 89' lang='lat' dir='ltr'><strong>incutiant</strong></span> <span class='ocrx_word' id='word_1_839' title='bbox 3463 4819 3664 4892; x_wconf 48' lang='lat' dir='ltr'><strong>eontra,</strong></span> 
     </span>
    </p>
   </div>
   <div class='ocr_carea' id='block_1_111' title="bbox 2060 4900 3687 4974">
    <p class='ocr_par' dir='ltr' id='par_1_111' title="bbox 2060 4900 3687 4974">
     <span class='ocr_line' id='line_1_111' title="bbox 2060 4900 3687 4974; baseline -0.002 -14"><span class='ocrx_word' id='word_1_840' title='bbox 2060 4904 2361 4974; x_wconf 83' lang='lat' dir='ltr'><strong>superbiant</strong></span> <span class='ocrx_word' id='word_1_841' title='bbox 2392 4904 2635 4957; x_wconf 77' lang='lat' dir='ltr'><strong>timorem</strong></span> <span class='ocrx_word' id='word_1_842' title='bbox 2667 4901 2846 4972; x_wconf 80' lang='lat' dir='ltr'><strong>piunt?</strong></span> <span class='ocrx_word' id='word_1_843' title='bbox 2878 4900 3026 4957; x_wconf 87' lang='lat' dir='ltr'><strong>Unde</strong></span> <span class='ocrx_word' id='word_1_844' title='bbox 3054 4900 3184 4957; x_wconf 85' lang='lat' dir='ltr'><strong>dicit</strong></span> <span class='ocrx_word' id='word_1_845' title='bbox 3211 4902 3530 4972; x_wconf 78' lang='lat' dir='ltr'><strong>Apostolus:</strong></span> <span class='ocrx_word' id='word_1_846' title='bbox 3556 4900 3650 4957; x_wconf 74' lang='lat' dir='ltr'><strong>In~</strong></span> <span class='ocrx_word' id='word_1_847' title='bbox 3677 4939 3687 4967; x_wconf 61' lang='grc' dir='ltr'><strong>ι</strong></span> 
     </span>
    </p>
   </div>
   <div class='ocr_carea' id='block_1_112' title="bbox 2058 4962 3727 5069">
    <p class='ocr_par' dir='ltr' id='par_1_112' title="bbox 2058 4962 3727 5069">
     <span class='ocr_line' id='line_1_112' title="bbox 2058 4962 3727 5069; baseline 0 -19"><span class='ocrx_word' id='word_1_848' title='bbox 2058 4962 2265 5050; x_wconf 71' lang='lat' dir='ltr'><strong>tendens</strong></span> <span class='ocrx_word' id='word_1_849' title='bbox 2285 4994 2519 5063; x_wconf 79' lang='lat' dir='ltr'><strong>teipsum,</strong></span> <span class='ocrx_word' id='word_1_850' title='bbox 2547 5010 2611 5048; x_wconf 88' lang='lat' dir='ltr'><strong>ne</strong></span> <span class='ocrx_word' id='word_1_851' title='bbox 2637 4962 2685 5046; x_wconf 71' lang='lat' dir='ltr'><strong>el</strong></span> <span class='ocrx_word' id='word_1_852' title='bbox 2706 5002 2758 5046; x_wconf 88' lang='lat' dir='ltr'><strong>tu</strong></span> <span class='ocrx_word' id='word_1_853' title='bbox 2782 4994 2980 5048; x_wconf 74' lang='lat' dir='ltr'><strong>tentet-is</strong></span> <span class='ocrx_word' id='word_1_854' title='bbox 3019 4990 3216 5065; x_wconf 74' lang='lat' dir='ltr'><strong>(Colat.</strong></span> <span class='ocrx_word' id='word_1_855' title='bbox 3247 4962 3322 5059; x_wconf 68' lang='lat' dir='ltr'><strong>vi,</strong></span> <span class='ocrx_word' id='word_1_856' title='bbox 3347 4992 3425 5069; x_wconf 78' lang='lat' dir='ltr'><strong>l).</strong></span> <span class='ocrx_word' id='word_1_857' title='bbox 3456 4994 3647 5051; x_wconf 77' lang='lat' dir='ltr'><strong>Mirum</strong></span> <span class='ocrx_word' id='word_1_858' title='bbox 3678 4962 3727 5035; x_wconf 47' lang='grc' dir='ltr'><strong><em>ί</em></strong></span> 
     </span>
    </p>
   </div>
   <div class='ocr_carea' id='block_1_113' title="bbox 2058 5085 3647 5157">
    <p class='ocr_par' dir='ltr' id='par_1_113' title="bbox 2058 5085 3647 5157">
     <span class='ocr_line' id='line_1_113' title="bbox 2058 5085 3647 5157; baseline -0.001 -13"><span class='ocrx_word' id='word_1_859' title='bbox 2058 5096 2141 5145; x_wconf 87' lang='lat' dir='ltr'><strong>est</strong></span> <span class='ocrx_word' id='word_1_860' title='bbox 2170 5088 2314 5143; x_wconf 87' lang='lat' dir='ltr'><strong>enitn</strong></span> <span class='ocrx_word' id='word_1_861' title='bbox 2340 5097 2596 5157; x_wconf 90' lang='lat' dir='ltr'><strong>quantum</strong></span> <span class='ocrx_word' id='word_1_862' title='bbox 2628 5085 2728 5142; x_wconf 88' lang='lat' dir='ltr'><strong>ista</strong></span> <span class='ocrx_word' id='word_1_863' title='bbox 2754 5085 3043 5153; x_wconf 88' lang='lat' dir='ltr'><strong>humilitas,</strong></span> <span class='ocrx_word' id='word_1_864' title='bbox 3072 5101 3173 5157; x_wconf 88' lang='lat' dir='ltr'><strong>qua</strong></span> <span class='ocrx_word' id='word_1_865' title='bbox 3194 5085 3470 5142; x_wconf 89' lang='lat' dir='ltr'><strong>subdimur</strong></span> <span class='ocrx_word' id='word_1_866' title='bbox 3484 5086 3647 5142; x_wconf 87' lang='lat' dir='ltr'><strong>Crea-</strong></span> 
     </span>
    </p>
   </div>
   <div class='ocr_carea' id='block_1_114' title="bbox 2060 5178 3643 5252">
    <p class='ocr_par' dir='ltr' id='par_1_114' title="bbox 2060 5178 3643 5252">
     <span class='ocr_line' id='line_1_114' title="bbox 2060 5178 3643 5252; baseline -0.001 -15"><span class='ocrx_word' id='word_1_867' title='bbox 2060 5182 2179 5246; x_wconf 86' lang='lat' dir='ltr'><strong>tori,</strong></span> <span class='ocrx_word' id='word_1_868' title='bbox 2216 5197 2282 5236; x_wconf 89' lang='lat' dir='ltr'><strong>ne</strong></span> <span class='ocrx_word' id='word_1_869' title='bbox 2320 5189 2570 5249; x_wconf 84' lang='lat' dir='ltr'><strong>tanquam</strong></span> <span class='ocrx_word' id='word_1_870' title='bbox 2610 5178 2726 5250; x_wconf 88' lang='lat' dir='ltr'><strong>ejus</strong></span> <span class='ocrx_word' id='word_1_871' title='bbox 2754 5179 3018 5249; x_wconf 89' lang='lat' dir='ltr'><strong>adjutorio</strong></span> <span class='ocrx_word' id='word_1_872' title='bbox 3046 5195 3152 5236; x_wconf 87' lang='lat' dir='ltr'><strong>non</strong></span> <span class='ocrx_word' id='word_1_873' title='bbox 3180 5188 3399 5252; x_wconf 86' lang='lat' dir='ltr'><strong>egentes</strong></span> <span class='ocrx_word' id='word_1_874' title='bbox 3432 5181 3501 5237; x_wconf 90' lang='lat' dir='ltr'><strong>de</strong></span> <span class='ocrx_word' id='word_1_875' title='bbox 3540 5196 3643 5236; x_wconf 88' lang='lat' dir='ltr'><strong>no-</strong></span> 
     </span>
    </p>
   </div>
   <div class='ocr_carea' id='block_1_115' title="bbox 2056 5271 3642 5344">
    <p class='ocr_par' dir='ltr' id='par_1_115' title="bbox 2056 5271 3642 5344">
     <span class='ocr_line' id='line_1_115' title="bbox 2056 5271 3642 5344; baseline -0.002 -12"><span class='ocrx_word' id='word_1_876' title='bbox 2056 5276 2182 5332; x_wconf 90' lang='lat' dir='ltr'><strong>stris</strong></span> <span class='ocrx_word' id='word_1_877' title='bbox 2213 5274 2411 5329; x_wconf 88' lang='lat' dir='ltr'><strong>viribus</strong></span> <span class='ocrx_word' id='word_1_878' title='bbox 2439 5288 2844 5343; x_wconf 69' lang='lat' dir='ltr'><strong>praesumamus,</strong></span> <span class='ocrx_word' id='word_1_879' title='bbox 2891 5289 2986 5344; x_wconf 88' lang='lat' dir='ltr'><strong>per</strong></span> <span class='ocrx_word' id='word_1_880' title='bbox 3010 5271 3311 5344; x_wconf 88' lang='lat' dir='ltr'><strong>Scripturas</strong></span> <span class='ocrx_word' id='word_1_881' title='bbox 3337 5290 3522 5331; x_wconf 87' lang='lat' dir='ltr'><strong>omnes</strong></span> <span class='ocrx_word' id='word_1_882' title='bbox 3558 5273 3642 5330; x_wconf 87' lang='lat' dir='ltr'><strong>di-</strong></span> 
     </span>
    </p>
   </div>
   <div class='ocr_carea' id='block_1_116' title="bbox 2056 5364 3638 5439">
    <p class='ocr_par' dir='ltr' id='par_1_116' title="bbox 2056 5364 3638 5439">
     <span class='ocr_line' id='line_1_116' title="bbox 2056 5364 3638 5439; baseline 0 -17"><span class='ocrx_word' id='word_1_883' title='bbox 2056 5368 2209 5423; x_wconf 86' lang='lat' dir='ltr'><strong>vinas</strong></span> <span class='ocrx_word' id='word_1_884' title='bbox 2246 5382 2374 5422; x_wconf 85' lang='lat' dir='ltr'><strong>cura</strong></span> <span class='ocrx_word' id='word_1_885' title='bbox 2413 5366 2661 5421; x_wconf 89' lang='lat' dir='ltr'><strong>continua</strong></span> <span class='ocrx_word' id='word_1_886' title='bbox 2699 5365 3122 5422; x_wconf 88' lang='lat' dir='ltr'><strong>commendatur.</strong></span> <span class='ocrx_word' id='word_1_887' title='bbox 3153 5364 3284 5422; x_wconf 90' lang='lat' dir='ltr'><strong>Cum</strong></span> <span class='ocrx_word' id='word_1_888' title='bbox 3325 5383 3453 5439; x_wconf 87' lang='lat' dir='ltr'><strong>ergo</strong></span> <span class='ocrx_word' id='word_1_889' title='bbox 3480 5367 3638 5422; x_wconf 87' lang='lat' dir='ltr'><strong>etiam</strong></span> 
     </span>
    </p>
   </div>
   <div class='ocr_carea' id='block_1_117' title="bbox 2056 5458 3637 5533">
    <p class='ocr_par' dir='ltr' id='par_1_117' title="bbox 2056 5458 3637 5533">
     <span class='ocr_line' id='line_1_117' title="bbox 2056 5458 3637 5533; baseline -0.001 -17"><span class='ocrx_word' id='word_1_890' title='bbox 2056 5476 2152 5533; x_wconf 90' lang='lat' dir='ltr'><strong>per</strong></span> <span class='ocrx_word' id='word_1_891' title='bbox 2177 5460 2401 5533; x_wconf 88' lang='lat' dir='ltr'><strong>injustos</strong></span> <span class='ocrx_word' id='word_1_892' title='bbox 2421 5458 2573 5530; x_wconf 91' lang='lat' dir='ltr'><strong>justi,</strong></span> <span class='ocrx_word' id='word_1_893' title='bbox 2598 5473 2662 5515; x_wconf 89' lang='lat' dir='ltr'><strong>ac</strong></span> <span class='ocrx_word' id='word_1_894' title='bbox 2682 5474 2776 5529; x_wconf 87' lang='lat' dir='ltr'><strong>per</strong></span> <span class='ocrx_word' id='word_1_895' title='bbox 2798 5458 2989 5531; x_wconf 88' lang='lat' dir='ltr'><strong>impios</strong></span> <span class='ocrx_word' id='word_1_896' title='bbox 3011 5458 3085 5531; x_wconf 87' lang='lat' dir='ltr'><strong>pii</strong></span> <span class='ocrx_word' id='word_1_897' title='bbox 3111 5458 3409 5530; x_wconf 81' lang='lat' dir='ltr'><strong>proficiant,</strong></span> <span class='ocrx_word' id='word_1_898' title='bbox 3446 5459 3637 5514; x_wconf 84' lang='lat' dir='ltr'><strong>frustra</strong></span> 
     </span>
    </p>
   </div>
   <div class='ocr_carea' id='block_1_118' title="bbox 2119 5615 3634 5693">
    <p class='ocr_par' dir='ltr' id='par_1_118' title="bbox 2119 5615 3634 5693">
     <span class='ocr_line' id='line_1_118' title="bbox 2119 5615 3634 5693; baseline 0 0"><span class='ocrx_word' id='word_1_899' title='bbox 2119 5618 2136 5693; x_wconf 58' lang='grc' dir='ltr'>ξ</span> <span class='ocrx_word' id='word_1_900' title='bbox 2163 5626 2373 5693; x_wconf 53' lang='lat' dir='ltr'><strong>timeres</strong></span> <span class='ocrx_word' id='word_1_901' title='bbox 2387 5617 2598 5693; x_wconf 54' lang='lat'><strong>9065986-</strong></span> <span class='ocrx_word' id='word_1_902' title='bbox 2618 5615 2671 5671; x_wconf 71' lang='lat' dir='ltr'><strong>in</strong></span> <span class='ocrx_word' id='word_1_903' title='bbox 2685 5616 2937 5693; x_wconf 65' lang='grc' dir='ltr'><strong>ρωςμιυριι</strong></span> <span class='ocrx_word' id='word_1_904' title='bbox 2960 5619 3034 5671; x_wconf 72' lang='grc' dir='ltr'><strong>διο</strong></span> <span class='ocrx_word' id='word_1_905' title='bbox 3053 5619 3634 5693; x_wconf 44' lang='lat' dir='ltr'><strong>intempestiue-ne»</strong></span> 
     </span>
    </p>
   </div>
   <div class='ocr_carea' id='block_1_119' title="bbox 2054 5680 3637 5802">
    <p class='ocr_par' dir='ltr' id='par_1_119' title="bbox 2054 5680 3637 5802">
     <span class='ocr_line' id='line_1_119' title="bbox 2054 5680 3637 5802; baseline 0.002 -69"><span class='ocrx_word' id='word_1_906' title='bbox 2054 5688 2254 5796; x_wconf 56' lang='lat' dir='ltr'><strong>mer</strong></span> <span class='ocrx_word' id='word_1_907' title='bbox 2284 5682 2648 5747; x_wconf 80' lang='lat' dir='ltr'><strong>ambiguitatem</strong></span> <span class='ocrx_word' id='word_1_908' title='bbox 2685 5680 2908 5735; x_wconf 84' lang='lat' dir='ltr'><strong>lectionis</strong></span> <span class='ocrx_word' id='word_1_909' title='bbox 2940 5696 3115 5747; x_wconf 65' lang='lat' dir='ltr'><strong>graecae</strong></span> <span class='ocrx_word' id='word_1_910' title='bbox 3304 5680 3519 5749; x_wconf 47' lang='lat' dir='ltr'><strong>mimis</strong></span> 
     </span>
    </p>
   </div>
   <div class='ocr_carea' id='block_1_120' title="bbox 3638 5800 3646 5822">
    <p class='ocr_par' dir='ltr' id='par_1_120' title="bbox 3638 5800 3646 5822">
     <span class='ocr_line' id='line_1_120' title="bbox 3638 5800 3646 5822; baseline 0 0"><span class='ocrx_word' id='word_1_911' title='bbox 3638 5800 3646 5822; x_wconf 81' lang='grc' dir='ltr'>ἰ</span> 
     </span>
    </p>
   </div>
   <div class='ocr_carea' id='block_1_121' title="bbox 3636 5849 3685 5897">
    <p class='ocr_par' dir='ltr' id='par_1_121' title="bbox 3636 5849 3685 5897">
     <span class='ocr_line' id='line_1_121' title="bbox 3636 5849 3685 5897; baseline 0 0"><span class='ocrx_word' id='word_1_912' title='bbox 3636 5849 3685 5897; x_wconf 67' lang='grc' dir='ltr'><strong>ε..</strong></span> 
     </span>
    </p>
   </div>
  </div>
