3902 6310
293 283 396 340 ωδ

293 396 515 457 dicitur:
540 395 659 450 Non
685 403 892 450 crearet
917 394 1080 462 Deus,
1110 409 1244 466 quos
1268 393 1582 465 praesciebat
1610 395 1777 448 malos
1797 393 1879 448 t‘u-

290 499 461 546 turos.
505 485 616 544 Cur
640 487 781 543 enim
811 502 918 541 non
962 497 1169 542 crearet
1210 501 1344 558 quos
1381 486 1696 559 przesciebat
1725 486 1877 542 bonis

289 579 616 654 profuturos,
641 586 699 634 ut
725 587 780 634 et
806 579 960 634 utiles
975 593 1158 632 eorum
1178 577 1334 633 bouis
1356 578 1711 633 voluntatibus
1726 593 1878 634 exer-

286 673 475 732 cendis
489 671 947 742 admonendisque
965 683 1271 738 nascantur,
1290 680 1343 726 et
1360 671 1500 740 juste
1517 687 1612 742 pro
1628 688 1721 727 sua
1739 672 1874 728 mala

285 770 562 826 voluntate
590 768 911 840 puniantur?

284 860 513 918 CAPUT
557 859 662 916 Vll.
684 889 757 901 -—-
782 859 886 914 Cur
910 860 1060 914 homo
1089 876 1191 914 non
1221 859 1337 914 talis
1370 867 1564 915 creatus
1593 859 1678 929 qui
1720 858 1876 914 nollet

859 969 1080 1024 unquam
1105 968 1330 1023 peccare.

355 1047 410 1103 9.
451 1045 656 1111 Talem,
707 1044 968 1116 inquiunt,
1016 1043 1214 1100 iaceret
1255 1044 1545 1109 hominem,
1576 1043 1665 1114 qui
1712 1039 1877 1098 nolle\

283 1141 507 1196 omnino
535 1153 772 1209 peccare.
799 1138 936 1192 Ecce
963 1152 1059 1192 nos
1083 1137 1425 1192 concedimus
1452 1137 1725 1192 meliorem
1757 1151 1875 1192 esse

283 1244 531 1289 naturam
560 1248 678 1302 qua:
705 1231 924 1286 omnino
953 1245 1174 1300 peccare
1197 1231 1356 1296 nolit;
1383 1228 1679 1284 concedant
1702 1238 1756 1283 et
1778 1227 1876 1298 ipsi

281 1343 390 1383 non
413 1341 533 1382 esse
561 1325 754 1380 malam
783 1334 1022 1378 naturam
1053 1339 1171 1394 quae
1201 1325 1278 1377 sic
1305 1322 1441 1378 iacta
1470 1331 1573 1388 est,
1616 1331 1673 1377 ut
1698 1329 1877 1392 posset

282 1436 391 1475 non
428 1433 654 1489 peccare
682 1417 727 1471 si
757 1417 941 1480 nollet,
970 1426 1026 1471 et
1049 1416 1246 1485 justam
1276 1430 1394 1471 esse
1422 1415 1739 1469 sententiam
1771 1429 1873 1483 qua

281 1512 468 1585 punita
495 1519 597 1577 est,
624 1525 744 1580 quae
779 1508 1052 1562 voluntate
1101 1523 1204 1562 non
1253 1508 1572 1562 necessitate
1617 1506 1872 1576 peccavit.

281 1603 433 1659 Sicut
473 1615 598 1672 ergo
640 1599 774 1653 ratio
813 1615 938 1655 vera
981 1599 1134 1654 docet
1164 1598 1435 1653 meliorem
1479 1614 1597 1653 esse
1631 1606 1874 1652 naturam

282 1710 440 1766 quain
475 1707 692 1762 prorsas
721 1690 849 1746 nihil
876 1691 1105 1746 delectat
1148 1690 1422 1754 illicitum;
1468 1691 1538 1744 ita
1575 1692 1711 1746 ratio
1751 1708 1874 1746 vera

282 1786 631 1843 nihilominus
651 1784 812 1841 .docet
835 1784 992 1839 etiam
1022 1782 1161 1838 illam
1191 1782 1382 1836 bonam
1408 1796 1529 1836 esse
1571 1798 1689 1853 quae
1718 1783 1876 1838 habet

282 1878 335 1933 in
370 1885 630 1948 potestate
674 1875 911 1931 illicitam
955 1875 1384 1941 delectationem,
1411 1873 1458 1928 si
1487 1875 1768 1941 exstiterit,
1802 1877 1872 1930 ita

282 1970 555 2034 cohibere,
590 1980 645 2022 ut
671 1984 774 2023 non
807 1968 976 2022 solum
1008 1967 1075 2023 de
1103 1967 1312 2022 caeteris
1338 1967 1496 2021 licitis
1527 1978 1773 2038 recteque
1799 1967 1875 2022 fa-

283 2064 403 2128 ctis,
431 2077 612 2115 verum
637 2060 796 2114 etiam
817 2059 883 2113 de.
904 2059 1069 2128 ipsius
1093 2073 1267 2128 prava:
1287 2056 1650 2112 delectationis
1671 2059 1875 2112 cohibi-

283 2156 426 2210 tione
447 2155 674 2208 laetetur.
699 2152 833 2206 Cum
862 2167 990 2221 ergo
1016 2149 1129 2205 hinc
1157 2159 1341 2204 natura
1372 2150 1512 2204 bona
1537 2152 1624 2217 sit,
1655 2151 1738 2204 illa
1763 2167 1874 2206 me-

283 2247 402 2310 lior,
437 2261 531 2301 cur
560 2246 699 2299 illam
723 2246 914 2310 solam,
951 2252 1005 2298 et
1035 2258 1141 2297 non
1173 2253 1447 2312 utramque
1479 2245 1650 2311 potius
1675 2242 1874 2298 faceret

287 2339 462 2396 Deus-i7
488 2339 565 2394 Ac
586 2354 682 2408 per
710 2337 810 2391 hoc
837 2336 927 2407 qui
957 2337 1123 2406 parati
1151 2345 1300 2390 erant
1321 2336 1336 2365 ¹
1364 2335 1430 2389 de
1452 2335 1537 2388 illa
1561 2336 1672 2389 sola
1708 2336 1872 2390 Deum

284 2433 522 2495 laudare,
559 2431 771 2485 uberius
795 2445 918 2484 eum
948 2427 1143 2482 debent
1181 2426 1395 2481 laudare
1424 2426 1490 2479 de
1517 2437 1755 2496 utraque.
1782 2425 1871 2481 Illa

284 2527 481 2596 quippe
502 2532 582 2578 est
606 2523 654 2576 iu
681 2523 877 2577 sanctis
907 2521 1140 2591 Angelis,
1173 2521 1284 2573 haec
1315 2521 1366 2573 in
1405 2519 1602 2573 sanctis
1642 2519 1871 2573 homini-

284 2615 400 2671 bus.
426 2615 528 2682 Qui
558 2627 733 2669 autem
766 2612 865 2666 sibi
896 2621 1078 2684 partes
1103 2611 1395 2678 iniquitatis
1419 2611 1711 2680 elegerunt,
1758 2611 1872 2664 lan-

281 2707 621 2777 dabilcmque
651 2715 890 2759 naturam
912 2703 1157 2772 eulpabili
1188 2702 1456 2756 voluntate
1494 2702 1868 2771 depravarunt.

281 2815 394 2858 non
420 2800 541 2870 quia
571 2798 797 2868 praesciti
821 2805 960 2856 sunt,
982 2795 1101 2850 ideo
1117 2796 1287 2850 creari
1316 2795 1531 2849 minime
1551 2793 1868 2859 debuerunt,

282 2892 499 2948 Habent
526 2892 667 2945 enim
698 2899 750 2944 et
778 2888 874 2958 ipsi
905 2888 1076 2941 locum
1109 2902 1282 2948 suum,
1315 2900 1470 2956 quem
1498 2886 1549 2938 iu
1587 2886 1746 2939 rebus
1769 2885 1870 2938 iiii-

281 2983 470 3055 pleant
501 2998 598 3053 pro
624 2981 846 3035 utilitate
875 2987 1197 3033 sanctorum.
1224 2977 1353 3031 Nam
1387 2978 1524 3032 Deus
1554 2992 1650 3031 nec
1672 2977 1870 3045 justitia

280 3075 599 3144 cujusquam
618 3073 749 3128 recti
767 3071 998 3126 hominis
1013 3081 1162 3141 eget;
1179 3079 1378 3141 quanto
1399 3071 1573 3125 minus
1595 3069 1873 3140 iniquitate

280 3165 558 3238 perversi?

281 3258 512 3316 CAPUT
548 3257 771 3312 VIII.——
799 3257 968 3323 Quare
1003 3256 1157 3310 creati
1183 3255 1269 3326 qui
1304 3255 1691 3327 prwsciebantur
1715 3257 1873 3327 futuri

1013 3349 1155 3402 mali.

359 3444 448 3502 10.
489 3443 618 3513 Quis
638 3451 813 3497 autem
845 3440 1022 3495 sobria
1045 3439 1469 3496 consideratione
1493 3439 1662 3494 dicat:
1687 3438 1876 3495 Melius

283 3555 395 3596 non
441 3543 650 3592 crearet
693 3551 847 3606 quem
895 3533 1207 3604 praesciebat
1243 3547 1307 3588 ex
1351 3532 1568 3586 alterius
1601 3533 1874 3602 iniquitate

283 3645 448 3704 posse
490 3629 706 3698 corrigi,
754 3642 913 3697 quam
957 3633 1163 3681 crearet
1191 3625 1350 3679 etiam
1380 3640 1535 3694 quem
1565 3625 1878 3694 praesciebat

285 3743 388 3797 pro
408 3738 502 3780 sua
526 3722 801 3793 iniquitale
823 3719 1020 3775 debere
1058 3717 1331 3773 damnari?
1377 3718 1486 3774 lloc
1514 3727 1596 3772 est
1619 3721 1759 3772 enini
1791 3717 1876 3771 di-

285 3832 438 3881 cere,
471 3814 661 3869 melius
694 3829 796 3867 non
825 3827 943 3866 esse
972 3811 1058 3881 qui
1085 3811 1304 3866 alterius
1342 3809 1483 3864 malo
1518 3809 1655 3864 bene
1683 3808 1876 3864 utendo

288 3905 708 3964 misericorditer
733 3913 1105 3969 coronaretur,
1145 3917 1303 3972 quam
1343 3917 1461 3956 esse
1491 3901 1650 3955 etiam
1681 3903 1876 3956 malum

287 4002 382 4073 qui
411 4016 508 4072 pro
537 4014 634 4054 suo
659 3998 847 4053 merito
888 3997 1030 4067 justc
1060 3996 1352 4066 puniretur.
1384 3995 1516 4050 Cum
1558 3997 1697 4050 enim
1743 3997 1877 4050 ratio

290 4103 438 4148 certa
466 4091 798 4146 demonstrat
823 4087 928 4143 duo
957 4088 1195 4158 quadam
1222 4103 1325 4141 non
1347 4087 1564 4157 aequalia
1599 4086 1755 4152 bona,
1785 4087 1877 4141 sed

293 4202 458 4242 unum
485 4183 749 4254 superius,
776 4182 998 4236 alterum
1023 4181 1271 4246 inferius;
1303 4195 1406 4236 non
1427 4181 1722 4249 intelligunt
1742 4181 1878 4235 tardi

292 4277 479 4342 corde,
498 4291 617 4331 cum
638 4275 838 4340 dicunt,
865 4273 1157 4343 Utrumque
1181 4274 1282 4328 tale
1306 4282 1474 4338 esset;
1505 4272 1635 4326 nibil
1655 4287 1712 4327 se
1737 4272 1878 4327 aliud

293 4368 474 4424 dicere
505 4381 683 4436 quam,
712 4366 893 4420 Solum
924 4364 1049 4418 illud
1079 4372 1240 4419 esset.
1286 4365 1364 4419 Ac
1394 4364 1471 4418 sic
1511 4380 1629 4418 cuin
1670 4379 1880 4434 aequare

293 4461 484 4515 volunt
509 4472 702 4528 genera
749 4455 1030 4520 bonorum,
1075 4471 1352 4511 numerum
1396 4459 1669 4520 minuunt;
1703 4464 1755 4509 et
1783 4456 1880 4508 im-

294 4552 573 4607 moderate
600 4549 840 4619 augendo
868 4565 1026 4603 unum
1051 4564 1238 4618 genus,
1263 4549 1484 4604 alterum
1513 4551 1720 4603 tollunt.
1752 4549 1882 4617 Quis

297 4653 475 4697 autem
504 4641 604 4696 hos
633 4640 856 4704 audiret,
890 4641 932 4695 si
957 4640 1194 4694 dicerent
1216 4657 1227 4691 :
1252 4639 1509 4707 Quoniam
1540 4640 1882 4694 excellentior

299 4750 491 4790 sensus
518 4742 600 4789 est
626 4732 836 4787 videndi
867 4747 1024 4802 quam
1056 4731 1324 4795 audiendi,
1365 4741 1589 4801 quatuor
1615 4732 1753 4787 oculi
1794 4747 1881 4786 es-

301 4837 442 4892 sent,
473 4836 525 4880 et
545 4839 702 4880 aures
729 4842 831 4878 non
851 4826 1068 4880 essent?
1094 4823 1190 4890 Ita,
1215 4824 1258 4878 si
1275 4823 1618 4878 excellentior
1633 4834 1710 4879 est
1734 4840 1882 4880 crea-

303 4931 418 4975 tura
447 4919 531 4974 illa
562 4919 852 4985 rationalis,
902 4933 1019 4989 quae
1066 4919 1179 4974 sine
1217 4919 1372 4972 ullius
1408 4934 1578 4990 pinnae
1609 4934 1884 4989 compara-

304 5015 472 5075 tione,
499 5012 613 5068 sine
641 5013 742 5066 ulla
773 5011 1020 5080 superbia
1051 5013 1156 5066 Deo
1181 5012 1456 5079 subditur;
1482 5014 1653 5084 aliqua
1684 5029 1810 5068 vero
1831 5014 1882 5069 in

305 5105 608 5160 hominibus
634 5105 702 5158 ita
725 5114 901 5160 creata
931 5114 1032 5168 est,
1061 5114 1117 5159 ut
1145 5106 1195 5159 in
1227 5120 1284 5160 se
1317 5107 1404 5160 Dei
1434 5106 1746 5163 beneﬁcium
1779 5124 1882 5165 non

306 5196 475 5268 possit
501 5210 810 5266 agnoscere,
844 5195 943 5249 nisi
975 5197 1192 5250 alterius
1219 5197 1446 5252 videndo
1468 5199 1806 5270 supplicium,
1829 5210 1886 5256 ut

307 5302 412 5343 non
435 5287 598 5342 alium
621 5287 809 5357 sapiat,
841 5287 932 5342 sed
967 5287 1146 5342 timeat
1175 5288 1344 5358 (Itoni.
1371 5305 1447 5353 χι,
1478 5289 1590 5363 20),
1613 5291 1660 5345 id
1682 5300 1764 5346 est
1779 5308 1884 5348 non

308 5379 374 5434 de
400 5394 457 5433 se
489 5379 741 5448 praetidat,
776 5378 867 5433 sed
910 5379 1138 5434 confidat
1171 5380 1223 5434 in
1255 5381 1417 5436 Deum
1439 5397 1453 5436 :
1477 5383 1596 5451 quis
1636 5392 1777 5437 recte
1806 5385 1887 5439 in-

310 5471 552 5543 telligens
577 5470 736 5537 dicat,
760 5469 904 5526 Talis
940 5481 1084 5525 esset
1126 5472 1222 5526 ista
1249 5472 1418 5541 qualis
1443 5473 1523 5527 illa
1546 5489 1562 5537 ;
1591 5489 1689 5528 nec
1714 5475 1886 5532 videat

311 5577 368 5618 se
395 5563 523 5617 nihil
563 5562 706 5616 aliud
736 5561 913 5616 dicere
939 5579 1118 5633 quam,
1149 5561 1263 5617 Non
1306 5574 1445 5618 esset
1485 5565 1603 5629 ista,
1650 5566 1742 5620 sed
1773 5569 1885 5624 sola

314 5664 455 5712 esset
479 5653 598 5709 illa?
622 5651 772 5720 Quod
799 5655 844 5708 si
874 5654 1136 5712 inerudite
1152 5665 1309 5725 atque
1337 5655 1646 5725 insipienter
1672 5656 1881 5727 dicitur,

388 5769 544 5827 ιω,
565 5771 868 5831 paraverant.

1610 281 1815 338 LIBER
1856 281 2264 340 UNDECIMUS.

3481 303 3587 361 454

1990 408 2088 448 cur
2114 407 2243 464 ergo
2271 406 2376 447 non
2419 404 2629 450 crearet
2655 396 2794 452 Deus
2822 399 2981 455 etiam
3009 417 3143 472 quos
3177 407 3343 463 malos
3373 409 3579 469 futuros

1989 499 2107 540 esse
2130 485 2462 555 praesciebat,
2487 487 2671 543 volens
2687 492 2970 548 ostendere
2987 495 3116 550 iram
3140 507 3193 552 et
3213 499 3580 561 demonstrare

1988 578 2280 648 potentiam
2303 593 2474 643 suam,
2507 589 2560 634 et
2588 580 2658 636 ob
2685 581 2785 638 hoc
2811 587 3078 642 sustinens
3107 590 3157 644 in
3185 593 3346 647 multa
3377 599 3579 665 patien-

1988 669 2057 724 tia
2100 683 2222 723 vasa
2269 669 2381 735 iraa,
2415 685 2533 740 qua:
2566 671 2796 740 perfecta
2842 687 2964 732 sunt
3009 680 3059 732 in
3102 683 3473 752 perditionem,
3523 697 3581 742 ut

1988 769 2141 815 notas
2169 760 2364 816 faceret
2389 761 2600 816 divitias
2622 765 2804 834 gloria:
2831 783 2941 820 sua:
2961 767 3150 825 invasa
3173 775 3574 848 misericordia},

1986 868 2104 922 qua:
2133 853 2450 925 prteparavit
2481 854 2532 907 in
2561 854 2788 924 gloriam
2815 855 2918 928 (Id.
2957 875 3030 925 ix,
3059 861 3148 928 22,
3180 862 3306 934 23)?
3331 868 3418 922 Sic
3433 870 3580 924 enim

1985 947 2074 1016 qui
2105 947 2383 1016 gloriatur,
2414 949 2624 1002 nonnisi
2665 948 2718 1002 in
2765 950 2988 1006 Domino
3033 953 3288 1022 gloriatur
3334 957 3406 1030 (ll
3453 958 3573 1016 Cor.

1989 1053 2048 1103 x,
2081 1037 2194 1108 l7),
2223 1052 2343 1092 cum
2376 1039 2648 1108 cognoscit
2679 1054 2783 1094 non
2812 1056 2988 1107 suum,
3019 1045 3113 1099 sed
3144 1047 3283 1102 illius
3304 1063 3443 1116 esse,
3469 1067 3575 1109 non

1986 1130 2156 1184 solum
2185 1139 2242 1184 ut
2267 1131 2357 1196 sil,
2390 1147 2573 1185 verum
2605 1133 2764 1186 etiam
2791 1141 2847 1188 ut
2871 1134 3083 1190 nonnisi
3109 1137 3176 1193 ab
3198 1140 3286 1195 illo
3314 1140 3451 1198 bene
3472 1143 3577 1199 sibi

1985 1221 2074 1287 sit,
2102 1235 2132 1274 a
2163 1236 2269 1292 quo
2295 1222 2452 1277 habet
2479 1231 2534 1276 ut
2554 1223 2642 1277 sit.

2041 1315 2144 1368 Η.
2177 1313 2353 1369 'Niinis
2391 1315 2566 1384 itaque
2605 1314 2910 1387 importune
2950 1319 3145 1376 dicitur
3176 1340 3190 1375 :
3232 1324 3346 1380 Non
3390 1333 3575 1382 essent

1983 1406 2171 1476 quibus
2199 1407 2339 1461 Deus
2371 1416 2569 1462 tantam
2616 1409 3016 1467 beneﬁcentiam
3057 1416 3436 1475 misericordia:
3463 1436 3573 1476 sua:

1984 1498 2258 1564 tribueret,
2289 1499 2332 1554 si
2359 1500 2513 1554 aliter
2539 1517 2658 1556 esse
2684 1518 2788 1557 non
2819 1514 3054 1573 possent,
3101 1509 3203 1563 nisi
3234 1520 3413 1566 essent
3437 1521 3489 1566 et
3517 1512 3573 1570 bi

1984 1588 2038 1642 in
2067 1589 2261 1660 quibus
2289 1591 2531 1645 vindicta:
2555 1592 2814 1662 justitiam
2843 1596 3251 1655 demonstraret.

2229 1681 2457 1738 CAPUT
2497 1682 2589 1740 IX.
2609 1716 2680 1724 —
2703 1684 2782 1740 De
2806 1688 2978 1741 eadem
3010 1690 3320 1760 di/ﬁcultate.

2053 1770 2160 1826 Cur
2187 1773 2327 1827 enim
2352 1789 2456 1828 non
2480 1776 2684 1846 utrique
2701 1779 2874 1846 potius
2889 1790 3086 1847 essent,
3113 1783 3324 1851 quando
3349 1785 3400 1839 in
3418 1787 3576 1842 utris-

1981 1877 2084 1932 que
2113 1873 2165 1918 et
2194 1863 2401 1919 bonitas
2434 1865 2523 1919 Dei
2551 1877 2602 1921 et
2631 1869 2850 1937 :equitas
2871 1870 2993 1939 jure
3011 1873 3361 1941 pr:edicatur?

2056 1953 2142 2008 12.
2186 1956 2255 2008 At
2296 1955 2436 2008 enim
2467 1957 2508 2009 si
2543 1956 2682 2012 Deus
2707 1959 2884 2026 vellet,
2919 1962 3076 2016 etiam
3105 1964 3188 2018 isti
3218 1966 3340 2020 boni
3367 1977 3569 2024 essent.

1981 2045 2188 2110 Quanto
2217 2047 2406 2101 melius
2452 2048 2553 2104 hoc
2599 2049 2740 2104 Deus
2768 2053 2951 2117 voluit,
2988 2065 3042 2108 ut
3085 2057 3225 2125 quod
3254 2059 3449 2113 vellent
3481 2075 3572 2116 es-

1980 2147 2135 2192 sent:
2165 2137 2257 2191 sed
2305 2139 2429 2194 boni
2462 2139 2809 2207 infructuose,
2841 2147 2961 2200 mali
2993 2155 3168 2202 autem
3203 2151 3417 2218 impune
3459 2167 3565 2209 non

1978 2238 2178 2291 essent,
2210 2238 2264 2284 et
2293 2231 2344 2284 in
2372 2246 2437 2285 co
2468 2233 2582 2302 ipso
2612 2234 2728 2288 aliis
2755 2236 2911 2290 utiles
2937 2241 3150 2293 essent?
3180 2240 3283 2295 Sed
3319 2245 3568 2310 pr:escie-

1978 2322 2223 2391 batqnod
2253 2338 2436 2378 eorum
2468 2324 2640 2380 futura
2666 2331 2840 2383 esset‘
2865 2332 3106 2386 voluntas
3134 2333 3291 2387 mala.
3315 2334 3574 2392 Praescie-

1979 2412 2068 2480 bat
2091 2429 2239 2477 sane,
2267 2424 2320 2468 et
2343 2416 2463 2486 quia
2488 2416 2593 2470 falli
2619 2433 2720 2471 non
2747 2429 2912 2489 potest
2935 2422 3051 2491 ejus
3075 2426 3425 2493 prmscientia,
3451 2427 3572 2482 ideo

1979 2521 2083 2560 non
2114 2506 2298 2575 ipsius,
2330 2507 2424 2562 sed
2454 2524 2636 2563 eorum
2678 2520 2759 2563 est
2797 2512 3039 2569 voluntas
3086 2517 3242 2570 mala.
3289 2516 3398 2572 Cur
3445 2535 3573 2590 ergo

1933 2600 1940 2603 “
1979 2610 2072 2651 eos
2098 2599 2317 2663 creavit,
2351 2614 2484 2668 quos
2507 2599 2638 2653 tales
2663 2598 2871 2658 futuros
2907 2619 3026 2658 esse
3054 2608 3399 2674 pra'sciebat‘l
3435 2611 3572 2678 Quia

1979 2687 2114 2740 sicut
2146 2688 2380 2756 prievidit
2405 2689 2530 2758 quid
2557 2690 2676 2742 mali
2709 2702 2890 2746 essent
2917 2695 3122 2756 facturi.
3152 2698 3227 2750 sic.
3249 2699 3406 2752 etiam
3437 2715 3574 2769 prie-

1979 2777 2109 2831 vidit
2131 2777 2198 2832 de
2220 2779 2372 2831 malis
2397 2778 2546 2833 factis
2571 2795 2753 2834 eorum
2781 2784 2906 2853 quid
2941 2787 3059 2840 boni
3093 2797 3234 2842 esset
3259 2789 3372 2858 ipse
3404 2790 3571 2846 factu-

1978 2883 2090 2922 rus.
2122 2868 2208 2924 Sic
2235 2871 2377 2924 enim
2408 2885 2500 2925 eos
2530 2872 2671 2933 fecit,
2698 2883 2751 2925 ut
2779 2875 2856 2928 eis
2879 2876 3198 2946 relinqueret
3223 2881 3364 2937 unde
3393 2893 3446 2936 et
3469 2883 3569 2951 ipsi

1978 2959 2172 3028 aliquid
2207 2960 2458 3027 facerent,
2495 2977 2601 3033 quo
2626 2964 2878 3034 quidquid
2910 2967 3069 3020 etiam
3101 2971 3436 3038 culpabilitcr
3469 2973 3570 3026 eli-

1977 3060 2181 3120 gerent,
2209 3051 2351 3105 illiiiii
2379 3053 2446 3108 de
2474 3069 2532 3107 se
2562 3054 2898 3111 laudabiliter
2916 3070 3225 3126 operantem
3249 3062 3567 3118 invenirent.

1979 3143 2024 3197 A
2053 3158 2111 3198 se
2132 3144 2326 3212 quippe
2357 3143 2555 3199 habent
2584 3147 2907 3202 voluntatem
2946 3151 3160 3216 malam,
3189 3153 3256 3206 ab
3282 3153 3368 3206 illo
3393 3165 3572 3210 autem

1979 3241 2036 3287 et
2086 3241 2328 3288 naturam
2373 3235 2588 3302 bonam,
2614 3248 2667 3291 et
2692 3239 2889 3307 justam
2932 3256 3174 3311 pinnam;
3207 3244 3306 3299 sibi
3334 3245 3574 3300 debitum

1980 3326 2187 3390 locum,
2233 3328 2354 3382 aliis
2397 3330 2790 3386 exercitationis
2833 3334 3210 3389 adminiculum
3265 3345 3319 3391 et
3366 3337 3572 3392 timoris

1981 3420 2302 3489 exemplum.

1979 3507 2206 3566 CAPUT
2234 3512 2299 3565 X.
2323 3543 2393 3552 —
2414 3511 2669 3568 Malorum
2695 3517 2998 3572 voluntatem
3019 3520 3069 3573 in
3091 3521 3273 3576 bonum
3294 3534 3577 3580 convertere

2338 3614 2498 3674 potest
2532 3605 2665 3659 Deus
2696 3623 2715 3660 .°
2739 3626 2892 3678 quare
2920 3628 3018 3663 non
3045 3613 3217 3680 faciat.

2053 3695 2140 3748 15.
2184 3693 2287 3748 Sed
2331 3705 2542 3764 posset.
2573 3697 2848 3765 inquiunt,
2876 3702 3036 3755 etiam
3067 3703 3298 3772 ipsorum
3325 3707 3574 3761 volunta-

1984 3795 2090 3840 tem
2135 3786 2186 3838 in
2229 3786 2421 3839 bonum
2453 3797 2763 3843 convertere
2785 3833 2798 3856 ,
2833 3794 3079 3860 quoniam
3110 3797 3444 3865 omnipotens
3469 3811 3571 3856 est.

1983 3878 2170 3934 Posset
2214 3880 2387 3948 plane.
2438 3881 2546 3934 Cur
2583 3898 2710 3951 ergo
2753 3900 2854 3936 non
2896 3884 3064 3939 fecit?
3092 3889 3222 3955 Quia
3256 3891 3440 3944 noluit.
3471 3893 3578 3950 Cur

1983 3970 2210 4025 noluerit
2235 4012 2248 4033 ,
2298 3985 2460 4039 penes
2501 3973 2670 4042 ipsum
2713 3985 2812 4027 est.
2865 3975 3128 4032 Debemus
3155 3980 3294 4034 enim
3327 3996 3428 4036 non
3463 3985 3577 4052 plus

1983 4078 2168 4131 sapere
2209 4079 2364 4133 quam
2405 4074 2615 4133 oportet
2645 4082 2831 4136 sapere
2866 4068 3037 4140 (Rom.
3071 4088 3176 4130 xu.
3211 4074 3288 4142 5).
3319 4075 3452 4131 Puto
3479 4094 3576 4131 au-

1984 4162 2088 4208 tem
2135 4153 2295 4222 paulo
2339 4164 2460 4208 ante
2503 4156 2631 4208 satis
2677 4174 2773 4210 tios
2814 4160 3109 4216 ostendisse
3139 4178 3241 4215 non
3277 4167 3418 4232 parvi
3451 4167 3578 4224 boni

1984 4258 2103 4298 esse
2133 4245 2440 4299 rationalem
2467 4255 2785 4314 creaturam,
2816 4251 2974 4303 etiam
3004 4251 3152 4304 istam
3177 4269 3295 4322 qua:
3319 4257 3579 4314 malorum

1983 4335 2379 4404 comparatione
2420 4346 2572 4390 cavet
2613 4339 2808 4392 malum
2843 4357 2854 4391 :
2887 4342 3024 4409 quod
3055 4357 3220 4411 genus
3250 4343 3401 4398 bonie
3430 4363 3581 4402 crea-

1987 4436 2117 4482 turm
2151 4428 2328 4494 utique
2355 4443 2456 4479 non
2479 4437 2654 4494 esset,
2685 4430 2726 4482 si
2749 4432 2983 4484 omnium
3015 4434 3179 4486 malas
3205 4437 3502 4492 voluntates
3525 4438 3580 4494 in

1987 4518 2183 4572 bonum
2234 4518 2371 4571 Deus
2411 4521 2790 4583 convertisset,
2833 4532 2882 4575 et
2912 4523 3039 4575 nulli
3071 4524 3331 4594 iniquitati
3368 4543 3578 4596 poenam

1985 4609 2214 4663 debitam
2263 4609 2558 4680 inﬂigeret;
2605 4627 2664 4666 ac
2708 4613 2783 4667 sic
2810 4631 2913 4667 non
2939 4628 3074 4669 esset
3112 4618 3209 4672 nisi
3239 4620 3408 4675 Solum
3442 4623 3573 4678 illud

1986 4717 2188 4772 genus,
2230 4702 2369 4772 quod
2397 4704 2548 4758 nulla
2587 4705 2669 4759 vel
2701 4709 2899 4774 peccati
2934 4708 3012 4761 vel
3046 4711 3288 4780 supplicii
3321 4715 3579 4770 malorum

1987 4796 2379 4865 comparatione
2415 4796 2714 4864 proliceret.
2745 4797 2818 4852 Ita
2849 4799 2990 4852 velut
3015 4811 3168 4855 aucta
3198 4806 3580 4860 numerositate

1987 4887 2375 4941 excellentioris
2402 4890 2631 4956 generis,
2662 4889 2894 4958 ipsorum
2917 4907 3169 4961 generum
3193 4893 3450 4947 bonorum
3473 4911 3578 4948 nu-

1990 4993 2167 5031 merus
2197 4977 2542 5032 minueretur.

1989 5069 2213 5124 CAPUT
2244 5068 2333 5123 XI.
2361 5099 2431 5108 —
2466 5069 2722 5124 Malorum
2753 5074 2911 5141 panis
2941 5091 3038 5127 non
3070 5074 3256 5142 indiget
3287 5074 3456 5143 Deus,
3489 5076 3579 5131 sed

2344 5177 2406 5214 ea:
2428 5162 2499 5214 eis
2525 5163 2738 5216 consulit
2765 5165 3008 5217 bonorum
3033 5165 3210 5218 saluti.

2062 5252 2146 5306 14.
2195 5251 2365 5321 Ergo,
2414 5253 2688 5322 inquiunt,
2739 5264 2820 5311 est
2860 5255 3056 5324 aliquid
3083 5257 3132 5308 in
3162 5272 3231 5326 op
3265 5258 3409 5312 ribus
3445 5259 3574 5326 Dei,

1990 5345 2129 5416 quod
2153 5346 2370 5400 alterius
2395 5348 2534 5401 malo
2557 5349 2787 5416 indigeat
2810 5391 2823 5411 ,
2853 5366 2956 5418 quo
2987 5348 3220 5418 proﬁciat
3249 5352 3313 5403 ad
3337 5351 3578 5406 bonum?

1993 5437 2138 5490 Itane
2163 5437 2555 5492 obsurduerunt
2582 5453 2631 5492 ei
2655 5442 2902 5494 cxczecati
2932 5452 3056 5494 sunt
3087 5441 3328 5497 homines
3347 5487 3362 5509 ,
3397 5447 3575 5501 nescio

1993 5542 2097 5597 quo
2132 5526 2308 5581 studio
2335 5529 2689 5582 contentionis
2708 5571 2722 5594 ,
2754 5541 2809 5583 ut
2837 5547 2938 5584 non
2972 5532 3189 5587 audiant
3216 5537 3296 5589 vi-l
3328 5537 3538 5591 videant
3557 5581 3573 5598 .

1991 5615 2304 5687 quibusdam
2349 5619 2578 5685 punitis,
2621 5635 2777 5689 quain
2809 5623 3020 5690 plurimi
3051 5626 3422 5696 corrigantur?
3446 5630 3574 5698 Quis

2057 5772 2074 5804 ι
2099 5770 2172 5820 sic
2192 5775 2299 5820 Mss.
2312 5777 2375 5823 ,ιι
2397 5771 2534 5835 editi,
2557 5773 2676 5840 quid
2693 5789 2857 5828 eorum
2878 5780 3066 5842 factura
3083 5787 3218 5835 esset.
