3902 6302
360 282 469 339 £55

358 396 504 451 enim
528 405 764 467 paganus
782 392 946 465 {quis
971 391 1188 450 lusimus
1237 436 1254 463 ,
1281 396 1400 466 quis
1418 394 1705 453 hereticus
1724 412 1832 454 non
1852 398 1957 459 hoc

356 492 415 546 in
444 489 607 547 domo
632 502 730 545 sua
755 487 993 561 quotidie
1017 488 1250 561 probet!
1275 487 1477 546 Verum
1504 506 1625 548 cum
1653 493 1866 551 venitur
1887 496 1956 552 ad

356 583 769 653 disputationem
806 583 1309 655 lnqulsitionemque
1334 584 1577 642 veritatis
1599 627 1614 652 ,
1646 589 1835 644 nolunt
1863 600 1956 647 ao-

354 686 570 733 vertere
617 691 807 733 sensus
850 692 979 734 suos
1013 677 1293 743 homines,
1327 693 1392 734 ex
1426 695 1533 751 quo
1564 694 1728 753 opere
1760 682 1954 740 divina:

353 770 703 843 providentia.-
730 770 784 823 in
810 783 904 824 eos
927 768 1107 825 veniat
1124 770 1464 840 imponenda:
1485 777 1773 833 commotio
1795 776 1954 834 disci-

351 862 554 932 plinae;
596 870 655 915 ut
692 860 739 916 si
780 875 891 917 non
917 861 1259 934 corriguntur
1286 864 1377 937 qui
1403 868 1692 936 pruriuntur
1713 911 1729 937 ,
1761 885 1949 928 eorum

351 961 532 1007 tamen
572 953 818 1024 exemplo
845 954 1023 1009 caueri
1056 964 1328 1023 metuant,
1360 958 1640 1031 valeatque
1667 961 1733 1017 ad
1763 979 1949 1021 eorum

349 1047 579 1120 salutem
613 1045 758 1116 justa
798 1046 1066 1115 pernicies
1103 1046 1348 1103 aliorum.
1392 1048 1528 1107 Num
1561 1053 1703 1109 enim
1733 1055 1951 1113 malitia:

350 1148 537 1191 eorum
568 1137 653 1192 rei
680 1138 932 1207 nequitia:
954 1136 1095 1194 Deus
1116 1149 1302 1196 auctor
1324 1150 1439 1208 est,
1472 1142 1787 1215 de-quorum
1803 1148 1949 1221 justa

348 1243 508 1300 poena
551 1230 816 1294 consulit,
856 1230 1048 1305 quibus
1088 1232 1190 1288 hoc
1226 1236 1386 1290 modo
1414 1238 1800 1317 consulendum
1827 1259 1947 1302 esse

349 1319 669 1400 constituit?
706 1319 822 1375 Non
862 1320 1045 1394 utique
1083 1341 1097 1381 :
1141 1325 1236 1380 sed
1276 1339 1398 1382 cum
1428 1342 1521 1383 eos
1548 1330 1692 1388 vitiis
1719 1336 1948 1405 propriis

346 1414 521 1468 malos
556 1397 763 1467 lbturos
802 1428 927 1470 esse
960 1416 1267 1486 praesciret,
1295 1434 1402 1474 non
1430 1434 1524 1477 eos
1551 1430 1731 1479 tamen
1763 1440 1947 1485 creare

346 1503 553 1561 destitit
576 1521 593 1574 ;
615 1506 831 1562 utilitati
854 1506 1117 1579 deputans
1142 1524 1329 1567 eorum
1346 1554 1362 1581 ,
1392 1527 1531 1584 quos
1550 1514 1603 1570 in
1626 1514 1728 1573 hoc
1748 1533 1947 1589 genere

346 1599 567 1667 ereavit,
596 1609 653 1655 ut
670 1599 737 1655 ad
751 1601 947 1658 bonum
966 1603 1245 1674 prolicere,
1262 1605 1366 1662 nisi
1387 1607 1647 1667 malorum
1664 1626 1779 1668 com
1789 1626 1944 1683 para-

350 1693 499 1748 tione
512 1694 553 1761 ί,
573 1708 678 1748 non
691 1706 933 1765 possent.
951 1693 1009 1753 Si
1026 1698 1168 1753 enim
1181 1712 1287 1754 non
1299 1707 1499 1770 essent,
1520 1700 1651 1759 nulli
1670 1706 1745 1761 rei
1763 1706 1945 1779 utique

343 1785 683 1858 prodessent.
703 1787 966 1848 Parumne
981 1790 1107 1849 boni
1127 1803 1209 1850 est
1235 1802 1410 1854 actum
1438 1803 1496 1853 ut
1524 1797 1634 1853 sint
1650 1840 1666 1868 ,
1689 1798 1778 1872 qui
1799 1807 1945 1857 certe

342 1879 422 1936 illi
459 1880 642 1952 generi
686 1882 841 1939 utiles
876 1892 1040 1953 sunt;
1072 1885 1211 1958 quod
1236 1902 1406 1960 genus
1433 1890 1674 1962 quisquis
1701 1908 1809 1949 non
1830 1892 1944 1949 vult

343 1978 407 2027 ut
427 1970 512 2037 sit,
542 1970 672 2028 nihil
699 1972 839 2030 aliud
868 1975 995 2046 agit,
1023 1977 1124 2033 nisi
1154 1987 1212 2034 ut
1236 1979 1350 2052 ipse
1370 1980 1423 2036 in
1440 1998 1504 2039 eo
1520 1998 1624 2039 non
1648 1982 1760 2041 sit?

416 2063 504 2119 15.
525 2061 708 2137 Magna
731 2080 892 2137 Opera
917 2067 1120 2125 Domini
1144 2087 1158 2136 ;
1180 2072 1442 2145 exquisita
1472 2074 1523 2128 in
1545 2089 1734 2131 omnes
1754 2076 1941 2133 volun-

345 2162 486 2211 tates
529 2155 645 2228 ejus
674 2155 846 2230 (Psat.
883 2175 970 2227 cx,
1012 2158 1092 2235 9.):
1140 2163 1397 2235 prtevidet
1424 2165 1594 2222 bonos
1622 2167 1849 2237 futuros,
1888 2180 1943 2227 et

344 2254 493 2302 creat
523 2263 539 2313 ;
579 2250 834 2319 prtevidct
864 2253 1035 2308 malos
1062 2252 1288 2323 futuros,
1316 2266 1370 2313 et
1398 2269 1546 2314 creat
1571 2279 1586 2315 :
1614 2261 1847 2333 seipsnm
1873 2262 1942 2320 ad

341 2339 626 2396 fruendum
658 2344 900 2414 przcbens
925 2346 1097 2413 bonis,
1119 2349 1282 2404 multa
1300 2367 1581 2408 munerum
1600 2369 1817 2411 suorum
1837 2356 1944 2411 iar-

342 2431 494 2503 giens
545 2441 600 2489 et
623 2434 778 2505 malis
800 2479 816 2504 ,
849 2437 1265 2498 misericorditer
1293 2443 1570 2515 ignoscens
1600 2466 1611 2500 :
1642 2446 1785 2517 juste
1812 2450 1942 2508 ulci-

345 2537 510 2580 scens
534 2540 550 2594 ;
601 2525 834 2599 itemque
859 2530 1273 2591 misericorditer
1298 2533 1559 2593 ulciscens
1578 2580 1593 2602 ,
1613 2536 1757 2609 juste
1786 2540 1933 2612 igno-

343 2624 502 2670 acetis
533 2616 703 2672 :niltil
763 2628 1006 2679 metuens
1044 2622 1110 2678 de
1152 2624 1463 2698 cujusquam
1513 2627 1713 2683 malitia
1742 2673 1758 2698 ,
1811 2631 1937 2688 nihil

342 2705 591 2779 indigens
631 2709 701 2766 de
743 2711 1053 2784 cujusquam
1090 2716 1335 2787 jnstitia;
1367 2718 1496 2776 nihil
1529 2723 1627 2777 sibi
1654 2725 1940 2783 consulens

344 2812 447 2855 nec
486 2798 554 2857 de
591 2803 840 2872 operibus
878 2803 1137 2865 bonorum
1162 2851 1179 2874 ,
1214 2820 1268 2866 et
1296 2811 1449 2869 bouis
1471 2817 1757 2873 consulens
1779 2819 1941 2875 etiam

345 2890 414 2948 de
454 2895 628 2963 pinnis
654 2898 936 2954 malorum.
968 2900 1075 2956 Cur
1098 2918 1225 2974 ergo
1255 2920 1361 2961 non
1389 2911 1719 2978 permitteret
1747 2915 1943 2971 tentari

344 2983 618 3041 hominem
661 2988 750 3043 illa
797 2992 1086 3049 tentatione
1134 2996 1467 3065 probandum
1507 3001 1565 3070 ',
1614 3005 1938 3064 convincen-

345 3077 472 3133 dum
493 3120 510 3145 ,
555 3080 875 3154 puniendum
894 3127 913 3154 ι
955 3100 1074 3142 cum
1104 3091 1331 3159 superba
1356 3095 1785 3165 concupiscentia
1812 3114 1937 3169 pro-

347 3170 480 3242 priae
511 3175 789 3243 potestatis
817 3177 957 3250 quod
987 3190 1304 3251 conceperat
1328 3194 1575 3252 pareret,
1604 3202 1813 3260 suoque
1829 3190 1941 3249 fetu

345 3262 761 3321 confunderetur
783 3309 798 3335 ,
836 3267 1087 3340 justoque
1125 3273 1384 3343 supplicio
1424 3291 1455 3331 a
1490 3280 1752 3350 superbire
1780 3293 1941 3354 atque

347 3354 720 3413 inobedientite
745 3360 884 3413 malo
907 3369 1153 3429 posteros
1174 3364 1491 3432 deterreret,
1512 3370 1705 3439 quibus
1722 3388 1785 3429 ea
1804 3388 1937 3432 con-

345 3447 624 3503 scribenda
654 3457 709 3504 et
735 3451 1096 3505 annuntianda
1127 3456 1491 3524 parabantur?

344 3536 577 3595 CAPUT
598 3538 789 3594 Xii.—
805 3539 907 3596 Cur
921 3543 1127 3598 tentatio
1146 3563 1236 3617 per
1254 3560 1531 3619 serpentem
1547 3553 1660 3623 ﬁeri
1673 3558 1935 3625 permissa.

420 3632 507 3687 16.
540 3633 595 3689 Si
623 3643 799 3689 autem
830 3636 1085 3705 quatritur
1109 3654 1204 3693 cur
1231 3643 1564 3713 potissimum
1597 3664 1691 3718 per
1714 3665 1937 3723 serpen-

344 3733 451 3779 tem
490 3722 734 3781 diabolus
773 3735 975 3783 tentare
1022 3732 1312 3799 permissus
1335 3736 1581 3806 sit;jan1
1608 3740 1708 3797 hoc
1731 3743 1939 3815 signiﬁ-

345 3814 500 3868 candi
529 3816 694 3885 gratia
725 3815 919 3873 factum
951 3834 1070 3875 esse
1089 3863 1103 3889 ,
1133 3838 1292 3894 quem
1344 3842 1455 3882 non
1476 3829 1767 3888 admoneat
1790 3814 1936 3891 Seri-

343 3914 498 3974 ptura
531 3915 688 3962 tantae
714 3909 1076 3979 auctoritatis,
1107 3916 1267 3971 tantis
1294 3917 1582 3978 divinitatis
1601 3925 1939 3988 documentis

341 4008 506 4066 agens
546 3996 599 4051 in
644 4001 1048 4070 prophetando,
1087 4008 1300 4076 quantis
1341 4008 1544 4067 ell'ectis
1566 4015 1678 4085 jam
1704 4021 1937 4081 mundus

341 4089 593 4159 impletus
615 4096 697 4144 est
716 4090 740 4144 ἲ
763 4090 877 4147 Non
902 4095 1045 4165 quod
1063 4094 1306 4153 diabolus
1328 4102 1533 4172 aliquid
1544 4105 1608 4160 ad
1627 4108 1935 4169 insnuctio-

338 4196 465 4240 nem
504 4194 739 4241 nostram
781 4187 1077 4260 signiﬁcare
1114 4194 1379 4263 voluerit,
1403 4201 1507 4257 sed
1527 4218 1649 4260 cum
1675 4209 1934 4267 accedere

338 4274 408 4331 ad
438 4276 749 4334 tentandum
770 4294 877 4336 non
905 4286 1202 4357 possetnisi
1221 4292 1531 4362 permissus,
1546 4300 1936 4368 num‘peraliud

334 4377 539 4440 posset,
562 4369 666 4426 nisi
686 4386 779 4443 per
792 4373 932 4444 quod
951 4378 1355 4446 permittebatur
1369 4386 1651 4445 accedere?
1665 4389 1933 4463 Quidquid

337 4458 498 4533 igitur
516 4480 737 4535 serpens
766 4465 858 4522 ille
884 4470 1221 4542 signiﬁcavit,
1252 4476 1309 4531 ei
1330 4480 1679 4546 providentiae
1696 4458 1931 4543 tribdeu-

339 4552 465 4609 dum
494 4562 594 4619 est,
627 4558 726 4613 sub
750 4574 852 4630 qua
878 4571 931 4619 et
957 4564 1071 4632 ipse
1098 4565 1340 4624 diabolus
1366 4588 1523 4629 suam
1539 4577 1754 4647 quidem
1766 4581 1935 4641 habet

339 4644 683 4716 cupiditatem
723 4651 989 4719 nocendi;
1026 4652 1330 4716 breuitatem
1362 4644 1930 4745 autemvnomnisiquae

338 4733 515 4802 datur,
565 4735 650 4791 vei
688 4738 756 4793 ad
779 4738 1218 4803 subvortendaac
1240 4751 1508 4819 perdenda
1540 4772 1673 4813 vasa
1691 4761 1810 4831 ira,
1826 4733 1931 4822 ’νει

336 4827 409 4885 ad
433 4828 760 4889 liumilianda
792 4833 906 4890 sive
935 4836 1205 4905 probanda
1230 4858 1365 4900 vasa
1390 4827 1927 4914 anser-iva

336 4929 457 4976 tura
500 4922 675 4994 itaque
713 4928 975 4995 serpentis
1015 4931 1154 4987 ttnde
1193 4934 1294 5001 sit,
1341 4941 1589 4999 novimus
1625 4964 1641 5000 :
1680 4950 1927 5017 produxit

336 5014 480 5068 enim
512 5023 652 5071 terra
681 5017 735 5072 in
762 5018 926 5079 verbo
954 5020 1049 5079 Dei
1077 5025 1261 5081 omnia
1281 5043 1471 5098 poema
1490 5074 1517 5095 μ
1534 5043 1589 5090 et
1613 5014 1842 5108 liestias,
1870 5053 1929 5101 et

337 5116 634 5177 serpentes;
656 5125 773 5180 quae.
792 5112 1039 5171 universa
1054 5120 1525 5181 ereaturababens
1538 5127 1590 5183 in
1617 5146 1675 5186 se
1690 5136 1921 5193 animam

338 5195 513 5253 vivam
556 5199 916 5263 irrationaiem
932 5246 963 5273 ,,
980 5208 1241 5266 universae
1265 5215 1507 5275 rationali
1535 5229 1920 5286 eneettl'esitve

334 5282 493 5345 bona;
529 5290 642 5346 sive
668 5293 823 5349 mala:
838 5299 1147 5369 voluntatis,
1173 5303 1467 5375 legedis'ini
1486 5313 1689 5371 ordinis
1711 5320 1925 5379 subdita

337 5381 583 5482 estulen.
605 5401 642 5450 I,
658 5386 877 5461 20—26).
896 5391 1180 5470 Quid.er
1204 5401 1400 5459 mirum
1423 5405 1467 5461 si
1494 5422 1590 5477 per
1619 5423 1923 5482 serpentem

336 5471 533 5543 aliquid
561 5491 719 5547 agere
748 5485 1037 5551 permissus
1060 5499 1149 5545 est
1166 5490 1437 5562 diabolusr
1448 5471 1923 5565 outndtsmuniain

334 5574 530 5673 pta-retis
547 5566 742 5673 intrare
753 5571 991 5632 Christus
1006 5580 1120 5649 ipse
1139 5587 1661 5661 permisceitﬂlattlu.
1674 5600 1921 5673 tunc“)!

399 5655 421 5750 ξ
443 5656 1055 5794 ξὶἣὲὲἱῗνὲεέρεηιέἒιοηέἓ
1090 5680 1195 5723 MSS.
1229 5655 1521 5746 constanter,

1266 281 1355 337 DE
1393 280 1636 338 GENESI
1676 281 1769 337 AD
1808 282 2181 355 LITTERAM,
2223 287 2281 346 S.
2324 292 2694 351 AUGUSTINI

3553 304 3662 369 ιω

2064 400 2292 462 CAPUT
2333 403 2469 464 XIII.
2493 441 2563 451 —
2593 407 2660 466 In
2700 406 3014 472 laniantes
3036 414 3123 491 qui
3149 416 3404 478 diabolum
3426 424 3482 480 in
3511 443 3662 484 crea-

2523 500 2649 558 turis
2673 498 2773 561 Dei
2792 508 2981 563 censeri
2998 508 3202 566 nolunt.

2136 587 2222 646 l7.
2251 587 2417 665 Magis
2441 591 2509 651 de
2528 592 2642 666 ipsa
2663 605 2852 654 natura
2878 596 3076 657 diaboli
3096 606 3461 678 scrupulosius
3483 616 3663 685 quani

2056 676 2230 754 solet,
2258 699 2413 757 quam
2446 695 2612 744 totam
2643 688 2855 761 quidam
2885 690 3157 766 hzeretici,
3189 676 3376 757 oliensi
3404 676 3665 765 molestia

2060 778 2213 833 maia:
2256 781 2544 837 voluntatis
2588 783 2730 855 ejus,
2776 786 3011 845 alienare
3052 800 3313 850 conantur
3352 811 3385 853 a
3411 810 3662 860 creatura

2059 868 2252 923 summi
2274 879 2328 925 et
2348 871 2457 927 veri
2482 870 2598 941 Dei,
2619 882 2673 933 et
2687 876 2913 933 alterum
2934 876 2982 935 ei
2999 881 3127 938 dare
3143 885 3482 959 principium,
3504 892 3651 963 quod

2058 959 2128 1045 sit
2167 970 2353 1017 contra
2400 964 2587 1020 Deum.
2617 963 2734 1022 Non
2761 970 2902 1025 enim
2930 972 3105 1028 valent
3134 975 3462 1053 intelligere,
3491 959 3660 1044 omne

2056 1050 2199 1123 quod
2231 1062 2333 1122 est,
2367 1055 2420 1111 in
2446 1068 2702 1129 quantum
2730 1059 2901 1133 aliqua
2928 1063 3221 1123 substantia
3250 1050 3351 1137 est,
3379 1068 3655 1135 etbonum

2055 1156 2198 1212 esse,
2232 1154 2288 1202 et
2314 1146 2416 1203 nisi
2439 1150 2506 1205 ab
2534 1149 2625 1206 illo
2652 1164 2780 1208 vero
2808 1153 2938 1222 Deo,
2964 1169 2994 1210 a
3017 1169 3124 1227 quo
3148 1170 3307 1218 omne
3327 1163 3529 1243 bonum
3553 1176 3658 1241 est,

2054 1251 2175 1293 esse
2218 1253 2325 1294 non
2353 1254 2550 1311 posse:
2578 1243 2773 1300 malam
2823 1260 2953 1302 vero
2999 1248 3325 1309 voluntatem
3352 1253 3659 1319 inordinate

2053 1331 2278 1396 moveri,
2295 1330 2431 1387 bona
2448 1330 2699 1391 inferiora
2717 1338 3081 1408 superioribus
3093 1346 3474 1416 praeponendo;
3490 1360 3661 1426 atque

2052 1419 2126 1476 ita
2165 1421 2360 1478 factum
2404 1439 2523 1482 esse
2563 1433 2620 1483 ut
2659 1429 2931 1487 rationalis
2974 1443 3235 1493 creaturae
3276 1436 3534 1513 spiritus,
3562 1419 3658 1504 sua

2053 1519 2320 1582 potestate
2356 1527 2576 1589 propter
2602 1519 2973 1579 excellentiam
2997 1523 3312 1600 delectatus,
3332 1539 3660 1596 tumesceret

2051 1610 2333 1679 superbia,
2374 1626 2475 1683 per
2508 1627 2666 1684 quam
2708 1612 2927 1674 caderet
2953 1636 2982 1674 a
3007 1619 3335 1682 beatitudine
3361 1628 3658 1699 spiritualis

2051 1699 2317 1769 paradisi,
2359 1711 2413 1759 et
2454 1703 2742 1761 invidentia
2786 1706 3207 1768 contabesceret.
3247 1713 3304 1770 in
3334 1733 3441 1790 quo
3470 1727 3656 1779 tamen

2050 1788 2248 1847 bonum
2275 1801 2355 1849 est
2383 1793 2486 1850 hoc
2513 1798 2686 1866 ipsum
2715 1798 2857 1869 quod
2884 1803 3050 1871 vivit,
3084 1813 3138 1861 et
3163 1788 3394 1866 vivificat
3413 1827 3617 1887 corpus
3636 1860 3651 1886 ,

2049 1883 2164 1939 sive
2183 1886 2386 1941 aerium
2411 1931 2426 1955 ,
2460 1888 2595 1945 sicut
2625 1890 2789 1962 ipsius
2813 1891 3011 1952 diaboli
3040 1897 3122 1954 vel
3148 1897 3453 1961 daamonum
3482 1883 3650 1980 spiri-

2050 1980 2169 2043 tus,
2218 1978 2330 2035 sive
2376 1989 2676 2051 terrenum,
2725 1984 2864 2044 sicut
2902 1987 3133 2048 hominis
3170 1994 3376 2064 anima,
3413 1978 3655 2073 cujusvis

2047 2068 2207 2123 etiam
2236 2071 2451 2142 maligni
2473 2082 2630 2146 atque
2656 2077 2914 2147 perversi.
2945 2080 3023 2137 Ita
3048 2083 3175 2141 dum
3206 2087 3392 2146 nolunt
3416 2068 3651 2165 aliquid,

2047 2161 2191 2231 quod
2221 2161 2359 2218 Deus
2389 2164 2575 2221 fecerit
2595 2209 2609 2232 ,
2647 2169 2856 2240 propria
2887 2172 3157 2233 voluntate
3186 2194 3445 2252 peccare,
3479 2161 3653 2255 ipsius

2052 2250 2144 2307 Dei
2167 2253 2515 2313 substantiam
2539 2257 2720 2315 dicunt
2741 2262 2913 2332 primo
2934 2250 3272 2338 necessitate,
3292 2278 3345 2328 et
3362 2250 3482 2344 post
3495 2250 3651 2336 inex-

2047 2344 2311 2416 piabiliter
2325 2349 2595 2407 voluntate
2608 2363 2911 2425 corruptam
2932 2370 3089 2431 atque
3115 2367 3564 2433 perversam.Sed
3587 2366 3653 2431 de

2046 2435 2270 2493 istorum
2294 2440 2696 2500 dementissime
2717 2462 2899 2505 errore
2921 2450 3053 2508 alias
3068 2452 3176 2525 jam
3199 2454 3431 2517 diximus
3450 2464 3647 2522 multa.

2116 2528 2345 2589 CAPUT
2370 2532 2507 2591 XIV.
2530 2567 2603 2578 ——
2627 2536 2793 2595 Causa
2818 2543 2980 2599 ruina:
2998 2548 3260 2620 angelice.
3284 2552 3582 2628 Superbia;

2044 2622 2047 2625 ’
2748 2635 2958 2691 invidia.
3480 2655 3501 2669 ί

2120 2713 2207 2771 i8.
2250 2714 2308 2772 in
2339 2717 2441 2775 hoc
2470 2729 2645 2779 autem
2676 2739 2838 2797 opere
2867 2731 3211 2800 quaerendum
3241 2749 3323 2793 est
3351 2742 3651 2803 secundum

2045 2820 2285 2866 sanctam
2326 2812 2654 2887 Scripturam
2679 2862 2694 2887 ,
2738 2822 2861 2893 quid
2900 2822 2967 2880 de
3007 2824 3217 2885 diabolo
3241 2828 3531 2892 dicendum
3561 2841 3648 2896 sit.

2045 2898 2248 2965 Primo,
2278 2915 2453 2960 utrum
2482 2908 2549 2964 ab
2576 2909 2728 2967 initio
2753 2912 2919 2984 ipsius
2948 2918 3129 2974 mundi
3152 2936 3246 2977 sua
3265 2935 3537 2995 potestate
3560 2930 3653 2990 de-

2046 2988 2268 3049 lectatus
2313 2995 2578 3054 abstiterit
2616 3000 2683 3057 ab
2724 3004 2809 3060 illa
2850 3008 3103 3067 societate
3130 3022 3185 3069 et
3210 2988 3468 3078 ch'aritate
3491 3063 3509 3090 ,
3544 3041 3647 3097 qua

2043 3082 2187 3139 beati
2231 3096 2357 3142 sunt
2398 3088 2589 3161 Angeii
2629 3095 2732 3164 qui
2759 3095 3006 3155 fruuntur
3030 3100 3180 3170 Deo;
3208 3121 3275 3162 an
3307 3082 3651 3185 aliquo'tcym-

2044 3190 2174 3247 pore
2203 3178 2254 3232 in
2282 3191 2467 3238 sancto
2486 3195 2628 3240 coetu
2658 3187 2815 3244 fuerit
2840 3190 3164 3263 Angelorum
3184 3239 3201 3265 ,
3558 3225 3648 3280 pa-

2045 3267 2177 3323 riter
2211 3271 2419 3340 justus,
2464 3283 2518 3330 et
2555 3276 2756 3347 pariter
2778 3279 2982 3338 beatus.
3010 3282 3262 3346 Nonnulli
3291 3267 3648 3356 enim'dicunt

2044 3360 2215 3428 ipsum
2259 3363 2308 3417 ei
2351 3363 2514 3421 fuisse
2555 3383 2735 3424 casum
2774 3386 2804 3426 a
2830 3377 3076 3441 supernis
3100 3380 3348 3450 sedibus,
3386 3388 3533 3456 quod
3564 3392 3646 3447 in-

2044 3449 2238 3507 viderit
2279 3452 2481 3510 homini
2521 3457 2660 3514 facto
2699 3459 2766 3516 ad
2812 3461 3095 3536 imaginem
3126 3468 3236 3526 Dei.
3267 3449 3435 3531 Porro
3460 3491 3642 3539 autem

2043 3540 2238 3597 invidia
2268 3547 2510 3615 sequitur
2534 3551 2837 3620 superbiam
2860 3596 2874 3619 ,
2904 3571 3015 3611 non
3034 3562 3287 3629 prmccdit
3316 3583 3329 3620 :
3358 3583 3464 3624 non
3495 3573 3641 3631 enim

2042 3646 2201 3688 causa
2223 3637 2563 3705 superbiendi
2590 3651 2671 3697 est
2703 3641 2895 3700 invidia
2914 3688 2928 3712 ,
2954 3647 3054 3704 sed
3070 3666 3226 3708 causa
3253 3654 3526 3718 invidendi
3548 3662 3685 3722 su-"

2043 3725 2246 3794 perbia.
2272 3724 2404 3781 Cum
2434 3730 2589 3800 igitur
2617 3735 2861 3804 superbia
2887 3736 2957 3793 sit
2975 3756 3126 3797 amor
3150 3744 3485 3809 excellentia:
3511 3758 3637 3827 pro-

2041 3816 2208 3887 prim,
2254 3818 2449 3875 invidia
2492 3836 2617 3878 vero
2656 3824 2725 3880 sit
2759 3825 2937 3885 odium
2968 3829 3232 3893 felicitatis
3260 3839 3480 3914 alienae,
3509 3816 3635 3919 quid

2041 3909 2185 3965 unde
2229 3923 2479 3968 nascatur
2522 3918 2650 3972 satis
2695 3918 2751 3972 in
2791 3933 3034 3994 promptu
3078 3936 3178 3982 est.
3223 3931 3468 3992 Amantio
3492 3909 3633 3999 enim

2040 3996 2269 4066 quisque
2305 3998 2679 4057 excellentiam
2716 4017 2866 4059 suam
2889 4050 2904 4075 ,
2953 4010 3036 4064 vel
3083 4012 3295 4081 paribus
3338 3996 3632 4096 illdiVi’dC‘:

2039 4088 2181 4158 quod
2221 4089 2270 4144 ei
2316 4102 2695 4162 coacqucntur;
2743 4096 2827 4151 vel
2872 4096 3243 4174 inferioribus,
3290 4124 3358 4166 ne
3394 4114 3496 4170 sibi
3538 4088 3633 4174 eo;

2039 4188 2349 4250 aequentur;
2375 4185 2457 4239 vel
2487 4186 2853 4256 superioribus
2871 4234 2885 4256 ,
2918 4194 3067 4264 quod
3080 4197 3156 4253 eis
3177 4213 3281 4256 non
3303 4216 3628 4277 eamquetur.

2038 4271 2405 4343 Superbicndo
2447 4278 2607 4350 igitur
2644 4278 2886 4353 invidus,
2933 4301 3041 4344 non
3085 4291 3372 4353 invidendo
3409 4271 3631 4376 quisque

2037 4368 2300 4436 superbus
2329 4378 2431 4425 est.

2035 4455 2262 4517 CAPUT
2290 4460 2491 4519 XV.—
2520 4463 2773 4537 Superbia
2815 4481 2863 4524 et
2905 4486 3049 4529 amor
3084 4477 3307 4546 privatus
3333 4486 3496 4554 [antes
3516 4507 3626 4543 ma-

2106 4550 2288 4608 turum.
2333 4554 2546 4611 Amare:
2573 4558 2693 4613 duo.
2738 4556 2971 4620 Civitates
3000 4566 3133 4622 dum.
3167 4566 3307 4642 Opus
3334 4550 3400 4629 tle
3422 4570 3628 4634 Civitate

2107 4640 2208 4698 Dei
2232 4645 2514 4717 pollicetur.

2106 4735 2192 4791 i9.
2238 4735 2426 4794 Merito
2469 4740 2683 4797 initium
2715 4748 2890 4827 omnis
2929 4753 3127 4819 peccati
3156 4756 3455 4827 superbiam
3487 4760 3622 4818 Scri-

2033 4834 2187 4897 ptura
2217 4826 2454 4885 deﬁnivit
2474 4873 2489 4899 ,
2518 4830 2703 4891 dicens
2727 4853 2743 4890 :
2770 4824 2982 4895 Initium
3002 4845 3164 4900 omnis
3184 4824 3375 4916 peccati
3394 4853 3622 4922 superbia

2034 4917 2220 4988 (lecti.
2271 4936 2345 4989 ι,
2399 4922 2512 4995 f5}.
2562 4924 2663 4979 Cui
2712 4930 3018 4989 testimonio
3056 4948 3162 4991 non
3192 4917 3621 5001 ineonvenientcr

2030 5018 2241 5079 aptatur
2266 5012 2424 5066 etiam
2447 5013 2578 5068 illud
2599 5016 2742 5086 quod
2768 5019 3056 5092 Apostolus
3084 5029 3189 5096 ait,
3214 5026 3385 5087 R’adia:
3400 5038 3615 5090 omnium

2030 5102 2276 5172 ardorum
2303 5115 2379 5160 est
2402 5108 2613 5163 avaritia
2643 5109 2663 5186 (
2694 5111 2713 5166 l
2740 5109 2874 5169 Tim.
2907 5130 2959 5172 vt
2977 5159 2993 5186 ,
3018 5118 3106 5190 το)
3135 5141 3148 5188 ;
3172 5125 3216 5177 si
3239 5126 3510 5184 avaritiam
3527 5146 3616 5200 ge-

2029 5198 2267 5253 neralem
2289 5198 2659 5273 imeiligamus,
2678 5221 2778 5277 qua
2806 5210 3031 5282 qni‘srjue
3054 5216 3254 5285 appetit
3278 5215 3482 5291 aliquid
3505 5198 3616 5276 ain-

2029 5290 2169 5361 plitts
2202 5304 2367 5362 quam
2405 5304 2647 5365 oportet,
2691 5311 2907 5371 propter
2938 5306 3300 5365 excellentiam
3338 5328 3525 5383 suam,
3562 5326 3615 5373 et

2028 5382 2309 5453 quemdam
2337 5386 2567 5457 propria:
2594 5390 2673 5446 rei
2698 5406 2939 5472 amorem
2972 5416 2984 5451 :
3016 5402 3100 5454 cui
3126 5390 3392 5472 sapienter
3422 5382 3611 5465 nomen:

2028 5476 2194 5531 nam
2222 5477 2405 5550 lingua
2428 5480 2652 5550 ἰηιίῖάῑῒ,
2690 5499 2810 5541 cum
2837 5470 3120 5559 appellavit
3147 5470 3443 5567 privatum,
3476 5500 3612 5572 quod

2025 5569 2205 5641 potius
2239 5582 2267 5623 a
2307 5570 2629 5631 dtu-imcnto
2657 5592 2815 5648 quam
2842 5576 2908 5636 ali
2932 5582 3255 5642 incremento
3279 5586 3477 5647 dictum
3495 5569 3611 5646 eiii-
