3902 6308
407 282 513 340 459

405 401 551 458 scius
585 396 745 455 futuri
786 396 869 453 sui
914 394 1136 467 peccati.
1184 392 1367 464 Neque
1400 392 1543 450 enim
1589 400 1645 449 et
1682 391 1757 447 illi
1789 388 1995 461 prmscii

403 491 655 556 fuerunt,
696 488 890 560 quibus
935 484 1218 556 Apostolus
1245 484 1371 541 dicit
1393 526 1407 552 ,
1456 481 1557 538 Vos
1593 483 1677 554 qui
1704 481 1995 554 spirituales

406 586 555 650 estis.
585 583 818 640 instruite
842 580 1134 652 hujusmodi
1161 579 1213 633 in
1241 580 1424 650 spiritu
1451 577 1693 644 lenitatis,
1729 575 1997 631 intendens

402 688 454 734 te
478 679 667 751 ipsum,
681 693 744 732 ne
765 683 811 731 et
838 685 893 729 tu
920 674 1123 730 tenteris
1147 671 1340 746 (Galat.
1378 687 1466 739 vt,
1500 670 1590 745 l);
1632 687 1737 726 non
1766 669 1996 727 absurde

404 779 585 826 tamen
617 783 717 824 nec
742 766 983 837 improbe
1010 763 1270 831 dicimus,
1318 763 1502 819 beatos
1534 763 1644 834 jam
1684 762 1850 819 fuisse
1892 762 1996 820 hoc

404 864 524 937 ipso
546 861 684 933 quod
711 858 1015 929 spirituales
1036 866 1234 922 essent,
1264 873 1367 912 non
1392 871 1638 928 corpore,
1669 857 1763 913 sed
1790 857 1995 927 justitia

404 952 528 1009 ﬁdei
546 993 564 1021 ,
594 967 689 1022 Spe
714 950 1037 1023 gaudentes,
1068 951 1122 1005 in
1149 948 1490 1004 tribulatione
1515 949 1778 1021 patientes
1814 948 1989 1023 (Rom.

406 1062 504 1112 xu,
532 1046 643 1117 12).
674 1044 884 1111 Quanto
909 1044 1076 1115 magis
1094 1058 1242 1115 ergo,
1271 1052 1324 1098 et
1342 1044 1600 1114 ampliore
1625 1044 1785 1099 modo
1808 1044 1994 1100 beatus

403 1149 521 1197 erat
545 1140 709 1195 homo
735 1141 786 1195 in
818 1138 1061 1208 paradiso
1083 1147 1210 1194 ante
1236 1147 1531 1209 peccatum,
1552 1137 1795 1209 quamvis
1819 1137 1993 1192 incer-

403 1242 490 1289 tus
535 1233 694 1289 futuri
739 1233 820 1288 sui
857 1246 1047 1298 casus,
1091 1234 1181 1302 qui
1222 1246 1319 1302 spe
1362 1231 1434 1286 ita
1474 1229 1739 1302 gaudebat
1773 1239 1993 1301 propter

402 1328 681 1399 pra-mium
705 1324 898 1381 l‘uturzr
923 1324 1373 1391 commutationis,
1407 1333 1465 1378 ut
1490 1324 1631 1379 nulla
1653 1330 1797 1379 esset
1819 1323 1990 1378 tribu-

402 1422 531 1477 latio
550 1422 633 1476 cui
660 1419 949 1475 tolerandae
976 1419 1225 1490 patientia
1256 1417 1543 1473 militaret?
1571 1416 1826 1484 Quamvis
1846 1416 1990 1471 enim

400 1530 508 1571 non
535 1529 671 1569 vana
703 1512 1114 1583 praesumptione
1145 1510 1214 1567 de
1250 1511 1455 1565 incerto
1479 1518 1657 1565 certus
1682 1510 1827 1565 velut
1850 1508 1991 1563 stul-

402 1619 520 1672 tus,
553 1606 646 1661 sed
687 1622 783 1676 Spe
812 1621 916 1660 non
947 1604 1208 1669 inﬁdelis;
1250 1612 1533 1674 antequam
1565 1602 1991 1672 apprehenderet

401 1698 546 1753 illam
577 1698 739 1752 vitam
762 1739 777 1762 ,
819 1697 905 1752 ubi
932 1697 1264 1752 certissimus
1290 1695 1455 1765 ipsius
1483 1703 1697 1749 aeterna:
1727 1694 1848 1747 vita:
1879 1708 1991 1748 sua:

399 1789 615 1846 futurus
645 1797 807 1853 esset,
848 1797 1027 1859 posset
1051 1789 1335 1854 exsultare,
1369 1786 1814 1858 quemadmodum
1854 1786 1990 1840 scri—

400 1893 551 1956 ptum
582 1892 683 1951 est,
714 1899 828 1937 cum
855 1891 1068 1937 tremore
1101 1881 1270 1953 (Psal.
1297 1897 1354 1948 ιι,
1388 1881 1513 1950 ll);
1544 1890 1597 1936 et
1625 1879 1723 1934 bac
1755 1879 1991 1934 exsulta-

398 1979 568 2038 tione.
598 1977 767 2033 multo
786 1976 1142 2032 abundantius
1164 1976 1215 2030 in
1243 1974 1510 2047 paradiso,
1544 1989 1703 2045 quam
1729 1974 1896 2031 sancti
1937 1972 1990 2030 in

400 2068 489 2124 his
516 2070 692 2134 terris,
722 2068 907 2125 beatus
931 2083 1073 2133 esse,
1101 2067 1260 2122 modo
1288 2067 1517 2137 quodam
1548 2065 1797 2122 inferiore
1827 2082 1988 2138 quam

400 2161 454 2214 in
484 2161 570 2215 illa
601 2161 704 2214 vita
732 2171 928 2215 aeterna
951 2169 1255 2216 sanctorum
1280 2158 1849 2231 supercoelestiumque
1878 2161 1989 2214 An-

399 2251 660 2323 gelorum,
691 2268 795 2308 non
822 2263 995 2308 tamen
1024 2252 1186 2308 nullo.

649 2364 876 2422 CAPUT
903 2365 1046 2421 XIX.
1068 2397 1139 2406 —
1161 2366 1469 2437 Angelorum
1495 2366 1735 2421 conditio.

470 2458 563 2516 25.
609 2458 798 2514 Dicere
822 2470 999 2514 autem
1030 2459 1097 2513 de
1123 2459 1385 2530 aliquibus
1412 2457 1614 2529 angelis
1638 2456 1779 2527 quod
1810 2457 1861 2512 in
1889 2472 1987 2513 suo

398 2551 628 2622 quodam
652 2567 848 2619 genere
875 2552 1013 2608 beati
1039 2565 1158 2607 esse
1186 2551 1406 2621 possint,
1438 2550 1627 2606 futura:
1654 2566 1765 2605 sua:
1794 2550 1989 2620 iniqui-

400 2643 524 2696 tatis
560 2652 614 2697 et
642 2641 1016 2708 damnationis,
1062 2642 1148 2696 vel
1174 2649 1320 2697 certe
1363 2650 1631 2711 perpetuae
1678 2640 1864 2695 salutis
1902 2640 1988 2694 in-

397 2734 553 2798 certi,
576 2734 769 2804 quibus
794 2750 893 2790 nec
916 2748 1039 2803 Spes
1064 2735 1307 2789 subesset
1335 2733 1474 2804 quod
1496 2732 1781 2804 aliquando
1806 2742 1856 2787 et
1885 2731 1989 2801 ipsi

399 2828 574 2897 aliqua
602 2826 656 2881 in
694 2827 883 2881 melius
912 2828 1203 2881 mutatione
1228 2827 1361 2882 certi
1395 2826 1465 2881 de
1502 2825 1602 2881 bac
1629 2841 1688 2899 re
1714 2824 1984 2884 luturies-

399 2928 543 2985 seut,
580 2921 668 2973 vix
710 2918 926 2974 ferenda
958 2919 1299 2988 praesumptio
1333 2918 1577 2973 estznisi
1615 2917 1751 2973 forte
1792 2927 1847 2973 et
1886 2917 1989 2973 hoc

401 3010 627 3071 dicatur.
652 3010 722 3064 ita
742 3018 951 3065 creatos
975 3010 1104 3064 istos
1131 3011 1348 3079 angelos
1374 3010 1656 3066 mundanis
1678 3011 1989 3066 ministeriis

402 3101 717 3157 distributos
757 3102 856 3157 sub
884 3100 1004 3156 aliis
1029 3100 1427 3156 sublimioribus
1470 3110 1526 3156 et
1553 3101 1900 3171 beatioribus,
1930 3112 1989 3159 ut

402 3208 503 3268 pro
540 3203 685 3250 recte
717 3194 881 3264 gestis
916 3193 1278 3263 prreposituris
1316 3194 1427 3248 suis
1451 3195 1712 3266 accipiant
1739 3196 1882 3251 illam
1912 3197 1990 3251 vi-

403 3299 511 3345 tam
534 3290 743 3345 beatam
768 3303 831 3343 ac
855 3288 1243 3354 sublimiorem,
1275 3288 1344 3344 de
1364 3303 1465 3360 qua
1491 3290 1695 3359 possint
1721 3305 1839 3345 esse
1867 3305 1989 3346 cer-

399 3383 614 3448 tissimi,
645 3382 796 3453 cujus
819 3383 995 3453 utique
1015 3397 1112 3453 spe
1130 3383 1420 3453 gaudentes
1439 3383 1647 3452 possint
1672 3399 1776 3440 non
1803 3387 1991 3441 incon-

399 3489 532 3547 grue
569 3472 675 3529 dici
698 3474 807 3543 jam
848 3474 1009 3530 beati.
1052 3475 1132 3529 Ex
1155 3490 1381 3546 quorum
1412 3491 1635 3532 numero
1676 3475 1720 3531 si
1747 3476 1990 3533 diabolus

398 3566 594 3621 cecidit
633 3580 754 3621 cum
789 3567 948 3622 sociis
986 3567 1276 3639 iniquitatis
1304 3582 1435 3635 sum,
1482 3568 1654 3625 simile
1690 3577 1774 3625 est
1814 3570 1915 3625 hoc
1941 3571 1989 3626 ei

398 3659 542 3731 quod
566 3660 766 3716 cadunt
789 3677 818 3714 a
843 3661 1047 3730 justitia
1074 3660 1195 3718 ﬁdei
1217 3662 1376 3717 etiam
1407 3661 1672 3729 homines,
1702 3662 1865 3717 simili
1896 3677 1989 3718 su-

400 3751 583 3824 perbia
612 3753 959 3822 praevaricati,
982 3754 1066 3810 vel
1085 3754 1295 3826 seipsos
1320 3754 1663 3824 seducentes,
1694 3756 1777 3811 vel
1803 3755 1881 3810 illi
1905 3770 1993 3811 se-

400 3842 608 3898 ductori
628 3844 1043 3900 consentientes.

473 3935 562 3989 26.
596 3933 701 3989 Sed
721 3943 966 3990 asserant
989 3935 1109 3990 haec
1131 3935 1239 3991 duo
1259 3951 1455 4006 genera
1477 3937 1735 3994 bonorum
1763 3939 1992 4010 Angelo-

400 4040 523 4080 rum
550 4025 637 4095 qui
670 4024 957 4094 potuerint,
999 4042 1162 4080 unum
1202 4028 1681 4097 superctnlestium,
1720 4031 1772 4085 in
1800 4031 1991 4102 quibus

401 4131 675 4187 nunquam
704 4113 802 4169 fuit
826 4117 915 4186 qui
952 4116 1195 4172 cadendo
1230 4118 1474 4172 diabolus
1512 4117 1681 4174 iactus
1719 4131 1830 4186 est;
1861 4124 1992 4178 alte-

404 4223 523 4264 rum
544 4217 719 4263 autem
742 4207 1154 4275 mundanorum,
1178 4208 1230 4263 in
1253 4208 1445 4278 quibus
1471 4208 1569 4265 fuit
1597 4229 1610 4264 :
1636 4211 1765 4266 mihi
1789 4222 1987 4281 autem,

404 4300 596 4367 fateor,
628 4298 770 4355 unde
806 4298 910 4354 hoc
946 4299 1239 4355 secundum
1269 4299 1570 4371 Scripturas
1595 4317 1851 4369 asseram,
1887 4320 1990 4360 non

403 4393 617 4447 interim
647 4392 912 4459 occurrit;
958 4392 1053 4447 sed
1088 4399 1389 4448 coarctatus
1417 4394 1715 4465 quaestione
1746 4395 1853 4463 illa,
1884 4413 1989 4468 qua

403 4483 658 4552 quaeritur
686 4492 861 4538 utrum
892 4484 974 4538 sui
1016 4498 1171 4539 casus
1199 4485 1474 4555 praescius,
1515 4496 1797 4557 antequam
1829 4488 1993 4545 cade~

403 4584 506 4640 ret,
540 4576 720 4643 fuerit,
758 4592 826 4633 ue
854 4592 966 4632 sua:
992 4578 1335 4634 beatitudinis
1373 4579 1604 4636 incertos
1635 4596 1755 4638 esse
1779 4584 1859 4639 vel
1891 4584 1989 4639 ali-

403 4666 615 4738 quando
644 4666 808 4724 l'uisse
834 4669 1065 4738 Angelos
1084 4670 1340 4738 dicerem,
1369 4686 1474 4727 nou
1501 4673 1617 4728 sine
1635 4687 1796 4729 causa
1819 4678 1989 4744 putari

402 4774 563 4832 posse
591 4760 717 4827 dixi,
765 4761 1032 4818 diabolum
1076 4765 1143 4819 ab
1185 4765 1301 4835 ipso
1338 4774 1620 4834 creaturae,
1664 4766 1765 4822 hoc
1803 4779 1886 4823 est
1924 4769 1992 4824 ab

402 4855 521 4925 ipso
551 4853 632 4909 vel
663 4856 917 4924 temporis
945 4856 1028 4910 vel
1059 4872 1168 4913 suae
1194 4858 1514 4916 conditionis
1535 4861 1685 4918 initio
1708 4862 1986 4932 cecidisse,

400 4961 502 5001 nec
531 4945 815 5016 aliquando
840 4946 894 5002 in
923 4948 1145 5004 veritate
1174 4951 1406 5006 stetisse.

436 5038 663 5095 CAPUT
694 5038 812 5094 XX.
835 5069 907 5080 -—
930 5039 1114 5113 Opinio
1144 5043 1207 5099 de
1235 5044 1437 5102 diabolo
1464 5058 1631 5104 creato
1659 5049 1713 5104 in
1737 5052 1949 5106 malitia.

470 5130 559 5184 27.
605 5130 755 5187 Unde
781 5134 1022 5188 nonnulli
1061 5150 1181 5190 eum
1213 5153 1321 5192 non
1362 5138 1413 5192 in
1455 5139 1593 5196 hanc
1629 5142 1884 5198 malitiam
1921 5145 1988 5198 li-

396 5224 531 5279 bero
570 5224 860 5279 voluntatis
902 5226 1123 5283 arbitrio
1165 5244 1286 5285 esse
1330 5229 1620 5297 deﬂexum,
1665 5234 1757 5288 sed
1796 5234 1846 5288 in
1888 5234 1989 5290 hac

397 5314 618 5369 omnino
629 5327 865 5372 creatum
884 5328 1091 5388 putant,
1111 5322 1354 5391 quamvis
1368 5300 1400 5376 ᾖ
1415 5322 1640 5378 Domino
1657 5324 1763 5380 Deo
1778 5340 1988 5382 summo

390 5416 452 5481 et
472 5422 602 5463 vero
626 5418 935 5465 naturarum
957 5415 1193 5469 omnium
1219 5423 1462 5472 creatore
1486 5434 1499 5471 :
1531 5417 1888 5489 adllibentque
1910 5430 1989 5477 te-

380 5490 705 5556 fstimonium
734 5501 801 5557 de
840 5502 978 5560 libro
1006 5505 1128 5571 Job,
1169 5508 1419 5579 quoniam
1466 5509 1537 5565 ibi
1581 5512 1835 5582 scriptum
1879 5524 1982 5581 est,

398 5606 521 5647 cum
548 5591 614 5648 de
645 5594 735 5649 illo
764 5610 945 5653 sermo
974 5610 1137 5665 esset,
1168 5599 1284 5655 Hoc
1317 5612 1390 5657 est
1410 5603 1605 5658 initium
1628 5603 1855 5677 ﬁgmenti
1879 5606 1985 5662 Do-

399 5690 548 5754 mini,
580 5691 713 5759 quod
747 5692 866 5760 fecit
893 5700 946 5746 ut
968 5691 1215 5747 illudatur
1245 5694 1308 5748 ab
1334 5694 1538 5766 Angelis
1569 5697 1681 5768 ejus
1716 5698 1856 5768 (Job.
1894 5716 1980 5766 χι,

409 5783 493 5851 ll,
522 5798 621 5838 sec.
647 5780 815 5853 LXX)
838 5784 954 5841 :cui
980 5786 1257 5842 sententiae
1276 5790 1519 5858 congruit
1538 5791 1679 5857 quod
1701 5792 1751 5846 in
1774 5792 1984 5850 Psalmo

1327 275 1416 333 ne
1435 270 1684 334 causa
1722 274 1815 330 Αι)
1850 224 2223 340 Ln‘raaau,
2263 274 2320 331 s.
2360 273 2747 334 AUGUSTINI.

3580 287 3680 349 μθ

2104 388 2361 460 scriptum
2388 397 2491 457 est,
2520 389 2688 446 Draco
2709 391 2790 446 hic
2812 408 2960 464 quem
2991 394 3182 463 tinxisti
3202 401 3277 452 ad
3297 399 3619 462 insidendum

2104 480 2275 551 (Psal.
2318 499 2429 553 cui,
2458 481 2588 558 26);
2618 486 2717 541 nisi
2753 486 2895 557 quod
2939 487 3045 555 hic,
3079 507 3230 561 quem
3267 494 3494 563 tinxisti,
3534 498 3692 572 dixit;

2102 589 2208 628 non
2237 584 2412 630 autem
2439 577 2576 632 sicut
2602 576 2690 643 ibi,
2726 576 2840 633 Hoc
2863 587 2935 634 est
2958 579 3156 638 initium
3186 584 3431 656 ﬁgmenti
3456 588 3693 653 Dontt'ni:

2102 671 2353 736 tanquam
2391 666 2443 722 in
2474 667 2624 722 initio
2657 683 2778 724 eum
2817 669 2890 724 ita
2919 670 3174 739 tinxisset,
3206 684 3271 730 ut
3300 677 3504 749 malus,
3535 691 3591 739 ut
3613 684 3693 742 in-

2100 756 2272 823 vidus,
2305 766 2363 813 ut
2390 758 2657 826 seductor,
2683 766 2742 815 ut
2765 762 2983 818 omnino
3008 763 3258 824 diabolus
3286 779 3457 840 esset,
3481 788 3590 832 non
3606 790 3695 835 vo-

2099 846 2301 906 luntate
2327 849 2669 921 depravatus,
2699 852 2795 909 sed
2823 853 2893 909 ita
2921 863 3152 913 creatus.
3418 816 3457 840 Ἶ
3481 816 3590 832 ’Π
3616 816 3695 835 Ν.
3723 816 3750 899 ἔ

2321 963 2550 1023 CAPUT
2578 965 2720 1022 XXI.
2739 998 2814 1009 —
2833 957 3240 1039 Refellitur'luec
3264 976 3470 1046 opinio.
3710 987 3723 1043 1

2168 1057 2258 1114 28.
2300 1057 2426 1114 Han:
2452 1058 2632 1130 opinio
2659 1062 2930 1130 quomodo
2962 1078 3073 1120 non
3100 1066 3171 1120 sit
3191 1067 3429 1125 adversa
3456 1072 3529 1139 ei,
3557 1074 3693 1145 quod

2097 1151 2353 1222 scriptum
2373 1163 2474 1221 est,
2497 1152 2643 1209 Fecit
2661 1154 2802 1211 Deus
2819 1158 2991 1214 omnia
3003 1158 3134 1214 bona
3147 1161 3321 1217 valde‘
3342 1162 3503 1237 (Gen.
3525 1181 3563 1233 ι,
3588 1168 3694 1240 31),

2096 1244 2341 1314 quamvis
2382 1256 2643 1302 conentur
2678 1249 2998 1317 ostendere;
3031 1267 3132 1309 nec
3171 1253 3386 1312 insulse
3420 1258 3584 1316 etiam
3616 1263 3693 1319 vel

2096 1334 2364 1392 inerudite
2402 1348 2696 1405 asseratur,
2746 1355 2850 1397 non
2897 1350 3103 1400 tantum
3143 1346 3466 1409 conditione
3507 1353 3692 1423 prima,

2097 1424 2193 1480 sed
2215 1427 2373 1482 etiam
2400 1443 2543 1484 nunc
2562 1430 2864 1501 depravatis
2888 1440 2967 1488 tot
2990 1434 3385 1505 voluntatibus,
3410 1440 3463 1494 in
3493 1455 3693 1502 summa

2098 1527 2287 1576 tamen
2324 1522 2501 1577 omnia
2552 1538 2675 1593 quae
2718 1534 2895 1581 creata
2949 1536 3093 1593 sunt,
3144 1528 3198 1584 id
3253 1539 3345 1586 est
3390 1533 3693 1592 universam

2097 1612 2317 1667 omnino
2340 1623 2638 1668 creaturam
2664 1615 2861 1672 bonam
2888 1631 3010 1674 esse
3044 1618 3225 1686 valde,
3257 1636 3371 1676 non
3402 1624 3548 1694 quod
3574 1624 3691 1682 boni

2097 1702 2206 1759 sint
2229 1704 2281 1759 in
2307 1720 2370 1759 ea
2395 1706 2541 1770 mali.
2579 1707 2673 1763 sed
2699 1708 2841 1778 quod
2870 1723 2977 1765 non
3005 1711 3242 1768 efﬁciant
3266 1713 3480 1771 malitia
3519 1731 3612 1772 sua
3638 1726 3693 1775 ut

2096 1796 2198 1851 sub
2241 1796 2336 1852 Dei
2370 1797 2816 1855 administratoris
2857 1802 3103 1873 imperio,
3148 1803 3374 1872 virtute,
3412 1807 3686 1878 sapientia,

2095 1884 2260 1941 decus
2297 1894 2354 1942 et
2384 1888 2517 1943 ordo
2554 1888 2913 1947 universitatis
2937 1893 3110 1965 aliqua
3139 1909 3206 1951 ex
3246 1906 3407 1967 parte
3453 1907 3690 1970 turpetur

2096 1981 2209 2037 sive
2230 1981 2505 2049 turbetur;
2528 1998 2649 2039 cum
2671 1985 2784 2040 suis
2802 1985 3101 2057 quibusque
3120 1987 3512 2059 voluntatibus,
3534 1993 3687 2048 etiam

2096 2075 2274 2143 malis,
2306 2076 2610 2132 tribuantur
2635 2079 2767 2133 certi
2792 2088 2849 2134 et
2885 2081 3105 2151 congrui
3135 2081 3340 2138 limites
3369 2092 3687 2153 potestatum

2095 2177 2149 2224 et
2174 2168 2408 2239 pondera
2437 2171 2772 2237 meritorum,
2797 2180 2856 2228 ut
2880 2172 3039 2228 etiam
3062 2188 3183 2230 cum
3213 2174 3351 2247 ipsis
3370 2177 3687 2233 convenieno

2095 2267 2177 2315 ter
2199 2259 2447 2330 justeque
2474 2260 2735 2317 ordinatis
2760 2263 3079 2321 universitas
3108 2266 3335 2335 pulchra
3365 2267 3439 2323 sit
3468 2286 3485 2324 :
3515 2277 3682 2324 tamen

2095 2352 2214 2420 quia
2235 2351 2458 2422 quilibet
2476 2353 2728 2419 occurrit,
2752 2361 2809 2409 et
2828 2369 3013 2411 verum
3034 2364 3118 2411 est
3134 2364 3300 2428 atque
3322 2358 3678 2427 manifestum,

2089 2441 2308 2511 justitia:
2335 2443 2434 2513 ipsi
2461 2458 2580 2500 esse
2599 2446 2925 2501 contrarium
2952 2456 3012 2502 ut
3037 2449 3181 2503 nullo
3203 2451 3550 2519 praecedente
3574 2466 3680 2507 me-

2094 2532 2218 2599 rito,
2247 2532 2348 2587 hoc
2373 2534 2548 2604 ipsum
2579 2535 2631 2590 in
2659 2551 2925 2606 quoquam
2951 2537 3091 2593 Deus
3113 2538 3340 2596 damnet
3367 2541 3513 2613 quod
3538 2541 3591 2597 in
3621 2555 3683 2597 eo

2094 2623 2212 2694 ipse
2235 2627 2514 2694 creaverit,
2564 2636 2820 2698 certaque
2856 2638 2912 2684 et
2938 2630 3161 2686 evidens
3186 2632 3469 2689 damnatio
3493 2633 3680 2691 diabo‘i

2094 2724 2151 2771 et
2177 2717 2488 2788 angelorum
2514 2719 2630 2788 ejus
2652 2735 2719 2775 ex
2756 2720 3045 2793 Evangelia
3070 2725 3350 2794 recitatur,
3380 2726 3475 2782 ubi
3510 2740 3569 2782 se
3599 2725 3678 2781 di-

2093 2815 2302 2863 cturum
2328 2807 2584 2864 Dominus
2606 2812 2979 2880 prmnuntiavit
3000 2812 3080 2868 eis
3104 2814 3197 2885 qui
3223 2829 3253 2868 a
3277 2817 3516 2873 sinistris
3541 2824 3675 2885 sunt,

2093 2901 2177 2957 Ite
2195 2903 2249 2956 in
2271 2903 2440 2973 ignem
2465 2912 2728 2970 talentum,
2750 2905 2838 2976 qui
2857 2917 3175 2976 preparatus
3198 2918 3274 2962 est
3298 2910 3503 2965 diabolo
3522 2918 3569 2965 et
3591 2925 3678 2962 an-

2093 2993 2221 3065 gelis
2252 2994 2364 3066 ejus
2385 2992 2593 3065 (Matth.
2625 3010 2740 3050 xxv
2763 2996 2859 3061 ,41
2884 2997 2941 3067 );
2971 2997 3118 3053 ηυΙΙο
3152 2998 3318 3055 modo
3348 3001 3401 3056 in
3435 3015 3502 3057 eo
3529 3008 3674 3056 natu-

2094 3102 2206 3142 ram
2236 3102 2394 3158 quam
2428 3088 2566 3143 Deus
2589 3089 2809 3156 creavit,
2840 3090 2935 3146 sed
2971 3092 3161 3146 malam
3194 3095 3472 3166 propriam
3499 3094 3677 3149 volun-

2094 3189 2258 3237 tatem
2296 3195 2454 3252 pinna
2503 3181 2639 3252 ignis
2681 3184 2867 3238 interni
2912 3185 3243 3255 plectendam
3294 3202 3419 3244 esse
3459 3185 3673 3243 creden-

2093 3273 2219 3330 dum
2246 3283 2347 3331 est.

2183 3364 2413 3423 CAPUT
2443 3366 2608 3422 xxu.
2632 3396 2705 3409 -
2731 3366 2998 3439 ορεηίσηίε
3028 3369 3253 3441 ejusdem
3275 3371 3605 3442 fundamenta

2711 3461 3074 3518 convellantur.

2166 3548 2257 3603 29.
2297 3548 2407 3604 Nec
2444 3549 2560 3619 ejus
2584 3558 2831 3605 naturam
2870 3564 2992 3606 esse
3038 3553 3390 3622 signiﬁcatam
3433 3552 3571 3625 quod
3597 3550 3673 3607 di-

2095 3646 2242 3695 ctum
2268 3648 2372 3707 est,
2404 3639 2520 3693 Hoc
2550 3649 2620 3692 est
2655 3641 2855 3694 initium
2879 3640 3104 3712 ﬁgmenti
3134 3642 3367 3712 Domini,
3405 3643 3540 3717 quod
3565 3641 3673 3714 fecit

2096 3741 2151 3786 ut
2185 3733 2430 3787 itludatur
2467 3733 2539 3786 ab‘
2568 3732 2773 3803 Angelis
2811 3736 2921 3804 ejus
2941 3749 2961 3788 :
2986 3734 3080 3790 sed
3111 3736 3193 3791 vel
3226 3751 3424 3810 corpus
3460 3738 3668 3800 aerium,

2096 3823 2238 3896 quod
2278 3823 2368 3878 tali
2416 3823 2673 3878 voluntati
2714 3834 3075 3894 congruenter
3114 3828 3351 3896 aptavit;
3396 3829 3479 3885 vel
3516 3829 3672 3897 ipsam

2096 3915 2508 3983 ordinationem,
2533 3917 2585 3971 in
2606 3932 2707 3988 qua
2732 3933 2853 3973 eum
2880 3920 3003 3975 fecit
3021 3921 3179 3975 etiam
3208 3921 3482 3980 nolentem
3503 3920 3671 3976 utilem

2096 4006 2286 4074 bouis;
2318 4009 2403 4064 vel
2424 4008 2565 4080 quod
2587 4010 2874 4080 prtesciens
2896 4026 3016 4067 eum
3043 4013 3259 4084 propria
3278 4016 3551 4070 voluntate
3568 4025 3672 4067 ma-

2097 4099 2206 4155 lum
2230 4098 2488 4167 futurum,
2521 4101 2642 4157 fecit
2661 4116 2782 4157 eum
2811 4110 3009 4169 tamen,
3038 4119 3143 4159 non
3172 4106 3453 4161 abstinens
3481 4104 3671 4159 bonita-

2098 4199 2208 4247 tem
2252 4208 2402 4247 suam
2445 4194 2495 4246 in
2525 4193 2812 4264 praebenda
2839 4194 2947 4249 vita
2983 4204 3143 4266 atque
3171 4197 3465 4254 substantia
3490 4195 3667 4251 futurae

2096 4285 2258 4340 etiam
2300 4286 2474 4341 noxia:
2507 4286 2820 4351 voluntati*,
2865 4287 3020 4341 simul
3048 4289 3349 4358 praevidens
3388 4295 3577 4361 quanta
3603 4284 3665 4339 de

2096 4376 2188 4430 illo
2212 4376 2353 4432 bona
2378 4389 2516 4433 esset
2556 4393 2649 4433 sua
2686 4378 2912 4434 mirabili
2940 4380 3178 4436 bonitate
3218 4397 3281 4436 ac
3311 4389 3569 4451 potestate
3595 4376 3664 4430 la-

2096 4478 2300 4525 clurus.
2339 4467 2551 4524 Initium
2594 4482 2770 4527 autem
2813 4472 3036 4544 ﬁgmenti
3082 4471 3292 4527 Domini
3333 4475 3503 4529 dictus
3546 4475 3653 4533 est,

2096 4560 2230 4633 quod
2258 4562 2374 4632 fecit
2401 4570 2454 4614 ut
2480 4561 2722 4615 illudatur
2749 4561 2810 4616 ab
2832 4562 3037 4634 Angelis
3062 4565 3189 4634 ejus,
3219 4579 3327 4620 non
3355 4565 3474 4636 quia
3503 4563 3661 4633 ipsam

2097 4653 2342 4724 primitus
2368 4653 2621 4722 condidit,
2646 4654 2727 4709 vel
2751 4654 2901 4709 initio
2922 4656 3119 4709 malum
3139 4658 3406 4723 condidit;
3436 4652 3524 4709 sed
3548 4650 3659 4721 quia

2097 4761 2217 4803 cum
2246 4749 2408 4803 sciret
2446 4763 2569 4803 eum
2596 4747 2661 4804 ad
2690 4748 2791 4804 hoc
2816 4751 3029 4818 propria
3053 4750 3326 4804 voluntate
3362 4748 3554 4805 malum
3583 4743 3659 4795 fu-

2098 4850 2277 4897 turum
2299 4851 2357 4896 ut
2379 4842 2533 4897 bouis
2556 4851 2790 4905 noceret,
2815 4842 3016 4896 creavit
3034 4855 3158 4895 eum
3184 4842 3250 4895 ad
3283 4841 3384 4896 hoc
3404 4849 3462 4896 ut
3487 4837 3552 4893 de
3576 4833 3659 4889 illo

2095 4934 2250 4990 bonis
2288 4934 2403 5004 ipse
2443 4934 2737 5003 prodesset.
2773 4932 2884 4988 Hoc
2921 4942 3004 4988 est
3044 4933 3208 4999 cnim,
3249 4944 3305 4988 ut
3333 4932 3571 4988 illudatur
3601 4924 3659 4978 ab

2096 5026 2302 5097 Angelis
2336 5027 2478 5097 ejus;
2515 5025 2765 5096 quoniam
2791 5024 2869 5081 sic
2897 5025 3154 5093 illuditur,
3181 5040 3305 5082 cum
3330 5023 3522 5081 sanctis
3544 5031 3657 5090 pro-

2095 5127 2219 5173 sunt
2245 5120 2563 5174 tentationes
2597 5118 2729 5188 ejus,
2760 5117 2954 5188 quibus
2987 5132 3080 5173 eos
3105 5117 3400 5190 depravare
3422 5120 3649 5175 conatur,

2096 5221 2153 5268 ut
2183 5212 2405 5279 malitia,
2438 5212 2492 5267 in
2519 5227 2621 5282 qua
2648 5211 2763 5282 ipse
2792 5226 2911 5268 esse
2933 5212 3117 5280 voluit,
3143 5228 3210 5268 eo
3236 5215 3448 5269 nolente
3470 5211 3536 5265 sit
3558 5202 3653 5260 uti.

2097 5305 2164 5361 lis
2205 5304 2374 5361 servis
2399 5304 2528 5370 Dei;
2570 5306 2692 5375 quia
2724 5304 2825 5360 hoc
2852 5305 3146 5375 prievidens
3185 5322 3308 5362 eum
3352 5306 3515 5362 ﬁnxit.
3543 5297 3654 5355 ideo

2158 5421 2177 5453 ι
2201 5416 2404 5491 codices
2431 5418 2552 5491 editi
2592 5425 2644 5470 et
2675 5426 2781 5469 Mss.
2821 5425 2948 5491 post,
2984 5417 3125 5491 pana
3146 5419 3305 5491 valde,
3337 5418 3513 5491 addunt
3526 5404 3654 5491 ista“

2091 5468 2337 5548 ῡιυειῖἰιωί
2347 5468 2568 5548 ᾄίαὺοῐὶω
2918 5468 3468 5548 δοίῗίῖδίαίέθῷλῷὶηθ
3491 5473 3571 5548 sed
3588 5468 3652 5548 ﬂ?

2091 5547 2196 5611 ipso
2219 5544 2419 5612 Domino
2442 5553 2536 5595 Deo
2566 5542 2722 5608 factus
2754 5542 2909 5612 malus
2931 5542 3101 5605 valde;
3133 5542 3263 5608 quod
3302 5544 3532 5612 glossema
3555 5545 3652 5612 age

2091 5594 2593 5672 censentium-amnes
2606 5594 2701 5668 im;
2711 5594 2899 5656 rudens
2912 5619 3003 5656 nec
3027 5594 3205 5657 recens
3236 5594 3474 5658 aaﬁotavlt
3493 5603 3537 5650 in
3565 5594 3654 5645 uol-

2090 5671 2284 5722 bertino
2303 5682 2378 5721 us.
2395 5679 2501 5721 Mox
2520 5672 2567 5719 in
2585 5667 2729 5719 editis
2746 5668 3003 5732 legebatur
3021 5684 3033 5718 ε
3048 5669 3267 5732 Quamvis
3278 5673 3496 5722 conentur
3511 5666 3649 5712 osten-

2092 5737 2208 5788 dere
2228 5739 2281 5784 ut
2494 5744 2512 5781 :
2532 5740 2581 5783 at
2603 5732 2651 5802 ia
2671 5729 2908 5802 Mss.,'nec
2930 5729 3121 5784 insulse.

2154 5804 2174 5833 ι
2209 5806 2316 5851 Mss.
2342 5796 2545 5860 aliquot.
2568 5794 2835 5848 uoluntatis-
