3902 6312
425 292 451 311 Ι.

135 318 245 374 Mi

137 432 354 490 initium
398 425 465 483 ad
496 422 845 491 illudendum,
885 408 1008 493 quia
1050 429 1105 478 et
1152 420 1278 477 mali
1323 418 1569 474 homines
1608 433 1738 473 vasa

139 507 387 595 Ejusdem
411 518 630 584 diaboli,
662 524 716 572 et
741 523 989 585 tanquam
1024 514 1213 585 capitis
1241 526 1458 583 corpus,
1491 526 1625 581 quos
1651 511 1736 565 ni-

141 617 437 673 hilominus
463 613 606 668 Deus
646 610 816 667 malos
842 609 1050 665 futuros
1080 608 1398 680 praevidens,
1426 606 1625 663 creavit
1654 618 1735 661 ta-

71 726 85 765 :
143 724 275 765 men
320 706 383 762 ad
434 705 715 761 utilitatem
762 711 1088 767 sanctorum,
1138 701 1381 757 similiter
1426 700 1732 765 illuduntur,

143 816 274 856 cum
304 808 354 855 et
389 797 520 868 ipsis
555 810 748 851 nocere
774 794 1091 858 volentibus,
1127 803 1406 865 prtestatur
1434 794 1632 848 sanctis
1671 808 1738 848 ex

144 908 336 950 eorum
357 887 757 961 comparatione
781 886 1007 951 cautela,
1030 896 1086 942 et
1104 887 1188 957 pia
1214 885 1314 942 sub
1336 887 1446 941 Deo
1467 885 1738 941 humilitas

144 996 201 1042 et
240 979 585 1053 intelligentia
614 980 799 1051 gratize
819 980 858 1043 ¹,
887 988 943 1033 et
984 978 1295 1034 exercitatio
1335 978 1399 1032 ad
1432 977 1739 1033 tolerandos

146 1076 342 1140 malos,
371 1082 426 1129 et
452 1071 693 1143 probatio
711 1070 777 1125 ad
798 1069 1099 1140 diligendus
1120 1069 1383 1125 inimicos.
1415 1069 1520 1125 Sed
1552 1070 1637 1124 ille
1656 1076 1740 1124 est

147 1167 359 1223 initium
410 1164 664 1235 ﬁgmenti,
706 1161 847 1233 quod
893 1162 971 1216 sic
1008 1160 1266 1227 illuditur,
1318 1161 1439 1230 quia
1487 1158 1740 1230 praecedit

148 1260 282 1314 istos
320 1264 378 1312 et
414 1256 673 1326 temporis
712 1253 1048 1323 antiquitate,
1080 1261 1133 1307 et
1163 1252 1459 1322 principatu
1503 1244 1735 1306 malitiae.

147 1352 263 1406 Hoc
303 1360 484 1405 autem
528 1348 601 1403 illi
645 1347 785 1402 Deus
821 1362 914 1416 per
953 1355 1165 1401 sanctos
1207 1346 1439 1415 Angelos
1468 1344 1612 1412 facit,
1646 1344 1739 1399 illo

147 1458 313 1514 opere
355 1420 721 1513 providentia,
760 1455 867 1510 quo
895 1446 1101 1494 creatas
1131 1446 1350 1493 naturas
1378 1438 1736 1503 administrat,

146 1535 387 1591 subdens
432 1534 681 1588 videlicet
723 1533 942 1602 angelos
989 1532 1160 1586 malos
1198 1532 1415 1602 Angelis
1464 1531 1638 1592 bonis,
1683 1539 1741 1585 ut

146 1628 413 1683 maiorum
436 1624 773 1695 improbitas,
799 1639 902 1679 non
934 1634 1189 1695 quantum
1212 1624 1418 1692 nititur,
1443 1623 1536 1680 sed
1565 1639 1737 1693 quan-

147 1730 259 1775 tum
286 1719 482 1775 sinitur
507 1717 677 1789 possit
708 1736 723 1773 :
754 1731 854 1773 nec
883 1724 1085 1771 tantum
1114 1717 1423 1787 angelorum
1455 1716 1736 1783 malorum,

118 1826 336 1879 ~verum
366 1820 421 1865 et
452 1810 746 1874 hominum,
778 1808 952 1863 donec
973 1809 1131 1864 etiam
1160 1807 1257 1863 ista
1278 1808 1504 1878 justitia,
1528 1823 1630 1877 qua
1656 1808 1738 1861 vi-

146 1907 288 1960 vitur
312 1921 381 1960 ex
407 1903 510 1960 lide
538 1903 712 1977 (Rom.
744 1919 782 1971 ι,
816 1904 929 1974 I7),
962 1918 1081 1973 quae
1102 1918 1243 1957 nunc
1272 1905 1530 1972 patienter
1560 1903 1612 1956 in
1646 1902 1741 1957 ho-

147 1998 386 2053 minibus
398 2004 697 2060 exercetur,
714 2002 1054 2050 convertatur
1068 1995 1120 2048 in
1132 1994 1385 2064 judicium
1401 1993 1570 2067 (Psal.
1587 2010 1737 2063 xcm,

149 2090 258 2159 I5),
312 2097 375 2142 ut
417 2088 619 2157 possint
652 2095 705 2142 et
746 2085 846 2155 ipsi
887 2102 989 2139 non
1033 2086 1205 2139 solum
1248 2084 1529 2140 duodecim
1573 2086 1740 2141 tribus

148 2179 311 2235 Israel
350 2177 579 2251 (Matth.
613 2192 731 2243 XIX,
772 2176 891 2247 28),
935 2176 1028 2233 sed
1068 2177 1225 2232 etiam
1261 2178 1478 2247 angelos
1501 2177 1741 2247 judicare

151 2270 190 2341 (Ι
218 2270 340 2324 Cor.
367 2284 441 2334 vt,
472 2269 547 2339 5).

147 2361 378 2420 CAPUT
424 2360 616 2416 XXIII.
654 2390 726 2401 —-
768 2359 834 2415 Ut
875 2359 1256 2431 intelligendum
1295 2369 1367 2413 est
1396 2359 1650 2413 diabolum
1686 2361 1741 2415 in

580 2451 783 2505 veritate
812 2468 1069 2521 nunquam
1107 2452 1315 2505 stetisse.

218 2544 309 2600 30.
343 2543 496 2611 Quod
522 2557 649 2614 ergo
678 2551 891 2618 putatur
932 2558 1203 2613 nunquam
1234 2541 1475 2598 diabolus
1514 2543 1567 2597 in
1597 2544 1740 2597 veri-

152 2647 253 2694 tate
277 2636 529 2704 stetisse,
560 2652 827 2707 nunquam
863 2651 984 2690 cum
1020 2635 1236 2707 Angelis
1276 2634 1483 2691 beatam
1524 2635 1742 2692 duxisse

151 2732 336 2795 vitam,
370 2729 466 2786 sed
495 2730 563 2784 ab
604 2731 718 2800 ipso
758 2744 867 2783 suae
905 2728 1225 2783 conditionis
1265 2728 1415 2781 initio
1442 2727 1736 2795 cecidisse,

154 2838 254 2879 non
292 2823 378 2877 sic
407 2821 772 2893 accipiendum
814 2830 929 2887 est,
979 2829 1035 2875 ut
1069 2835 1175 2874 non
1218 2820 1429 2889 pr0pria
1468 2820 1741 2875 voluntate

152 2914 497 2985 depravatus,
541 2912 637 2967 sed
676 2913 846 2965 malus
875 2926 904 2964 a
945 2911 1084 2965 bono
1112 2911 1221 2965 Deo
1247 2921 1455 2965 creatus
1482 2919 1696 2980 putetur
1723 2928 1738 2977 ;

153 3008 386 3078 alioquin
412 3021 516 3061 non
542 3005 608 3059 ab
628 3004 778 3058 initio
800 3003 1055 3058 cecidisse
1075 3003 1340 3057 diceretur
1364 3019 1377 3055 :
1406 3018 1578 3071 neque
1597 3004 1741 3057 enim

153 3098 367 3160 cecidit,
399 3097 445 3150 si
483 3096 603 3150 talis
639 3103 722 3150 est
758 3095 945 3149 factus.
993 3093 1097 3148 Sed
1139 3093 1310 3148 factus
1346 3096 1598 3148 continuo
1622 3108 1683 3148 se
1710 3108 1740 3148 a

155 3191 267 3246 luce
298 3188 543 3244 veritatis
584 3188 792 3254 avertit,
840 3187 1085 3256 superbia
1137 3187 1395 3251 tumidus,
1430 3195 1483 3241 et
1514 3188 1742 3256 propriae

153 3284 431 3355 potestatis
459 3283 811 3338 delectatione
844 3288 1126 3350 corruptus
1167 3297 1180 3333 :
1213 3280 1354 3334 unde
1386 3280 1553 3335 beata:
1583 3290 1742 3349 atque

154 3378 407 3447 angelicae
441 3374 559 3429 vitze
603 3373 935 3429 dulcedinem
981 3389 1085 3428 non
1130 3374 1395 3443 gustavit,
1444 3387 1601 3441 quam
1634 3388 1740 3427 non

156 3473 334 3541 utique
366 3476 637 3539 acceptam
668 3466 937 3531 fastitlivit,
959 3466 1051 3520 sed
1070 3466 1301 3519 nolendo
1324 3464 1565 3533 accipere
1585 3463 1743 3518 dese-

154 3566 273 3629 ruit,
307 3572 367 3617 et
410 3562 606 3615 amisit.
640 3560 867 3615 Proinde
909 3577 1005 3614 nec
1039 3561 1119 3613 sui
1159 3575 1311 3615 casus
1345 3561 1595 3629 praescius
1623 3574 1743 3615 esse

160 3656 357 3725 potuit;
403 3653 654 3723 quoniam
703 3652 958 3721 sapientia
999 3652 1208 3720 pietatis
1252 3660 1336 3706 est
1382 3650 1603 3706 fructus.
1650 3652 1743 3707 Ille

157 3757 331 3802 autem
349 3745 603 3801 continuo
623 3744 835 3813 impius,
861 3752 1249 3813 consequenter
1268 3754 1323 3799 et
1344 3754 1521 3799 mente
1544 3759 1738 3812 caecus,

158 3854 257 3895 non
278 3856 351 3895 ex
374 3854 441 3894 eo
465 3838 606 3907 quod
636 3836 1144 3907 acceperatcecidit,
1171 3838 1264 3892 sed
1295 3854 1358 3892 ex
1388 3854 1452 3892 eo
1482 3839 1618 3908 quod
1649 3854 1742 3895 ac-

157 3933 393 4002 ciperet,
426 3931 471 3985 si
516 3929 666 3984 subdi
707 3929 961 3983 voluisset
993 3929 1100 3983 Deo
1138 3946 1149 3982 :
1180 3929 1319 3998 quod
1359 3928 1595 3998 proiecto
1621 3930 1744 3998 quia

160 4025 349 4089 noluit,
366 4032 420 4077 et
441 4022 506 4076 ab
527 4036 590 4075 eo
607 4018 747 4091 quod
760 4029 1069 4088 acceptorus
1086 4032 1198 4074 erat
1214 4020 1425 4086 cecidit,
1444 4030 1498 4074 et
1514 4030 1745 4091 potesta-

160 4125 257 4171 tem
291 4116 439 4170 illius
470 4115 570 4169 sub
594 4128 699 4182 quo
727 4126 847 4167 esse
874 4112 1058 4179 noluit,
1089 4127 1191 4166 non
1220 4112 1412 4175 evasit;
1442 4112 1743 4183 factumque

159 4207 206 4260 in
235 4209 328 4262 illo
354 4215 436 4261 est
463 4205 695 4275 pondere
721 4204 1052 4268 meritorum,
1082 4213 1138 4257 ut
1189 4219 1285 4259 nec
1326 4204 1545 4273 justitiae
1576 4206 1745 4275 possit

161 4299 357 4354 lumine
400 4297 671 4361 delectari,
707 4312 805 4350 nec
832 4295 899 4350 ab
928 4296 1043 4364 ejus
1080 4296 1339 4350 sententia
1370 4296 1600 4351 liberari.

160 4390 387 4447 CAPUT
419 4389 609 4444 XXIV.
637 4419 709 4428 —
751 4387 828 4441 De
870 4404 1080 4457 corpore
1104 4390 1311 4459 mystico
1338 4388 1523 4442 diaboli
1553 4389 1744 4443 intelli-

335 4484 555 4555 gendum
580 4498 683 4536 esse
702 4482 851 4545 illud,
889 4479 1167 4547 Quomodo
1191 4480 1399 4544 cecidit,
1430 4491 1525 4533 etc.

225 4575 315 4630 51.
347 4573 499 4641 Quod
526 4588 653 4642 ergo
683 4587 774 4641 per
796 4571 985 4625 Isaiam
1024 4571 1335 4640 prophetam
1367 4571 1418 4624 in
1451 4587 1570 4625 eum
1606 4571 1742 4627 dici-

164 4674 260 4730 tur,
286 4664 556 4731 Quomodo
576 4664 752 4717 cecidit
774 4664 835 4715 de
856 4663 979 4716 caelo
1007 4660 1210 4731 Lucifer
1235 4678 1381 4715 ntane
1400 4664 1606 4717 oriens?
1625 4680 1746 4718 con-

166 4760 303 4813 tritus
330 4768 403 4813 est
438 4759 488 4811 in
514 4767 720 4821 terram,
759 4757 844 4825 qui
884 4754 1106 4807 mittebat
1142 4753 1208 4806 ad
1238 4770 1407 4807 omnes
1425 4763 1595 4824 gentes
1616 4756 1642 4809 ?
1670 4754 1746 4810 Tu

165 4864 327 4907 autem
354 4852 525 4904 dixisti
544 4866 694 4904 sensu
723 4858 828 4914 tuo,
861 4847 887 4900 Ι
896 4865 926 4901 ιι
948 4847 1127 4900 coelum
1152 4846 1452 4914 ascendam,
1488 4864 1640 4917 super
1670 4850 1743 4903 si-

167 4945 280 4999 dera
300 4942 415 4998 caeli
437 4959 621 5014 ponant
644 4942 879 4994 thronum
906 4955 1089 5005 nteunt,
1107 4938 1283 4992 sedebo
1300 4938 1353 4991 in
1368 4948 1532 4992 tuante
1551 4940 1747 4995 excelso

166 5054 309 5108 super
336 5047 531 5091 montes
559 5035 778 5090 excelsos
805 5035 889 5104 qui
917 5042 1031 5087 sunt
1056 5033 1123 5085 ad
1148 5033 1449 5101 aquilonem,
1478 5034 1748 5089 ascendam

169 5148 312 5201 super
341 5130 517 5192 nubes,
549 5145 635 5181 ero
662 5126 839 5180 similis
866 5125 1123 5177 Altissitno
1153 5141 1171 5177 :
1198 5141 1330 5177 nunc
1361 5135 1523 5179 autent
1557 5126 1624 5179 ad
1665 5129 1746 5181 in-

171 5226 297 5295 feros
329 5222 600 5279 descendes
641 5219 789 5289 (Isai.
828 5234 934 5282 xw,
964 5215 1186 5289 12-14);
1223 5226 1277 5273 et
1306 5229 1515 5284 cauere,
1545 5236 1665 5290 quae
1694 5221 1747 5277 in

173 5316 333 5389 ﬁgura
380 5316 524 5387 regis
553 5314 701 5369 velut
730 5310 1008 5383 Babylonis
1045 5311 1095 5364 in
1122 5309 1387 5364 diabolum
1426 5311 1564 5367 dicta
1595 5313 1751 5368 intel-

173 5410 424 5482 liguntur,
456 5409 605 5479 plura
635 5407 686 5460 in
714 5406 829 5476 ejus
849 5418 1043 5473 corpus
1060 5402 1399 5467 conveniunt,
1428 5404 1569 5474 quod
1591 5406 1748 5461 etiam

173 5502 237 5559 de
266 5503 498 5558 humano
532 5515 727 5571 genere
764 5506 1080 5568 congregat;
1117 5506 1172 5551 ct
1197 5497 1250 5551 in
1276 5512 1369 5552 eos
1396 5498 1632 5553 maxime
1659 5500 1750 5570 qui

175 5597 224 5651 ei
268 5614 359 5668 per
395 5595 703 5667 superbiam
730 5592 1021 5659 cohaerent,
1054 5592 1401 5662 apostatando
1427 5607 1457 5647 a
1485 5593 1750 5647 mandatis

236 5710 361 5779 fusio
370 5709 601 5779 plerique
608 5713 672 5779 _et
692 5707 883 5779 optimae
905 5714 1033 5779 notae
1051 5714 1157 5757 Mss.
1186 5714 1234 5756 A’
1260 5706 1428 5757 excusi
1450 5706 1652 5769 habent,
1666 5706 1751 5757 hu-

176 5768 387 5824 militatis
402 5778 447 5823 et
467 5768 792 5835 intelligemus
814 5769 989 5833 gratia.

1452 300 1655 358 LIBER
1692 299 2102 360 UNDECIMUS.

3317 308 3426 371 ΜΩ

1853 418 1968 475 Dei.
2008 417 2155 476 Sicut
2199 422 2342 478 enim
2370 424 2459 493 qui
2486 432 2600 481 erat
2622 425 2885 496 diabolus,
2914 427 3076 485 homo
3099 431 3274 489 dictus
3309 444 3429 507 est,

1847 520 1903 566 ut
1938 513 1989 567 in
2020 512 2336 584 Evangelia,
2366 514 2615 573 Inimicus
2639 519 2790 575 homo
2812 521 2907 575 hoc
2927 521 3042 590 fecit
3062 520 3273 595 (Matth.
3303 541 3425 597 XIII,
3506 537 3520 553 ‘

1844 604 1969 675 28);
2007 605 2075 659 ita
2106 608 2193 675 qui
2219 606 2381 662 homo
2407 617 2542 675 erat,
2574 610 2817 667 diabolus
2837 612 3011 669 dictus
3037 625 3140 681 est,
3163 624 3223 671 ut
3247 633 3435 676 rursus

1847 696 1899 751 in
1926 697 2232 769 Evangelio,
2263 699 2451 756 Nonne
2471 719 2560 775 ego
2579 721 2665 758 vos
2690 704 2952 761 duodecim
2981 708 3127 780 elegi,
3158 720 3204 765 et
3224 727 3355 768 unus
3372 728 3436 768 es

1848 790 1984 843 vobis
2009 790 2241 846 diabolus
2269 803 2339 846 est
2358 791 2535 867 (Joan.
2550 811 2624 862 vr,
2638 796 2763 867 7|)?
2783 798 2845 851 Et
2864 800 3001 853 sicut
3023 814 3216 871 corpus
3235 802 3434 860 Christi

1845 882 1987 952 quod
2028 893 2111 939 est
2154 883 2428 953 Ecclesia,
2474 886 2668 942 dicitur
2711 886 2978 957 Christus,
3009 891 3147 947 sicut
3173 892 3301 948 illud
3328 902 3427 964 est,

1861 970 1957 1028 Vos
1981 973 2198 1030 Abrahae
2223 993 2389 1032 semen
2415 978 2551 1043 estis,
2580 995 2700 1034 cum
2722 982 2880 1051 paulo
2899 983 3143 1053 superius
3170 984 3433 1054 dixisset,

1846 1064 2065 1122 Abrahae
2110 1068 2259 1124 dicta:
2294 1079 2408 1124 sunt
2451 1073 2810 1143 promissiones
2847 1084 2892 1129 et
2919 1076 3098 1131 semini
3125 1077 3235 1148 ejus
3277 1093 3296 1132 .'
3331 1095 3436 1134 non

1848 1157 1988 1224 dicit,
2018 1158 2087 1214 Et
2109 1163 2396 1229 seminibus,
2426 1173 2665 1234 tanquam
2689 1167 2741 1221 in
2768 1168 2975 1233 multis;
2999 1172 3087 1224 sed
3108 1180 3349 1242 tanquam
3378 1172 3435 1227 in

1848 1267 1968 1317 uno,
2002 1252 2070 1307 Et
2109 1256 2286 1309 semini
2326 1266 2433 1323 tuo,
2464 1260 2599 1325 quod
2639 1268 2713 1314 est
2750 1260 2979 1318 Christus
3007 1262 3201 1337 (Galat.
3230 1280 3310 1327 ιιι,
3338 1265 3431 1333 29,

1849 1344 1937 1417 16)
1960 1362 1975 1411 ;
2004 1356 2058 1401 et
2085 1347 2296 1413 iterum,
2318 1348 2463 1404 Sicut
2480 1354 2613 1406 enim
2635 1371 2816 1425 corpus
2839 1371 2996 1408 unum
3024 1365 3115 1417 est,
3143 1366 3190 1411 et
3214 1358 3434 1412 membra

1848 1437 1994 1492 habet
2036 1439 2215 1506 multa,
2260 1441 2430 1495 omnia
2471 1452 2641 1498 autem
2684 1445 2902 1500 membra
2931 1449 3157 1517 corporis
3192 1464 3306 1502 cum
3335 1449 3436 1503 sint

1847 1530 2029 1594 multa,
2056 1546 2211 1585 unum
2225 1541 2298 1587 est
2317 1550 2533 1604 corpus;
2554 1536 2625 1590 ita
2651 1547 2696 1590 et
2717 1536 2944 1593 Christus
2961 1538 3012 1613 (l
3031 1539 3149 1595 Cor.
3182 1557 3280 1603 xu.
3311 1541 3432 1613 I2):

1847 1635 1913 1676 eo
1943 1621 2103 1676 modo
2128 1624 2288 1678 etiam
2318 1640 2513 1695 corpus
2541 1627 2759 1695 diaboli,
2784 1631 2869 1684 cui
2894 1640 3053 1701 caput
3076 1631 3432 1701 estdiabolus,

1849 1716 1901 1771 id
1927 1726 2011 1772 est
2036 1717 2147 1787 ipsa
2180 1718 2465 1790 impiorum
2510 1722 2827 1792 multitudo,
2875 1726 3211 1797 maximeque
3248 1742 3437 1783 eorum

1848 1809 1937 1878 qui
1967 1825 1997 1863 a
2023 1809 2235 1865 Christo
2263 1812 2345 1867 vel
2374 1812 2443 1867 de
2470 1812 2709 1869 Ecclesia
2737 1815 2875 1870 sicut
2902 1815 2970 1870 de
2996 1817 3137 1872 caelo
3162 1817 3433 1887 decidunt,

1848 1897 2041 1953 dicitur
2067 1900 2343 1969 diabolus,
2393 1912 2449 1958 et
2494 1904 2545 1957 in
2590 1904 2761 1974 ipsum
2799 1921 2994 1976 corpus
3023 1906 3244 1978 figurate
3273 1910 3437 1965 multa

1848 1991 2116 2059 dicuntur,
2134 2010 2254 2065 quae
2278 2010 2386 2051 non
2415 2004 2521 2051 tam
2545 1998 2706 2069 capiti
2735 2014 2892 2068 quam
2918 2000 3128 2070 corpori
3156 2003 3438 2058 membris-

1848 2099 1953 2153 que
1980 2086 2321 2141 conveniant.
2349 2086 2530 2157 Itaque
2558 2086 2773 2143 Lucifer
2798 2090 2887 2159 qui
2915 2105 3071 2148 mane
3090 2091 3364 2148 oriebatur
3381 2105 3438 2151 et

1849 2177 2062 2243 cecidit,
2096 2188 2268 2248 potest
2297 2180 2519 2250 intelligi
2542 2191 2901 2252 apostatarum
2918 2199 3085 2254 genus
3108 2184 3191 2239 vel
3220 2200 3251 2239 a
3277 2185 3436 2241 Chri-

1848 2278 1932 2324 sto
1960 2272 2039 2326 vel
2074 2272 2141 2327 ab
2168 2272 2437 2339 Ecclesia;
2468 2275 2609 2345 quod
2640 2276 2709 2331 ita
2737 2278 3067 2332 convertitur
3092 2277 3159 2333 ad
3191 2280 3437 2337 tenebras

1849 2361 2043 2416 amissa
2070 2362 2206 2429 luce,
2236 2380 2393 2434 quam
2421 2367 2684 2436 portabat,
2706 2369 3152 2439 quemadmodum
3186 2370 3278 2442 qui
3310 2386 3438 2427 con-

1848 2460 2129 2508 vertuntur
2156 2455 2223 2509 ad
2256 2456 2442 2523 Deum,
2472 2473 2499 2510 a
2532 2460 2763 2514 tenebris
2801 2461 2868 2515 ad
2910 2463 3083 2519 lucem
3121 2471 3397 2520 transeunt
3418 2507 3434 2531 ,

1850 2542 1902 2597 id
1932 2552 2031 2607 est,
2056 2546 2145 2615 qui
2174 2545 2387 2602 fuerunt
2414 2550 2649 2605 tenebrat
2679 2551 2766 2605 lux
2795 2553 2945 2608 liunt.

1849 2633 2075 2691 CAPUT
2106 2636 2273 2691 XXV.
2297 2669 2364 2680 -—
2386 2638 2466 2693 De
2483 2641 2657 2695 eodem
2684 2660 2893 2714 corpore
2916 2645 3106 2701 diaboli
3123 2647 3311 2702 dictum
3331 2665 3437 2703 esse

1919 2727 2071 2795 illud,
2099 2729 2179 2784 Tu
2204 2745 2265 2785 es
2290 2731 2638 2801 signaculum,
2669 2743 2762 2791 etc.
2794 2733 3076 2791 Paradisus
3103 2737 3346 2794 Ecclesia.

1921 2819 2010 2874 '52.
2051 2819 2179 2876 Item
2231 2822 2281 2876 in
2326 2822 2489 2894 figura
2526 2825 2778 2895 principis
2817 2827 2939 2898 'l‘yri
2978 2843 3071 2899 per
3102 2829 3437 2887 Ezechielem

1850 2912 2164 2983 prophetam
2193 2914 2243 2968 in
2270 2914 2542 2970 diabolum
2567 2917 2707 2972 dicta
2750 2919 3131 2988 intelliguntur,
3167 2920 3246 2975 Tu
3275 2939 3326 2977 es
3359 2924 3434 2976 si-

1850 3004 2119 3074 gnaculum
2146 3005 2492 3061 similitudinis
2512 3018 2558 3061 et
2581 3025 2768 3062 corona
2798 3010 3026 3075 decoris;
3052 3013 3104 3066 in
3131 3012 3323 3067 deliciis
3350 3031 3440 3084 pa-

1850 3097 2011 3150 radisi
2035 3096 2129 3150 Dei
2150 3098 2312 3168 fuisti,
2332 3100 2469 3152 omni
2492 3100 2662 3170 lapide
2691 3103 2905 3172 pretioso
2928 3114 3137 3159 ornatus
3154 3121 3203 3159 es
3224 3104 3436 3175 (Ezech.

1851 3204 2031 3254 xxvm,
2078 3189 2164 3256 l2,
2210 3190 2331 3261 15);
2380 3201 2434 3245 et
2479 3202 2693 3259 CiElel‘ll,
2734 3210 2851 3265 qua:
2883 3211 2987 3249 non
3021 3204 3125 3251 tam
3166 3198 3216 3251 in
3268 3199 3440 3268 ipsum

1854 3280 2146 3349 principem
2161 3282 2402 3349 spiritum
2427 3283 2695 3353 nequitia},
2709 3300 2866 3354 quam
2886 3286 2935 3341 in
2960 3302 3154 3357 corpus
3169 3288 3284 3357 ejus
3298 3288 3441 3344 dicta

1851 3372 2194 3425 conveniunt.
2231 3372 2513 3427 Paradisus
2541 3375 2681 3429 enim
2711 3375 2852 3430 dicta
2887 3387 2969 3431 est
3008 3377 3264 3445 Ecclesia,
3306 3380 3442 3434 sicut

1852 3462 2049 3533 legitur
2080 3464 2129 3516 in
2160 3464 2378 3519 Cantica
2401 3467 2749 3531 canticorum,
2788 3467 2979 3523 Hortus
3009 3471 3295 3534 conclusus,
3327 3475 3441 3544 fons

1852 3556 2100 3626 signatus,
2120 3566 2293 3624 puteus
2318 3573 2463 3628 aqute
2484 3559 2623 3621 vivte,
2650 3560 2917 3628 paradisus
2942 3577 3055 3614 cum
3076 3566 3243 3632 fructu
3266 3580 3444 3632 pomo-

1850 3664 1964 3700 rum
1994 3647 2162 3718 (Cant.
2195 3648 2379 3713 1v,l2,
2406 3648 2515 3719 15).
2544 3647 2671 3704 lude
2696 3650 3007 3705 ceciderunt
3040 3653 3122 3707 vel
3162 3662 3345 3723 aperta
3386 3663 3443 3711 et

1852 3739 2118 3811 corporali
2148 3740 2484 3809 separatione
2509 3755 2695 3795 omnes
2723 3741 2986 3808 hazretici;
3032 3743 3113 3799 vel
3142 3746 3347 3799 occulta
3389 3755 3445 3802 et

1853 3833 2135 3903 spirituali,
2169 3833 2411 3903 quamvis
2439 3833 2491 3886 in
2520 3848 2583 3889 ea
2610 3834 2956 3903 corporaliter
2984 3850 3106 3891 esse
3132 3836 3435 3901 videantur,

1854 3941 2042 3981 omnes
2059 3926 2303 3981 conversi
2324 3924 2389 3980 ad
2407 3925 2662 3980 vomitum
2692 3942 2869 3992 suum,
2893 3942 3013 3981 cum
3037 3938 3153 3998 post
3169 3928 3441 3983 remissio-

1854 4031 1974 4070 nem
1993 4016 2228 4069 omnium
2248 4024 2586 4085 peccatorum
2609 4017 2880 4087 paululum
2904 4018 3260 4089 ambulassem
3283 4020 3333 4073 in
3359 4021 3443 4075 via

1849 4110 2091 4179 justitiae,
2111 4108 2163 4163 in
2181 4110 2372 4180 quibus
2396 4109 2528 4165 facta
2549 4119 2671 4165 sunt
2694 4112 2984 4181 posteriora
3004 4112 3267 4167 deteriora
3296 4116 3442 4183 prio-

1854 4201 2000 4255 ribus
2027 4241 2042 4266 ,
2097 4213 2150 4255 et
2193 4202 2385 4271 quibus
2438 4201 2758 4271 expediebat
2801 4218 2905 4257 non
2943 4218 3263 4273 cognoscere
3304 4206 3442 4260 vitm

1848 4290 2093 4361 justitite,
2129 4306 2287 4361 quam
2335 4293 2779 4361 cognoscentibus
2828 4304 3119 4349 retrorsum
3164 4294 3365 4351 reﬂecti
3411 4311 3442 4351 a

1855 4385 2049 4437 tradito
2077 4383 2177 4437 sibi
2208 4392 2392 4437 sancto
2418 4383 2669 4437 mandato
2698 4383 2876 4456 (Prov.
2894 4402 3041 4452 XXVI,
3063 4388 3210 4454 Il;et
3235 4388 3276 4442 Il
3298 4387 3440 4445 Petr.

1854 4494 1912 4541 ιι,
1952 4477 2042 4539 2-1,
2083 4476 2197 4546 22).
2247 4476 2394 4529 lianc
2438 4476 2720 4544 pessimam
2761 4479 3154 4548 generationem
3190 4480 3444 4539 Dominus

1854 4568 2127 4632 describit,
2156 4582 2275 4621 cum
2302 4568 2430 4622 dicit
2451 4569 2691 4638 Spiritum
2711 4587 2935 4641 nequam
2952 4573 3097 4628 exire
3118 4574 3185 4629 ab
3206 4574 3439 4645 homine,

1856 4669 1911 4715 et
1937 4676 2058 4715 cum
2085 4660 2205 4715 aliis
2233 4669 2435 4731 septem
2454 4661 2651 4727 redire,
2683 4671 2736 4717 et
2762 4664 2811 4717 in
2840 4663 3000 4720 domo
3029 4682 3185 4737 quam
3218 4668 3445 4723 munda-

1856 4762 1963 4806 tam
1994 4752 2100 4821 jam
2132 4749 2429 4819 im’encrat,
2471 4753 2788 4819 inhabitare,
2819 4764 2876 4809 ut
2902 4756 3007 4811 sint
3036 4760 3323 4814 novissima
3350 4760 3446 4814 ho-

1855 4844 2013 4898 minis
2043 4843 2181 4897 illius
2212 4844 2393 4913 pejora
2421 4844 2685 4914 prioribus
2713 4846 2923 4917 (Matth.
2967 4865 3065 4916 xu,
3097 4849 3305 4922 43-45).
3336 4850 3444 4905 I‘ali

1855 4934 1998 4990 enim
2040 4935 2222 5004 generi
2270 4935 2581 5004 hominum,
2623 4938 2763 5008 quod
2785 4939 2895 5010 jam
2923 4940 3116 4995 factum
3144 4951 3225 4996 est
3253 4956 3446 5011 corpus

1856 5025 2072 5091 diaboli,
2127 5036 2353 5096 possunt
2402 5026 2517 5083 hate
2564 5029 2724 5084 verba
2780 5045 3100 5101 congruere,
3143 5032 3188 5084 Α
3228 5032 3309 5085 die
3344 5048 3445 5099 qua

1856 5127 2050 5172 creatus
2092 5134 2143 5170 es
2182 5128 2236 5171 tu
2271 5135 2388 5171 cum
2429 5120 2647 5187 cherub,
2680 5120 2734 5175 id
2764 5132 2847 5178 est
2870 5138 2989 5176 cum
3017 5122 3143 5178 sede
3174 5122 3284 5186 Dei,
3326 5138 3444 5191 qua:

1856 5208 2267 5278 interpretatur,
2322 5210 2663 5280 ll-lultiplicata
2704 5213 2959 5278 scientia,
3005 5222 3051 5267 et
3090 5214 3257 5283 posuit
3304 5223 3350 5268 te
3390 5215 3444 5271 iu

1858 5312 2026 5355 ntonte
2070 5313 2245 5355 sancto
2277 5300 2393 5368 Dei,
2428 5303 2531 5359 hoc
2559 5314 2639 5359 est
2669 5305 2720 5359 in
2752 5305 3021 5371 Ecclesia;
3061 5306 3201 5361 unde
3240 5316 3344 5371 est,
3376 5306 3445 5362 Et

1859 5394 2112 5449 exaudivit
2141 5412 2219 5449 me
2251 5395 2314 5448 de
2336 5407 2505 5450 monte
2534 5406 2707 5451 sancto
2744 5413 2836 5450 suo
2867 5397 3036 5469 (Psal.
3062 5415 3140 5465 ιιι,
3172 5399 3251 5472 5).
3281 5399 3444 5458 Fuisti

1859 5484 1911 5537 in
1943 5486 2104 5539 medio
2134 5486 2363 5557 lapidum
2401 5488 2769 5558 ﬂammeomnt,
2816 5487 2865 5541 id
2897 5499 2977 5543 est
3006 5501 3306 5547 sanctorum
3332 5495 3445 5565 spi-

1861 5577 1965 5632 ritu
2009 5579 2320 5633 ferventium
2345 5619 2362 5645 ,
2405 5578 2638 5650 lapidum
2679 5581 2918 5637 vivorum
2963 5601 2975 5637 :
3022 5584 3291 5641 ambulasti
3338 5590 3448 5647 sine

1861 5671 1979 5725 uitio
2010 5680 2064 5724 tu
2109 5671 2162 5724 in
2203 5672 2374 5726 diebus
2414 5675 2533 5743 tuis,
2576 5691 2639 5730 ex
2665 5693 2764 5747 quo
2794 5678 2876 5733 die
2904 5689 3102 5735 creatus
3124 5698 3176 5737 es
3210 5692 3261 5737 tu
3288 5683 3446 5741 done:

1865 5764 2065 5817 inventa
2105 5774 2220 5819 sunt
2251 5764 2434 5823 delicta
2463 5776 2550 5824 tua
2577 5769 2631 5824 in
2669 5778 2716 5826 te
2752 5770 2961 5845 (Ezech.
2990 5790 3175 5847 xxvut,
3216 5777 3299 5844 l4,
3332 5778 3445 5853 15).
