3902 6278
452 313 560 378 ω

454 435 631 509 ipsum
663 418 757 490 cui
789 436 958 488 status
981 427 1142 485 etiam
1177 424 1244 481 de
1276 423 1422 496 ligno
1449 423 1572 478 vitae
1599 423 1792 477 virtute
1819 420 2039 492 mystica

457 527 815 601 praebebatur,
847 538 944 596 per
967 536 1124 595 quem
1151 533 1253 576 nec
1279 517 1466 574 morbo
1487 516 1700 582 tentari,
1730 529 1828 571 nec
1850 512 2041 568 mutari

459 626 617 676 aetate
663 616 982 689 potuissent,
1026 622 1082 668 ut
1125 611 1229 667 hoc
1277 610 1329 665 in
1353 623 1540 665 eorum
1584 622 1764 670 carne,
1805 603 2044 677 quamvis

461 709 634 766 adhuc
657 707 872 769 animali
902 715 958 763 et
997 704 1052 760 in
1078 702 1268 760 melius
1293 709 1477 771 postea
1515 696 1914 763 commutanda,
1934 695 2045 764 jam

465 809 645 858 tamen
686 798 1075 874 signiﬁcaretur
1114 810 1211 867 per
1239 809 1417 849 escam
1445 791 1574 864 ligni
1601 792 1744 857 vitae,
1796 787 1936 860 quod
1979 803 2048 843 ex

465 892 582 963 ipso
599 889 862 962 spirituali
879 888 1136 944 alimento
1155 884 1451 955 sapientiae,
1481 882 1632 953 cujus
1659 888 2048 936 sacramentum

467 981 596 1037 illud
624 981 820 1052 lignum
847 988 982 1044 erat,
1013 977 1071 1032 ﬁt
1095 977 1146 1031 in
1169 975 1386 1046 Angelis
1419 990 1514 1045 per
1542 973 1852 1027 mtet'nitatis
1884 969 2048 1041 parti-

468 1074 811 1147 cipationem,
843 1081 902 1127 ut
935 1073 989 1126 in
1028 1069 1264 1125 deterius
1294 1083 1398 1123 non
1431 1076 1703 1122 mutentur
1736 1083 1749 1119 :
1788 1064 1889 1120 hoc
1926 1078 2052 1134 ergo

471 1165 669 1221 amisso
697 1173 856 1228 statu,
886 1177 1081 1233 corpus
1107 1176 1292 1216 eorum
1317 1160 1468 1215 duxit
1496 1159 1789 1214 morbidam
1825 1166 1876 1214 et
1909 1171 2053 1212 mor-

475 1253 684 1311 tiferam
709 1253 1034 1325 qualitatem,
1066 1267 1186 1322 qua:
1228 1250 1367 1306 inest
1399 1250 1555 1304 etiam
1593 1263 1842 1319 pecorum
1867 1247 2013 1301 carni
2037 1286 2053 1312 ,

473 1360 536 1401 ac
558 1360 652 1415 per
677 1345 778 1400 hoc
807 1344 968 1399 etiam
994 1341 1240 1398 eumdem
1268 1351 1468 1396 motum
1487 1356 1594 1411 quo
1618 1341 1674 1394 ﬁt
1702 1341 1754 1394 in
1776 1338 2058 1409 pecoribus

473 1436 858 1494 concumbendi
897 1435 1184 1507 appetitus,
1218 1443 1275 1489 ut
1302 1435 1590 1490 succedant
1627 1433 1896 1488 nascentia
1938 1446 2057 1485 mo-

475 1529 735 1586 rientibus
763 1541 780 1584 :‘
811 1528 905 1585 sed
951 1538 1129 1584 tamen
1161 1529 1320 1583 etiam
1361 1529 1413 1582 in
1444 1529 1553 1597 ipsa
1598 1530 1704 1598 jam
1754 1542 1907 1596 poena
1950 1540 2060 1580 suae

476 1620 845 1692 generositatis
866 1619 1023 1674 index
1044 1619 1220 1673 anima
1239 1620 1255 1650 ‘
1271 1619 1544 1673 rationalis
1568 1618 1838 1673 bestialem
1860 1625 2061 1671 motum

478 1712 532 1766 in
560 1711 810 1766 membris
849 1725 961 1765 sua:
988 1709 1166 1764 carnis
1191 1709 1421 1774 erubuit,
1452 1710 1606 1779 eique
1634 1710 1853 1763 incussit
1890 1707 2062 1778 pudo-

482 1819 618 1866 rem.
663 1819 768 1858 non
795 1802 964 1858 solum
991 1802 1115 1873 quia
1145 1801 1246 1856 hoc
1275 1801 1345 1856 ibi
1370 1802 1653 1865 sentiebat,
1683 1801 1769 1854 ubi
1797 1815 2064 1871 nunquam

482 1904 639 1952 antea
677 1896 784 1951 tale
827 1895 1024 1966 aliquid
1063 1904 1325 1962 senserat,
1365 1909 1551 1950 verum
1595 1894 1756 1948 etiam
1801 1893 1939 1963 quod
1981 1892 2068 1947 ille

483 1987 763 2061 pudendus
785 1995 963 2043 motus
991 1985 1058 2041 de
1077 1986 1330 2056 przeccpti
1359 1985 1780 2055 transgressione
1801 1983 2062 2038 veniebat.

485 2081 562 2136 Ibi
608 2080 752 2136 enim
791 2079 978 2146 sensit,
1009 2095 1110 2150 qua
1142 2079 1288 2148 prius
1313 2077 1480 2148 gratia
1522 2079 1826 2143 vestiretnr,
1858 2075 2070 2146 quando

491 2171 545 2226 in
573 2187 668 2226 sua
699 2170 937 2226 nuditate
963 2169 1095 2223 nihil
1125 2169 1377 2225 indecens
1400 2169 1715 2238 patiebatur.
1741 2169 1812 2223 lbi
1835 2169 2072 2236 comple-

491 2271 603 2318 tum
621 2271 721 2330 est,
745 2262 973 2329 Domine,
1002 2263 1055 2315 in
1081 2263 1331 2316 voluntate
1353 2271 1438 2315 tua
1465 2263 1739 2330 praestitisti
1765 2261 1931 2315 decori
1964 2277 2072 2314 meo

491 2358 720 2410 virtutem
733 2354 1000 2421 ἴαυεν-εἱειὶ
1024 2363 1190 2409 autent
1229 2355 1408 2427 facient
1447 2365 1583 2408 tuam
1617 2357 1659 2419 ²,
1697 2364 1745 2408 et
1771 2358 1934 2427 factus
1963 2369 2075 2407 sunt

495 2446 815 2502 conturbatus
841 2446 1010 2520 (Psal.
1038 2462 1189 2513 χχιχ,
1212 2446 1292 2518 8).
1317 2447 1554 2517 Denique
1570 2446 1654 2500 illa
1674 2446 2077 2500 conturbatione

495 2539 563 2596 ad
582 2539 703 2594 folia
724 2538 944 2594 ﬁculnea
965 2547 1335 2605 cucurrerunt,
1359 2538 1708 2593 succinctoria
1726 2545 2073 2600 consuerunt,

497 2641 552 2689 et
575 2633 694 2703 quia
719 2631 991 2703 glorianda
1017 2631 1381 2696 deseruerant,
1404 2629 1651 2701 pudenda
1685 2636 1948 2685 texerunt.
1970 2628 2081 2683 Nec

497 2725 728 2781 arbitror
746 2739 842 2780 eos
867 2723 1129 2795 cogitasse
1157 2723 1352 2792 aliquid
1382 2723 1432 2776 iu
1460 2723 1562 2777 illis
1588 2721 1746 2786 foliis,
1779 2720 1919 2791 quod
1959 2720 2078 2774 tali—

497 2816 600 2873 bus
627 2824 944 2887 congrueret
971 2814 1180 2884 contegi
1216 2814 1325 2884 jam
1366 2814 1600 2868 membra
1629 2813 1954 2880 prurientia;
1986 2810 2080 2864 sed

499 2909 710 2964 occulto
747 2908 996 2964 instinctu
1037 2907 1104 2962 ad
1145 2906 1247 2962 hoc
1281 2908 1368 2961 illa
1399 2907 1798 2961 conturbatione
1823 2903 2083 2975 compulsi

501 3013 646 3072 sunt,
671 3003 909 3059 utetiam
933 3002 1052 3057 talis
1079 3016 1251 3071 preme
1285 3017 1397 3056 suae
1439 3000 1752 3071 signiﬁcatio
1786 3015 1817 3053 a
1841 3000 2084 3053 nescien-

500 3093 643 3150 tibus
673 3091 860 3160 ileret,
906 3108 1024 3164 qua:
1069 3101 1402 3163 peccatorsm
1438 3090 1574 3146 facta
1619 3090 1991 3157 convinceret,
2033 3097 2087 3144 et

502 3186 719 3242 doceret
745 3186 940 3256 scripta
968 3185 1220 3240 lectorem
1251 3184 1292 3237 ⁸.

573 3277 801 3336 CAPUT
829 3276 1068 3334 XXXIII.
1102 3275 1215 3331 Vox
1245 3275 1337 3330 Dei
1361 3274 1664 3329 ambulantis
1679 3275 1732 3328 in
1757 3274 2012 3345 paradiso.

575 3372 663 3427 45.
683 3369 751 3426 Et
761 3371 1028 3425 audierunt
1043 3385 1209 3424 vocem
1222 3367 1422 3422 Domini
1439 3367 1534 3422 Dei
1548 3369 1850 3422 ambulantis
1865 3368 1915 3422 in
1933 3385 2087 3438 para-

507 3467 620 3520 diso
641 3464 708 3518 ad
731 3479 1003 3532 vesperam.
1035 3461 1112 3516 Ea
1128 3461 1323 3531 quippe
1342 3462 1469 3514 hora
1490 3460 1618 3514 tales
1644 3459 1752 3530 jam
1770 3467 2092 3514 convenerat

507 3557 746 3622 visitare,
768 3554 857 3624 qui
881 3552 1224 3608 defeceranta
1243 3551 1359 3606 luce
1385 3551 1642 3606 veritatis.
1668 3550 1931 3605 Fortassis
1949 3551 2090 3605 enim

513 3645 961 3702 aliisiutriusecus
983 3643 1068 3698 vel
1103 3642 1401 3698 effabilibus
1432 3643 1515 3698 vel
1536 3642 1886 3698 ineffabilibus
1919 3642 2092 3697 modis

516 3739 658 3793 Deus
671 3752 790 3791 cum
807 3734 910 3789 illis
939 3745 1092 3789 antea
1109 3734 1441 3804 loquebatur,
1456 3735 1590 3789 sicut
1606 3735 1762 3790 etiam
1784 3749 1905 3789 cum
1919 3737 2092 3804 Ange-

513 3829 824 3899 Iisloquitur
846 3828 954 3896 ipsa
985 3826 1400 3881 incommutabili
1427 3827 1642 3880 veritate
1671 3827 1944 3881 illustrans
1956 3841 2096 3881 men-

517 3931 597 3976 tes
625 3934 807 3976 eorum
824 3959 840 3985 ,
859 3917 947 3972 ubi
963 3927 1043 3971 cst
1063 3917 1357 3972 intellectus
1383 3930 1542 3971 nosse
1571 3917 1725 3971 simul
1753 3932 2096 3988 quaecumque

518 4011 676 4066 etiam
720 4023 814 4078 per
840 4018 1079 4078 tempora
1119 4023 1224 4061 non
1255 4007 1387 4062 ﬁunt
1408 4007 1584 4061 simul.
1616 4006 1775 4062 Forte
1797 4049 1811 4074 ,
1841 4009 2052 4079 inquam
2077 4050 2093 4077 ,

519 4100 600 4158 sic
619 4115 740 4155 cum
766 4100 846 4156 eis
872 4100 1204 4170 loquebatur,
1235 4100 1335 4154 etsi
1376 4114 1481 4154 non
1529 4109 1670 4153 tanta
1698 4102 2098 4172 participatione

520 4194 715 4250 divinae
757 4194 1064 4264 sapientiae,
1109 4201 1357 4264 quantam
1399 4193 1613 4262 capiunt
1658 4196 1880 4264 Angeli;
1923 4205 2098 4251 tamen

521 4301 622 4359 pro
651 4286 881 4342 humano
909 4285 1126 4341 modulo
1145 4326 1159 4349 ,
1189 4285 1576 4356 quantumlibet
1617 4285 1820 4351 minus,
1862 4289 1955 4342 sed
1986 4289 2100 4357 ipso

522 4392 719 4448 genere
747 4375 1062 4432 visitationis
1091 4385 1145 4430 et
1179 4375 1492 4441 locutionis;
1539 4374 1779 4430 fortassis
1805 4377 1964 4431 etiam
2009 4378 2102 4433 illo

525 4470 616 4541 qui
637 4470 693 4524 ﬁt
715 4485 808 4539 per
832 4476 1159 4536 creaturam,
1188 4469 1300 4523 sive
1322 4468 1374 4523 in
1399 4469 1588 4524 ecstasi
1614 4469 1831 4538 spiritus
1855 4484 2104 4541 corpora-

527 4562 663 4616 libus
689 4560 1002 4631 imaginibus
1025 4601 1040 4628 ,
1082 4561 1194 4614 sive
1233 4560 1358 4629 ipsis
1385 4561 1628 4616 sensibus
1667 4562 1907 4632 corporis
1930 4563 2104 4633 aliqua

528 4653 708 4721 specie
738 4661 1054 4722 praesentata
1081 4651 1163 4706 vel
1190 4651 1257 4706 ad
1303 4651 1586 4706 videndum
1607 4693 1622 4718 ,
1652 4653 1734 4707 vel
1780 4653 1845 4706 ad
1889 4653 2107 4708 audien-

530 4744 654 4800 dum
673 4786 687 4812 ,
718 4743 854 4799 sicut
892 4743 944 4798 in
970 4745 1188 4814 Angelis
1213 4745 1322 4799 suis
1345 4744 1481 4799 solet
1508 4743 1674 4799 videri
1716 4745 1856 4800 Deus
1888 4747 1969 4801 vel
2015 4761 2104 4802 so-

531 4850 661 4890 nare
699 4849 791 4904 per
829 4834 1042 4890 nubem.
1074 4835 1224 4890 Nunc
1249 4844 1424 4890 tamen
1449 4836 1589 4906 quod
1619 4837 1896 4893 audierunt
1924 4855 2106 4896 vocem

535 4926 628 4982 Dei
657 4925 974 4984 ambulantis
999 4927 1052 4982 in
1079 4929 1324 4998 paradiso
1346 4928 1412 4984 ad
1442 4945 1748 5000 vesperam,
1781 4934 1988 4988 nonnisi
2018 4950 2111 5004 per

531 5030 829 5077 creaturam
855 5019 1132 5076 visibilitcr
1149 5022 1343 5077 factum
1371 5031 1482 5086 est,
1507 5037 1574 5078 ne
1599 5023 1893 5080 substantia
1921 5027 2007 5080 illa
2032 5028 2113 5082 in-

533 5112 754 5176 visibilis
783 5119 837 5167 et
853 5111 1050 5182 ubique
1078 5122 1205 5180 tota,
1222 5130 1338 5184 quae
1359 5115 1528 5170 Patris
1548 5124 1601 5169 et
1630 5115 1748 5171 Filii
1776 5127 1857 5172 est
1873 5125 1928 5172 et
1947 5119 2111 5187 Spiri-

535 5212 619 5258 tus
645 5205 833 5270 sancti,
852 5207 1213 5276 corporalibus
1241 5222 1424 5263 eorum
1443 5201 1695 5264 sensibus
1715 5209 1868 5264 locali
1895 5219 1949 5266 et
1979 5221 2111 5268 tem-

537 5298 702 5368 porali
729 5307 874 5356 motu
901 5299 1207 5369 apparuisse
1230 5300 1494 5355 credatur.

608 5389 695 5444 M.
725 5389 790 5444 Et
813 5391 1178 5446 absconderant
1207 5408 1261 5446 se
1285 5391 1449 5446 Adam
1476 5401 1521 5446 et
1560 5391 1740 5446 mulier
1778 5395 1887 5464 ejus
1922 5407 1970 5448 α’
1989 5400 2117 5466 facie

604 5523 620 5554 ι
647 5531 747 5598 Αιιι.
772 5531 826 5576 et
849 5530 947 5586 lin,
969 5523 1148 5598 vindex
1371 5533 1505 5588 Lov.,
1521 5526 1700 5578 tindea:
1720 5526 1980 5580 animauit
2007 5539 2112 5583 Mss.

540 5596 715 5648 magno
735 5598 993 5648 consensu,
1015 5588 1165 5638 index
1186 5588 1362 5640 mxima

603 5647 756 5713 {aditi
776 5647 1103 5713 addunt,ame
1116 5663 1133 5709 ;
1148 5651 1274 5713 quod
1295 5654 1436 5713 abest
1455 5664 1481 5700 a
1502 5656 1609 5701 Mss.
1625 5657 1675 5702 et
1694 5665 1724 5703 a
1744 5655 1972 5704 versione
1987 5663 2114 5706 LXX.

606 5707 715 5783 {ita
724 5708 908 5783 aliis.
927 5711 1011 5783 ubi
1028 5712 1079 5783 in
1102 5707 1304 5783 excusis
1317 5712 1591 5783 legebatur,
1615 5727 1721 5776 qua!
1742 5723 2036 5779 peccatorem
2049 5719 2120 5780 fa-

569 5771 670 5815 tum
690 5771 998 5832 concineret,
1021 5778 1064 5820 et
1081 5778 1268 5822 doceret
1293 5771 1532 5823 scriptura
1549 5771 1783 5824 lectorem.

1378 305 1494 362 'DE
1522 303 1768 363 GENESI
1808 305 1899 360 AD
1939 296 2308 364 LITTERAM,
2349 297 2407 356 S.
2449 295 2813 355 AUGUSTINI

3636 293 3757 355 με

2151 414 2360 471 Domini
2387 416 2440 469 in
2467 416 2631 469 medio
2654 415 2790 486 ligno
2814 414 2951 485 quod
2973 423 3046 467 est
3071 414 3124 468 in
3154 415 3412 484 paradiso.
3442 412 3578 470 Cum
3605 415 3766 472 Deus

2151 507 2342 562 avertit
2370 505 2686 561 intrinsecus
2712 504 2902 561 faciem
2934 514 3087 560 suam
3115 548 3130 572 ,
3171 515 3225 561 et
3249 505 3306 561 lit
3330 505 3494 561 homo
3521 516 3766 563 contur-

2151 602 2341 667 batus;
2373 615 2478 655 non
2520 601 2778 654 miremur
2803 599 2919 654 haec
2949 599 3062 653 ﬁeri
3084 640 3097 662 ,
3128 615 3246 669 qua!
3271 599 3467 655 similia
3493 610 3624 656 sunt
3649 601 3768 656 de—

2155 693 2401 759 mentiae,
2457 707 2553 762 per
2603 691 2822 745 nimium
2890 691 3144 760 pudorem
3201 707 3264 746 ac
3318 692 3599 756 timorem;
3660 692 3773 747 illo

2155 799 2366 854 quoque
2393 782 2605 838 occulto
2653 781 2905 835 instinctu
2955 795 3058 835 non
3103 781 3445 852 quiescente,
3477 793 3538 836 ut
3562 797 3627 837 ea
3659 797 3779 836 ne-

2157 877 2386 932 scientes
2418 874 2706 944 }accrent,
2748 891 2867 946 qua:
2909 874 3106 946 aliquid
3153 875 3544 946 signiﬁcarent,
3576 891 3772 959 quan:-

2159 969 2336 1040 doque
2375 969 2589 1024 scituris
2630 969 2889 1038 posteris,
2919 977 3136 1038 propter
3163 983 3297 1040 quos
3325 969 3423 1025 ista
3451 970 3779 1040 conscripta

2161 1069 2301 1116 sunt.

2162 1152 2390 1209 CAPUT
2425 1151 2667 1209 XXXIV.
2696 1182 2762 1193 ——
2783 1153 2948 1208 Adam
2985 1154 3046 1208 ob
3085 1155 3358 1210 nuditatem
3393 1173 3497 1212 sese
3536 1155 3778 1212 abscon-

2607 1248 2728 1301 dens
2759 1247 3099 1318 interrogatur
3125 1265 3155 1302 α
3189 1248 3314 1303 Deo.

2237 1337 2325 1392 45.
2372 1336 2442 1390 Et
2475 1337 2665 1392 vocavit
2709 1336 2953 1392 Dominus
2985 1337 3123 1393 Deus
3162 1339 3360 1406 Adam,
3389 1349 3437 1396 et
3478 1341 3608 1396 dixit
3643 1342 3782 1408 illi,

2173 1428 2270 1485 Ubi
2297 1431 2383 1484 cs?
2411 1429 2733 1499 Increpantis
2757 1445 2857 1484 vox
2904 1440 2986 1486 est
3007 1473 3020 1495 ,
3064 1447 3170 1486 non
3217 1433 3524 1501 ignorantis.
3556 1433 3625 1488 Et
3658 1434 3786 1491 hoc

2169 1536 2298 1577 sane
2324 1521 2390 1575 ad
2419 1522 2648 1591 aliquam
2686 1523 2913 1591 pertinet
2950 1521 3393 1593 signiﬁcationem
3415 1567 3427 1589 ,
3453 1526 3590 1596 quod
3624 1527 3785 1581 sicut

2170 1622 2491 1683 prtcceptum
2524 1614 2637 1667 viro
2675 1613 2852 1667 datum
2879 1623 2962 1668 est
2982 1655 2997 1680 ,
3047 1629 3141 1684 per
3183 1631 3341 1684 quem
3371 1618 3666 1685 perveniret
3697 1615 3786 1671 ad

2172 1703 2420 1760 feminam
2443 1746 2457 1771 ,
2492 1705 2562 1758 ita
2590 1704 2668 1758 vir
2695 1705 2836 1774 prior
2862 1706 3233 1776 interrogatur.
3260 1707 3585 1778 Praeceptum
3615 1709 3783 1762 enim

2173 1812 2202 1849 a
2232 1795 2454 1849 Domino
2502 1811 2596 1866 per
2634 1797 2801 1851 virum
2848 1812 3013 1868 nsque
3042 1798 3107 1852 ad
3155 1797 3406 1854 feminam
3440 1817 3451 1853 :
3485 1813 3785 1870 peccatum

2175 1902 2351 1945 autem
2381 1906 2412 1944 a
2437 1889 2650 1945 diabolo
2694 1905 2787 1960 per
2817 1890 3062 1946 fetuinam
3107 1908 3272 1963 usque
3309 1892 3376 1948 ad
3419 1895 3606 1948 virum.
3644 1894 3790 1948 Haec

2177 1983 2418 2055 mysticis
2447 1983 2919 2052 signiﬁcationibus
2961 1985 3112 2055 plena
3139 1996 3294 2050 sunt,
3329 2001 3430 2040 non
3467 1986 3515 2039 id
3555 1988 3786 2056 agenti-

2178 2076 2278 2131 bus
2307 2076 2358 2129 in
2383 2076 2575 2146 quibus
2605 2076 2736 2130 facta
2765 2086 2888 2131 sunt
2908 2119 2922 2141 ,
2954 2077 3050 2132 sed
3076 2078 3142 2133 de
3167 2077 3250 2133 his
3276 2079 3325 2133 id
3354 2088 3543 2149 agente
3572 2089 3788 2150 poten-

2181 2169 2382 2223 tissima
2409 2169 2666 2237 sapientia
2696 2166 2809 2224 Dei.
2839 2170 2955 2224 Non
2982 2181 3162 2226 autem
3194 2188 3332 2228 nunc
3359 2174 3653 2244 signiﬁcata
3682 2189 3785 2229 re-

2180 2275 2452 2324 seramus,
2486 2261 2577 2314 sed
2605 2271 2753 2331 gesta
2779 2261 3131 2317 defendimus.

2253 2351 2344 2406 46.
2375 2352 2664 2422 lieSpondit
2699 2368 2826 2424 ergo
2852 2355 3021 2410 Adam
3052 2374 3064 2409 :
3109 2354 3286 2410 Vocem
3331 2367 3470 2411 tuam
3511 2359 3684 2412 audivi
3725 2357 3791 2412 in

2185 2444 2426 2517 paradiso
2446 2487 2460 2508 ,
2493 2456 2538 2499 et
2567 2446 2745 2512 timui,
2786 2447 2905 2517 quia
2946 2447 3108 2502 nudus
3147 2466 3259 2502 sum
3279 2491 3292 2514 ,
3325 2459 3370 2503 et
3397 2450 3634 2505 abscondi
3674 2469 3784 2505 me.

2187 2538 2328 2593 Satis
2361 2538 2631 2608 probabile
2672 2548 2752 2594 est
2777 2579 2792 2603 ,
2837 2542 3011 2595 solere
3039 2542 3203 2596 Deum
3245 2557 3337 2612 per
3359 2531 3655 2598 creaturam
3683 2544 3789 2599 tali

2186 2631 2382 2686 actioni
2413 2647 2702 2699 congruam
2733 2633 2785 2687 in
2815 2634 2978 2688 forma
3009 2633 3236 2688 lmmana
3261 2636 3445 2704 primis
3473 2637 3575 2691 illis
3602 2636 3789 2691 homi-

2188 2721 2345 2778 nibus
2388 2738 2644 2792 apparere
2693 2741 2704 2776 :
2749 2739 2883 2794 quos
2909 2733 3086 2780 tamen
3119 2742 3384 2797 nunquam
3416 2729 3653 2797 permisit
3680 2729 3788 2783 ad-

2189 2824 2400 2869 vertere
2453 2815 2742 2870 nuditatem
2793 2832 2963 2877 suam,
3013 2833 3194 2872 eorum
3225 2819 3567 2875 intentionem
3612 2821 3665 2875 in
3688 2837 3787 2876 su-

2191 2920 2356 2975 perna
2386 2907 2702 2970 sustollens,
2733 2909 2831 2962 nisi
2860 2925 2978 2964 cum
3013 2919 3127 2979 post
3169 2923 3442 2981 peccatqu
3474 2913 3783 2981 pudendum

2192 2997 2246 3051 in
2289 2997 2544 3051 membris
2583 3007 2784 3054 motum
2817 3003 3015 3070 ptenali
3048 3004 3406 3058 membrorum
3439 3005 3554 3077 lege
3581 3009 3790 3062 sensis-

2192 3096 2331 3142 sent.
2363 3087 2451 3143 Sic
2479 3105 2608 3159 ergo
2637 3091 2811 3146 affecti
2838 3103 2961 3147 sunt
2982 3137 2996 3160 ,
3044 3107 3099 3149 ut
3143 3097 3313 3151 solent
3344 3099 3484 3153 afﬁci
3536 3100 3787 3157 homines

2194 3180 2294 3236 sub
2320 3182 2490 3236 oculis
2513 3182 2821 3250 hominum;
2855 3197 2906 3241 et
2931 3189 3046 3242 talis
3074 3189 3284 3244 affectio
3305 3190 3372 3246 de
3396 3195 3592 3261 peccati
3625 3211 3786 3266 poena

2197 3281 2346 3340 erat,
2379 3289 2501 3328 eum
2533 3274 2697 3330 latere
2727 3277 2863 3332 velle
2893 3295 3048 3348 quem
3091 3282 3260 3336 latere
3312 3284 3442 3338 nihil
3489 3296 3697 3354 potest,
3727 3299 3789 3342 et

2197 3367 2264 3421 ab
2289 3382 2355 3422 eo
2385 3383 2598 3423 carnem
2627 3371 2892 3426 occultare
2913 3415 2928 3437 ,
2957 3374 3044 3442 qui
3066 3375 3241 3428 cordis
3265 3376 3531 3447 inspector
3548 3389 3648 3433 est.
3677 3379 3787 3436 Sed

2198 3460 2323 3530 quid
2349 3463 2540 3516 mirum
2585 3464 2630 3517 si
2659 3465 2870 3534 superbi
2906 3467 2918 3496 ¹
2951 3467 3191 3522 volentes
3215 3484 3333 3524 esse
3373 3472 3506 3526 sicut
3532 3472 3631 3538 dii,
3657 3491 3787 3529 eva~

2200 3564 2428 3608 nuerunt
2453 3555 2504 3608 in
2537 3557 2947 3626 cogitationibus
2978 3561 3086 3613 suis
3107 3601 3120 3626 ,
3154 3571 3207 3616 et
3233 3563 3568 3620 obscuratum
3591 3579 3672 3622 est
3701 3570 3785 3622 in-

2199 3644 2397 3712 sipiens
2424 3660 2518 3699 cor
2539 3661 2720 3701 eorum
2741 3652 2762 3701 ’ἐ
2785 3649 2852 3704 Se
2881 3652 3072 3720 quippe
3100 3652 3344 3709 dixerunt
3369 3671 3488 3712 esse
3516 3661 3783 3728 sapientes

2200 3737 2256 3791 in
2276 3736 2598 3792 abundantia
2625 3755 2720 3793 sua
2741 3781 2754 3805 ,
2788 3751 2841 3796 et
2865 3742 2951 3795 illo
2981 3753 3260 3799 avertcnte
3286 3747 3468 3802 faciem
3491 3793 3504 3815 ,
3533 3751 3678 3806 stulti
3706 3752 3784 3806 fa-

2202 3828 2272 3882 cti
2299 3841 2423 3882 sunt
2463 3829 2637 3899 (Rom.
2687 3848 2735 3900 ι,
2768 3831 2866 3896 9.1,
2896 3833 3012 3903 ~22).).
3041 3835 3191 3903 Quod
3217 3839 3358 3892 enim
3384 3841 3492 3908 jam
3520 3843 3660 3912 ipsos
3688 3861 3787 3916 pu-

2203 3921 2361 3978 debat
2389 3938 2512 3992 erga
2536 3925 2760 3993 scipsos,
2778 3927 2915 3981 unde
2939 3928 3036 3982 sibi
3063 3940 3115 3983 et
3142 3933 3491 3988 succinctoria
3523 3935 3771 4006 fecerant,

2206 4015 2375 4070 multo
2403 4017 2772 4072 vehementius
2808 4019 2876 4073 ab
2906 4020 2996 4074 illo
3022 4023 3179 4076 etiam
3223 4025 3300 4079 sic
3344 4028 3595 4083 succincti
3624 4031 3789 4088 videri

2205 4109 2546 4176 verebantur,
2594 4112 2682 4180 qui
2713 4121 2959 4181 tanquam
2995 4113 3240 4170 familiari
3280 4126 3697 4188 temperamento
3723 4124 3787 4177 ad

2206 4214 2300 4255 eos
2336 4201 2590 4256 videndos
2619 4219 2712 4272 per
2737 4216 3033 4259 creaturam
3079 4208 3335 4263 visibilem
3364 4211 3505 4265 velut
3535 4211 3791 4270 humanos

2207 4292 2391 4347 oculos
2417 4292 2691 4376 afferebat.
2724 4294 2779 4348 Si
2809 4296 2950 4349 enim
2983 4309 3262 4367 propterea
3291 4302 3366 4355 sic
3391 4305 3701 4372 apparebat,
3737 4315 3792 4359 ut

2209 4385 2452 4439 homines
2482 4395 2728 4455 tanquam
2757 4404 2876 4441 cum
2907 4388 3121 4445 homine
3150 4392 3510 4463 loquerentur,
3535 4398 3788 4467 quemad-

2211 4475 2426 4531 modum
2455 4477 2719 4532 Abraham
2768 4480 2832 4533 ad
2873 4497 3123 4550 quercum
3163 4484 3397 4541 Mambrc
3430 4487 3592 4558 (Gen.
3620 4508 3748 4546 xvm
3775 4537 3786 4560 ,

2213 4564 2302 4637 1),
2346 4566 2432 4621 illa
2477 4566 2592 4637 ipsa
2634 4585 2798 4639 prope
2847 4573 3075 4626 amicitia
3123 4575 3322 4643 pudore
3380 4581 3635 4635 onerabat
3675 4595 3788 4653 μιμι

2213 4668 2518 4728 peccatum,
2547 4676 2665 4730 quae
2707 4662 2950 4717 fiduciam
2994 4666 3152 4720 dabat
3184 4680 3306 4723 ante
3345 4684 3650 4742 peccatum;
3699 4694 3790 4731 nec

2211 4750 2319 4820 jam
2347 4751 2490 4806 illam
2518 4753 2807 4808 nuditatem
2838 4757 3102 4812 audebant
3127 4761 3410 4819 ostendere
3448 4766 3638 4821 talibus
3664 4783 3791 4823 ocn-

2217 4840 2314 4907 lis,
2343 4857 2460 4912 qum
2487 4844 2795 4912 displicebat
2825 4857 2876 4900 et
2904 4851 3032 4903 suis.

2306 4932 2532 4990 CAPUT
2559 4936 2773 4990 XXXV.
2804 4969 2873 4979 -—-
2901 4940 3263 4999 Excusationes
3284 4948 3466 5003 Adami
3484 4962 3530 5005 et
3562 4951 3697 5009 Era’.

2288 5026 2377 5078 47.
2401 5025 2653 5081 Dominus
2667 5044 2796 5098 ergo
2817 5033 2999 5086 volens
3019 5034 3126 5102 jam
3150 5049 3451 5105 peccatores
3477 5060 3625 5100 more
3645 5047 3794 5117 justi-

2220 5114 2308 5169 titc
2339 5114 2691 5186 interrogatos
2721 5122 2907 5188 punire
2932 5125 3158 5193 amplms
3185 5143 3343 5196 quam
3374 5143 3488 5186 erat
3514 5134 3598 5187 illa
3622 5114 3789 5205 pmua,

2220 5209 2289 5264 de
2341 5225 2443 5280 qua
2471 5210 2578 5279 jam
2607 5215 2933 5282 cogebantur
2952 5219 3265 5275 erubescere
3307 5240 3319 5275 :
3368 5222 3492 5288 Quis
3519 5231 3790 5296 nuntiarit,

2221 5302 2390 5372 inquit
2407 5343 2426 5382 _,
2456 5303 2543 5357 tibi
2563 5305 2679 5374 qttia
2700 5309 2864 5361 nudus
2890 5325 2940 5361 es
2956 5350 2968 5372 ,
2993 5310 3090 5363 nisi
3108 5328 3138 5363 a
3165 5313 3299 5383 ligno
3317 5318 3450 5384 quod
3469 5335 3791 5389 praeripi-ram

2224 5394 2311 5447 tibi
2338 5405 2533 5448 tantum
2568 5414 2630 5450 ne
2669 5415 2731 5452 ea:
2761 5415 2820 5452 eo
2855 5401 3218 5468 manducet-es,
3262 5405 3323 5458 ab
3365 5424 3422 5461 eo
3458 5411 3646 5467 edisti?
3669 5414 3793 5470 Hinc

2223 5486 2364 5539 enim
2409 5502 2555 5541 mors
2595 5497 2884 5558 concepta,
2931 5503 3146 5560 promer
3184 5495 3273 5548 Dei
3322 5502 3669 5567 sententiam,
3709 5510 3793 5575 qui

2223 5578 2303 5633 sic
2331 5579 2499 5632 Ῐιιιίτθῑ
2523 5581 2876 5636 comminatus
2896 5624 2908 5645 ,
2940 5585 3058 5638 fecit
3079 5585 3283 5641 adverti
3309 5592 3795 5660 concupiscentiali-

2225 5676 2310 5723 ter
2345 5669 2588 5723 membra
2630 5671 2717 5726 ubi
2747 5672 2873 5728 dicti
2904 5683 3030 5729 sunt
3066 5679 3232 5747 aperti
3275 5680 3442 5747 oculi,
3477 5691 3534 5737 et
3561 5699 3795 5748 secutum

2259 5782 2276 5838 ζ
2292 5785 2307 5813 ι
2336 5791 2456 5845 uss,
2477 5785 2692 5850 superbe.
