3902 6320
119 299 236 365 με

115 436 208 484 est
236 423 391 498 quod
417 419 657 495 puderet.
690 416 756 475 Et
784 419 910 475 dixit
929 418 1093 474 Adam
1112 462 1127 487 ,
1158 418 1343 473 Mulier
1371 436 1522 491 quam
1551 420 1730 473 dedisti

116 536 369 585 mecum,
398 516 504 570 haec
532 514 657 567 mihi
686 512 821 567 dedit
863 531 895 565 a
923 514 1093 584 ligno,
1123 522 1167 566 et
1194 513 1295 565 edi.
1326 512 1419 566 Eia
1450 512 1726 582 superbia!

116 609 393 682 numquid
428 608 593 673 dixit,
629 607 847 662 Peccavi
874 606 931 659 "t
976 606 1147 661 liabet
1186 604 1515 660 confusionis
1554 604 1730 659 defor-

115 705 375 760 mitatem
396 744 410 769 ,
442 710 496 757 et
523 715 630 754 non
662 699 822 754 habet
857 699 1210 754 confessionis
1245 699 1617 752 humilitatem.
1648 697 1729 752 Ad

116 796 237 853 hoc
265 797 364 851 ista
393 800 694 862 conscripta
719 801 843 847 sunt
862 834 876 855 ,
908 791 1032 861 quia
1054 801 1107 847 et
1130 792 1256 863 ipsa:
1287 792 1730 861 interrogationes

117 888 391 944 nimirum
417 886 482 941 ad
516 885 617 939 hoc
646 886 796 940 facta:
826 893 980 946 sunt,
1008 894 1066 938 ut
1089 894 1141 940 et
1170 888 1430 940 veraciter
1454 895 1507 939 et
1532 884 1732 938 utiliter

118 979 529 1044 scriberentur;
554 977 674 1045 quia
702 976 747 1031 si
778 975 1127 1042 mendaciter,
1157 993 1261 1031 non
1293 977 1471 1047 utique
1498 977 1726 1031 utiliter:

120 1082 184 1127 ut
214 1072 559 1127 advertamus
579 1112 591 1131 ,
626 1085 731 1140 quo
757 1070 945 1123 morbo
976 1069 1236 1139 superbia:
1265 1069 1507 1124 laborent
1555 1070 1731 1125 homi-

117 1179 229 1219 nes
260 1163 417 1219 bodie
439 1204 457 1230 ,
486 1161 697 1217 nonnisi
728 1160 781 1214 in
821 1160 1128 1215 Creatorem
1155 1171 1411 1216 conantes
1440 1160 1644 1217 referre
1685 1162 1732 1215 si

119 1255 264 1326 quid
288 1254 493 1325 egerint
522 1252 683 1319 mali,
715 1268 835 1307 cum
863 1251 963 1305 sibi
994 1252 1157 1306 velint
1192 1252 1349 1307 tribui
1380 1254 1423 1307 si
1460 1254 1584 1323 quid
1612 1269 1736 1325 ege-

120 1349 243 1403 rint
264 1347 407 1402 boni.
438 1345 645 1410 Mulier,
680 1343 885 1415 inquit,
912 1361 1064 1413 quam
1093 1344 1278 1399 dedisti
1305 1362 1497 1399 mecum
1523 1389 1538 1410 ,
1570 1346 1621 1399 id
1651 1354 1734 1401 est

121 1455 293 1511 quam
325 1437 515 1494 dedisti
548 1448 602 1492 ut
630 1445 774 1493 esset
804 1451 1035 1503 mecum,
1067 1438 1173 1490 [uec
1200 1436 1323 1490 mihi
1349 1437 1484 1491 dedit
1512 1456 1543 1492 α
1571 1439 1728 1508 ligno,

121 1540 172 1587 et
202 1532 330 1587 edi:
356 1531 506 1601 quasi
533 1529 599 1584 ad
631 1529 733 1584 hoc
763 1529 881 1582 data
916 1529 1018 1595 sit,
1054 1539 1109 1583 ut
1135 1545 1239 1583 non
1269 1530 1379 1599 ipsa
1408 1530 1581 1599 potius
1606 1530 1733 1584 obe-

119 1626 275 1682 diret
299 1626 447 1687 viro,
479 1635 533 1679 et
559 1624 717 1677 ambo
747 1623 874 1677 Deo.

195 1723 296 1776 48.
324 1720 385 1773 Et
407 1719 534 1772 dixit
559 1717 805 1771 Dominus
830 1716 971 1771 Deus
1006 1716 1234 1780 mulieri,
1262 1716 1395 1781 Quid
1418 1717 1510 1770 hoc
1537 1718 1733 1786 fecisti?

120 1813 192 1869 Et
226 1813 360 1867 dixit
381 1811 578 1877 mulier,
602 1809 825 1881 Serpens
848 1808 1047 1863 seduxit
1074 1826 1151 1861 me
1170 1850 1183 1872 ,
1210 1819 1254 1861 et
1286 1808 1605 1862 manducavi.
1624 1810 1734 1864 Nec

119 1908 228 1972 ista
262 1905 543 1961 conﬁtetur
570 1913 842 1972 peccatum
865 1944 879 1967 ,
908 1902 1003 1955 sed
1046 1902 1097 1954 in
1131 1901 1358 1955 alterum
1399 1900 1594 1966 refert,
1630 1902 1731 1955 im-

119 1967 248 2067 pari
298 2010 461 2057 sexu,
509 1992 623 2063 pari
662 1990 824 2045 fastu.
868 1992 946 2045 Ex
980 1990 1059 2045 his
1093 1999 1266 2046 tamen
1299 2004 1455 2045 natus
1481 2002 1595 2058 est,
1635 2008 1734 2048 nec

121 2102 221 2143 eos
253 2088 489 2141 imitatus
514 2092 596 2139 est
614 2126 629 2150 ,
656 2082 751 2138 sed
780 2083 932 2167 pla.ne
954 2083 1190 2152 pluribus
1211 2083 1364 2137 malis
1389 2084 1729 2151 exercitatus,

120 2181 216 2253 qui
254 2180 423 2246 dixit,
452 2188 504 2233 et
528 2177 672 2232 dicet
703 2191 871 2247 usque
910 2175 977 2229 ad
1024 2175 1312 2230 terminum
1362 2177 1539 2230 saeculi
1576 2196 1588 2229 :
1620 2177 1732 2248 Ego

122 2273 238 2326 dixi
264 2315 278 2339 ,
335 2270 583 2332 Domine,
642 2268 876 2321 miserere
922 2268 1055 2330 mei;
1103 2283 1227 2320 sana
1275 2268 1494 2321 animum
1540 2286 1729 2335 meam,

120 2364 248 2435 quia
278 2362 477 2434 peccavi
508 2360 596 2414 tibi
628 2357 805 2432 (Psal.
840 2375 944 2424 XL,
977 2358 1064 2430 5).
1092 2358 1305 2435 Quanto
1336 2359 1524 2414 melius
1566 2360 1643 2413 sic
1680 2368 1733 2414 et

123 2434 261 2510 isti?
292 2453 396 2509 Sed
425 2452 599 2507 adhuc
626 2451 862 2505 cervices
893 2434 1230 2519 peccatoruin
1283 2466 1386 2502 non
1429 2450 1734 2504 conciderat

123 2548 393 2603 Dominus
422 2543 591 2617 (Psal.
624 2558 819 2597 cxxvut
839 2582 854 2607 ,
883 2542 959 2611 4).
996 2540 1284 2595 Restabant
1308 2541 1518 2595 labores
1539 2584 1552 2603 ,
1583 2542 1731 2596 dolo-

124 2656 215 2695 res
262 2638 478 2697 mortis.
520 2644 575 2691 et
619 2635 792 2689 omnis
818 2633 1069 2686 contritio
1108 2631 1319 2695 saeculi,
1350 2642 1403 2686 et
1434 2633 1600 2701 gratia
1639 2633 1731 2687 Dei

122 2747 231 2800 qua
269 2738 505 2796 tempore
534 2735 836 2796 Opportnuo
859 2722 1435 2807 subvepithominibus
1454 2762 1469 2788 ,
1502 2738 1634 2792 quos
1654 2722 1733 2775 af-

122 2820 307 2875 ﬂictos
336 2818 515 2873 docuit
544 2832 651 2870 non
696 2814 763 2869 de
788 2814 979 2883 seipsis
1008 2813 1204 2868 debere
1237 2829 1577 2883 prtesnmere.
1604 2813 1731 2868 Ser«

122 2928 257 2981 pens
275 2950 290 2975 ,
334 2909 507 2979 inquit
529 2950 544 2974 ,
585 2906 782 2961 seduxit
806 2922 884 2958 me
903 2947 916 2968 ,
940 2914 985 2958 et
1012 2904 1309 2957 manducavi
1336 2922 1352 2958 :
1378 2906 1529 2975 quasi
1555 2906 1733 2977 cujus-

120 3021 290 3077 quam
318 3003 496 3059 suasio
540 3013 805 3073 prrecepto
839 3003 927 3055 Dei
957 3002 1201 3055 debuerit
1224 3002 1498 3071 anteponi.

310 3095 535 3152 CAPUT
580 3093 821 3149 XXXVI.
848 3122 920 3134 -—-
953 3092 1243 3147 Muledictio
1290 3095 1549 3164 serpentis.

194 3190 291 3246 49.
327 3188 393 3241 Ει
420 3187 547 3243 dixit
589 3187 838 3240 Dominus
866 3185 1004 3241 Deus
1046 3187 1296 3256 serpenti,
1331 3186 1462 3250 Quia
1498 3186 1659 3256 fecisti
1678 3196 1733 3241 tu

122 3284 224 3337 hoc
249 3325 261 3345 ,
286 3280 583 3333 muledictus
606 3290 658 3332 tu
679 3279 741 3332 ab
771 3279 1000 3331 omnibus
1023 3279 1284 3347 pecoribus
1307 3318 1319 3341 ,
1346 3288 1392 3331 et
1415 3278 1475 3329 ab
1503 3279 1734 3331 omnibus

121 3374 299 3428 bestiis
318 3387 429 3441 qua:
451 3380 565 3424 sunt
586 3387 739 3439 super
770 3380 970 3423 terram.
999 3368 1168 3439 Super
1196 3377 1366 3438 pectus
1390 3379 1531 3421 tuum
1551 3379 1598 3423 et
1616 3386 1733 3422 ven-

123 3476 256 3518 trem
288 3474 428 3515 tuum
466 3460 778 3525 ambulabis,
822 3468 865 3512 et
906 3468 1090 3513 terram
1129 3457 1245 3511 edes
1280 3474 1451 3510 omnes
1484 3458 1589 3512 dies
1622 3460 1734 3513 vitta

125 3567 252 3610 tuas.
284 3553 351 3607 Et
381 3553 667 3606 inimicitias
690 3568 874 3621 ponam
905 3552 1035 3605 inter
1053 3560 1099 3605 te
1120 3560 1167 3604 et
1205 3548 1462 3603 mulierem
1487 3594 1501 3616 ,
1535 3561 1578 3603 et
1603 3551 1735 3604 inter

122 3667 299 3707 semen
321 3659 461 3703 tuum
487 3658 531 3703 et
554 3664 721 3702 semen
760 3647 917 3700 illius.
947 3645 1071 3715 Ipsa
1097 3645 1181 3699 tibi
1210 3647 1423 3698 servabit
1459 3655 1641 3716 caput,
1686 3656 1734 3699 et

123 3754 179 3798 tu
213 3742 432 3797 servabis
460 3741 569 3811 ejus
590 3740 902 3793 calcaueum.
937 3738 1068 3793 Tota
1100 3740 1197 3793 ista
1225 3741 1484 3793 sententia
1512 3742 1733 3809 figurata

123 3843 248 3898 est,
275 3848 374 3888 nec
405 3831 548 3887 aliud
577 3830 735 3885 debet
758 3830 806 3884 ei
834 3830 1112 3899 scriptoris
1149 3828 1281 3884 ﬁdes
1311 3830 1733 3899 narrationisque

124 3925 351 3987 veritas,
386 3923 484 3977 nisi
515 3937 581 3976 ne
616 3922 759 3975 illam
796 3920 991 3974 dictam
1034 3920 1194 3974 fuisse
1229 3920 1547 3975 dubitemus.
1582 3922 1733 3989 Quod

125 4018 274 4073 erum
313 4016 541 4084 positum
584 4022 699 4077 est,
745 4011 813 4065 Et
849 4012 977 4065 dixit
1013 4010 1263 4064 Dominus
1306 4011 1441 4066 Deus
1482 4014 1729 4082 serpenti,

124 4108 296 4163 verba
329 4106 438 4161 sola
472 4105 754 4159 scribentis
792 4112 948 4168 sunt;
988 4101 1101 4156 haec
1131 4104 1150 4133 ²
1178 4104 1438 4173 exigenda
1477 4112 1602 4157 sunt
1640 4120 1733 4172 per

127 4199 537 4273 prOprietatem.
580 4198 688 4251 lloc
728 4212 856 4267 ergo
877 4211 1059 4249 verum
1106 4204 1226 4261 est,
1269 4195 1467 4248 dictum
1504 4204 1588 4249 est
1617 4210 1730 4250 ser-

128 4293 302 4364 penti.
335 4291 451 4346 iam
478 4298 670 4345 ca-tera
700 4289 859 4343 verba
889 4288 979 4342 Dei
1006 4296 1160 4351 sunt,
1185 4302 1303 4358 qua:
1332 4287 1498 4342 libero
1522 4288 1731 4344 lectoris

128 4383 430 4441 intellectui
457 4382 825 4452 relinquuntur
851 4388 1024 4432 utrum
1051 4379 1266 4448 proprie
1291 4394 1359 4431 an
1389 4378 1610 4447 ﬁgurate
1643 4394 1734 4433 ac-

128 4478 239 4548 cipi
267 4476 530 4539 debeant,
571 4475 707 4529 sicut
734 4474 786 4527 in
814 4472 1036 4527 exordio
1066 4472 1350 4525 voluminis
1380 4471 1533 4541 hujus
1563 4472 1730 4527 nostri

129 4568 415 4641 praelocuti
442 4582 648 4624 sumus.
678 4565 909 4620 Proinde
937 4563 1079 4633 quod
1110 4578 1364 4634 serpens,
1399 4579 1495 4618 cur
1530 4564 1630 4619 hoc
1654 4564 1731 4618 fe-

128 4665 273 4720 cerit
310 4678 415 4717 non
454 4672 535 4716 est
574 4662 967 4729 interrogatus,
1006 4666 1183 4728 potest
1230 4657 1395 4712 videri
1432 4656 1572 4727 quod
1622 4673 1729 4711 non

129 4755 252 4825 ipse
276 4754 457 4823 utique
487 4752 538 4806 id
563 4753 615 4807 in
642 4767 735 4805 sua
767 4763 953 4804 natura
984 4758 1039 4803 et
1069 4748 1337 4803 voluntate
1376 4747 1606 4813 fecerat;
1636 4748 1729 4802 sed

128 4848 380 4905 diabolus
400 4845 468 4901 de
498 4846 590 4901 illo
613 4855 662 4901 et
693 4861 787 4915 per
809 4845 954 4899 illum
974 4853 1027 4897 et
1052 4843 1103 4897 in
1137 4842 1226 4897 illo
1257 4841 1425 4896 fuerat
1456 4852 1726 4912 operatus,

129 4942 225 5013 qui
251 4940 360 5009 jam
391 4954 457 4995 ex
488 4947 703 5009 peccato
752 4935 1039 5006 impietatis
1079 4949 1142 4989 ac
1179 4933 1445 5005 superbia:
1481 4949 1591 4987 sua:
1624 4935 1728 5003 igni

129 5031 433 5088 destinatus
478 5029 650 5083 fuerat
688 5028 1036 5097 sempiterno.
1086 5024 1236 5080 Nunc
1261 5040 1388 5095 ergo
1427 5024 1568 5095 quod
1610 5039 1729 5080 ser-

132 5123 283 5193 penti
309 5122 522 5187 dicitur,
554 5129 610 5176 et
634 5118 701 5174 ad
729 5134 849 5173 cum
878 5119 968 5187 qui
1004 5133 1097 5187 per
1126 5127 1430 5187 serpentem
1479 5126 1728 5186 operatus

135 5224 223 5271 est
249 5216 429 5286 utique
454 5214 702 5278 refertur,
732 5211 916 5281 procul
946 5210 1106 5265 dubio
1138 5211 1422 5280 ﬁguratum
1448 5217 1532 5263 est
1560 5230 1573 5262 :
1605 5226 1726 5265 nam

133 5308 195 5363 in
240 5307 323 5362 bis
362 5307 538 5362 verbis
581 5314 813 5363 tentator
854 5304 941 5359 ille
980 5303 1319 5367 describitur,
1349 5303 1519 5372 qualis
1546 5303 1727 5374 generi

134 5400 372 5455 humano
399 5401 606 5453 futurus
644 5407 823 5462 esset;
855 5394 995 5467 quod
1018 5410 1185 5465 genus
1215 5396 1501 5449 humanum
1537 5410 1727 5465 pr0pa-

135 5491 248 5561 gari
277 5500 401 5545 tunc
427 5489 609 5558 εωμὶι,
629 5486 840 5557 quando
858 5485 973 5541 haec
996 5485 1045 5539 in
1073 5483 1338 5539 diabolum
1367 5495 1447 5538 est
1477 5495 1725 5553 tanquam

201 5607 217 5637 ί
244 5605 318 5654 Sic
331 5604 391 5675 .in
401 5603 580 5712 (proba:
603 5608 730 5652 noue
752 5608 859 5673 uss.
886 5608 935 5649 tu
957 5599 1065 5672 aliis
1099 5613 1218 5651 vero
1238 5600 1503 5661 codicibus,

201 5665 378 5712 unamd
437 5671 547 5712 mt.
574 5673 771 5712 Peccavi
790 5662 815 5712 ί)
837 5662 1066 5712 Superbia
1087 5662 1244 5712 habet.

134 5664 378 5731 Numquid
401 5662 547 5726 dixit,
574 5663 771 5715 Peccavi
790 5662 815 5713 ?
837 5662 1066 5728 superbia
1087 5662 1244 5714 habet.

199 5732 219 5760 ι
244 5734 319 5779 Er.
364 5727 658 5799 Lugd.”\’_en.
682 5732 792 5775 Iov.
816 5725 1018 5799 ferunt,
1042 5732 1088 5777 et
1126 5725 1230 5778 haec
1252 5740 1268 5777 :
1294 5732 1345 5777 et
1379 5725 1598 5790 inferius,
1634 5725 1724 5779 hoc

134 5804 249 5854 ergo
270 5804 379 5844 rere
400 5788 470 5842 cit
491 5788 672 5842 dictum
692 5788 914 5851 serpenti.
979 5796 1035 5840 tt.

1544 5605 1589 5651 ct
1623 5599 1721 5651 edi.

1408 290 1611 353 LIBER
1650 292 2063 353 UNDECIMUS.

3314 287 3425 354 450

1842 420 1894 474 in
1943 428 2245 490 serpentem
2304 426 2507 490 prolata
2551 419 2831 476 sententia.
2879 417 3004 477 litae
3048 420 3224 492 itaque
3264 424 3431 480 verba

1840 514 2105 584 quomodo
2131 514 2311 585 ﬁguris
2340 515 2593 583 expositis
2622 513 2928 583 accipienda
2955 514 3093 583 sint,
3132 524 3187 571 et
3227 516 3281 571 in
3322 515 3430 573 illis

1842 608 2047 664 duobus
2088 609 2344 664 adversus
2381 609 2700 666 Manichacus
2740 610 2895 666 editis
2926 611 3077 666 libris
3101 611 3168 667 de
3192 611 3428 681 Genesi,

1840 712 2094 773 quantum
2140 705 2406 773 potuimus
2446 704 2832 772 disseruimus,
2874 712 2930 760 et
2955 705 3001 761 si
3040 705 3167 777 quid
3209 705 3432 777 diligen-

1841 797 1945 850 tius
1973 807 2027 851 et
2073 800 2451 868 congruentius
2498 799 2629 853 alias
2673 798 3033 868 potuerimus,
3077 800 3219 856 Deus
3261 798 3434 856 aderit

1841 896 1898 941 ut
1922 888 2215 944 efﬁciamus
2250 907 2261 941 :
2294 906 2433 945 nunc
2474 900 2653 944 tamen
2700 902 2877 945 nostra
2923 890 3147 946 intentio
3188 891 3243 947 in
3288 890 3432 947 aliud

1841 994 1999 1050 quam
2030 982 2363 1051 suscepimus
2383 1024 2397 1047 ,
2427 982 2571 1036 nullo
2596 982 2841 1053 exigente
2864 982 3153 1039 avertenda
3181 993 3287 1041 est.

2090 1071 2319 1128 CAPUT
2348 1073 2613 1128 XXXVII.
2641 1103 2713 1114 —
2739 1072 2901 1128 Poena
2941 1074 3181 1129 mulieris.

1910 1164 1999 1219 50.
2030 1163 2097 1217 Et
2122 1166 2319 1218 mulieri
2346 1166 2471 1219 dixit
2491 1206 2504 1229 ,
2539 1164 2889 1236 Multiplicaus
2914 1165 3257 1238 multiplicabo
3276 1166 3432 1223 tristi-

1841 1254 1936 1307 tias
1966 1265 2078 1309 tuas
2098 1266 2144 1309 et
2166 1258 2406 1327 gemitum
2434 1268 2573 1311 tuum
2603 1273 2622 1311 :
2650 1258 2702 1311 in
2725 1258 2939 1311 tristitiis
2968 1258 3135 1329 paries
3172 1258 3307 1326 filios
3325 1301 3342 1327 ,
3374 1269 3425 1315 et

1841 1347 1909 1399 ad
1939 1347 2101 1400 virum
2143 1358 2284 1401 tuum
2310 1349 2565 1403 conversio
2602 1358 2721 1415 tua,
2753 1361 2799 1403 et
2833 1350 2942 1421 ipse
2973 1351 3045 1404 tui
3071 1350 3429 1407 dominabitur.

1842 1438 1967 1493 Hiec
1992 1456 2201 1510 quoque
2232 1442 2282 1495 in
2309 1443 2583 1497 mulierem
2618 1443 2708 1497 Dei
2737 1442 2931 1508 verba,
2961 1442 3181 1513 ﬁgurate
3206 1460 3271 1500 ac
3298 1461 3425 1517 pro-

1840 1530 2051 1601 phetico
2078 1533 2242 1587 multo
2263 1534 2593 1589 commodius
2615 1534 2981 1605 intelliguntur
3007 1552 3022 1589 :
3054 1549 3429 1595 verumtamen

1839 1624 1961 1691 quia
1994 1624 2226 1677 nondum
2254 1637 2532 1695 pepererat
2565 1626 2790 1694 femina,
2814 1642 2914 1683 nec
2939 1626 3094 1683 dolor
3122 1638 3176 1685 et
3202 1631 3432 1701 gemitus

1842 1715 2099 1784 parientis
2126 1716 2224 1769 nisi
2271 1732 2335 1771 ex
2381 1732 2608 1787 corpore
2646 1717 2834 1771 mortis
2870 1727 2953 1773 est
2975 1760 2991 1785 ,
3021 1734 3140 1789 qua:
3169 1720 3255 1774 illa
3285 1736 3431 1790 pra:-

1840 1808 1980 1877 cepti
2002 1810 2421 1879 transgressione
2446 1820 2702 1881 concepta
2733 1818 2816 1865 est
2836 1853 2852 1878 ,
2874 1810 3196 1869 animalibus
3217 1814 3432 1883 quidem

1839 1900 1998 1953 etiam
2040 1910 2164 1954 tunc
2209 1901 2497 1967 membris,
2544 1902 2638 1957 sed
2665 1903 2709 1957 si
2758 1902 2918 1958 homo
2971 1919 3077 1959 non
3122 1915 3431 1975 peceasset,

1841 2004 1947 2043 non
1993 1993 2174 2061 utique
2223 1994 2527 2059 morituris,
2558 2002 2613 2048 et
2636 1994 2741 2047 alio
2770 1993 2999 2065 quodam
3028 2006 3167 2051 statu
3197 1996 3434 2055 feliciore

1841 2083 2078 2149 victui-is,
2101 2084 2273 2140 donec
2299 2097 2415 2156 post
2443 2088 2601 2139 vitam
2631 2087 2766 2143 bene
2789 2097 2991 2159 gestam
3024 2090 3078 2144 in
3105 2090 3295 2146 melius
3314 2106 3432 2147 mu-

1842 2177 1938 2230 tari
1964 2190 2319 2243 mererentur,
2350 2179 2616 2248 sicutjam
2653 2197 2812 2250 supra
2840 2180 3079 2250 pluribus
3125 2182 3257 2238 locis
3298 2183 3431 2239 insi-

1840 2268 2119 2322 nuavimus
2142 2310 2155 2333 ,
2189 2270 2416 2324 refertur
2442 2270 2555 2324 haec
2585 2284 2739 2340 ptena
2763 2279 2818 2325 et
2840 2270 2905 2325 ad
2938 2273 3314 2342 proprietatem
3346 2274 3435 2329 Iit-

1843 2370 1968 2416 terie
1991 2378 2003 2424 ;
2035 2363 2135 2416 nisi
2163 2364 2284 2432 quia
2316 2364 2366 2417 id
2393 2364 2532 2433 quod
2557 2365 2757 2418 dictum
2781 2374 2891 2429 est,
2925 2364 2989 2418 Et
3009 2366 3078 2419 ad
3097 2367 3258 2421 virum
3288 2378 3429 2423 tuum

1840 2457 2093 2510 conversio
2126 2466 2240 2523 tua,
2287 2467 2332 2510 et
2373 2458 2480 2528 ipse
2515 2458 2854 2511 dominabitur
2891 2459 2992 2525 tui,
3037 2459 3320 2515 videndum
3350 2469 3436 2517 est

1839 2549 2287 2619 quemadmodum
2330 2550 2541 2619 proprie
2574 2550 2739 2618 POSsit
2762 2550 2951 2619 accipi.
2992 2550 3174 2623 Neque
3207 2555 3347 2609 enim
3377 2565 3434 2612 et

1840 2653 1965 2696 ante
2019 2653 2335 2711 peccatum,
2383 2643 2538 2697 aliter
2584 2641 2775 2697 factam
2823 2642 2985 2699 fuisse
3028 2645 3182 2701 decet
3210 2647 3432 2704 credere

1840 2737 2157 2800 mulierem,
2187 2738 2286 2789 nisi
2318 2746 2373 2790 ut
2398 2738 2478 2789 vir
2505 2736 2555 2791 ei
2575 2736 2960 2805 dominaretur,
2993 2747 3045 2793 et
3075 2740 3141 2794 ad
3166 2756 3287 2795 eum
3318 2742 3432 2812 ipsa

1839 2829 2119 2885 serviendo
2149 2839 2564 2885 cenverteretur.
2593 2829 2697 2886 Sed
2725 2840 2871 2887 recte
2899 2833 3067 2903 accipi
3096 2842 3269 2903 potest
3291 2833 3434 2890 hanc

1840 2923 2147 2978 servitutem
2196 2924 2584 2993 signiﬁcatam,
2634 2940 2751 2995 qua:
2794 2924 3068 2994 cujusdam
3113 2926 3435 2983 conditionis

1840 3024 1922 3071 est
1944 3017 2120 3087 potius
2141 3032 2299 3086 quam
2331 3016 2633 3071 dilectionis
2652 3059 2667 3083 ,
2697 3027 2754 3070 ut
2780 3019 2938 3071 etiam
2979 3018 3092 3089 ipsa
3122 3018 3241 3072 talis
3269 3019 3435 3075 servi-

1841 3115 1924 3160 tus
1945 3150 1960 3173 ,
1989 3125 2092 3177 qua
2125 3108 2371 3163 homines
2398 3108 2701 3163 hominibus
2724 3116 2910 3179 postea
2937 3124 3059 3165 esse
3087 3111 3226 3165 servi
3252 3126 3435 3181 cmpe-

1839 3208 1998 3264 runt,
2020 3200 2086 3253 de
2107 3214 2258 3267 poena
2290 3199 2489 3269 peccati
2517 3201 2809 3269 reperiatur
2830 3209 3033 3255 exorta.
3058 3201 3195 3256 Dixit
3220 3202 3433 3273 quidem

1839 3291 2157 3359 Apostolus,
2210 3288 2309 3344 Per
2354 3292 2648 3345 charitatem
2686 3291 2864 3347 servile
2905 3292 3115 3347 invicem
3144 3291 3353 3364 (Galat.
3376 3311 3432 3352 ν.

1841 3382 1963 3453 15);
2013 3382 2106 3437 sed
2137 3398 2467 3453 nequaquam
2509 3384 2741 3450 diceret,
2789 3384 3022 3441 Invicem
3063 3385 3430 3444 dominamini.

1840 3474 2071 3530 Possunt
2105 3478 2280 3547 itaque
2306 3478 2559 3548 conjuges
2590 3495 2685 3549 per
2711 3479 3024 3535 charitatem
3052 3482 3254 3537 servire
3293 3481 3430 3538 invi-

1839 3580 1990 3632 cem;
2019 3567 2111 3622 sed
2141 3569 2416 3622 mulierem
2448 3583 2551 3622 non
2577 3570 2827 3637 permittit
2853 3570 3139 3640 Aposmlus
3165 3571 3430 3629 dominari

1839 3658 1891 3712 in
1913 3660 2080 3712 virum
2109 3658 2148 3731 (1
2173 3658 2301 3713 Tim.
2325 3659 2515 3728 11,12).
2550 3660 2660 3715 Hoc
2681 3661 2821 3715 enim
2852 3662 2967 3716 viro
2997 3663 3173 3732 potius
3205 3663 3296 3719 Dei
3317 3680 3432 3720 sen-

1839 3750 2003 3803 tentia
2048 3749 2269 3816 detulit,
2320 3758 2375 3804 et
2417 3751 2662 3805 maritum
2696 3750 2892 3807 habere
2917 3751 3191 3810 dominum
3236 3756 3433 3813 meruit

1838 3843 2083 3898 mulieris
2132 3858 2235 3897 non
2285 3854 2507 3908 natura,
2552 3843 2646 3897 sed
2696 3844 2848 3914 culpa
2894 3845 3079 3915 :quod
3118 3855 3293 3902 tamen
3326 3848 3430 3904 nisi

1838 3946 2101 4004 servetur,
2132 3936 2511 4007 depravabitur
2550 3938 2777 4007 amplius
2819 3947 3035 4005 natura,
3068 3948 3125 3994 et
3148 3939 3429 4011 augebitur

1838 4030 2013 4099 culpa.

1837 4122 2065 4180 CAPUT
2105 4123 2393 4179 XXXVIII.
2426 4154 2497 4165 —-
2522 4121 2682 4178 Pmna
2726 4124 2910 4179 Adami
2947 4136 2995 4181 et
3022 4142 3201 4181 nomen
3230 4126 3431 4183 mulieri

2473 4215 2782 4285 impositum.

1910 4308 1999 4363 51.
2044 4308 2184 4363 Dixit
2203 4324 2329 4379 ergo
2359 4306 2490 4363 etad
2514 4308 2683 4361 virum
2706 4306 2855 4377 ejus:
2887 4307 3019 4373 Quia
3042 4307 3231 4362 audisti
3258 4322 3427 4363 vocem

1838 4401 2063 4454 mulieris
2091 4410 2209 4465 tute,
2239 4409 2285 4453 et
2310 4398 2455 4451 edisti
2482 4397 2545 4450 de
2569 4397 2727 4468 ligno,
2761 4398 2824 4451 de
2850 4414 2948 4468 quo
2977 4413 3311 4468 praeceperant
3336 4397 3427 4453 tibi

1837 4492 1900 4547 de
1919 4510 1974 4547 eo
2000 4492 2109 4546 solo
2136 4508 2236 4544 non
2275 4491 2449 4556 edere;
2496 4489 2763 4543 maledicta
2791 4498 2924 4543 terra
2951 4490 3003 4542 in
3018 4489 3249 4559 aperibus
3274 4488 3373 4543 tuis
3406 4504 3427 4545 .'

1835 4587 1888 4640 in
1910 4584 2120 4639 tristitiis
2146 4584 2261 4637 edes
2288 4584 2431 4637 illam
2456 4598 2625 4635 omnes
2655 4582 2761 4635 dies
2787 4582 2898 4635 vita:
2914 4592 3050 4646 ture;
3069 4582 3241 4651 spinas
3257 4590 3304 4636 et
3328 4582 3425 4636 tri-

1837 4679 1978 4733 bulas
2006 4678 2114 4733 edet
2140 4676 2246 4740 tibi,
2278 4686 2322 4729 et
2346 4677 2460 4730 edes
2483 4677 2654 4747 fenum
2678 4676 2807 4746 agri.
2849 4672 2916 4729 In
2949 4674 3131 4729 sudore
3150 4674 3296 4745 faciei
3326 4682 3425 4730 tua

1835 4772 1950 4826 edes
1992 4787 2173 4843 panem
2202 4780 2361 4830 tuum.
2398 4768 2555 4822 donec
2581 4767 2881 4822 converteris
2910 4767 2964 4821 in
3006 4776 3208 4829 terram,
3242 4783 3303 4822 ea;
3324 4783 3424 4836 qua

1834 4873 2064 4933 sumptus
2081 4878 2163 4927 es;
2187 4861 2304 4933 quia
2319 4869 2451 4914 terra
2476 4876 2547 4924 es,
2570 4869 2617 4913 et
2645 4859 2698 4913 in
2724 4869 2907 4913 terram
2934 4858 3047 4912 ibis.
3077 4857 3186 4913 Hos
3212 4872 3332 4914 esse
3366 4857 3422 4913 in

1837 4961 1975 5007 terra
2021 4952 2231 5007 labores
2259 4950 2476 5005 humani
2502 4950 2734 5021 generis,
2770 4950 2889 5020 quis
2934 4948 3176 5019 ignorat?
3204 4947 3272 5003 Et
3298 4947 3422 5018 quia

1836 5060 1940 5100 non
1963 5055 2162 5109 essent,
2196 5044 2241 5098 si
2268 5044 2491 5099 felicitas
2519 5059 2637 5113 qua:
2652 5042 2704 5097 in
2727 5041 2972 5114 paradiso
2998 5041 3188 5107 fuerat,
3207 5050 3421 5097 tenere-

1836 5146 1941 5203 tur,
1960 5154 2063 5191 non
2094 5146 2177 5191 est
2200 5137 2379 5206 utique
2397 5124 2773 5200 dubitandum;
2804 5149 2865 5189 ac
2882 5150 2975 5205 per
2992 5136 3092 5190 hoc
3114 5133 3273 5190 etiam
3298 5148 3422 5205 pro-

1835 5229 1948 5300 prie
1970 5228 2128 5284 verba
2159 5230 2274 5285 haec
2296 5228 2535 5298 primitus
2560 5227 2802 5296 accipere
2830 5242 2896 5281 ne
2927 5226 3121 5298 pigeat.
3149 5225 3421 5284 Servanda

1835 5330 2012 5375 tamen
2026 5328 2108 5375 est
2134 5329 2186 5374 et
2215 5319 2565 5389 exspectanda
2597 5317 2907 5389 signiﬁcatio
2924 5318 3238 5387 prepbetize,
3260 5334 3421 5390 quam

1836 5411 2067 5465 maxime
2097 5411 2183 5466 hic
2232 5411 2463 5465 intuetur
2512 5409 2603 5463 Dei
2648 5408 2910 5477 loquentis
2961 5408 3202 5463 intentio.
3238 5409 3422 5480 Neque

1834 5502 1976 5557 enim
2027 5502 2218 5556 frustra
2252 5512 2306 5557 et
2343 5504 2453 5571 ipse
2496 5498 2664 5553 Adam
2708 5498 2844 5551 miro
2891 5498 3118 5567 quodam
3165 5500 3420 5558 instinctu

1835 5606 1960 5653 tunc
2002 5595 2211 5650 vocavit
2248 5610 2440 5649 nomen
2489 5590 2728 5647 mulieris
2752 5605 2861 5645 sua:
2891 5589 3097 5657 Vitam;
3135 5592 3420 5661 subjiciens

1833 5690 2015 5754 etiam,
2037 5688 2273 5757 quoniam
2298 5688 2394 5741 ista
2424 5694 2497 5740 est
2536 5691 2695 5738 mater
2720 5684 2941 5738 omnium
2970 5684 3250 5738 viventium.
3286 5684 3419 5744 Nam

1834 5791 1889 5837 et
1938 5781 2050 5836 haec
2095 5796 2199 5837 non
2228 5780 2500 5846 scriptoris
2547 5778 2810 5836 narrantis
2838 5778 2920 5835 vel
2961 5778 3292 5839 altirmantis.
3321 5779 3417 5842 sed
