3902 6318
99 252 194 309 ιὸὅ

98 371 336 431 eamdem
357 367 636 438 imaginem
663 378 855 435 capere
880 378 984 418 non
1000 371 1190 434 possu,
1219 375 1340 416 cum
1361 375 1414 415 tn
1442 360 1529 418 illa
1553 376 1678 432 gra-

98 469 158 523 tia
181 481 280 520 nos
306 463 441 518 dicat
466 477 564 516 nec
598 459 892 514 masculum
908 473 1025 512 esse
1075 471 1172 511 nec
1207 454 1456 511 feminam
1481 453 1672 524 (Galat.

97 577 166 624 Ill,
193 557 284 623 27,
316 555 404 624 28)
430 570 443 618 ;
475 553 568 608 sed
617 551 756 622 quod
787 549 1024 606 fortassis
1053 549 1140 604 illa
1177 549 1278 604 hoc
1310 547 1540 604 nondum
1560 563 1675 618 pcr-

95 657 302 721 ceperat
328 644 463 719 quod
511 643 569 697 iit
595 645 646 697 in
689 642 958 713 agnitione
997 641 1108 704 Dei,
1153 648 1206 696 et
1233 641 1346 695 viro
1373 648 1589 711 regente
1615 656 1679 695 ac

93 745 429 814 dispensante
456 737 710 808 paulatim
753 737 925 792 fuerat
955 745 1291 806 perceptura.
1322 733 1505 812 Neque
1534 735 1676 788 enim

92 837 279 891 frustra
304 841 385 889 est
404 832 530 888 illud
559 829 700 902 quod
730 830 1010 900 Apostolus
1029 830 1120 895 ait,
1151 829 1315 882 Adam
1337 831 1469 883 enim
1487 830 1677 901 primus

95 931 334 1000 formatus
363 934 454 992 est,
507 923 693 978 deinde
728 921 835 975 Eva
869 939 887 976 :
926 933 970 975 et
1000 921 1162 974 Adam
1185 939 1285 975 non
1312 931 1386 975 est
1420 921 1672 986 seductus,

93 1023 263 1075 mulier
281 1030 451 1074 autem
465 1017 671 1072 seducta
693 1017 742 1071 in
761 1016 1170 1087 prtevaricatione
1188 1015 1201 1046 ¹
1222 1015 1356 1085 facta
1378 1026 1450 1070 est
1473 1015 1515 1086 (l
1541 1013 1673 1070 Tim.

93 1132 142 1180 ιι,
176 1115 260 1180 15,
299 1113 386 1182 id)
414 1131 426 1176 ;
454 1111 627 1176 idest,
663 1119 720 1164 ut
753 1126 845 1180 per
875 1109 1015 1163 illam
1048 1111 1205 1164 etiam
1254 1110 1334 1164 vir
1362 1110 1674 1179 praevarica-

93 1217 245 1262 retur.
277 1205 410 1261 Nam
436 1215 490 1261 et
515 1205 687 1275 ipsum
737 1202 864 1258 dicit
904 1203 1390 1271 prmvaricatorcm,
1446 1200 1534 1256 ubi
1561 1201 1670 1255 ait:

74 1289 152 1355 iln
174 1300 553 1354 similitudinem
582 1297 1006 1368 prtevnricntionis
1035 1295 1178 1361 Adw,
1202 1296 1287 1367 qui
1307 1304 1378 1350 est
1397 1296 1560 1366 forma
1587 1295 1672 1364 {u-

94 1397 181 1448 turi
207 1393 384 1464 (Rom.
415 1409 468 1455 v,
501 1391 609 1462 Li).
641 1390 929 1447 Seductum
963 1398 1137 1443 tamen
1164 1399 1338 1459 negat.
1363 1388 1492 1442 Nam
1525 1388 1676 1444 etin-

96 1493 381 1557 tcrrogatus
413 1500 518 1540 non
550 1484 641 1547 ait,
668 1481 856 1536 Mulier
881 1497 1031 1545 quam
1052 1480 1232 1534 dedisti
1259 1497 1470 1546 mecum,
1510 1479 1672 1534 sedu-

94 1580 282 1646 xitme,
331 1587 386 1634 et
419 1575 766 1638 manducavi;
805 1575 920 1640 sed,
947 1574 1056 1644 ipsa
1089 1573 1230 1637 mihi,
1257 1572 1446 1643 inquit,
1479 1573 1673 1630 dedita

94 1677 238 1748 ligno,
265 1683 313 1728 et
340 1670 662 1726 manducavi.
689 1668 776 1724 Illa
803 1683 948 1733 vero,
976 1667 1214 1737 Serpens,
1238 1665 1427 1734 inquit,
1474 1664 1678 1724 seduxit

94 1784 176 1822 nte.

156 1859 242 1922 59.
283 1857 360 1914 ita
383 1846 633 1918 Salomon
661 1855 742 1909 vir
778 1863 938 1910 tanta:
964 1853 1264 1924 sapientiae,
1292 1852 1680 1922 numquidnam.

95 1951 408 2008 credendum
449 1959 529 2004 est
555 1947 694 2018 quod
740 1948 791 2002 in
821 1947 1227 2004 simulacrorum
1273 1945 1417 2000 cultu
1449 1945 1676 2001 credidit

99 2058 202 2098 esse
250 2041 454 2112 aliquid
510 2040 791 2104 utilitatis?
820 2039 924 2096 Sed
955 2038 1234 2104 mulierum
1278 2038 1448 2102 amori
1479 2037 1676 2098 adhoc

97 2135 278 2191 malum
323 2133 558 2190 trahenti
607 2133 860 2188 resistere
900 2147 1003 2194 non
1033 2131 1248 2197 evaluit,
1289 2131 1488 2186 faciens
1531 2131 1672 2201 quod

100 2227 282 2283 sciebat
300 2241 412 2280 non
457 2240 574 2282 esse
609 2224 924 2288 faciendum,
958 2239 1024 2288 ne
1075 2238 1219 2285 suas,
1264 2223 1457 2292 quibus
1484 2222 1676 2291 deper-

106 2320 385 2390 ibatatque
418 2315 1038 2388 dimuebat,lmprtiieras
1078 2315 1297 2370 delicias
1337 2315 1677 2374 contristaret

105 2409 176 2484 (Il
222 2412 348 2481 Reg.
401 2427 480 2476 χι,
517 2411 594 2480 li).
628 2410 700 2474 ιω
730 2418 782 2464 et
829 2408 1028 2473 Adam,
1059 2416 1403 2478 posteaquam
1431 2407 1500 2461 de
1534 2407 1674 2476 ligno

101 2504 343 2572 prohibito
376 2503 600 2558 seducta
624 2501 813 2557 mulier
844 2500 1194 2565 manducavit,
1231 2501 1388 2570 eique
1425 2501 1572 2556 dedit
1617 2511 1674 2556 ut

102 2595 240 2652 simul
265 2596 512 2661 ederent,
543 2594 708 2648 noluit
729 2609 845 2654 eam
877 2594 1214 2658 contristare,
1237 2609 1396 2663 quam
1424 2593 1684 2654 credebat.

154 2734 169 2762 ί
201 2739 298 2782 Mss.
321 2730 526 2793 aliquot,
561 2728 612 2778 in
633 2728 1090 2793 prrevaricmionem.
1116 2729 1246 2793 Haud
1281 2730 1467 2792 inepte,
1491 2731 1532 2778 si
1553 2731 1676 2779 ratio

102 2792 502 2856 immutandum
530 2792 749 2856 proxime
772 2793 1121 2856 subsequentis
1135 2792 1374 2856 habeatur
1393 2805 1422 2856 γε
1462 2798 1675 2842 attamen

104 2852 285 2926 Apost'oli
310 2864 486 2926 textus
507 2852 696 2926 grmeus
711 2854 883 2926 habet,
903 2852 1260 2926 etipurulmsei,
1277 2855 1406 2918 quod
1427 2861 1675 2915 receptam

103 2915 368 2967 merum
387 2915 606 2967 cod-cum
631 2915 888 2964 lectionem
905 2915 1122 2965 retinere
1140 2919 1284 2979 cogit.

1391 237 1595 296 LIBER
1635 237 2088 298 DUODECIMUS.

3261 253 3369 316 454

1781 375 1941 436 posse
1960 361 2075 416 sine
2099 375 2196 416 suo
2217 359 2404 418 solatio
2431 364 2830 434 contabescere,
2865 367 2910 422 si
2926 367 2994 423 ab
3017 367 3134 440 ejus
3159 369 3352 426 aliena-

1782 464 1928 510 retur
1975 455 2173 520 animo,
2202 461 2257 510 et
2291 456 2508 510 omnino
2555 456 2640 510 illa
2685 457 2903 514 interire
2941 459 3221 516 discordia.
3253 465 3369 520 bon

1783 545 1996 616 quidem
2021 546 2196 601 carnis
2243 546 2414 602 vietus
2442 550 2898 618 concupiscentia,
2920 568 3077 624 quam
3133 554 3365 614 nondum

1782 647 2020 692 senserat
2063 639 2112 692 in
2145 640 2429 694 resistente
2472 641 2586 711 lege
2631 643 2990 698 membrorum
3039 645 3142 716 legi
3173 654 3367 708 utentis

1782 742 1893 784 suae
1913 747 1926 795 ;
1946 729 2038 784 sed
2062 730 2269 786 amicali
2286 732 2508 803 quadam
2533 733 2922 803 benevolentia,
2943 754 3043 809 qua
3061 739 3368 811 plerumque

1783 820 1917 874 iitut
1945 818 2241 876 oll'endatur
2263 822 2422 890 Deus,
2457 840 2522 879 ne
2563 821 2725 878 homo
2754 843 2819 883 ex
2848 828 3016 883 amico
3045 828 3135 883 liat
3185 832 3366 888 inimi—

1781 925 1876 967 cus
1902 929 1912 964 :
1949 910 2089 982 quod
2114 927 2236 968 eum
2281 911 2457 970 facere
2499 932 2604 969 non
2634 915 2902 986 debuisse,
2933 918 3125 977 divina:
3151 916 3370 980 senten-

1782 1005 1868 1060 tice
1893 1004 2068 1074 justus
2093 1008 2264 1062 exitus
2287 1008 2553 1062 indicavit.

1854 1098 1943 1152 60.
1986 1098 2124 1172 Ergo
2154 1099 2258 1154 alio
2301 1101 2458 1156 modo
2503 1101 2731 1170 quodam
2766 1104 2923 1160 etiam
2971 1106 3085 1176 ipse
3114 1107 3368 1179 deceptus

1781 1197 1864 1246 est
1888 1207 1902 1255 ;
1935 1190 2028 1245 sed
2056 1191 2182 1246 dolo
2207 1193 2297 1247 illo
2325 1195 2664 1262 serpentino,
2687 1212 2792 1266 quo
2816 1197 3004 1253 mulier
3022 1200 3236 1256 seducta
3265 1213 3369 1269 est,

1781 1283 1926 1338 nullo
1955 1283 2112 1338 modo
2135 1285 2278 1338 illum
2301 1285 2528 1339 arbitror
2551 1289 2783 1355 potuisse
2801 1289 2982 1348 seduci
3012 1291 3063 1346 in
3092 1293 3182 1346 illo
3205 1293 3365 1350 modo

1780 1389 1889 1444 quo
1920 1373 2004 1427 illa
2035 1374 2222 1443 potuit.
2255 1373 2398 1430 lianc
2429 1385 2603 1431 autem
2629 1380 2841 1448 proprie
2893 1381 3253 1437 seductionem
3277 1400 3371 1452 ap-

1781 1465 1994 1535 pellavit
2023 1466 2326 1535 Apostolus,
2350 1485 2450 1536 qua
2476 1467 2523 1520 id
2553 1469 2699 1540 quod
2741 1469 3081 1537 suadebalut',
3125 1490 3244 1528 cum
3278 1475 3370 1529 lal-

1780 1571 1896 1612 sum
1925 1565 2084 1618 esset.
2103 1573 2288 1613 verum
2319 1569 2552 1628 putatum
2581 1571 2695 1623 est;
2724 1561 2773 1615 id
2804 1573 2905 1629 est,
2935 1564 3071 1630 quod
3097 1565 3232 1620 Deus
3251 1565 3370 1622 ideo

1781 1647 1980 1718 lignum
2015 1647 2140 1702 illttd
2167 1658 2380 1720 tangere
2405 1650 2751 1720 prohibuerit,
2794 1653 2934 1722 quod
2966 1654 3164 1708 sciebat
3191 1673 3306 1722 eos,
3326 1657 3370 1712 si

1783 1739 2096 1808 tetigissent,
2127 1741 2269 1794 velut
2294 1740 2424 1796 deos
2466 1742 2689 1802 futuros,
2739 1753 2987 1813 tanquam
3017 1749 3093 1800 eis
3124 1747 3369 1804 divinita-

1783 1836 1887 1883 tem
1911 1829 2194 1894 invideret,
2231 1832 2320 1900 qni
2348 1848 2442 1887 eos
2471 1832 2714 1887 homines
2751 1833 2965 1890 fecerat.
3000 1835 3103 1891 Sed
3131 1839 3289 1892 etiam
3317 1838 3366 1896 si

1783 1924 1956 1976 virum
1989 1934 2203 1993 propter
2229 1923 2458 1992 ali'iuam
2497 1927 2690 1980 mentis
2716 1927 3022 1994 elationem,
3051 1947 3167 2001 qua:
3199 1930 3368 1986 Deum

1783 2015 2110 2072 inlernorum
2141 2025 2491 2072 scrutatorem
2525 2019 2691 2073 latere
2719 2037 2822 2073 non
2865 2029 3090 2090 poterat,
3116 2022 3371 2077 sollicita-

1780 2106 1855 2159 vit
1884 2106 2057 2176 aliqua
2111 2107 2418 2180 experiendi
2449 2108 2728 2178 cupiditas,
2759 2126 2877 2163 cum
2912 2112 3185 2166 mulierem
3219 2112 3371 2168 vidc-

1780 2208 1861 2252 ret
1889 2209 2105 2268 accepta
2135 2199 2221 2253 illa
2244 2216 2365 2255 esea
2395 2217 2498 2255 non
2518 2217 2638 2258 esse
2671 2214 2950 2268 mortuam,
2983 2205 3272 2262 secundum
3301 2223 3369 2264 ea

1781 2306 1897 2358 qua!
1925 2291 2169 2358 superius
2201 2293 2582 2356 tractavimus;
2614 2311 2717 2348 non
2751 2303 2929 2349 tamen
2963 2312 3080 2348 eum
3118 2296 3366 2364 arbitrer,

1781 2382 1823 2435 si
1842 2382 1950 2449 jam
1983 2383 2240 2451 spirituali
2269 2394 2448 2438 mente
2477 2385 2726 2454 praeditus
2753 2395 2887 2450 erat,
2927 2386 3032 2440 ullo
3061 2387 3217 2442 modo
3256 2403 3372 2444 cre-

1781 2473 1906 2528 dere
1935 2474 2167 2545 potuisse
2197 2474 2336 2548 quod
2368 2492 2461 2529 eos
2505 2475 2641 2530 Deus
2667 2477 2733 2532 al)
2770 2493 2888 2530 esca
2924 2477 3062 2531 illius
3094 2477 3216 2548 ligni
3249 2479 3372 2534 invi-

1780 2564 1956 2621 dendo
1983 2567 2252 2620 vetuisset.
2289 2564 2394 2620 Sed
2411 2567 2534 2636 quid
2565 2566 2755 2637 plura?
2793 2567 3110 2622 Persuasum
3138 2578 3217 2622 est
3247 2569 3378 2626 illud

1782 2668 2056 2726 peccatum
2109 2658 2244 2711 sicut
2290 2659 2595 2728 persuaderi
2644 2658 2836 2714 talibus
2887 2667 3065 2728 posset
3097 2679 3108 2712 :
3137 2661 3376 2716 cesseri-

1782 2758 1927 2818 ptum
1959 2759 2035 2803 est
2068 2759 2242 2806 autent
2268 2751 2401 2803 sicut
2420 2751 2518 2820 legi
2541 2749 2607 2803 ab
2635 2751 2878 2803 omnibus
2904 2761 3195 2824 oporteret,
3224 2755 3322 2808 etsi
3341 2769 3374 2816 ι

1781 2844 1966 2920 paucis
1992 2842 2106 2898 hmc
2138 2842 2562 2913 intelligerentur
2592 2844 2726 2898 sicut
2752 2853 3042 2912 oporteret.

909 3115 1400 3224 LIBER
1477 3121 1577 3223 Ι)
1601 3118 1804 3222 ΠὉ
1821 3117 2346 3226 DECLM
2365 3121 2566 3230 US.

353 3334 411 3382 tn
433 3339 532 3392 quo
554 3325 618 3375 de
641 3324 858 3388 paradiso
883 3325 1094 3382 ettertio
1117 3322 1241 3373 coelo
1263 3336 1361 3378 auo
1381 3330 1549 3386 raptus
1573 3332 1651 3375 est
1674 3326 1865 3387 Paulus,
1887 3327 2054 3394 deque
2076 3327 2798 3397 multiplicivisionumgenere
2816 3335 3102 3398 disputata.

1489 3449 2060 3522 mw...

122 3591 318 3658 CAPUT
358 3589 652 3646 PRIMUM.
684 3620 752 3627 —
783 3586 860 3641 De
891 3588 1125 3657 paradiso
1150 3587 1287 3642 locus
1315 3588 1543 3657 Aposloli
1567 3604 1688 3642 exn-

756 3680 1040 3736 intuendus.

181 3776 228 3830 1.
258 3777 339 3840 Ah
378 3775 602 3836 exordio
634 3774 921 3844 Scriplurae
952 3782 1180 3838 sanctae,
1225 3787 1347 3842 qua)
1386 3771 1691 3838 inscribitur

123 3863 355 3934 Genesis,
401 3866 574 3929 donec
613 3865 771 3920 homo
803 3863 1004 3933 primus
1045 3862 1109 3916 de
1155 3863 1398 3932 paradiso
1440 3863 1692 3918 dimissus

122 3969 208 4025 cst,
236 3961 486 4018 undecim
519 3960 665 4014 libris
701 3959 810 4013 sive
836 3957 1124 4012 asserendo
1160 3967 1320 4026 atqpc
1358 3956 1690 4014 defendendo

123 4064 222 4117 quze
271 4062 423 4107 certa
463 4051 616 4105 nobis
656 4058 820 4113 sunt,
868 4049 978 4102 sive
1016 4048 1328 4119 inquirendo
1367 4050 1380 4079 ¹
1424 4058 1476 4102 et
1519 4049 1691 4104 ambi-

122 4145 273 4212 gendo
298 4147 365 4201 de
391 4146 642 4211 incertis,
673 4161 788 4214 quae
817 4141 1084 4212 potuimus
1104 4184 1117 4208 ,
1150 4150 1203 4196 et
1232 4141 1368 4202 sicut
1403 4141 1689 4209 mulionis,

125 4236 455 4296 disseruimus
507 4247 666 4306 atque
701 4235 1140 4305 conscripsimus;
1181 4248 1285 4292 non
1313 4241 1422 4294 tam
1461 4232 1694 4302 praescrio

125 4327 292 4388 lientes
333 4332 406 4388 de
450 4331 608 4396 rebus
664 4329 902 4388 obscuris
954 4327 1238 4395 unicuique
1281 4325 1406 4396 quid
1455 4326 1690 4392 sentiat,

126 4435 264 4489 quam
293 4439 391 4477 nos
421 4421 692 4476 docendos
727 4421 778 4476 in
805 4419 993 4489 quibus
1020 4419 1372 4480 dubitavimus
1401 4417 1691 4472 ostenden-

127 4520 214 4580 tes,
248 4515 707 4584 temeritatemque
736 4513 1032 4570 alﬁrmandi
1065 4498 1427 4570 amovenles‘a
1458 4511 1656 4566 lectore
1676 4551 1692 4577 ,

128 4608 203 4662 ubi
241 4625 344 4665 non
393 4609 656 4662 valuimus
698 4606 934 4676 praebere
981 4604 1258 4664 sententia:
1297 4604 1597 4658 firmitatem
1621 4605 1641 4634 ²
1677 4621 1690 4656 :

129 4699 216 4758 iste
240 4715 420 4768 autem
450 4701 797 4757 duodecimus
836 4699 969 4754 liber
998 4715 1058 4753 ea
1084 4697 1345 4766 jamcnra
1376 4697 1652 4766 expeditus
1673 4737 1689 4761 ,

128 4811 214 4863 qm
255 4813 352 4856 nos
393 4795 801 4868 pertractandus.
843 4779 1017 4852 textus
1061 4806 1329 4853 sacrarum
1375 4790 1692 4854 Litterarum

129 4892 406 4959 occupabat
427 4933 441 4954 ,
469 4889 689 4946 liberius
714 4895 871 4956 atque
901 4885 1166 4956 prolixius.
1185 4885 1416 4940 versabit
1444 4883 1511 4938 de
1539 4898 1692 4952 para,-

129 4979 232 5036 diso
259 4983 642 5052 quaestionem;
671 4995 738 5036 ne
767 4989 1012 5050 putemur
1043 4978 1288 5040 evitasse,
1319 4976 1462 5047 quod
1491 4975 1696 5036 videtur

132 5071 404 5140 Apostolus
445 5074 498 5128 in
541 5072 700 5127 tertio.
738 5070 877 5127 caelo
922 5069 1194 5130 insinuare
1227 5069 1562 5138 paradisum,
1606 5068 1695 5124 ubi

133 5162 197 5217 ait
226 5183 238 5218 :
270 5167 388 5224 Scio
411 5167 670 5222 hominem
683 5165 734 5218 in
760 5162 958 5224 Christo
980 5173 1094 5226 ante
1112 5180 1272 5218 artatas
1295 5162 1692 5233 qua:uordecim,

135 5255 224 5308 sive
255 5258 309 5311 in
335 5275 542 5330 corpore
573 5258 735 5322 nescio
754 5296 771 5322 ,
813 5256 914 5312 sive
955 5264 1096 5320 extra
1123 5271 1306 5326 corpus
1332 5256 1494 5310 nescio
1515 5295 1528 5319 ,
1557 5253 1696 5310 Deus

133 5349 244 5415 scit,
274 5361 480 5422 raptum
495 5351 744 5424 ejusmodi
780 5366 932 5419 usque
969 5348 1022 5402 in
1049 5349 1244 5404 tertium
1273 5351 1447 5412 cie/um
1479 5365 1496 5402 :
1526 5357 1576 5403 et
1591 5349 1696 5410 scio

137 5442 372 5509 ejusmodi
392 5445 640 5510 Mutinam
663 5444 766 5500 sive
793 5444 844 5508 in
872 5457 1080 5511 corpore
1106 5442 1208 5495 sive
1235 5452 1375 5496 extra
1405 5458 1585 5510 corpus
1611 5458 1699 5495 ne-

135 5532 401 5600 εςίοιῦιιω
424 5538 542 5604 εδει,
565 5537 684 5607 quia
717 5546 890 5606 raptus
916 5544 984 5592 est
1013 5535 1064 5588 in
1086 5533 1376 5604 paradisum
1391 5574 1408 5600 ,
1427 5541 1478 5600 et
1509 5533 1697 5587 audivit

193 5663 208 5730 ξ
230 5669 331 5714 Mss.
352 5664 535 5730 plures,
554 5665 852 5730 inquirendo,
880 5666 1159 5730 arbitrando
1177 5672 1223 5716 et
1244 5662 1546 5730 ambigendo.

194 5726 210 5756 ³
227 5732 290 5790 -ιη,
302 5726 416 5790 MSS:
433 5726 700 5796 plurmum
729 5726 938 5794 scientia
958 5727 1245 5796 lith

1800 3588 2077 3655 ineffabilia
2103 3590 2283 3657 verba,
2314 3607 2430 3663 qua
2469 3611 2569 3652 non
2617 3604 2729 3653 arcet
2772 3595 2961 3652 homini
2997 3596 3130 3663 loqui
3167 3595 3232 3666 (ll
3262 3594 3382 3654 Cor.

1799 3699 1905 3746 xu,
1935 3683 2077 3754 2-4).

1868 3775 1922 3830 2.
1960 3774 2014 3830 in
2057 3775 2144 3836 his
2179 3776 2354 3832 verbis
2382 3777 2626 3847 primum.
2651 3779 2814 3848 quaeri
2860 3778 3050 3841 solet,.
3074 3777 3202 3850 quid
3241 3777 3385 3836 dicat

1799 3869 2016 3922 tertium
2045 3866 2281 3928 coelum:
2315 3867 2536 3931 deinde,
2562 3877 2737 3927 utrum
2779 3867 2883 3924 illic
2916 3868 3132 3937 intelligi
3158 3868 3388 3926 voluerit

1800 3959 2133 4028 paradisum,
2165 3975 2233 4018 an
2263 3970 2605 4031 posteaquam
2632 3971 2813 4032 raptus
2841 3971 2930 4018 cst.
2953 3962 3242 4020 intertium
3271 3977 3384 4022 (ωε

1803 4049 1909 4104 lum
1932 4093 1946 4115 ,
1979 4061 2205 4120 raptum,
2235 4068 2356 4110 esse
2393 4063 2445 4109 et
2494 4054 2546 4112 in
2585 4053 2924 4125 paradisum,
2965 4055 3283 4126 ubicumque
3319 4054 3389 4116 sit

1800 4141 2111 4210 paradisus;
2141 4158 2244 4198 non
2283 4152 2338 4198 ut
2367 4145 2467 4200 hoc
2502 4143 2661 4200 fuerit
2700 4145 2813 4212 rapi
2854 4146 3168 4202 interdum.
3192 4145 3386 4204 (mium

1799 4232 1939 4301 quod
1973 4234 2024 4288 in
2056 4235 2378 4302 paradisum,
2408 4235 2678 4302 sed-prius
2715 4237 2765 4290 in
2808 4237 3024 4294 tertium
3059 4237 3306 4300 caelum,
3332 4245 3388 4293 et

1801 4329 1920 4394 post
1952 4326 2070 4381 inde
2101 4326 2156 4386 in
2180 4328 2504 4395 paradisum.
2538 4328 2732 4385 Ethoc
2760 4329 2836 4382 sic
2865 4330 3169 4399 ambiguum
3194 4337 3297 4394 cst,
3328 4336 3388 4382 ut

1801 4434 1904 4474 non
1936 4420 2062 4476 mihi
2096 4419 2331 4480 videatur
2363 4435 2522 4489 pusse
2545 4421 2764 4480 dissolvi
2785 4464 2798 4485 ,
2831 4423 2946 4478 nisi,
2970 4422 3160 4492 aliquis
3187 4437 3294 4477 non
3320 4435 3385 4477 ex

1801 4509 2152 4578 praesentibus
2193 4513 2434 4580 Apostoli
2463 4513 2642 4570 verbis
2664 4553 2680 4579 ,
2725 4514 2820 4568 sed
2844 4529 2912 4570 ex
2937 4514 3054 4572 aliis
3082 4516 3213 4572 forte
3241 4514 3384 4570 Seria-

1803 4613 2073 4671 pturarum
2103 4603 2269 4670 locis,
2297 4605 2380 4662 vel
2404 4605 2609 4662 ratione
2655 4607 2931 4678 perspicua
2954 4647 2968 4670 ,
3015 4607 3262 4663 inveniat.
3285 4607 3386 4662 ali,

1801 4697 1958 4767 quid,
1989 4713 2093 4766 quo
2119 4697 2306 4756 doceat
2330 4699 2442 4753 sive
2471 4699 2873 4758 iudet-titantem
2902 4715 3025 4756 esse.
3052 4700 3384 4770 paradisum,

1802 4792 1920 4850 sive
1951 4807 2060 4850 non
2088 4808 2236 4858 esset
2266 4809 2387 4854 cum
2418 4794 2664 4863 atansum
2697 4794 2907 4854 tertium
2940 4795 3136 4852 οωιιυι)
3156 4793 3282 4864 quid
3319 4795 3389 4850 sit

1804 4902 1910 4942 non
1935 4885 2134 4956 liquido
2153 4896 2439 4956 appareat,
2473 4896 2670 4946 utrum.
2692 4889 2747 4946 iu
2789 4888 2954 4946 rebus.
2984 4888 3380 4956 mrpondibus,

1801 4995 1876 5040 an.
1888 4979 2093 5044 forteiu
2111 4981 2478 5050 spiritualibus
2510 4980 2910 5049 intelligendum
2939 4982 3028 5036 sit.
3058 4980 3242 5034 Passa
3270 4977 3389 5047 qui-

1802 5070 2054 5136 ἀέξω..άὶρί
2082 5073 2369 5134 nmmisiin
2389 5073 2577 5132 locum.
2601 5073 3183 5142 aliquemcorporalem
3210 5069 3386 5126 homi-

1803 5178 1922 5217 nem
1965 5163 2076 5233 rapi
2110 5166 2341 5234 potuisse
2368 5179 2487 5218 cum
2529 5180 2783 5234 corpore;
2811 5163 3064 5233 sed,qu
3092 5171 3148 5218 et.
3186 5147 3288 5220 ιιυέ
3318 5161 3387 5220 ita

1803 5256 2080 5325 po.sui.t,u.t~
2124 5257 2335 5320 iteagite
2368 5273 2427 5316 se
2470 5257 2902 5324 dixerit,,utrum
2941 5257 2996 5310 iu.
3033 5271 3280 5325 corpore,
3321 5270 3388 5314 au

1805 5358 1952 5404 extra
1983 5352 2510 5421 corpusmaptussit,
2552 5352 2676 5428 quis.
2713 5354 2908 5410 ardeat
2942 5349 3120 5408 dicere
3163 5365 3220 5404 se
3250 5349 3390 5405 scire

1804 5444 2262 5513 lived-semesam:
2298 5445 2582 5514 Ανρειθιω
2608 5444 2785 5502 dixiin?
2816 5442 3267 5506 Verumtmmsi
3299 5457 3374 5497 ne

1805 5537 2298 5608 (ιμθερίκίωδεείυβ
2323 5535 2645 5606 mporead
2682 5536 2798 5592 loca
2814 5535 3116 5604 corporalia
3152 5536 3382 5605 rapi-po.

1806 5637 1942 5690 test,
1977 5645 2086 5690 nec,
2115 5629 2432 5697 corpusad.
2454 5627 2785 5698 spirituaiia,
2808 5626 2949 5690 haec
2983 5627 3389 5696 ipsadubitatio

1804 5720 1919 5788 ejus
1948 5720 2092 5784 velut
2109 5718 2817 5800 _eogit_intewgi.(siquidem
2843 5719 2908 5776 de
2933 5719 3108 5794 seipso
3135 5720 3246 5778 haec
3265 5733 3389 5782 eum
