3902 6300
560 269 666 337 858

561 388 839 458 scripsisse
863 400 1022 444 nemo
1047 382 1319 460 ambigit),
1352 385 1456 441 tale
1479 385 1642 442 fuisse
1674 386 1799 442 illud
1825 403 1930 458 quo
1957 395 2142 456 raptus

559 489 673 545 est,
690 480 831 550 quod
848 489 1024 536 utrum
1035 478 1307 548 corporale
1326 493 1393 534 an
1418 478 1692 550 spirituale
1718 489 1880 548 esset,
1900 477 2138 550 dignosci

563 573 898 645 discernique
926 587 1032 628 non
1060 580 1263 643 posset.

558 664 782 723 CAPUT
823 665 889 722 ll.
913 694 986 707 —
1003 663 1298 736 Apostolum
1317 664 1538 736 potuisse
1560 666 1751 721 nescire
1772 683 1839 720 an
1863 673 2004 721 extra
2027 681 2142 720 cor-

765 773 861 829 pus
885 757 1179 828 paradisum
1205 757 1402 826 uiderit,
1429 759 1474 812 si
1499 759 1622 812 vidit
1647 759 1700 813 in
1724 759 1923 814 eestasi.

622 849 678 906 5.
707 846 840 905 Cum
870 850 1010 905 enim
1032 850 1114 906 vel
1144 850 1196 906 in
1227 850 1449 915 somnis,
1481 853 1567 907 vel
1603 852 1654 907 in
1685 853 1878 908 ecstasi
1904 894 1919 920 ,
1947 868 2138 923 corpo-

552 957 672 998 rum
691 943 1065 1013 exprimuntur
1089 943 1365 1014 imagines,
1393 959 1498 999 non
1523 944 1899 1001 discernuntur
1919 947 2136 1001 omnino

551 1049 582 1089 a
607 1035 919 1104 corporibus
939 1077 957 1102 ,
998 1034 1099 1090 nisi
1131 1051 1252 1090 cum
1281 1035 1440 1090 homo
1471 1037 1713 1092 redditus
1738 1038 1983 1092 sensibus
2011 1031 2134 1092 cor-

553 1127 729 1196 poris,
762 1127 1092 1197 recognoscit
1118 1141 1178 1181 se
1205 1126 1256 1181 in
1291 1127 1397 1183 illis
1437 1127 1598 1183 fuisse
1626 1129 1974 1199 imaginibus,
2002 1143 2134 1199 quas

549 1234 655 1274 non
688 1235 782 1287 per
808 1233 1023 1273 sensum
1062 1219 1300 1288 corporis
1342 1217 1639 1274 hauriebat.
1682 1219 1812 1288 Quis
1841 1221 1983 1274 enim
2013 1234 2132 1274 cum

546 1323 580 1364 a
607 1323 794 1364 somno
822 1309 1169 1379 evigilaverit,
1199 1323 1306 1363 non
1332 1309 1584 1364 continuo
1613 1310 1806 1364 sentiat
1826 1309 2133 1380 imaginaria

545 1398 708 1455 tuisse
740 1415 858 1470 quae
905 1399 1154 1466 videbat,
1202 1400 1445 1470 quamvis
1489 1417 1609 1455 cmn
1657 1415 1718 1455 ea
1765 1401 1968 1456 videret
2009 1401 2133 1456 dor-

544 1493 735 1555 miens,
783 1508 814 1546 a
857 1491 1184 1562 vigilantium
1234 1493 1599 1562 corporalibus
1649 1494 1778 1548 visis
1822 1493 2133 1548 discernere

544 1598 651 1638 non
679 1581 922 1636 valebat?
941 1581 1251 1651 Quanquam
1279 1584 1405 1637 mihi
1426 1584 1684 1640 accidisse
1704 1584 1835 1647 scio,
1861 1595 1914 1639 et
1933 1585 2001 1640 ob
2029 1586 2132 1641 hoc

546 1675 707 1731 etiam
738 1675 855 1729 aliis
891 1675 1134 1731 accidere
1173 1676 1410 1745 potuisse
1453 1677 1537 1730 vel
1577 1691 1732 1746 posse
1767 1693 1870 1731 non
1907 1677 2124 1746 dubito,

547 1773 607 1822 ut
634 1765 685 1820 in
714 1765 917 1820 somnis
946 1764 1133 1820 vidi-ns
1155 1807 1171 1833 ,
1212 1766 1264 1820 iu
1295 1766 1498 1821 somnis
1524 1782 1611 1821 me
1636 1767 1815 1846 videre
1839 1768 2126 1834 sentirem;

544 1857 770 1930 illasque
791 1858 1067 1929 imagines,
1089 1873 1209 1929 qua:
1230 1859 1400 1928 ipsam
1425 1867 1660 1914 nostram
1683 1861 2088 1916 consensionem
2110 1862 2127 1893 ³

543 1948 814 2006 ludiﬁcare
839 1957 1250 2014 consueverunt,
1285 1965 1388 2003 non
1426 1963 1546 2006 esse
1583 1966 1705 2004 vera
1744 1966 1964 2021 corpora
1989 1991 2003 2012 .
2034 1951 2128 2006 sed

543 2038 599 2096 in
626 2039 828 2094 somnis
853 2054 943 2094 eas
967 2039 1272 2108 praesentari
1299 2040 1622 2106 lirmissime,
1646 2039 1805 2094 etiam
1833 2039 2124 2106 dormiens,

543 2138 782 2186 tenerem
798 2139 955 2198 atque
970 2130 1241 2185 sentirem.
1263 2129 1375 2184 Hoc
1393 2140 1568 2185 tamen
1588 2129 2124 2201 fallebaraliquaudo,

539 2223 684 2294 quod
713 2223 885 2277 amico
906 2237 1047 2289 meo,
1075 2238 1233 2293 quem
1256 2223 1502 2278 similiter
1531 2224 1583 2278 iu
1608 2225 1812 2279 somnis
1845 2225 2088 2280 videbam
2108 2267 2122 2292 ,

541 2313 770 2384 idipsum
813 2314 1134 2384 persuadere
1160 2314 1394 2369 conabar
1413 2356 1428 2380 ,
1460 2330 1564 2370 non
1595 2330 1715 2370 esse
1743 2316 1831 2370 illa
1861 2332 2082 2386 corpora
2109 2360 2122 2386 ,

539 2419 660 2475 qure
685 2403 1011 2468 videbamus,
1041 2403 1133 2459 sed
1157 2419 1277 2460 esse
1300 2405 1556 2475 imagines
1577 2406 1977 2473 somniantium,
2003 2423 2124 2463 cum

541 2503 597 2551 et
634 2494 747 2564 ipse
777 2495 956 2565 utique
993 2493 1130 2549 inter
1153 2494 1242 2548 illa
1271 2495 1352 2551 sic
1378 2494 1506 2549 mihi
1535 2507 1819 2567 appareret
1860 2498 2125 2568 quomodo

540 2585 631 2642 illa
663 2603 678 2640 :
709 2585 792 2641 cui
829 2595 885 2642 et
910 2585 1011 2641 hoc
1034 2586 1273 2642 dicebam
1295 2629 1309 2652 ,
1338 2603 1512 2659 neque
1539 2589 1590 2643 id
1614 2605 1796 2645 verum
1827 2606 1946 2647 esse
1983 2592 2125 2662 quod

543 2678 742 2749 pariter
763 2677 1124 2747 loqueremur,
1144 2678 1236 2733 sed
1255 2680 1415 2734 etiam
1434 2679 1603 2749 ipsum
1623 2689 1746 2736 tunc
1762 2681 1904 2737 aliud
1928 2683 2124 2753 aliquid

540 2769 723 2825 videre
742 2769 1116 2835 dormientem,
1139 2779 1194 2825 et
1210 2779 1382 2824 utrum
1405 2771 1503 2825 ista
1526 2787 1624 2842 ego
1650 2773 1884 2828 viderem
1909 2775 2124 2828 omnino

539 2875 646 2915 non
677 2860 842 2925 scire;
863 2875 1044 2915 verum
1069 2875 1190 2916 cum
1213 2861 1387 2917 eidem
1410 2862 1510 2932 ipsi
1531 2864 1849 2932 persuadere
1870 2865 2126 2920 moliebar

541 2951 685 3023 quod
707 2953 819 3022 ipse
843 2966 949 3007 non
977 2959 1144 3022 esset,
1171 2953 1470 3009 adducebar
1493 2970 1556 3008 ex
1588 2967 1735 3025 parte
1760 2957 1918 3010 etiam
1950 2957 2122 3028 ipsum

547 3053 734 3115 putare
754 3057 893 3108 esse,
916 3045 1000 3100 cui
1022 3043 1260 3114 profecto
1289 3060 1396 3099 non
1423 3045 1689 3114 loquerer,
1724 3045 1769 3099 si
1797 3047 1941 3100 omni
1965 3047 2124 3102 modo

538 3135 617 3190 sic
655 3133 896 3190 aﬂicerer
921 3134 1063 3206 quod
1105 3135 1218 3205 ipse
1262 3149 1368 3190 non
1403 3143 1568 3190 esset.
1609 3133 1686 3188 lta
1729 3150 1833 3189 non
1881 3145 2118 3205 poterat,

547 3227 790 3300 quamvis
850 3227 1164 3283 mirabiliter
1217 3228 1473 3297 vigilans,
1532 3227 1710 3281 anima
1767 3227 2119 3298 dormientis,

539 3318 645 3374 nisi
683 3318 802 3375 duci
845 3319 1162 3390 imaginibus
1198 3333 1483 3389 corporum
1507 3359 1524 3386 ,
1562 3332 1626 3373 ac
1667 3319 1713 3374 si
1747 3333 1972 3392 corpora
2009 3321 2124 3392 ipsa

541 3418 743 3466 essent.

612 3501 669 3558 4.
696 3501 752 3558 ln
782 3502 974 3558 ecstasi
993 3511 1169 3557 autem
1195 3517 1362 3558 unum
1386 3500 1571 3556 audire
1592 3503 1760 3572 potui,
1799 3511 1856 3559 et
1879 3519 1998 3560 eum
2028 3521 2123 3561 ru-

545 3595 806 3654 sticanum
832 3595 919 3650 vix
944 3595 1207 3651 valentem
1233 3594 1375 3665 quod
1399 3593 1660 3650 sentiebat
1683 3597 2007 3666 exprimere,
2033 3599 2122 3669 qui

521 3697 602 3744 [et
625 3687 843 3758 vigilare
879 3702 939 3744 se
973 3687 1172 3754 sciret,
1214 3694 1270 3742 et
1311 3686 1494 3744 videre
1533 3687 1784 3759 quiddam
1823 3703 1930 3744 non
1958 3691 2124 3746 oculis

544 3779 806 3849 corporis.
838 3777 970 3833 Nam
997 3785 1054 3833 ut
1081 3777 1197 3848 ejus
1226 3777 1401 3835 verbis
1427 3789 1546 3834 utar
1563 3820 1577 3844 ,
1606 3789 1860 3851 quantum
1888 3783 2124 3839 recolere

543 3883 760 3941 possum
789 3887 805 3924 :
831 3870 1022 3926 Anima
1046 3883 1186 3937 mea,
1209 3869 1399 3940 inquit,
1423 3869 1632 3925 videbat
1660 3886 1805 3939 eum,
1837 3887 1940 3927 non
1983 3873 2122 3929 oculi

548 3959 676 4016 mei.
700 3959 816 4015 Non
844 3970 1022 4017 tamen
1043 3959 1243 4016 sciebat
1264 3969 1438 4015 utrum
1461 3977 1653 4031 corpus
1671 3974 1832 4031 esset,
1860 3978 1930 4018 an
1951 3966 2125 4037 imago

543 4051 805 4121 corporis.
831 4049 947 4105 Non
973 4051 1116 4107 enim
1143 4061 1260 4106 erat
1290 4051 1432 4118 talis,
1463 4060 1519 4107 ut
1540 4053 1641 4108 ista
1660 4054 2006 4125 discerneret,
2036 4072 2125 4112 vc-

547 4156 666 4198 rum
697 4151 805 4198 tam
829 4140 1140 4212 simpliciter
1166 4141 1338 4198 tldelis
1359 4181 1376 4209 ,
1406 4151 1464 4197 ut
1489 4158 1609 4198 eum
1649 4144 1726 4198 sic
1750 4145 1986 4202 audirem
2004 4187 2022 4214 ,
2061 4162 2125 4203 ac

541 4232 591 4292 si
610 4232 741 4291 illud
764 4233 905 4306 quod
934 4249 996 4290 se
1018 4234 1213 4292 vidisse
1240 4236 1507 4302 narrabat,
1531 4235 1646 4306 ipse
1673 4236 1940 4293 vidissem.

620 4326 674 4382 5.
701 4328 780 4382 Ac
826 4341 922 4398 per
964 4325 1069 4382 hoc
1100 4327 1146 4382 si
1191 4327 1488 4398 paradisum
1528 4327 1720 4383 Paulus
1761 4329 1830 4383 ita
1868 4330 2023 4398 vidit,
2068 4342 2124 4389 ut

545 4419 792 4490 apparuit
826 4418 986 4476 Petro
1017 4419 1106 4474 ille
1141 4418 1320 4475 discus
1346 4420 1642 4476 submiSsus
1665 4436 1698 4476 e
1719 4422 1856 4478 caelo
1889 4421 2022 4496 (Act.
2050 4441 2118 4492 x,

541 4509 633 4581 il)
651 4550 667 4574 ,
689 4520 746 4566 ut
771 4509 961 4566 Joanni
986 4509 1242 4583 quidquid
1271 4511 1326 4566 in
1351 4512 1671 4584 Apocalypsi
1693 4528 1751 4569 se
1776 4515 1971 4571 vidisse
1995 4532 2122 4572 con-

543 4601 758 4672 scripsit
786 4602 966 4675 (Apoc.
1003 4618 1057 4670 ι,
1087 4602 1155 4659 12
1173 4644 1187 4670 ,
1215 4603 1334 4675 etc.)
1357 4645 1373 4672 ,
1412 4613 1470 4660 ut
1497 4605 1763 4661 Ezechieli
1789 4622 2006 4678 campus
2033 4609 2122 4664 ille

543 4708 665 4750 cum
709 4694 919 4751 ossibus
961 4705 1293 4752 mortuorum
1341 4705 1397 4753 et
1439 4697 1527 4753 illa
1572 4713 1756 4755 eorum
1801 4701 2121 4756 resurrectio

547 4783 758 4858 (Eucti.
784 4801 1006 4853 xxxvn,
1036 4787 1226 4859 1-10),
1272 4797 1330 4844 ut
1367 4788 1516 4844 Isaiae
1551 4789 1746 4845 sedens
1775 4790 1946 4858 Deus,
1986 4803 2041 4848 et
2066 4794 2119 4847 in

541 4887 832 4948 conspectu
865 4875 978 4946 ejus
1002 4877 1280 4948 Seraphim
1300 4919 1316 4946 ,
1345 4887 1400 4934 et
1432 4895 1525 4936 ara
1551 4881 1691 4937 unde
1723 4881 1885 4937 carbo
1909 4899 2119 4939 assum-

540 4979 664 5042 ptus
694 4970 969 5041 Propheta
995 4969 1132 5026 labia
1161 4972 1436 5028 mandavit
1463 4971 1612 5046 (Isai.
1641 4990 1692 5030 vt
1718 5016 1734 5042 ,
1763 4976 1920 5048 4-7);
1951 4977 2120 5032 mani-

541 5064 734 5122 festum
768 5073 850 5120 est
885 5079 1007 5121 eum
1037 5064 1282 5136 ignorare
1305 5066 1538 5137 potuisse
1565 5077 1741 5124 utrum
1767 5068 1822 5124 in
1860 5082 2118 5140 corpore,

539 5172 609 5214 an
633 5166 784 5214 extra
808 5172 1003 5232 corpus
1023 5172 1088 5215 ea
1117 5157 1325 5214 viderit.

539 5246 767 5306 CAPUT
800 5248 888 5306 ιιι.
918 5279 995 5293 —-
1019 5249 1290 5322 Apostolus
1316 5259 1480 5307 certus
1509 5266 1563 5306 se
1586 5250 1768 5307 vidisse
1789 5251 1992 5306 tertium
2017 5268 2119 5308 cae-

878 5342 1017 5408 lum,
1054 5342 1271 5398 incertus
1296 5342 1545 5414 quomodo
1581 5343 1779 5398 viderit.

613 5434 667 5491 6.
698 5433 805 5492 Sed
834 5435 879 5490 si
922 5446 1072 5492 extra
1111 5450 1306 5508 corpus
1343 5438 1455 5492 visa
1484 5444 1636 5502 sunt,
1675 5445 1729 5492 et
1763 5450 1987 5507 corpora
2013 5453 2119 5494 non

542 5527 787 5592 fuerunt.
831 5527 1006 5584 adhuc
1042 5529 1206 5600 quaeri
1245 5536 1416 5600 potest
1439 5536 1615 5584 utrum
1646 5528 1902 5600 imagines
1924 5544 2117 5600 corpo-

539 5621 884 5678 rum'tueriut
905 5659 922 5686 ,
959 5636 1027 5677 an
1055 5635 1120 5678 ea
1157 5622 1452 5681 substantia
1489 5638 1610 5696 quas
1646 5623 1845 5680 nullam
1881 5623 2120 5695 corporis

532 5726 538 5743 "
605 5735 1990 5805 'Editi,consuetudinem:proquottns.,cansatssmem.

1509 272 1600 330 DE
1638 269 1887 331 GENESI
1925 273 2016 329 ΑΙ)
2053 274 2421 344 LITTERAM,
2461 276 2516 333 s.
2558 275 2926 336 AUGUSTlNl
3675 294 3759 356 (.56

2247 388 2642 447 similitudinem
2670 394 2825 463 gerit,
2856 395 2991 450 sicut
3024 394 3164 452 Deus
3182 438 3195 461 ,
3227 397 3360 454 sicut
3388 399 3494 470 ipsa
3519 418 3653 462 meus
3676 409 3758 467 ho-

2245 481 2425 548 minis,
2449 483 2529 538 vel
2557 482 2919 556 iutelligeutia,
2943 488 3025 541 vel
3062 489 3214 554 ratio,
3243 492 3377 546 sicut
3405 495 3632 565 virtutes,
3660 518 3761 570 prn-

2244 570 2445 637 dentia,
2466 573 2686 642 justitia,
2711 578 2944 641 castitas,
2973 576 3220 641 charitas.
3247 582 3427 651 pietas,
3459 595 3510 639 et
3533 602 3760 656 quzncum-

2245 676 2350 732 que
2407 663 2524 718 aliae
2573 675 2715 732 sunt,
2763 683 2895 737 quas
2945 668 3284 741 intelligendo
3333 682 3484 745 atque
3520 681 3754 749 cogitando

2243 768 2615 812 enumeramus
2639 799 2652 822 ,
2683 757 3035 815 discernimus
3059 802 3075 827 ,
3106 761 3383 819 deﬁnimus
3410 809 3424 831 ,
3465 783 3562 822 non
3613 772 3758 842 utique

2243 846 2508 904 intuentes
2548 850 2863 907 lineamenta
2905 868 3087 908 earum
3133 855 3217 910 vel
3259 858 3493 924 colores,
3533 869 3615 915 aut
3652 879 3760 934 quo-

2243 938 2402 993 modo
2441 951 2651 1008 sonent,
2686 950 2776 996 aut
2817 943 2941 1012 quid
2981 948 3175 1011 oleant,
3227 957 3316 1000 aut
3361 949 3482 1018 quid
3521 953 3653 1006 inore
3689 969 3760 1008 sa-

2243 1029 2410 1098 piant,
2447 1045 2536 1086 aut
2559 1032 2682 1102 quid
2709 1037 3158 1090 contrectantibus
3182 1036 3250 1092 de
3286 1039 3459 1095 calore
3490 1041 3758 1114 seuirigore,

2241 1126 2571 1183 mollitudine
2610 1144 2704 1184 seu
2750 1129 2975 1195 duritia,
3013 1131 3231 1186 lenitate
3267 1147 3362 1189 seu
3405 1138 3665 1205 asperitate
3694 1155 3760 1194 re-

2241 1217 2517 1280 nuntient;
2556 1217 2647 1273 sed
2674 1219 2775 1272 alia
2801 1219 3026 1289 quadam
3053 1221 3273 1289 visione,
3301 1222 3402 1276 alia
3430 1223 3566 1291 luce,
3591 1227 3677 1281 alia
3697 1244 3764 1284 re-

2241 1322 2358 1360 rum
2381 1307 2642 1363 evidentia
2658 1351 2672 1376 ,
2696 1319 2749 1364 et
2773 1324 2835 1365 ea
2861 1310 3016 1382 longe
3035 1313 3245 1369 caeteris
3266 1319 3614 1384 praestantiore
3634 1329 3762 1390 atque

2239 1399 2487 1454 certiore.

2310 1491 2361 1543 7.
2393 1490 2594 1548 Rursus
2629 1493 2788 1563 igitur
2813 1493 2880 1549 ad
2908 1494 3093 1550 eadem
3125 1497 3238 1567 ipsa
3267 1500 3503 1570 Apostoli
3531 1502 3671 1558 verba
3690 1520 3757 1560 re-

2239 1578 2481 1649 deamus,
2509 1595 2560 1637 et
2583 1600 2643 1638 ea
2675 1584 2978 1656 diligentius
3011 1599 3420 1658 perscrutemur,
3449 1593 3547 1649 hoc
3568 1596 3665 1650 sine
3686 1597 3762 1651 du—
3856 1611 3857 1620 ‘

2235 1670 2488 1727 bitatione
2528 1676 2769 1743 primitus
2791 1679 3080 1746 constituto
3098 1721 3112 1745 ,
3153 1683 3322 1737 multo
3347 1685 3508 1752 magis
3533 1695 3671 1756 atque
3693 1687 3758 1740 in-

2237 1765 2670 1833 comparabiliter
2711 1769 2938 1837 amplius
2974 1771 3289 1840 Apostolum
3337 1774 3527 1840 scisse,
3555 1776 3676 1845 quod
3711 1778 3760 1830 de

2234 1855 2545 1926 incorporea
2567 1875 2924 1930 corporeaque
2951 1871 3134 1916 natura
3165 1880 3263 1920 nos
3289 1874 3344 1917 ut
3363 1867 3578 1921 sciamus
3596 1878 3762 1922 utcum-

2235 1963 2356 2017 que,
2388 1964 2660 2004 conamur.
2689 1949 2745 2005 Si
2772 1967 2896 2021 ergo
2925 1953 3142 2018 sciebat,
3167 1955 3452 2026 spiritualia
3478 1974 3563 2026 per
3581 1973 3754 2028 corpus,

2233 2039 2528 2107 corporalia
2568 2051 2715 2095 extra
2753 2056 2948 2110 corpus
2990 2043 3156 2097 videri
3199 2048 3416 2100 omnino
3462 2062 3558 2101 non
3603 2062 3757 2115 posse;

2230 2143 2330 2183 cur
2359 2145 2462 2184 non
2491 2145 2584 2199 per
2605 2146 2665 2184 ea
2689 2131 2802 2200 ipsa
2832 2149 2950 2201 qua:
2978 2133 3127 2200 vidit,
3157 2136 3423 2204 quomodo
3449 2139 3594 2190 etiam
3615 2146 3760 2206 potue-

2231 2221 2300 2273 rit
2329 2220 2507 2275 vidcre
2530 2263 2545 2287 ,
2577 2221 2866 2276 decrevit?
2908 2221 2963 2278 Si
3010 2223 3152 2279 enim
3197 2235 3375 2280 certus
3415 2236 3521 2281 erat
3556 2227 3631 2280 illa
3666 2241 3759 2282 esse

2231 2312 2543 2380 Spiritualia,
2575 2329 2670 2368 cur
2694 2329 2801 2368 non
2832 2326 3222 2386 consequenter
3249 2327 3393 2373 extra
3422 2334 3603 2388 corpus
3632 2333 3683 2372 ea
3713 2333 3760 2374 se

2230 2402 2428 2458 vidisse
2449 2409 2626 2458 certus
2661 2403 3004 2460 nihilominus
3043 2407 3197 2461 erat?
3225 2407 3278 2462 Si
3314 2417 3484 2462 autem
3511 2407 3757 2478 corporalia

2229 2509 2350 2550 esse
2385 2505 2636 2563 noverat,
2678 2498 2886 2551 nonnisi
2927 2514 3020 2566 per
3047 2514 3243 2569 corpus
3269 2501 3429 2556 videri
3459 2501 3666 2570 potuisse
3686 2514 3761 2554 cur

2229 2602 2334 2641 non
2363 2588 2521 2642 etiam
2553 2589 2815 2644 noverat?
2847 2588 2995 2645 Unde
3019 2605 3146 2661 ergo
3169 2591 3377 2646 dubitat
3405 2605 3566 2647 utrum
3595 2592 3641 2646 in
3664 2605 3758 2645 cor-

2229 2693 2358 2747 pore
2383 2694 2448 2732 an
2477 2690 2623 2733 extra
2649 2693 2840 2749 corpus
2878 2695 2940 2734 ea
2982 2680 3208 2746 viderit,
3250 2682 3350 2736 nisi
3394 2681 3524 2736 forte
3547 2682 3608 2735 ita
3631 2681 3757 2735 etiam
3856 2685 3857 2736 Ξ

2228 2768 2431 2822 dubitat
2461 2777 2636 2822 utrum
2667 2769 2751 2822 illa
2779 2784 3002 2839 corpora
3031 2785 3100 2824 an
3126 2770 3496 2827 similitudines
3519 2785 3756 2842 corporum

2228 2856 2461 2912 fuerint?
2501 2859 2654 2913 Prius
2683 2860 2863 2930 itaque
2895 2860 3164 2916 videamus
3189 2862 3318 2932 quid
3353 2865 3419 2918 sit
3446 2863 3495 2916 in
3523 2864 3755 2917 verborum

2227 2947 2451 3004 istorum
2476 2951 2816 3006 cuntextione
2847 2950 2984 3006 unde
3011 2968 3116 3007 non
3142 2951 3379 3021 dubitet,
3406 2963 3553 3025 atque
3578 2953 3640 3007 ita
3661 2965 3757 3005 cuiu

2228 3043 2545 3097 remanserit
2581 3043 2721 3097 unde
2758 3042 2997 3116 dubitet,
3025 3045 3272 3099 fortassis
3300 3061 3366 3102 ex
3406 3046 3484 3100 his
3507 3045 3569 3100 de
3601 3042 3754 3114 quibus

2229 3150 2334 3189 non
2383 3135 2627 3201 dubitat,
2685 3136 2954 3206 quomodo
3004 3137 3165 3192 etiam
3215 3138 3346 3194 illud
3393 3137 3754 3224 dubitet'appa-

2227 3227 2382 3282 rebit.

2298 3320 2352 3374 8.
2383 3319 2523 3384 Scio,
2553 3320 2740 3390 inquit,
2772 3320 3022 3374 hominem
3044 3320 3096 3374 in
3122 3320 3323 3376 Christo
3351 3329 3464 3376 ante
3485 3335 3628 3374 annos
3652 3333 3753 3388 qla-

2229 3410 2524 3476 tuordecim,
2559 3411 2660 3464 sive
2679 3412 2732 3464 in
2756 3427 2965 3479 corpore
2992 3413 3178 3476 nescio,
3217 3413 3318 3468 sive
3345 3423 3480 3467 extra
3511 3426 3669 3480 corpus
3689 3423 3756 3459 ne-

2227 3504 2350 3566 scio,
2381 3501 2520 3556 Deus
2551 3503 2664 3568 scit,
2695 3513 2897 3573 raptum
2922 3505 3166 3574 ejusmodi
3203 3521 3360 3576 usque
3396 3505 3447 3558 in
3471 3503 3650 3558 tertium
3678 3513 3755 3552 cte-

2228 3593 2348 3648 lum.
2392 3591 2504 3649 Scit
2543 3609 2670 3664 ergo
2705 3602 2827 3649 ante
2865 3610 3034 3649 annos
3071 3597 3463 3664 quatuordecim
3501 3595 3547 3648 in
3581 3589 3754 3646 Christo

2227 3695 2433 3755 raptum
2457 3685 2726 3740 hominem
2755 3701 2920 3755 usque
2939 3686 3004 3739 ad
3033 3687 3245 3740 tertium
3266 3688 3476 3752 cwlum,
3505 3684 3599 3739 hoc
3619 3682 3753 3736 omni.

2229 3794 2298 3833 no
2329 3794 2432 3833 non
2460 3777 2694 3844 dubitat;
2727 3793 2826 3833 nec
2856 3793 2950 3832 nos
2978 3793 3105 3846 ergo
3134 3779 3434 3835 dubitemus
3463 3798 3475 3833 :
3505 3776 3588 3833 sed
3614 3785 3753 3828 utrum

2228 3871 2282 3925 in
2311 3885 2536 3941 corpore
2559 3887 2626 3924 an
2655 3882 2803 3925 extra
2829 3886 3048 3941 corpus,
3080 3870 3322 3939 dubitat;
3354 3873 3488 3928 unde
3522 3871 3604 3925 illo
3625 3864 3753 3921 dubi-

2229 3971 2400 4029 tante,
2445 3963 2563 4033 quis
2597 3972 2834 4018 nostrum
2865 3972 3040 4018 certus
3078 3979 3197 4018 esse
3238 3964 3459 4018 audeat?
3485 3960 3607 4016 Nunt
3645 3956 3754 4010 forte

2229 4055 2352 4109 hinc
2389 4055 2549 4109 etiam
2589 4054 2716 4109 illud
2751 4070 3081 4125 consequens
3121 4057 3224 4110 erit
3263 4066 3316 4110 ut
3357 4056 3557 4110 tertium
3591 4048 3754 4104 caelum

2227 4145 2391 4201 fuisse
2409 4147 2727 4212 dubitemus,
2753 4161 2856 4216 quo
2878 4156 3080 4216 raptum
3105 4145 3373 4201 hominem
3399 4143 3558 4200 dixit?
3574 4142 3621 4197 Si
3638 4138 3753 4194 enim

2229 4252 2318 4292 res
2339 4239 2450 4307 ipsa
2474 4237 2836 4292 demonstrata
2863 4247 2964 4300 est,
2998 4239 3208 4292 tertium
3251 4238 3440 4294 ctelum
3468 4237 3754 4290 demonstra-

2230 4339 2338 4383 tum
2374 4338 2495 4384 est:
2528 4331 2570 4384 si
2613 4339 2788 4384 autem
2819 4330 2992 4400 imago
3020 4331 3188 4400 aliqua
3221 4331 3561 4401 corporalium
3599 4321 3752 4380 similis

2227 4420 2363 4476 facta
2407 4429 2674 4488 est,.non
2722 4429 2836 4475 erat
2871 4421 2998 4476 illud
3045 4422 3260 4477 tertium
3308 4425 3525 4487 cretum,
3563 4416 3645 4472 sed
3682 4412 3751 4466 illa

2228 4513 2462 4568 ostensio
2492 4514 2567 4568 sic
2595 4513 2833 4568 ordinata
2861 4523 2942 4568 est
2961 4555 2975 4578 ,
3010 4525 3063 4568 ut
3092 4514 3360 4571 videretur
3388 4515 3482 4569 sibi
3507 4505 3752 4566 ascendere

2227 4606 2454 4677 primum
2501 4606 2726 4672 cmlum,
2771 4620 2933 4674 super
2972 4606 3112 4674 quod
3155 4591 3358 4661 videret
3397 4604 3630 4662 alterum,
3667 4607 3752 4662 quo

2227 4714 2412 4755 rursus
2455 4699 2749 4755 ascendens
2778 4700 2968 4754 iterum
3011 4700 3233 4754 alterum
3280 4699 3477 4754 videret
3513 4688 3749 4762 superius.

2227 4807 2329 4862 quo
2353 4807 2474 4847 cum
2499 4791 2841 4860 pervenisset,
2874 4799 3051 4859 posset
3077 4789 3254 4845 dicere
3281 4806 3337 4845 se
3367 4791 3414 4842 in
3441 4785 3633 4841 tertium
3658 4790 3749 4832 cat-

2226 4882 2336 4937 lum
2363 4890 2590 4952 raptum.
2619 4880 2724 4935 Sed
2749 4879 2872 4935 illud
2899 4880 3037 4952 quod
3065 4881 3274 4934 tertium
3296 4879 3479 4934 caelum
3501 4878 3645 4935 esset,
3665 4879 3750 4936 quo

2226 4984 2408 5045 raptus
2436 4984 2512 5030 est
2535 5016 2551 5041 ,
2584 4989 2751 5044 neque
2779 4973 3068 5039 dubitavit,
3101 4988 3272 5044 neque
3297 4972 3527 5027 dubitare
3557 4977 3644 5020 nos
3677 4973 3752 5010 v0-

2227 5065 2324 5121 luit
2357 5084 2370 5120 :
2401 5065 2466 5120 ad
2494 5066 2592 5120 hoc
2617 5064 2756 5120 enim
2784 5065 3039 5137 prauuisit
3057 5107 3072 5131 ,
3107 5064 3227 5120 Scio
3247 5106 3260 5130 ,
3291 5073 3342 5118 et
3365 5061 3481 5116 inde
3501 5055 3676 5125 cepit,
3703 5056 3747 5103 ut

2226 5158 2280 5213 id
2309 5158 2449 5228 quod
2472 5173 2529 5214 se
2554 5159 2689 5213 scire
2717 5159 3000 5229 Apostolus
3020 5158 3168 5224 dicit,
3197 5157 3339 5212 solus
3367 5155 3453 5210 ille
3477 5166 3573 5207 non
3595 5143 3748 5201 credat

2227 5263 2408 5304 verum
2438 5264 2556 5304 esse
2575 5290 2590 5316 ,
2619 5249 2708 5320 qui
2736 5265 2841 5304 non
2872 5250 3038 5304 credit
3065 5247 3336 5319 Apostolo.

2226 5353 2448 5412 CAPUT
2485 5352 2574 5408 IV.
2597 5383 2669 5394 —-
2720 5352 2846 5407 Vere
2888 5350 3086 5407 tertium
3125 5350 3300 5404 caelum
3335 5347 3484 5418 fuisse
3520 5337 3636 5396 illud
3666 5345 3745 5402 quo

2297 5459 2472 5520 raptus
2504 5458 2575 5503 est
2613 5448 2896 5517 Apostolus.
2924 5444 3205 5517 Difﬁcultas
3245 5438 3485 5512 quomodo
3514 5425 3744 5529 Apostolut

2295 5552 2456 5597 certus
2480 5540 2542 5594 sit
2566 5538 2628 5592 de
2653 5538 2775 5592 εωιο
2799 5538 2923 5604 viso,
2948 5546 2992 5590 et
3013 5537 3227 5591 incertus
3249 5532 3311 5586 de
3333 5529 3475 5586 modo
3505 5539 3594 5596 quo
3615 5526 3745 5578 νεικιιι

2321 5636 2410 5688 'ut't.

2298 5640 2490 5783 ἔξω
2529 5740 2654 5797 ergo
2684 5723 2951 5781 hominem
2993 5729 3199 5795 raptum
3241 5731 3359 5776 esse
3396 5721 3551 5783 usque
3585 5704 3630 5762 in
3656 5707 3739 5753 tere

3854 505 3858 780 1
