3902 6326
164 307 278 368 457

156 627 289 669 cum
314 617 681 676 ostenderetur
705 620 901 693 Moysi,
945 640 1108 696 usque
1133 629 1268 685 adeo
1310 635 1574 690 sentiebat
1612 636 1751 693 aliud

157 719 289 760 esse
317 708 478 779 ipsam
510 709 603 765 Dei
634 712 980 770 substantiam
1003 758 1017 782 ,
1060 718 1199 774 aliud
1244 723 1503 780 visibilem
1539 738 1750 782 creatu-

151 814 277 855 ram
304 843 318 868 ,
353 802 401 855 in
432 819 533 873 qua
576 819 635 860 se
664 805 805 861 Deus
831 806 1074 866 humanis
1103 820 1155 866 et
1182 816 1547 884 corporalibus
1575 820 1747 873 sensi—

152 894 264 949 bus
292 898 663 962 prtescntabat,
694 909 750 954 ut
775 900 999 968 diceret,
1036 901 1255 960 Ostende
1285 908 1408 961 mihi
1434 911 1747 981 temetipsum

150 984 355 1056 (Exod.
385 1004 549 1044 χχχιιι
570 1033 584 1054 ,
620 992 742 1063 15);
779 1009 879 1049 nec
911 996 1081 1065 aliqua
1113 998 1283 1068 imago
1309 1005 1386 1054 rei
1416 1004 1707 1073 corporalis
1727 1046 1742 1071 ,

148 1092 313 1148 quam
341 1095 460 1136 cum
486 1082 719 1139 Joannes
742 1086 947 1142 videret
972 1089 1022 1142 in
1054 1091 1270 1159 spiritu,
1312 1094 1584 1162 quaerebat
1616 1096 1743 1165 quid

145 1181 324 1234 esset,
359 1176 511 1245 eique
540 1178 982 1247 respondebatur,
1011 1184 1117 1249 vel,
1149 1182 1334 1239 Civitas
1360 1198 1453 1253 est,
1483 1189 1589 1255 vel,
1638 1188 1743 1244 Po—

144 1266 261 1333 puli
282 1277 426 1329 sunt,
460 1271 540 1323 vel
568 1270 765 1341 aliquid
801 1272 963 1338 aliud,
995 1289 1115 1328 cum
1148 1277 1356 1331 videret
1381 1278 1468 1333 ille
1496 1279 1738 1347 bestiam,

143 1356 260 1411 sive
285 1358 589 1425 mulierem,
624 1361 733 1416 sive
759 1378 943 1432 aquas,
976 1364 1090 1420 sive
1118 1366 1243 1436 quid
1272 1368 1530 1437 ejusmodi
1557 1372 1737 1443 (Apoc.

139 1461 259 1512 )lll,
290 1449 344 1515 1,
372 1460 418 1503 et
451 1466 557 1506 xvn
579 1491 596 1519 ,
628 1453 715 1519 15,
752 1454 841 1525 18)
875 1471 887 1506 :
921 1455 1042 1519 sed,
1071 1456 1222 1523 Scio,
1256 1459 1461 1529 inquit,
1489 1461 1738 1517 hominem

136 1552 352 1610 raptum
393 1554 551 1614 usque
578 1544 629 1597 in
657 1546 857 1599 tertium
883 1546 1084 1601 caelum.

210 1631 300 1685 10.
330 1630 481 1698 Quod
502 1634 546 1688 si
568 1635 892 1704 spiritualem
916 1638 1197 1709 imaginem
1224 1642 1485 1712 corporali
1507 1644 1733 1700 similem

134 1722 334 1777 malum
363 1726 634 1795 appellare
660 1728 947 1795 voluisset,
976 1731 1052 1785 sic
1081 1740 1194 1786 erat
1225 1734 1383 1787 etiam
1414 1734 1584 1806 imago
1609 1752 1733 1791 cor-

134 1818 283 1884 poris
310 1820 448 1886 ejus,
476 1820 526 1872 in
549 1835 648 1889 qua
684 1821 810 1877 illuc
838 1832 1020 1892 raptus
1043 1826 1358 1881 ascenderat
1385 1845 1398 1881 :
1432 1828 1509 1883 sic
1530 1845 1656 1899 ergo
1678 1840 1733 1887 et

133 1921 291 1962 suum
320 1924 519 1980 corpus
546 1914 859 1983 appellaret,
887 1920 1129 1987 quamvis
1156 1920 1438 1991 imaginem
1466 1926 1725 1993 corporis,

132 2003 406 2067 quomodo
429 2003 552 2058 illud
580 2006 793 2073 coelum,
818 2010 1056 2077 quamvis
1078 2012 1357 2082 imaginem
1381 2014 1500 2069 caeli
1522 2031 1537 2081 ;
1558 2031 1727 2085 neque

132 2102 347 2148 curaret
374 2093 681 2151 discernere
703 2099 823 2166 quid
850 2101 1039 2167 sciret,
1070 2112 1121 2157 et
1147 2104 1270 2173 quid
1299 2107 1546 2171 nesciret,
1573 2107 1623 2160 id
1646 2116 1728 2161 est

132 2183 248 2252 quia
279 2183 445 2239 sciret
473 2196 679 2257 raptum
708 2190 974 2246 hominem
997 2208 1161 2263 usque
1184 2196 1249 2251 ad
1272 2199 1481 2251 tertium
1507 2199 1721 2267 coelum,

133 2278 368 2333 nesciret
395 2293 571 2335 autem
619 2292 794 2337 utrum
838 2285 889 2339 in
921 2301 1147 2356 corpore
1189 2304 1255 2343 an
1304 2302 1451 2345 extra
1490 2308 1720 2363 corpus;

132 2366 219 2420 sed
248 2367 572 2438 simpliciter
600 2384 841 2430 narraret
878 2377 1166 2447 visionem,
1198 2396 1381 2436 earum
1413 2400 1586 2439 rerum
1620 2402 1721 2441 no-

132 2458 369 2514 minibus
396 2463 672 2532 appellans
693 2465 780 2520 illa
806 2483 924 2536 qua:
948 2468 1077 2524 vidit
1101 2512 1114 2533 ,
1143 2487 1363 2539 quarum
1394 2485 1547 2529 erant
1573 2476 1722 2532 simi-

133 2548 219 2605 lia.
247 2552 389 2607 Nam
419 2565 472 2608 et
508 2572 604 2610 nos
642 2556 900 2624 dicimus,
933 2576 1053 2614 cum
1089 2563 1294 2618 somnia
1326 2574 1503 2619 nostra
1535 2584 1719 2624 narra-

128 2657 237 2697 mus
265 2645 357 2699 vel
380 2646 609 2716 aliquam
638 2654 691 2703 in
737 2652 815 2705 eis
842 2653 1217 2708 revelationem
1240 2697 1256 2722 ,
1285 2655 1402 2711 Vidi
1442 2669 1677 2715 montem
1696 2702 1711 2727 ,

129 2735 227 2789 ridi
256 2734 521 2805 ﬂuvium,
555 2740 657 2793 vidi
688 2750 796 2795 tres
820 2741 1083 2811 homines,
1113 2754 1168 2800 et
1192 2746 1235 2802 si
1264 2748 1389 2817 quid
1417 2749 1710 2821 ejusmodi;

128 2842 185 2882 ea
224 2830 449 2885 nomina
495 2831 786 2889 tribuentes
829 2836 932 2889 illis
972 2836 1322 2908 imaginibus,
1364 2858 1481 2912 qua:
1516 2843 1712 2900 habent

124 2933 203 2972 res
242 2922 381 2990 ipsa:
426 2937 647 2992 quarum
696 2926 897 2981 similes
937 2937 1088 2983 erant
1120 2947 1133 2983 :
1168 2931 1453 2999 Apostolus
1491 2943 1707 3007 autem,

126 3008 275 3079 Illud,
313 3013 507 3084 inquit,
536 3016 668 3084 scio,
695 3017 823 3072 illud
853 3020 1038 3074 nescio.

182 3107 268 3161 ll.
302 3107 377 3160 At
400 3109 443 3160 si
468 3117 746 3180 utrumque
772 3111 1119 3183 imaginaliter
1139 3116 1401 3186 apparuit,
1425 3127 1707 3192 utrumque

120 3200 318 3268 pariter
351 3201 549 3268 scitur,
595 3204 858 3272 pariterve
898 3206 1130 3260 nescitur
1161 3225 1175 3261 :
1206 3209 1250 3262 si
1284 3220 1461 3265 autem
1492 3215 1707 3283 proprie

119 3290 309 3345 uelum
330 3332 347 3355 ,
390 3302 443 3346 et
472 3292 591 3347 ideo
629 3295 826 3361 scitur;
864 3298 1131 3366 quomodo
1160 3302 1331 3369 potuit
1358 3304 1708 3375 imaginaliter

118 3395 307 3451 corpus
342 3383 480 3437 illius
516 3383 745 3441 hominis
774 3390 1073 3458 apparere?

184 3473 265 3528 12.
314 3473 452 3529 Nam
497 3477 541 3530 si
588 3479 781 3533 caelum
829 3496 1142 3550 corporeum
1189 3486 1502 3557 videbatur,
1542 3506 1705 3561 quare

119 3562 310 3620 latebat
357 3576 532 3621 utrum
552 3572 826 3639 corporeis
862 3575 1030 3628 oculis
1072 3575 1389 3633 videretur?
1424 3580 1477 3636 Si
1526 3594 1701 3639 autem

120 3655 377 3713 incertum
408 3669 525 3715 erat
553 3670 728 3717 utrum
758 3666 923 3720 oculis
959 3671 1229 3739 corporeis
1256 3687 1321 3725 an
1352 3674 1537 3743 spiritu
1566 3677 1704 3733 vide-

118 3763 270 3815 retur.
307 3762 368 3808 et
394 3754 512 3810 ideo
536 3755 735 3811 dictum
766 3768 880 3825 est,
914 3759 1033 3814 Sive
1064 3762 1381 3833 incorpore,
1420 3768 1525 3821 sive
1560 3778 1703 3824 extra

117 3860 315 3915 corpus,
345 3847 551 3913 nescio;
582 3849 848 3919 quomodo
880 3867 982 3905 non
1026 3852 1282 3908 incertum
1311 3865 1427 3910 erat
1453 3867 1507 3912 et
1534 3858 1697 3927 illud,

118 3947 281 3993 utrum
314 3954 444 3993 vere
472 3941 666 3994 caelum
695 3957 1012 4011 corporeum
1046 3943 1332 4011 videretur,
1363 3963 1427 4001 an
1456 3949 1702 4019 imagina-

117 4026 227 4083 liter
250 4030 673 4085 ostenderetur?
712 4033 948 4102 Itemque
986 4035 1029 4087 si
1059 4036 1349 4091 substantia
1391 4037 1700 4109 incorporea

116 4118 418 4188 videbatur,
463 4137 569 4176 non
597 4122 646 4177 in
683 4122 859 4193 aliqua
888 4124 1118 4193 imagine
1143 4128 1381 4197 corporis
1401 4168 1417 4195 ,
1443 4131 1535 4185 sed
1565 4132 1701 4188 sicut

117 4213 319 4270 videtur
341 4214 564 4285 justitia,
595 4216 872 4287 sapientia,
904 4227 958 4272 et
982 4220 1025 4273 si
1053 4219 1178 4289 quid
1206 4221 1486 4290 ejusmodi,
1516 4233 1570 4278 et
1599 4226 1700 4281 hoc

119 4317 220 4361 erat
245 4310 481 4374 celum;
511 4310 561 4363 id
588 4326 799 4380 quoque
827 4312 1161 4367 manifestum
1187 4322 1270 4369 est
1292 4356 1307 4381 ,
1349 4317 1513 4371 oculis
1543 4316 1697 4388 hujus

118 4401 348 4468 corporis
378 4400 542 4455 videri
568 4401 765 4470 aliquid
800 4402 905 4457 tale
933 4418 1036 4459 non
1066 4419 1221 4474 posse
1250 4423 1263 4459 :
1292 4421 1356 4460 ac
1385 4424 1479 4477 per
1510 4408 1611 4464 hoc
1650 4412 1695 4466 si

118 4488 307 4560 aliquid
344 4492 447 4546 tale
476 4508 535 4547 se
564 4492 761 4548 vidisse
786 4494 1007 4562 sciebat,
1041 4511 1165 4559 non
1185 4512 1280 4565 per
1303 4513 1496 4568 corpus
1533 4516 1590 4555 se
1619 4503 1697 4556 vi-

119 4579 249 4637 disse
272 4583 522 4638 dubitare
550 4599 654 4638 non
682 4593 906 4654 poterat.
942 4585 1062 4640 Scio
1083 4626 1096 4649 ,
1138 4587 1330 4656 inquit,
1366 4590 1615 4645 hominem
1640 4593 1695 4646 in

117 4668 306 4728 Christo
333 4684 448 4728 ante
470 4691 629 4729 annos
647 4676 1021 4745 quatuordecim
1041 4690 1061 4729 :
1082 4675 1182 4730 hoc
1210 4678 1332 4741 scio,
1363 4695 1519 4735 nemo
1542 4682 1693 4736 dubi-

117 4769 183 4817 tet
212 4765 302 4834 qui
338 4766 465 4819 mihi
492 4766 689 4832 credit;
737 4766 831 4821 sed
866 4775 1043 4821 utrum
1090 4767 1143 4819 in
1186 4783 1398 4837 corpore
1444 4786 1512 4823 an
1550 4780 1691 4825 astra

113 4868 309 4925 corpus,
334 4857 520 4922 nescio,
549 4856 688 4911 Deus
716 4858 828 4911 scit.

279 4945 507 5003 CAPUT
539 4948 603 5002 V.
635 4979 705 4989 —
732 4949 926 5005 Eadem
951 4950 1221 5022 diﬁcultas
1246 4953 1509 5010 enodatur.

179 5039 262 5093 13.
290 5038 427 5105 Quid
458 5054 585 5111 ergo
609 5040 712 5096 scis
739 5081 754 5104 ,
785 5043 924 5109 quod
951 5042 1209 5097 discernis
1236 5044 1304 5098 ab
1331 5060 1395 5099 eo
1420 5046 1560 5114 quod
1590 5062 1685 5102 ne-

116 5129 231 5195 scis,
263 5146 332 5185 ne
359 5131 635 5187 credentes
659 5134 941 5187 fallantur?
975 5135 1217 5205 Raptum,
1247 5137 1428 5206 inquit,
1459 5139 1687 5193 eumdem

118 5217 359 5274 hominem
381 5237 534 5291 usque
568 5223 620 5275 in
654 5225 851 5278 tertium
879 5223 1076 5279 omium.
1106 5226 1176 5281 At
1214 5227 1339 5281 illud
1365 5231 1555 5283 caelum
1593 5240 1687 5285 aut

118 5324 300 5380 corpus
325 5321 458 5377 erat,
486 5322 579 5367 aut
603 5314 818 5383 spiritus
850 5334 863 5371 :
894 5332 938 5370 s1
966 5331 1159 5387 corpus
1177 5328 1312 5384 erat,
1343 5327 1397 5373 et
1415 5322 1683 5390 corporeis

116 5404 275 5459 oculis
301 5406 467 5459 \isum
497 5417 608 5472 est;
647 5423 743 5462 cur
783 5408 913 5463 illud
937 5412 1129 5465 caelum
1166 5427 1285 5466 esse
1317 5414 1500 5480 scitur,
1543 5425 1597 5470 et
1629 5417 1682 5471 in

116 5506 329 5566 corpore
352 5498 523 5553 visum
552 5514 671 5554 esse
699 5501 971 5556 nescitur?
1002 5502 1057 5557 Si
1087 5512 1264 5559 autem
1288 5504 1505 5575 spiritus
1529 5516 1678 5573 erat;

115 5598 198 5641 aut
223 5592 461 5660 corporis
504 5592 788 5662 imaginem
816 5595 1040 5664 prmbuit
1058 5637 1073 5663 ,
1100 5606 1155 5651 et
1181 5611 1286 5652 tam
1312 5598 1568 5654 incertum
1598 5611 1679 5656 est

120 5688 281 5735 utrum
312 5698 501 5753 corpus
519 5682 700 5751 fuerit,
730 5702 886 5755 quam
912 5687 1169 5745 incertum
1193 5700 1273 5746 est
1294 5700 1467 5747 utrum
1489 5692 1540 5747 in
1561 5708 1676 5749 cor-

118 5783 237 5840 pore
278 5774 445 5829 visum
474 5777 579 5841 sit;
606 5786 697 5831 aut
724 5778 799 5832 sic
830 5780 997 5836 visum
1031 5792 1129 5852 est,
1172 5784 1437 5855 quomodo
1472 5786 1677 5843 videtur

266 5870 485 5934 SANCT.
519 5873 791 5935 Auensr.
844 5877 948 5936 lll.

1442 328 1642 391 LIBER
1684 338 2133 404 DUODECIMUS.

165 430 301 483 tium
329 431 520 487 calum
556 450 568 487 :
600 433 821 503 proinde
848 437 973 494 illud
1009 454 1112 511 quo
1140 453 1322 513 raptus
1350 457 1430 501 est
1450 492 1464 515 ,
1498 468 1620 507 vere
1650 462 1753 508 ter-

160 520 301 577 tium
325 524 518 579 ctelum
545 536 627 581 est
651 544 664 592 ;
689 545 795 583 non
818 531 1021 601 signum
1050 535 1260 604 aliquod
1287 543 1583 609 corporale,
1613 545 1753 613 quod

3354 376 3444 431 £58

1860 472 2041 516 mente
2068 464 2346 533 sapientia,
2374 468 2489 524 sine
2539 471 2659 527 ullis
2703 475 3015 547 imaginibus
3043 498 3323 553 corporum
3348 531 3361 553 ,
3392 500 3453 561 et,

1861 549 2203 609 nihilominus
2219 565 2420 613 certum
2438 570 2519 616 est
2540 563 2706 619 videri
2728 583 2829 622 non
2847 573 3080 640 potuisse
3100 549 3195 645 per
3210 594 3403 650 corpus
3430 602 3443 635 ε

1859 649 1949 694 aut
1974 658 2101 713 ergo
2128 656 2407 719 utrumque
2446 663 2648 709 certum
2676 668 2759 712 εει
2779 700 2795 726 ,
2835 671 2925 716 aut
2954 673 3235 736 utrumque
3274 649 3446 727 incer-

1860 737 1969 784 tum
2001 750 2014 797 ;
2058 743 2150 789 aut
2174 740 2441 807 quomodo
2465 754 2667 800 certum
2693 750 2834 818 quod
2860 752 3030 808 visum
3056 768 3155 822 est,
3182 758 3441 819 incertum

1856 831 2031 879 autem
2057 843 2152 896 per
2167 831 2307 900 quod
2330 832 2498 889 visum
2520 839 2639 892 est?
2659 840 2989 900 Manifestum
3011 857 3093 903 est
3108 851 3247 905 enim
3269 853 3445 911 incor-

1853 929 2069 982 poream
2091 930 2331 978 naturam
2349 925 2416 979 ab
2441 943 2507 982 eo
2531 930 2697 993 videri
2724 951 2825 989 non
2850 939 3082 1006 potuisse
3108 958 3201 1011 per
3221 960 3434 1015 corpus.

1854 1002 2091 1075 Corpora
2126 1027 2256 1067 vero
2296 1016 2455 1071 etiam
2482 1019 2526 1073 si
2565 1033 2789 1090 possunt
2814 1028 2980 1083 videri
3017 1031 3132 1087 sine
3169 1048 3394 1105 corpore
3417 1081 3432 1104 ,

1851 1112 1959 1153 non
2000 1102 2179 1173 utique
2219 1107 2298 1162 sic
2342 1110 2586 1167 videntur
2612 1131 2707 1183 per
2743 1134 2935 1189 corpus
2959 1162 2976 1189 ,
3016 1126 3109 1180 sed
3152 1102 3307 1200 longe
3346 1102 3434 1186 ille

1850 1190 2030 1260 dispar
2059 1198 2248 1254 modus
2276 1209 2356 1255 est
2386 1204 2430 1257 si
2460 1207 2577 1274 quis
2617 1220 2727 1273 est;
2758 1212 2898 1268 unde
2937 1216 3128 1272 mirum
3170 1222 3213 1275 si
3255 1236 3435 1292 posset

1847 1279 2161 1349 Apostolum
2190 1297 2440 1360 tanquam
2467 1297 2768 1356 simillimus
2792 1303 2993 1370 fallere,
3011 1318 3102 1362 aut
3129 1311 3192 1365 ad
3218 1279 3429 1370 dhbita-i

1848 1371 2042 1427 tionem
2071 1392 2280 1448 cogere,
2307 1392 2365 1436 ut
2388 1385 2431 1438 si
2462 1400 2778 1457 corporeum
2801 1397 2996 1451 caelum
3028 1415 3131 1453 non
3155 1407 3429 1473 corporeis

1844 1462 2011 1516 oculis
2031 1464 2179 1533 vidit,
2212 1470 2475 1527 incertum
2517 1476 2617 1531 sibi
2647 1495 2767 1536 esse
2794 1483 2997 1541 diceret
3017 1496 3191 1544 utrum
3228 1462 3281 1547 in
3309 1509 3429 1550 cor—

1842 1567 1973 1622 pore
2002 1571 2067 1611 an
2098 1570 2247 1615 extra
2276 1579 2471 1635 corpus
2499 1566 2553 1622 id
2578 1570 2789 1627 viderit.

1914 1649 2000 1702 M.
2031 1650 2217 1708 Restat
2257 1671 2383 1728 ergo
2428 1658 2653 1717 fortasse
2689 1674 2747 1718 ut
2782 1668 3030 1736 quoniam
3067 1675 3279 1730 mentiri
3314 1693 3419 1734 non

1839 1752 2020 1807 posset
2040 1748 2352 1817 Apostolus,
2377 1752 2464 1821 qui
2496 1762 2636 1809 tanta
2665 1771 2792 1812 cura
2822 1760 2966 1830 egit,
3001 1772 3060 1818 ut
3095 1765 3421 1827 discerneret

1836 1831 1962 1900 quid
1987 1835 2167 1901 sciret,
2198 1847 2251 1892 et
2276 1842 2403 1910 quid
2434 1846 2692 1913 nesciret,
2724 1847 2825 1903 hoc
2854 1850 3027 1920 ipsum
3064 1870 3185 1911 eum
3227 1859 3421 1916 intelli-

1834 1936 2020 1990 gamus
2048 1924 2357 1997 ignorasse,
2400 1942 2578 1987 utrum
2620 1937 2830 2005 quando
2872 1939 2925 1994 in
2970 1945 3182 2000 tertium
3222 1950 3415 2005 caelum

1832 2023 2015 2081 raptus
2041 2025 2157 2083 est,
2194 2019 2247 2073 in
2272 2034 2495 2090 corpore
2526 2024 2718 2093 fuerit,
2748 2032 3015 2098 quomodo
3038 2042 3122 2089 est
3153 2039 3327 2093 anima
3359 2044 3413 2097 in

1830 2117 2077 2175 corpore,
2105 2124 2224 2163 cum
2265 2127 2457 2183 corpus
2500 2116 2675 2173 vivere
2716 2119 3075 2188 dicitur,sive
3114 2128 3410 2199 vigilantis,

1829 2197 1944 2251 sive
1981 2198 2314 2269 dormientis,
2352 2208 2463 2261 sive
2500 2207 2552 2260 in
2595 2212 2789 2266 ecstasi
2826 2228 2855 2265 a
2894 2217 3135 2273 sensibus
3171 2197 3411 2292 corporis

1827 2286 2084 2355 alienata;
2111 2307 2178 2346 an
2205 2295 2423 2349 omnino
2450 2296 2516 2352 de
2543 2313 2769 2370 corpore
2796 2304 3017 2371 exierit,
3051 2318 3109 2363 ut
3143 2323 3407 2368 mortuum

1824 2391 2019 2447 corpus
2062 2382 2264 2449 jaceret
2291 2426 2306 2450 ,
2352 2385 2524 2443 donec
2568 2401 2781 2459 peracta
2829 2393 2917 2449 illa
2955 2396 3408 2461 demonstratione

1823 2469 2081 2524 membris
2110 2474 2332 2529 mortuis
2359 2477 2533 2531 anima
2556 2481 2885 2551 redderetur,
2908 2494 3083 2543 etnon
3110 2494 3257 2561 quasi
3278 2495 3407 2549 dor-

1821 2559 1995 2615 miens
2031 2562 2333 2633 evigilaret,
2366 2578 2459 2621 aut
2485 2573 2677 2626 ecstasi
2708 2574 2969 2631 alienatus
3005 2559 3180 2636 denuo
3207 2586 3407 2642 rediret

1819 2647 1873 2702 in
1900 2664 2087 2705 sensus
2111 2694 2125 2717 ,
2153 2653 2247 2708 sed
2275 2665 2515 2713 mortuus
2543 2663 2761 2717 omnino
2787 2666 3146 2725 revivisceret.
3172 2673 3404 2734 Proinde

1816 2741 1959 2810 quod
2006 2744 2138 2799 vidit
2183 2756 2368 2816 raptus
2409 2764 2579 2820 usque
2627 2753 2679 2806 in
2729 2756 2938 2811 tertium
2982 2761 3209 2830 cmlum,
3260 2768 3401 2836 quod

1814 2835 1973 2889 etiam
2000 2850 2060 2892 se
2078 2836 2217 2894 scire
2238 2840 2549 2910 conﬁrmat,
2581 2846 2794 2915 preprie
2822 2848 2973 2917 vidit,
3005 2867 3111 2908 non
3138 2835 3397 2927 imagina-

1813 2924 1954 2982 liter.
1983 2930 2087 2985 Sed
2114 2933 2234 3000 quia
2266 2933 2377 3004 ipsa
2403 2950 2434 2989 a
2459 2952 2683 3006 corpore
2704 2939 2947 3008 alienata,
2980 2953 3155 3000 utrum
3182 2924 3399 3007 omnino

1811 3026 2080 3075 mortuum
2114 3037 2308 3095 corpus
2360 3026 2671 3097 reliquerit,
2730 3046 2795 3085 an
2843 3035 3134 3091 secundum
3179 3040 3397 3097 modum

1809 3112 2095 3181 quemdam
2116 3114 2339 3170 viventis
2367 3120 2606 3188 corporis
2634 3120 2704 3175 ibi
2733 3123 2905 3177 anima
2928 3125 3102 3194 fuerit,
3127 3129 3218 3185 sed
3246 3147 3398 3188 mens

1809 3203 1924 3273 ejus
1949 3206 2015 3260 ad
2046 3207 2271 3263 videnda
2302 3210 2382 3266 vel
2410 3211 2670 3267 audienda
2698 3214 2981 3271 ineffabilia
3012 3219 3150 3275 illius
3176 3222 3396 3281 visionis

1807 3307 2019 3366 arrepta
2048 3299 2153 3363 sit,
2193 3300 2296 3355 hoc
2330 3302 2592 3358 incertum
2635 3316 2783 3373 erat,
2824 3308 2942 3363 ideo
2974 3309 3195 3368 forsitan
3222 3313 3391 3383 dixit,

1808 3386 1929 3443 Sive
1952 3390 2005 3444 in
2031 3407 2241 3461 corpore
2268 3393 2373 3447 sive
2408 3404 2550 3447 extra
2576 3412 2758 3467 corpus
2776 3439 2792 3463 ,
2823 3402 2988 3453 nescio
3013 3442 3028 3466 ,
3052 3400 3192 3459 Deus
3216 3406 3331 3461 scit.

2053 3482 2280 3539 CAPUT
2320 3484 2410 3540 Vl.
2432 3514 2502 3525 —
2541 3485 2796 3541 Visionum
2816 3506 2999 3560 genera
3024 3494 3141 3547 tria.

1828 3554 1833 3581 λ
1879 3574 1968 3630 15.
2005 3578 2158 3643 Quod
2187 3588 2365 3632 autem
2394 3593 2500 3632 non
2532 3554 2885 3648 imaginalitbr
2905 3622 2920 3646 ,
2954 3584 3048 3638 sed
3077 3590 3291 3656 pr0prie
3313 3592 3392 3646 vi-

1805 3667 1979 3733 detur,
2009 3677 2064 3724 et
2087 3685 2192 3723 non
2219 3685 2317 3739 per
2342 3686 2537 3740 corpus
2560 3672 2790 3739 videtur,
2821 3674 2919 3728 hoc
2939 3691 3000 3729 ea
3024 3676 3227 3734 visione
3251 3682 3388 3741 vide.

1808 3768 1894 3813 tur
1915 3800 1930 3824 ,
1961 3776 2078 3831 quae
2106 3776 2292 3815 omnes
2320 3771 2541 3816 caeteras
2571 3772 2804 3833 superat.
2834 3765 3031 3821 Harum
3070 3772 3276 3838 Species
3300 3783 3383 3829 at-

1804 3864 1908 3919 que
1946 3849 2304 3919 differentias,
2349 3862 2603 3923 quantum
2648 3869 2734 3907 me
2776 3855 3029 3913 Dominus
3087 3861 3382 3932 adjuverit,

1804 3942 2072 4011 explicare
2101 3944 2320 4001 curabo.
2360 3946 2497 4001 Ecce
2524 3946 2578 4000 in
2604 3945 2706 4003 hoc
2731 3963 2840 4002 uno
2866 3960 3130 4022 praecepto
3158 3970 3277 4008 cum
3308 3957 3385 4011 le-

1802 4031 1945 4101 gitur
1958 4074 1973 4100 ,
2000 4031 2196 4105 Diliges
2216 4036 2500 4106 proximum
2522 4046 2661 4091 tuum
2682 4050 2918 4111 tanquam
2937 4038 3146 4113 teipsam
3172 4043 3381 4115 (Matth.

1803 4138 1948 4191 am,
1994 4124 2124 4198 '59),
2173 4127 2272 4182 tria
2314 4143 2509 4198 genera
2555 4130 2819 4186 visionum
2870 4146 3152 4191 occurrunt
3182 4156 3194 4191 :
3221 4155 3381 4196 unum

1801 4231 1899 4286 per
1942 4217 2161 4287 oculos,
2208 4220 2399 4291 quibus
2441 4222 2570 4291 ipsa:
2610 4222 2797 4301 litterae
2843 4225 3127 4293 videntur;
3156 4230 3379 4286 alterum

1801 4323 1899 4378 per
1916 4312 2171 4380 spiritum
2210 4312 2439 4367 hominis
2475 4329 2581 4383 quo
2604 4317 2877 4384 proximus
2914 4328 2969 4374 et
3005 4322 3197 4376 absens
3238 4324 3380 4393 cogi-

1802 4409 1976 4467 tatur;
2020 4404 2231 4457 tertium
2268 4420 2363 4473 per
2395 4406 2686 4460 contuitum
2726 4409 2957 4476 mentis,
3001 4426 3107 4480 quo
3148 4412 3263 4482 ipsa
3300 4414 3379 4469 di-

1799 4492 1959 4547 lectio
1984 4493 2253 4549 intellecta
2283 4497 2627 4565 conspicitur.
2661 4498 2718 4553 In
2743 4498 2827 4554 his
2867 4502 3030 4557 tribus
3052 4504 3338 4574 generibus
3359 4549 3372 4573 ,

1799 4582 1926 4638 illud
1955 4584 2182 4654 primum
2221 4587 2556 4642 manifestum
2586 4598 2669 4644 est
2701 4590 2946 4646 onmihus
2978 4610 2992 4646 :
3025 4594 3075 4648 in
3106 4594 3208 4652 hoc
3230 4598 3376 4654 enim

1797 4675 2004 4730 videtur
2029 4677 2221 4732 caelum
2258 4687 2313 4733 et
2340 4687 2510 4747 terra,
2544 4688 2600 4735 et
2623 4681 2801 4735 omnia
2826 4698 2944 4752 quze
2973 4684 3026 4739 in
3056 4687 3136 4742 eis
3160 4691 3376 4761 conspi-

1795 4781 1893 4821 cua
1919 4777 2041 4822 sunt
2064 4768 2233 4824 oculis
2252 4770 2466 4825 nostris.
2488 4769 2599 4826 Nec
2622 4771 2752 4827 illud
2774 4772 3021 4842 alterum,
3049 4792 3155 4847 quo
3181 4780 3373 4838 absen-

1795 4859 1865 4913 tia
1914 4860 2209 4929 corporalia
2251 4862 2548 4932 cogitantur
2573 4903 2590 4931 ,
2655 4864 2923 4921 insinuare
2973 4866 3188 4925 difﬁcile
3236 4881 3366 4928 est:

1794 4950 1967 5021 ipsum
2020 4953 2217 5022 quippe
2251 4953 2445 5009 eualum
2484 4962 2539 5010 et
2578 4962 2813 5025 terram,
2857 4964 2912 5012 et
2947 4972 3009 5013 ea
3037 4975 3156 5029 quae
3196 4961 3248 5016 in
3287 4964 3367 5018 eis

1792 5042 1971 5097 videre
1998 5058 2304 5113 possumus,
2329 5046 2489 5100 etiam
2514 5046 2568 5100 in
2601 5048 2836 5103 tenebris
2867 5051 3136 5105 constituti
3164 5055 3366 5123 cogita-

1790 5150 1942 5199 mus;
1972 5136 2061 5190 ubi
2088 5137 2217 5191 nihil
2248 5137 2482 5193 videntes
2510 5140 2679 5194 oculis
2696 5141 2957 5209 corporis,
2985 5142 3163 5196 animo
3185 5152 3387 5201 tamen'

1788 5228 2093 5297 corporales
2132 5229 2390 5299 imagines
2415 5228 2719 5295 intuemur,
2753 5244 2847 5285 seu
2876 5246 3047 5296 veras,
3083 5233 3221 5289 sicut
3250 5235 3363 5305 ipsa

1787 5332 2011 5387 corpora
2035 5318 2296 5387 videmus,
2327 5329 2382 5375 et
2410 5320 2663 5375 memoria
2701 5322 3024 5386 retinemus;
3053 5337 3147 5378 seu
3176 5324 3325 5381 fictas
3343 5368 3358 5391 ,

1784 5408 1919 5463 sicut
1945 5410 2194 5480 cogitatio
2218 5408 2448 5466 formare
2480 5412 2496 5443 ⁸
2524 5412 2772 5482 potuerit.
2798 5411 2967 5466 Aliter
2989 5414 3129 5470 enim
3158 5417 3361 5488 cogita-

1784 5515 1903 5555 mus
1926 5500 2293 5573 Carthaginem
2326 5517 2485 5573 quam
2512 5503 2783 5571 novimus,
2810 5504 2965 5559 aliter
2984 5507 3359 5567 Alexandriam

1786 5606 1945 5661 quam
1988 5608 2096 5648 non
2124 5595 2385 5649 novimus.
2427 5594 2661 5650 Tertium
2688 5610 2816 5651 vero
2857 5598 2985 5654 illud
3012 5617 3117 5672 quo
3144 5603 3359 5661 dilectio

1783 5682 2047 5740 intellecta
2075 5687 2415 5755 conspicitur,
2451 5702 2542 5742 eas
2579 5703 2668 5745 res
2694 5690 2950 5759 continet,
2982 5710 3099 5765 quae
3126 5712 3229 5754 non
3260 5698 3354 5753 ha—

1848 5798 1862 5828 ⁸
1889 5796 1961 5847 sic
1983 5797 2034 5847 in
2054 5805 2156 5848 Mss.
2178 5798 2315 5861 mliti,
2334 5798 2607 5867 imaginari.

2581 5890 2915 5969 {'Quinze.)
