3902 6310
416 299 520 356 459

417 415 548 470 bent
573 409 827 481 imagines
855 405 938 462 sui
963 404 1196 467 similes,
1235 417 1353 474 qua:
1385 417 1489 456 non
1534 406 1656 453 sunt
1680 393 1822 468 quod
1853 394 2003 464 ipsze.

415 505 553 566 Nam
579 503 742 562 homo
766 502 850 560 vel
886 499 1043 556 arbor
1063 498 1145 554 vel
1170 495 1247 552 sol
1265 537 1280 562 ,
1305 503 1359 550 et
1383 506 1728 566 qnzccumque
1757 487 1858 544 alia
1885 502 2008 544 cor-

419 613 574 672 pora,
601 597 714 652 sive
741 593 979 651 coelestia
1001 591 1114 647 sive
1141 585 1430 649 terrestria,
1456 594 1508 640 et
1532 579 1812 672 praesentia
1833 579 2010 672 viden-

418 670 509 750 tur
548 689 602 746 in
630 686 741 744 suis
774 677 982 752 l'ormis,
1014 690 1071 738 et
1095 675 1335 736 absentia
1372 677 1670 748 cogitantur
1696 670 2011 742 imaginibus

419 781 604 840 animo
647 772 956 854 impressis;
998 784 1053 832 et
1093 769 1296 828 faciunt
1341 767 1446 824 duo
1495 780 1690 840 genera
1736 763 2007 824 visorum,

418 889 590 934 unum
614 887 712 948 per
734 865 974 942 corporis
1002 879 1212 929 sensus,
1246 862 1470 918 alterum
1499 873 1593 932 per
1614 855 1880 928 Spiritum,
1907 865 2013 948 quo

387 949 529 1030 .illm
574 943 833 1040 imagines
862 962 1223 1022 continentur.
1265 954 1489 1011 Dilectio
1536 959 1712 1008 autem
1757 943 2016 1040 numquid

419 1065 576 1120 aliter
592 1037 806 1120 videtur
833 1069 1070 1132 praesens
1093 1050 1148 1107 in
1173 1043 1351 1122 specie
1375 1061 1476 1118 qua
1495 1053 1600 1112 est,
1627 1051 1684 1099 et
1711 1041 1865 1097 aliter
1887 1037 2011 1132 abs:

421 1174 519 1215 ens
558 1156 614 1213 in
650 1128 1088 1224 aliquavimagine
1130 1143 1210 1198 sui
1264 1138 1470 1196 simili?
1507 1137 1624 1198 Non
1669 1134 1890 1205 utique;
1918 1128 2014 1224 sed

420 1256 675 1320 quantum
703 1221 884 1300 mente
923 1235 1071 1297 cerni
1098 1242 1310 1308 potest,
1336 1231 1405 1288 ab
1445 1229 1550 1320 alio
1576 1226 1765 1298 magis,
1790 1221 2015 1320 ab-alio

419 1315 599 1398 minus
628 1339 741 1410 ipsa
766 1335 1038 1394 cernitur:
1069 1330 1114 1386 si
1140 1335 1317 1384 autem
1343 1319 1544 1394 aliquid
1561 1317 1855 1390 corporalis
1884 1315 2014 1370 ima-

419 1433 559 1507 ginis
586 1431 882 1502 cogitatur,
911 1440 1018 1481 non
1049 1424 1160 1494 ipsa
1188 1419 1448 1478 cernitur.
1741 1502 1751 1510 _
1926 1498 1937 1510 .
1974 1497 1985 1509 ⁸

419 1502 648 1584 CAPUT
686 1520 798 1577 Vll.
838 1550 910 1560 —
949 1516 1146 1571 Genera
1183 1511 1432 1567 visionum
1466 1523 1484 1560 :
1518 1502 1781 1575 corporale
1803 1541 1820 1567 ,
1859 1502 2015 1566 spiri-

492 1615 632 1672 tuale
653 1651 672 1681 ,
719 1607 1075 1668 intellectuale.
1117 1601 1394 1674 Corporale
1428 1597 1632 1671 proprie
1670 1603 1716 1648 et
1752 1589 2012 1646 translate.

493 1703 774 1782 Spirituale
805 1699 1032 1776 pluribus
1059 1695 1240 1752 modis.

406 1780 414 1789 ’
494 1773 581 1860 lli.
608 1798 735 1856 Haec
757 1773 882 1854 sunt
908 1793 1004 1848 tria
1036 1803 1229 1860 genera
1253 1785 1540 1847 visionum,
1563 1780 1630 1835 de
1658 1776 1854 1849 quibus
1877 1781 1933 1829 et
1963 1773 2016 1828 in

422 1893 788 1969 superioribus
809 1887 958 1944 libris
979 1881 1176 1954 aliquid
1196 1880 1454 1944 diximus,
1478 1877 1614 1930 sicut
1637 1887 1722 1928 res
1749 1868 2018 1940 postulare

418 1988 698 2046 videbatur
716 2027 731 2052 ,
767 1997 875 2041 non
901 1988 1079 2036 tamen
1105 1989 1290 2031 eorum
1321 1983 1601 2028 numerum
1629 1976 2015 2020 commemora-

425 2082 604 2136 vimus
632 2095 648 2142 ;
688 2084 743 2130 et
765 2086 907 2129 nunc
930 2067 1166 2125 breviter
1191 2065 1271 2120 eis
1295 2063 1594 2124 insinuatis,
1616 2055 1867 2128 quoniam
1893 2067 2014 2107 sus-

426 2179 582 2242 cepta
619 2164 843 2238 quaestio
887 2161 1089 2232 ﬂagitat
1131 2166 1193 2212 ut
1247 2154 1314 2210 de
1359 2153 1441 2208 liis
1485 2151 1755 2242 aliquanto
1799 2141 2016 2242 uberius

423 2237 771 2321 disseramus,
815 2253 1072 2308 debemus
1114 2263 1177 2304 ea
1219 2245 1381 2301 certis
1420 2252 1475 2298 et
1512 2238 1760 2312 congruis
1805 2237 2016 2307 signare

323 2345 326 2349 “
420 2350 752 2416 norninibus,
781 2362 848 2402 uc
884 2343 1096 2400 assidue
1132 2334 1608 2408 circumloquendo
1647 2343 1825 2387 moras
1851 2327 2014 2382 facia-

420 2460 564 2503 mus.
605 2441 841 2499 Primum
871 2451 1000 2508 ergo
1034 2433 1364 2504 appellemus
1401 2426 1713 2497 corporale,
1760 2421 1882 2492 quia
1918 2433 2016 2490 per

419 2550 617 2606 corpus
647 2531 933 2605 percipitur
958 2536 1013 2584 et
1032 2525 1273 2596 corporis
1297 2520 1544 2610 sensibus
1585 2517 1887 2572 exhibetur.
1918 2512 2016 2568 Se-

418 2629 657 2692 cundum
679 2623 988 2698 spirituale;
1015 2617 1271 2691 quidquid
1301 2616 1442 2670 enim
1473 2627 1668 2682 corpus
1708 2623 1814 2664 non
1853 2615 1936 2663 est
1963 2614 2015 2660 ct

417 2735 601 2782 tmen
630 2717 829 2790 aliquid
848 2726 952 2780 est,
979 2713 1090 2784 jam
1119 2721 1265 2766 recte
1294 2708 1513 2778 spiritus
1537 2704 1730 2761 dicitur
1762 2720 1774 2757 :
1813 2708 1867 2755 et
1908 2698 2012 2754 uti-

415 2831 526 2889 que
553 2829 660 2872 non
680 2819 761 2868 est
779 2823 993 2880 corpus,
1017 2803 1260 2874 quamvis
1277 2799 1489 2870 corpori
1511 2797 1702 2853 similis
1725 2794 1818 2859 sit,
1841 2793 2018 2893 imago

419 2904 660 2967 absentis
677 2899 940 2970 corporis,
969 2911 1071 2952 nec
1099 2895 1186 2950 ille
1215 2893 1330 2962 ipso
1371 2891 1586 2944 obtutus
1611 2900 1719 2958 quo
1752 2891 2012 2939 cernitur.

419 2999 662 3058 Tertium
691 3009 818 3053 vero
845 2989 1224 3055 intellectuale,
1262 2985 1330 3042 ab
1364 2984 1678 3046 intellectu;
1707 2979 1832 3049 quia
1859 2992 2013 3032 men-

418 3090 551 3157 tale,
577 3103 610 3146 ι
633 3095 830 3151 mente,
860 3084 974 3155 ipsa
1004 3079 1244 3138 vocabuli
1274 3076 1506 3132 novitate
1537 3071 1699 3128 nimis
1724 3068 2014 3127 absurdum

421 3190 532 3252 est,
556 3190 615 3238 ut
635 3179 899 3236 dicamus.

495 3275 584 3332 17.
607 3272 808 3332 Horum
838 3265 1214 3324 vocabulorum
1254 3260 1516 3316 rationem
1543 3257 1589 3313 si
1615 3255 1861 3312 subtilius
1901 3253 2014 3308 red-

421 3371 584 3436 dam,
614 3374 669 3424 et
693 3362 949 3437 prolixior
975 3367 1032 3416 et
1058 3355 1361 3428 pet-plenior
1388 3364 1568 3409 aeneo
1586 3349 1689 3405 erit
1707 3389 1724 3413 ,
1763 3362 1886 3404 cum
1911 3345 2016 3400 hoc

421 3463 513 3520 vel
541 3459 705 3526 nulla,
744 3455 832 3512 vel
852 3461 999 3511 certe
1025 3467 1136 3508 non
1161 3456 1308 3504 tanta
1333 3444 1624 3503 necessitas
1653 3442 1846 3510 exigat.
1872 3438 2015 3495 Satis

423 3564 512 3613 est
530 3565 662 3625 ergo
683 3551 825 3608 scire
849 3542 1128 3616 corporale
1153 3537 1352 3610 aliquid
1380 3535 1466 3593 vel
1497 3534 1710 3605 proprie
1736 3531 2014 3625 dici.Acum

422 3651 495 3707 de
520 3622 836 3718 corporibus
875 3638 1086 3710 agitur,
1126 3632 1214 3690 vel
1256 3630 1420 3688 etiam
1457 3626 1712 3692 translato
1739 3622 2016 3718 vocabulo,

424 3747 566 3802 sicut
589 3713 792 3798 dictum
818 3743 921 3803 est,
953 3730 1086 3799 Quia
1109 3730 1164 3784 in
1182 3722 1556 3797 ipeeinhabitat
1573 3721 1737 3777 omnis
1757 3713 2016 3790 plenitudo

425 3835 706 3893 diuinitatis
732 3826 1081 3902 corporaliter.
1129 3821 1312 3890 Neque
1352 3817 1496 3874 enim
1539 3814 1790 3870 divinitas
1822 3825 2020 3881 corpus

425 3938 549 3992 est,
578 3925 672 3980 sed
697 3921 822 3993 quia
846 3922 1178 3974 sacramenta
1207 3909 1412 3966 Veteris
1437 3905 1765 3964 Testamenti
1789 3902 2021 3974 appellat

377 4063 394 4080 ,
427 4017 651 4073 umbras
694 4011 888 4074 futuri,
953 4013 1169 4078 propter
1209 3999 1519 4057 umbrarum
1566 3997 2020 4066 comparationem

430 4104 783 4179 corporaliter
822 4099 958 4156 dixit
1001 4092 1244 4151 habitare
1286 4091 1338 4146 in
1381 4087 1598 4144 Christo
1637 4086 2019 4157 plenitudinem

429 4197 746 4263 divinitatis,
773 4191 916 4267 quod
942 4191 993 4247 in
1017 4189 1108 4244 illo
1132 4184 1450 4256 impleantur
1465 4181 1660 4247 omnia,
1694 4196 1814 4252 qum
1842 4179 1893 4234 in
1916 4179 2022 4236 illis

429 4297 636 4356 umbris
672 4295 890 4365 ﬁgurata
916 4294 1042 4344 sunt
1058 4321 1074 4352 ,
1101 4299 1166 4339 ac
1191 4282 1270 4338 sic
1293 4279 1685 4352 quodammodo
1715 4278 2024 4335 umbrarum

428 4391 642 4446 illarum
660 4385 773 4456 ipse
787 4383 858 4439 sit
884 4393 1081 4450 corpus
1103 4375 1324 4449 (Colore.
1342 4390 1402 4442 ιι,
1421 4372 1478 4438 9,
1503 4373 1590 4445 l7)
1623 4413 1639 4439 ,
1663 4371 1764 4426 hoc
1787 4377 1872 4427 est
1890 4370 2023 4442 (ign.

433 4495 618 4539 rarum
663 4487 721 4533 et
766 4473 1212 4546 signiﬁcationum
1258 4468 1474 4522 illarum
1521 4465 1636 4536 ipse
1683 4465 1755 4521 sit
1806 4472 2016 4520 ret-itas.

431 4575 582 4631 Sicut
605 4585 734 4641 ergo
761 4570 888 4638 ipsa:
920 4567 1104 4636 figurae
1132 4560 1510 4631 signiticative,
1560 4558 1816 4614 translato
1839 4558 2021 4629 utique

428 4662 710 4726 vocabulo,
740 4673 844 4713 non
872 4655 1086 4726 proprie
1111 4653 1266 4709 dictae
1290 4662 1414 4706 sunt
1439 4650 1677 4716 umltrm;
1701 4651 1772 4704 ita
1800 4657 1854 4703 et
1877 4647 2026 4719 quod

430 4759 508 4813 ait
559 4751 940 4825 multitudinem
997 4746 1290 4802 divinitatis
1340 4741 1690 4814 corporaliter
1742 4741 2015 4808 habitare,

427 4849 690 4908 translato
707 4839 874 4902 verbo
905 4855 1034 4898 usus
1057 4849 1158 4895 est.

501 4943 590 4998 18.
623 4935 913 5009 Spirituale
945 4945 1122 4989 autem
1161 4929 1400 5002 pluribus
1437 4927 1611 4984 modis
1632 4928 1842 4986 dicitur.
1881 4926 2042 4984 Nam'

427 5045 486 5093 et
511 5043 728 5104 corpus,
755 5027 897 5102 quod
929 5029 1161 5081 futurum
1196 5031 1281 5078 est
1306 5022 1358 5077 ia
1395 5021 1784 5077 resurrectione
1806 5029 2018 5075 salicto»

331 5134 342 5142 θ
371 5097 396 5114 ”
426 5143 568 5190 rum,
599 5097 873 5198 spirituum
898 5119 1132 5193 appuli“
1158 5116 1464 5187 ΑιβοδιοῙυδν
1489 5115 1580 5170 “ﬂ
1599 5117 1692 5178 θίι*
1722 5113 2018 5190 Samium”

423 5233 610 5292 corpus
637 5213 890 5279 animale,
921 5220 1148 5284 resurget
1177 5223 1365 5281 corpus
1402 5207 1672 5279 spiritum
1697 5206 1738 5277 (Ι
1771 5205 1889 5262 Cor.
1921 5222 2009 5273 xv,

423 5311 516 5384 Μ)
543 5325 558 5377 ;
589 5324 658 5365 eo
681 5305 825 5380 quod
866 5305 1016 5361 miris
1049 5303 1224 5359 modis
1262 5299 1332 5356 nd
1366 5313 1579 5355 omnem
1619 5298 1928 5355 facilitatem
1963 5310 2019 5358 et

371 5467 376 5474 ,
421 5403 876 5476 incorruptionem
903 5398 1110 5470 spiritui
1130 5394 1407 5463 subdatur,
1439 5403 1493 5450 et
1512 5395 1628 5449 sine
1650 5389 1752 5447 ulla
1775 5394 2017 5467 indigens

422 5501 497 5554 tia
530 5497 886 5569 corporalium
924 5491 1298 5547 alimentorum
1325 5488 1444 5546 solo
1479 5486 1776 5545 vivitlcetur
1800 5489 2008 5563 spiritu,

420 5610 531 5652 non
561 5585 701 5664 quod
747 5590 1118 5656 incorporeum
1151 5577 1501 5641 substantiam
1545 5583 1617 5639 sit
1659 5581 1962 5640 habiturum
1994 5604 2008 5642 :

422 5700 601 5754 neque
646 5682 786 5736 enim
829 5689 884 5735 et
921 5676 1026 5733 hoc
1065 5687 1259 5748 corpus
1282 5719 1299 5745 ,
1346 5677 1506 5749 quale
1547 5689 1690 5734 nunc
1730 5677 2007 5747 habemus,

421 5765 614 5837 ﬁnitum
637 5772 792 5826 habet
812 5766 1184 5834 substantiam,
1206 5768 1381 5826 ethos
1399 5778 1484 5827 est
1498 5771 1856 5842 quod-anima,
1885 5776 2008 5843 quia

1343 281 1432 341 DE
1472 279 1716 340 GENESI
1759 278 1846 333 AD
1888 269 2258 339 LITTERAM,
2300 271 2358 326 S.
2401 261 2767 326 AUGUS’l‘lNl

3610 268 3718 328 460

2117 387 2316 443 dictum
2343 395 2425 441 est
2453 385 2704 442 animale.
2739 383 2865 438 ltem
2895 381 3111 453 spiritus
3131 381 3344 451 dicitur,
3364 383 3454 441 vel
3475 397 3569 442 aer
3591 385 3717 454 iste,

2114 481 2200 538 vel
2243 482 2396 538 llatus
2422 479 2540 550 ejus
2565 521 2579 545 ,
2614 478 2665 533 id
2696 486 2779 533 est
2808 485 2983 550 motus
3012 477 3130 548 ejus
3154 519 3169 544 ,
3198 477 3335 533 sicut
3359 477 3562 534 dictum
3591 488 3675 536 est
3703 497 3718 533 :

2117 565 2263 648 Ignis
2282 614 2297 640 ,
2321 571 2516 644 grando
2533 611 2548 638 ,
2579 569 2698 638 nias,
2727 569 2937 641 glacies,
2967 568 3177 640 spiritus
3205 570 3513 644 tempestatis
3541 568 3721 640 (Ptol.

2118 679 2337 732 chvnt,
2361 659 2436 734 8).
2465 657 2666 717 Dicitur
2693 661 2854 716 etiam
2885 660 3104 730 spiritus
3122 659 3320 726 anima,
3349 660 3462 717 sive
3478 663 3722 734 pecoris,

2122 757 2234 811 sive
2259 753 2490 810 bominis
2511 797 2524 822 ,
2555 753 2691 808 sicut
2726 751 2981 824 scriptum
3013 761 3096 808 est
3131 769 3146 808 :
3176 751 3243 807 Et
3274 751 3386 825 quis
3409 754 3534 816 scit,
3567 753 3724 825 spiri-

2125 859 2202 904 tus
2233 847 2457 920 ﬁliorum
2483 847 2701 902 hominis
2717 846 2761 902 si
2779 847 3016 901 ascendat
3043 845 3152 918 ipse
3172 863 3398 914 sursum,
3429 857 3475 902 et
3499 849 3718 919 spiritus

2121 943 2313 1013 pecoris
2338 942 2381 998 si
2411 941 2676 995 descendat
2714 940 2821 1012 ipse
2849 939 3083 998 deorsum
3113 941 3164 996 in
3189 950 3374 999 terram
3410 941 3608 1013 (Eccle.
3636 958 3720 1010 Ill,

2118 1028 2248 1106 2|)?
2291 1033 2495 1090 Dicitur
2520 1033 2741 1103 spiritus
2767 1041 2824 1090 et
2858 1033 2971 1108 ipsa
3006 1048 3160 1089 mens
3190 1034 3485 1098 rationalis,
3524 1035 3614 1089 ubi
3636 1044 3729 1092 est

2121 1125 2336 1198 quidam
2391 1135 2640 1198 tanquam
2686 1125 2872 1182 oculus
2920 1126 3146 1194 animae,
3192 1123 3260 1180 ad
3300 1141 3459 1196 quem
3488 1127 3731 1196 pertinet

2123 1219 2300 1290 imago
2325 1227 2379 1274 et
2402 1219 2602 1292 agnitio
2631 1217 2746 1272 Dei.
2794 1215 2947 1272 Unde
2971 1217 3100 1274 dicit
3133 1217 3452 1287 Apostolus,
3484 1217 3729 1274 Renova-

2121 1309 2247 1364 mini
2268 1311 2450 1382 spiritu
2479 1309 2659 1364 mentis
2688 1317 2864 1364 vestra:
2887 1350 2900 1374 ,
2933 1318 2977 1364 et
3003 1308 3197 1363 induite
3224 1326 3409 1364 novum
3439 1309 3722 1377 Itontinem,

2119 1399 2207 1473 qui
2235 1399 2512 1454 secundum
2538 1397 2699 1454 Deum
2735 1409 2934 1454 creatus
2975 1410 3046 1453 est
3093 1397 3307 1472 (Ep/tes.
3338 1416 3391 1456 tv
3412 1442 3428 1468 ,
3451 1399 3552 1466 25,
3581 1400 3676 1472 24)
3705 1416 3726 1468 ;

2121 1507 2242 1548 cum
2281 1502 2336 1549 ct
2364 1487 2490 1548 alibi
2517 1491 2658 1548 dicat
2681 1491 2749 1547 de
2779 1492 3029 1549 interiore
3053 1492 3284 1558 liOtllllie,
3318 1492 3418 1559 Qui
3448 1503 3728 1548 renovatur

2120 1586 2173 1640 in
2201 1585 2463 1658 agnitione
2501 1583 2630 1651 Dei,
2658 1585 2933 1639 secundum
2977 1584 3247 1656 imaginem
3276 1585 3386 1658 ejus
3417 1586 3505 1653 qui
3532 1585 3725 1648 crearit

2122 1693 2236 1730 eum
2275 1676 2492 1750 (Coloss.
2529 1692 2617 1742 tu,
2656 1676 2765 1749 l0).
2810 1675 2938 1731 Item
2969 1691 3089 1732 cum
3124 1676 3373 1742 dixisset,
3405 1675 3572 1749 Igitur
3608 1678 3727 1749 ipse

2124 1785 2214 1840 ego
2235 1777 2396 1822 mente
2420 1769 2581 1824 servio
2608 1768 2705 1840 legi
2725 1767 2835 1833 Dei,
2855 1785 3006 1824 carne
3023 1779 3190 1824 autem
3209 1770 3307 1841 legi
3328 1771 3516 1842 peccati
3539 1769 3724 1843 (Rom.

2121 1873 2221 1928 vn,
2253 1857 2386 1932 25);
2436 1859 2544 1914 alio
2582 1859 2697 1913 loco
2748 1859 2992 1914 eamdem
3036 1862 3352 1916 sententiam
3384 1875 3728 1917 commemo—

2119 1965 2247 2006 rans
2267 1993 2282 2018 ,
2326 1948 2458 2012 Caro
2479 1992 2493 2016 ,
2537 1951 2740 2022 inquit,
2768 1949 3078 2022 concupiscit
3112 1953 3350 2008 adversus
3369 1951 3639 2024 spiritum,
3671 1962 3726 2008 et

2122 2042 2330 2114 spiritus
2352 2041 2594 2098 adversus
2633 2060 2873 2110 carnem,
2902 2053 2958 2097 ut
2986 2060 3088 2100 non
3119 2061 3178 2098 ea
3205 2061 3318 2117 qua:
3345 2047 3492 2102 vultis
3519 2029 3728 2118 faciatis

2125 2131 2320 2206 (Galat.
2341 2151 2398 2202 v,
2427 2136 2538 2208 l'i),
2565 2152 2724 2207 quam
2753 2136 2886 2192 dixit
2912 2147 3168 2205 mentem,
3204 2138 3343 2195 lianc
3365 2141 3523 2196 etiam
3552 2141 3725 2214 spiri-

2963 321 2987 348 Ι

2126 2235 2237 2282 tum
2269 2228 2574 2300 appellavit.
2605 2229 2808 2286 Dicitur
2837 2230 3058 2302 spiritus
3085 2231 3246 2287 etiam
3279 2233 3437 2299 Deus,
3484 2234 3618 2290 sicut
3644 2237 3728 2290 ait

2119 2321 2376 2385 Dominus
2426 2321 2478 2376 in
2508 2322 2796 2396 Evangelio
2826 2340 2838 2377 :
2867 2324 3090 2397 Spiritus
3127 2334 3199 2380 cst
3226 2323 3366 2380 Deus
3385 2368 3402 2394 ,
3450 2337 3496 2381 et
3522 2344 3606 2384 eos
3632 2344 3730 2398 qut

2119 2417 2337 2471 adorant
2377 2432 2526 2482 eum,
2582 2418 2634 2474 in
2684 2418 2867 2490 spiritu
2915 2427 2961 2472 et
3007 2419 3213 2473 veritate
3259 2428 3454 2490 oportet
3500 2420 3731 2480 adorare

2120 2510 2174 2583 (.l
2185 2527 2304 2566 oan.
2333 2525 2407 2575 tv,
2438 2509 2555 2582 24).

2119 2603 2348 2662 CAPUT
2386 2605 2516 2660 Vlll.
2542 2633 2614 2646 -—
2639 2603 2787 2662 Unde
2815 2606 3077 2676 spirituale
3095 2605 3278 2662 dicitur
3300 2607 3541 2682 uisiogtum
3559 2625 3732 2679 genus

2771 2698 3061 2752 secundum.

2200 2789 2288 2854 19.
2319 2789 2398 2846 Ex
2421 2788 2506 2846 his
2526 2791 2773 2846 omnibus
2789 2791 2985 2859 modis,
3003 2805 3140 2862 quos
3159 2794 3724 2862 commemoravimus,

2121 2885 2318 2954 quibus
2344 2881 2641 2956 appellatur
2681 2885 2902 2956 spiritus
2922 2928 2937 2954 ,
2987 2900 3095 2946 non
3126 2888 3386 2944 traximus
3423 2887 3527 2946 hoc
3553 2903 3689 2946 voca

2120 2977 2335 3044 bulum,
2385 2994 2491 3049 quo
2520 2979 2909 3050 appellavimus
2933 2980 3207 3050 spirituale
3248 2981 3350 3038 hoc
3378 2981 3597 3040 visionis
3621 2999 3724 3056 ge-

2121 3086 2222 3128 nus
2245 3070 2312 3128 de
2343 3086 2449 3140 quo
2470 3086 2610 3126 nunc
2637 3071 2883 3142 agimus;
2913 3072 3008 3128 sed
3033 3087 3100 3130 ex
3128 3073 3221 3129 illo
3242 3088 3351 3132 uno
3374 3073 3536 3130 modo
3554 3089 3721 3146 quoin

2123 3165 2428 3222 invenimus
2468 3166 2522 3222 in
2551 3165 2787 3236 Epistola
2814 3165 2884 3224 ad
2923 3166 3266 3237 Corinthios,
3305 3185 3414 3241 quo
3444 3171 3666 3241 spiritus
3688 3189 3724 3230 ι

2117 3265 2298 3312 mente
2321 3249 2661 3329 distinguitur
2685 3256 3086 3320 evidentissimo
3114 3261 3440 3318 testimonio.
3487 3261 3551 3318 Si
3573 3264 3719 3320 enim

2118 3363 2348 3416 oravero,
2373 3344 2565 3419 inquit,
2594 3349 2785 3421 lingua,
2819 3351 3027 3422 spiritus
3054 3368 3194 3412 naeus
3221 3362 3354 3417 erat,
3380 3369 3521 3412 metu
3545 3365 3723 3414 autem

2120 3457 2232 3498 mea
2257 3442 2578 3512 infructuosa
2602 3453 2696 3500 est.
2744 3443 2880 3500 Cum
2916 3461 3042 3516 ergo
3081 3446 3314 3517 linguam
3342 3448 3362 3480 ί
3395 3447 3723 3519 intelligatur

2120 3535 2222 3594 hoc
2245 3536 2365 3594 loco
2393 3537 2575 3596 dicere
2611 3539 2866 3596 obscuras
2907 3550 2964 3598 at
2989 3542 3243 3612 mysticae
3278 3541 3718 3614 signiﬁcationes,

2120 3646 2153 3688 a
2183 3632 2378 3704 quibus
2402 3633 2446 3690 si
2477 3634 2808 3691 intellectum
2833 3636 3028 3691 mentis
3054 3651 3334 3694 removeas
3354 3677 3372 3706 ,
3401 3653 3561 3694 nemo
3586 3638 3722 3694 tedi-

2120 3725 2344 3791 ﬁcatur,
2388 3725 2655 3783 audiendo
2692 3727 2840 3799 quod
2882 3743 2988 3784 non
3047 3729 3333 3801 intelligit;
3375 3730 3517 3787 unde
3555 3731 3722 3787 etiam

2120 3817 2270 3886 dicit,
2305 3819 2408 3886 Qui
2433 3819 2565 3874 enim
2586 3820 2809 3890 loquitur
2833 3821 3028 3890 lingua,
3047 3837 3148 3877 non
3172 3822 3458 3878 homini“:
3475 3823 3722 3893 loquitur,

2121 3912 2212 3968 sed
2236 3910 2381 3979 Deo;
2407 3929 2554 3970 nemo
2578 3913 2711 3970 enim
2733 3914 2896 3981 audit,
2923 3915 3134 3986 spiritus
3161 3925 3328 3971 autem
3355 3915 3576 3987 loquitur
3602 3933 3722 3987 πιθα

2121 4005 2275 4061 sterio
2305 4020 2324 4060 :
2353 4005 2485 4062 satis
2514 4003 2717 4062 indicat
2750 4021 2870 4062 eam
2899 4021 2959 4062 se
2995 4007 3226 4078 linguam
3253 4007 3356 4063 hoc
3392 4008 3512 4063 loco
3533 4008 3723 4078 appel-

2123 4095 2273 4163 lare,
2313 4097 2400 4154 ubi
2451 4106 2578 4155 sunt
2619 4098 3034 4170 signiﬁcationes
3065 4099 3211 4156 velut
3253 4100 3511 4172 imagines
3537 4113 3720 4158 rerum

2123 4204 2190 4246 ac
2213 4189 2590 4247 similitudines
2608 4229 2622 4254 ,
2649 4203 2771 4261 quae
2799 4198 2859 4246 ut
2890 4191 3270 4261 intelligantur,
3305 4191 3540 4263 indigent
3562 4207 3723 4248 πιαι-

2122 4282 2192 4337 tis
2217 4281 2425 4339 obtutu.
2472 4279 2606 4338 Cum
2629 4287 2948 4339 autemnon
2993 4284 3397 4356 intelliguntur,
3433 4285 3486 4339 in
3527 4285 3721 4355 spiritu

2125 4389 2216 4430 eas
2248 4374 2379 4430 dicit
2403 4390 2556 4440 esse,
2588 4391 2698 4432 non
2734 4377 2788 4432 in
2818 4388 2998 4435 uiuite
3025 4397 3040 4435 :
3067 4378 3210 4436 unde
3248 4378 3485 4450 apertius
3512 4379 3626 4446 ait,
3657 4379 3724 4436 Si

2125 4467 2438 4522 benedixeris
2461 4467 2678 4541 spiritu;
2712 4470 2798 4541 qui
2825 4471 3027 4540 supplet
3050 4473 3214 4526 locum
3245 4473 3437 4537 idiota,
3463 4472 3719 4545 quomodo

2124 4558 2290 4624 dicet,
2319 4558 2507 4627 Amen,
2533 4577 2684 4632 super
2709 4569 2850 4616 tuam
2873 4561 3288 4629 benedictionem,
3308 4564 3721 4634 quandoquidem

2125 4651 2281 4706 nescit
2306 4652 2430 4722 quid
2453 4653 2594 4708 dicas
2614 4654 2640 4707 7
2664 4653 2797 4720 Quia
2823 4669 2952 4723 ergo
2974 4656 3134 4710 etiam
3158 4656 3358 4726 lingua,
3381 4655 3536 4711 idest
3553 4671 3726 4710 mem~

2124 4744 2226 4801 bro
2269 4747 2512 4817 corporis
2549 4747 2691 4817 quod
2724 4763 2996 4803 movemus
3038 4746 3092 4802 in
3137 4764 3234 4806 ore
3268 4764 3388 4806 cum
3430 4749 3722 4820 loquimur,

2123 4836 2277 4907 signa
2309 4839 2492 4908 utique
2516 4855 2693 4895 rerum
2719 4838 2933 4908 dantur,
2955 4857 3062 4896 non
3085 4855 3171 4896 res
3193 4841 3324 4910 ipsa
3341 4841 3718 4912 proferuntur;

2122 4933 2403 5000 promeres
2420 4931 2680 4985 translato
2691 4934 2854 4990 verbo
2871 4933 3404 5004 lingunmappeilavit
3423 4936 3717 5007 quamlibet

2119 5026 2387 5096 signorum
2402 5025 2748 5095 prolationem
2761 5028 3065 5098 priusquam
3079 5027 3465 5100 intelliguntur:
3479 5045 3586 5100 quo
3597 5043 3718 5086 cum

2119 5115 2418 5173 intellectus
2441 5119 2748 5184 accesserit,
2779 5117 2868 5190 qui
2895 5121 3094 5176 montis
3117 5130 3198 5176 est
3229 5122 3482 5192 .preprius
3503 5162 3518 5188 ,
3551 5123 3610 5176 lit
3633 5133 3721 5178 re-

2119 5210 2335 5277 velatio,
2354 5210 2668 5281 veiagnitio,
2693 5213 2772 5267 vel
2796 5212 3090 5283 prophetia,
3107 5213 3194 5268 vel
3211 5213 3470 5270 doctrina.
3489 5213 3722 5271 Proinde

2119 5304 2214 5371 ait,
2247 5303 2306 5359 Si
2327 5315 2508 5358 amere
2528 5304 2595 5358 ad
2615 5321 2702 5360 vos
2722 5306 2908 5377 linguis
2934 5307 3160 5378 loquens,
3183 5305 3305 5378 quid
3321 5307 3463 5362 tabis
3477 5307 3714 5378 prodere,
3736 5299 3744 5306 ’

2118 5395 2216 5449 nisi
2242 5394 2422 5466 loquar
2445 5397 2583 5450 vobis
2603 5397 2658 5450 in
2683 5397 3005 5465 reuelatione,
3035 5408 3125 5451 aut
3152 5399 3208 5452 in
3233 5398 3509 5469 agnitione,
3541 5405 3632 5454 aut
3657 5401 3716 5456 in

2119 5487 2390 5561 prophetia
2408 5525 2423 5555 ,
2452 5499 2540 5543 aut
2563 5489 2618 5542 in
2646 5489 2876 5544 doctrina
2901 5488 2950 5561 (l
2976 5487 3096 5545 Car.
3125 5499 3251 5559 κιν,
3284 5491 3384 5557 η,
3411 5491 3468 5558 9,
3502 5491 3589 5558 is,
3622 5491 3722 5550 Gl?

2124 5580 2179 5637 id
2201 5589 2284 5638 est
2308 5597 2430 5638 cum
2465 5581 2665 5653 signis;
2716 5582 2816 5638 hoc
2845 5589 2956 5652 est,
2997 5582 3192 5654 linguai
3231 5585 3520 5640 accesserit
3557 5583 3720 5642 tutel-

2184 5783 2203 5816 ι
2229 5783 2358 5850 Apud
2382 5791 2457 5835 Er.
2481 5783 2628 5850 Lugd.
2654 5791 2772 5836 Ven.
2798 5792 2906 5838 Lor.
2928 5783 3125 5852 legitur,
3150 5782 3331 5854 lingua
3373 5782 3431 5838 I.
