3902 6312
111 301 219 367 ιω

107 427 318 492 lectus,
347 425 409 480 ut
433 435 543 479 non
564 417 752 494 spiritu
771 423 999 489 tantum,
1025 413 1119 474 sed
1141 413 1302 472 etiam
1329 421 1508 468 mente
1530 418 1716 482 agatur

106 515 267 588 quod
292 511 483 584 agitur.

189 602 429 667 CAPUT
455 602 547 664 IX.
574 632 646 648 -ι-
678 601 1010 678 Prophetiam
1029 600 1101 659 ad
1119 609 1334 657 mentem
1361 599 1629 672 pertinere.

181 701 288 759 20.
320 697 553 760 Proinde
578 742 592 765 ,
635 699 826 772 quibus
854 699 1005 769 signa
1027 709 1122 766 per
1143 693 1349 764 aliquas
1385 703 1563 747 rerum
1590 704 1713 744 cor—

105 794 393 869 poralium
436 789 813 848 similitudines
860 783 1362 846 demonstrabantur
1400 785 1452 838 in
1499 781 1711 854 spiritu,

103 889 226 946 nisi
258 888 569 945 accessisset
591 886 786 942 mentis
811 879 1066 948 cilicium,
1092 890 1149 935 ut
1169 879 1328 936 etiam
1357 877 1715 948 intelligeren-

105 991 232 1050 tur,
261 979 492 1037 nondum
511 987 628 1036 erat
653 975 968 1049 prophetia;
998 973 1270 1045 magisque
1295 967 1553 1042 propheta
1577 975 1708 1032 erat,

106 1075 215 1148 qui
264 1071 716 1145 interpretabatur
743 1065 885 1140 quod
933 1065 1067 1122 alius
1109 1065 1360 1125 vidisset,
1404 1075 1560 1133 quam
1601 1060 1715 1129 ipse

102 1169 207 1240 qui
233 1165 475 1223 vidisset.
505 1159 659 1220 Linde
685 1165 902 1233 apparet
921 1159 1087 1229 magis
1108 1153 1172 1212 ad
1193 1161 1425 1211 mentem
1450 1152 1714 1223 pertinere

103 1261 481 1334 prophetiam,
525 1269 682 1328 quam
712 1251 779 1310 ad
803 1255 962 1312 ismm
991 1251 1254 1324 spiritum,
1287 1246 1373 1321 qui
1402 1247 1560 1302 modo
1585 1259 1716 1314 quo-

103 1357 246 1412 dam
293 1347 514 1426 proprio
551 1359 771 1406 vocatur
807 1345 1064 1419 Spiritus,
1115 1346 1195 1402 vis
1239 1341 1427 1398 animat
1469 1339 1712 1410 quaedam

103 1456 304 1504 mente
333 1443 574 1513 inferior,
619 1439 711 1497 ubi
737 1440 1094 1512 corporalium
1125 1447 1304 1491 rerum
1335 1430 1709 1487 similitudines

105 1538 514 1611 caprimuntur.
564 1527 746 1605 itaque
771 1531 940 1602 magis
963 1529 1159 1600 loseph
1189 1528 1446 1598 propheta
1468 1566 1483 1592 ,
1515 1523 1603 1594 qui
1634 1523 1713 1576 in-

105 1631 331 1689 tellexit
357 1627 483 1702 quid
514 1627 870 1699 signiﬁcarent
892 1633 1094 1693 septem
1123 1619 1284 1690 Spirat
1307 1628 1358 1674 et
1387 1625 1588 1687 septem
1616 1613 1714 1670 ho-

106 1740 210 1783 ves
233 1769 247 1789 ,
282 1738 446 1798 quam
473 1719 678 1779 Pharao
704 1719 795 1792 qui
819 1729 910 1774 eas
937 1713 1066 1771 vidit
1101 1711 1153 1768 in
1185 1711 1384 1768 somnis
1419 1707 1568 1782 (Gen.
1598 1721 1710 1775 xu,

110 1821 185 1889 i-
201 1815 324 1889 3‘2).
358 1817 504 1872 illius
525 1814 667 1870 enim
689 1812 906 1885 spiritus
930 1807 1244 1864 informatus
1269 1811 1369 1869 est,
1391 1811 1452 1858 ut
1475 1799 1710 1866 videret;

112 1912 283 1984 hujus
315 1926 467 1965 mens
493 1906 807 1972 illuminata,
841 1915 898 1959 ut
924 1899 1261 1971 intelligeret.
1306 1901 1382 1953 Ac
1411 1909 1506 1967 per
1528 1894 1631 1951 hoc
1659 1893 1712 1949 in

111 2005 210 2060 illo
238 2011 357 2060 erat
385 2004 560 2073 lingua
583 2043 598 2068 ,
627 1999 684 2054 in
717 1999 818 2053 isto
844 1994 1118 2067 prophetia
1146 2009 1159 2059 ;
1189 1991 1310 2064 quia
1340 1987 1390 2044 in
1420 1988 1507 2044 illo
1533 2002 1712 2042 rerum

114 2095 451 2167 itnaginalio,
485 2093 537 2147 itt
555 2093 657 2146 isto
679 2085 1111 2159 imaginationum
1135 2080 1517 2152 interpretatio.
1542 2077 1714 2133 Minus

115 2205 248 2256 ergo
275 2187 563 2258 pr0pheta,
592 2185 680 2254 qui
705 2198 881 2237 rerum
909 2195 1026 2252 qtlzt‘.
1054 2175 1436 2248 significentur,
1463 2176 1573 2227 sola
1600 2172 1714 2240 ipsa

117 2285 270 2355 signa
305 2284 360 2336 in
383 2280 576 2348 spiritu
619 2293 713 2348 per
749 2289 928 2330 rerum
963 2269 1322 2341 corporalium
1355 2266 1610 2334 imagines
1638 2263 1715 2318 vi-

116 2375 244 2440 det;
275 2382 337 2430 et
358 2373 524 2442 magis
547 2368 826 2441 propheta,
844 2364 934 2436 qui
956 2364 1069 2418 solo
1091 2376 1271 2416 earnm
1291 2357 1556 2412 intellectu
1579 2370 1716 2424 pra:-

119 2468 262 2522 ditus
290 2473 380 2522 est
406 2483 420 2518 :
453 2461 546 2518 sed
570 2469 624 2517 et
651 2461 880 2515 maxime
906 2453 1184 2527 prepheta,
1217 2449 1304 2518 qui
1333 2458 1555 2517 utroque
1583 2461 1715 2515 prte-

117 2559 288 2622 cellit,
311 2567 369 2612 ut
391 2565 445 2613 et
460 2553 638 2609 videat
659 2554 712 2608 in
735 2551 922 2622 spiritu
943 2545 1295 2616 corporalium
1319 2555 1496 2595 rerum
1516 2534 1716 2607 signiti-

119 2651 328 2706 cativas
345 2645 739 2710 similitudines,
756 2651 807 2697 et
824 2655 914 2697 eas
929 2637 1206 2694 vivacitate
1224 2631 1415 2688 mentis
1435 2629 1711 2700 intelligat,

118 2744 261 2798 sicut
277 2731 520 2795 Danielis
535 2733 843 2792 excellentia
866 2739 1062 2787 tentata
1079 2737 1159 2784 est
1176 2735 1229 2781 et
1251 2725 1465 2795 probata
1477 2765 1489 2786 ,
1504 2721 1590 2792 qui
1607 2721 1715 2792 regi

119 2845 173 2892 et
190 2832 473 2891 somnium
491 2827 629 2900 quod
656 2824 858 2882 viderat
874 2821 1025 2890 dixit,
1045 2817 1237 2891 etquid
1267 2816 1716 2887 signiﬁcat-etape-

115 2927 221 2984 ruit
241 2925 416 3000 (Dan.
439 2939 496 2988 tt,
518 2917 705 2988 27-15,
725 2928 770 2973 et
788 2912 1074 2986 nulli-2“.
1097 2913 1164 2967 Et
1183 2913 1308 2979 ipsa:
1325 2910 1517 2979 quippe
1535 2902 1718 2974 itnagiu

118 3035 216 3076 nes
237 3014 557 3088 corporales
576 3013 627 3067 in
651 3010 838 3083 spiritu
861 3008 974 3078 ejus
996 3018 1263 3076 expressa:
1294 3007 1436 3068 sunt,
1456 3005 1509 3053 et
1534 3010 1714 3052 earum

118 3085 440 3168 intellectus
486 3103 753 3161 revelatus
793 3101 845 3155 in
887 3106 1086 3153 mente.
1139 3094 1213 3149 Ex
1261 3091 1360 3145 hoc
1392 3104 1518 3160 ergo
1557 3085 1717 3142 modo

120 3219 222 3275 quo
253 3199 563 3273 appellatur
589 3197 639 3250 in
666 3194 764 3250 ista
790 3189 1129 3247 distinctione
1162 3185 1397 3255 spiritus,
1426 3178 1716 3236 secundum

121 3273 282 3368 quem
319 3291 460 3348 dixit
484 3288 768 3362 Apostolus
790 3325 806 3352 ,
852 3281 1022 3338 Orabo
1047 3278 1268 3352 spiritu,
1306 3273 1458 3328 orabo
1481 3281 1645 3325 autent
1671 3276 1720 3323 ct

122 3365 292 3444 mente
316 3384 358 3459 (1
388 3382 508 3440 Cor.
534 3397 647 3446 11v,
676 3377 788 3448 15),
817 3385 874 3430 ut
899 3386 952 3428 et
981 3373 1127 3444 signa
1154 3383 1331 3424 rerum
1363 3365 1719 3420 formarentur

123 3481 172 3536 in
199 3477 438 3551 spiritu,
482 3483 535 3530 et
571 3485 756 3528 eorum
795 3461 1079 3537 relulgeret
1107 3460 1404 3516 intellectus
1431 3459 1481 3510 iu
1510 3464 1714 3521 mente;

126 3548 424 3629 secundum
445 3563 608 3630 hanc,
630 3563 862 3633 inquam,
884 3555 1276 3612 distinctionem
1299 3548 1568 3619 spirituale
1581 3559 1722 3603 nunc

128 3660 524 3737 appellavimus
563 3656 668 3712 tale
713 3667 883 3726 genus
910 3651 1143 3705 visorum
1169 3688 1185 3713 ,
1234 3643 1377 3715 quali
1413 3644 1573 3698 etiam
1602 3656 1722 3696 cor-

129 3771 326 3830 porum
355 3751 656 3809 absentium
678 3745 942 3817 imagines
968 3740 1282 3811 cogitamus.
1493 3811 1496 3814 ι

313 3841 541 3902 CAPUT
565 3839 634 3898 Χ.
666 3870 738 3882 —
766 3835 1112 3892 lntel‘lectuale
1135 3846 1292 3902 genus
1317 3825 1540 3882 visionis.

193 3941 295 3999 2i.
345 3932 705 3992 lntellectuale
749 3938 925 3985 autem
971 3925 1098 3981 illud
1146 3920 1527 3987 excellentius,
1579 3915 1721 3988 quod

129 4031 332 4093 mentis
362 4040 450 4087 est
477 4026 767 4100 proprium.
813 4021 920 4077 Nec
945 4017 1074 4074 mihi
1101 4013 1336 4072 occurrit
1361 4011 1577 4066 omnino
1600 4050 1615 4076 ,
1647 4009 1721 4063 ita

130 4126 382 4201 pluribus
407 4121 580 4177 modis
608 4118 712 4174 dici
745 4130 902 4188 posse
931 4111 1252 4166 intellectum
1272 4148 1288 4174 ,
1320 4106 1456 4161 sicut
1478 4103 1719 4173 spiritum

132 4197 320 4278 multis
350 4215 520 4273 modis
547 4210 868 4283 appellatum
912 4221 1030 4261 esse
1059 4199 1436 4271 comperimus.
1476 4197 1599 4253 Sive
1625 4210 1721 4249 au-

134 4321 240 4369 tem
267 4304 635 4365 intellectuale
661 4302 920 4364 dicamus,
945 4294 1061 4350 sive
1082 4291 1434 4362 intelligibile,
1459 4288 1560 4343 hoc
1581 4287 1719 4342 idem

138 4401 522 4478 signiﬁcamus.
571 4398 882 4465 Quanquam
921 4387 1159 4444 nonnihil
1195 4386 1453 4440 interesse
1484 4380 1722 4437 nonnulli

139 4475 424 4554 voluerunt
443 4535 460 4561 ,
491 4500 550 4547 ut
577 4485 921 4557 intelligibilis
951 4481 1019 4536 sit
1054 4495 1140 4535 res
1171 4479 1281 4551 ipsa
1305 4520 1321 4543 ,
1357 4494 1474 4548 quae
1499 4476 1616 4530 solo
1643 4475 1724 4528 in-

141 4588 360 4645 tellectu
407 4581 604 4656 percipi
643 4588 860 4651 potest;
903 4571 1278 4629 intellectualis
1315 4579 1490 4622 autem
1518 4611 1532 4636 ,
1572 4582 1725 4621 mens

139 4696 258 4752 quae
292 4671 541 4745 intelligit
571 4692 585 4729 :
613 4671 706 4728 sed
731 4685 850 4725 esse
871 4665 1100 4739 aliquam
1125 4679 1237 4719 rem
1267 4679 1384 4734 qua:
1413 4662 1526 4716 solo
1563 4660 1723 4716 intel-

141 4773 283 4830 lectu
321 4768 468 4826 cerni
496 4767 698 4841 possit,
730 4780 792 4818 ac
817 4779 922 4817 non
954 4760 1114 4815 etiam
1143 4755 1426 4824 intelligat,
1457 4769 1642 4823 magna
1672 4756 1727 4806 et

145 4862 384 4920 difﬁcilis
408 4859 630 4932 quaestio
659 4865 761 4914 est.
810 4853 944 4910 Esse
970 4863 1146 4907 autem
1178 4865 1289 4904 rem
1320 4863 1434 4918 qua:
1458 4845 1724 4927 intellectu

146 4957 422 5029 percipiat,
458 4965 640 5010 etnon
671 4950 826 5006 etiam
855 4947 1121 5002 intellectu
1157 4939 1353 5014 percipi
1389 4937 1586 5010 possit,
1620 4955 1725 4993 non

148 5053 378 5108 arbitror
426 5061 742 5120 quemquam
790 5041 875 5096 vel
927 5050 1142 5112 putare,
1199 5037 1279 5090 vel
1318 5035 1526 5099 dicere;
1578 5049 1729 5088 mens

152 5146 346 5213 quippe
397 5157 501 5196 non
547 5137 756 5192 videtur
799 5133 900 5188 nisi
959 5139 1154 5186 mente.
1223 5125 1352 5195 Quia
1392 5141 1519 5195 ergo
1563 5123 1730 5179 videri

154 5244 345 5304 potest,
378 5228 754 5300 intelligibilis;
786 5225 904 5297 quia
927 5232 981 5278 et
1004 5221 1204 5285 videre,
1235 5217 1602 5273 intellectualis
1627 5226 1727 5282 est,

155 5324 442 5383 secundum
491 5321 638 5378 illam
693 5317 1104 5374 distinctionem.
1161 5312 1496 5382 Quapropter
1545 5325 1732 5381 seque-

155 5428 315 5476 strata
360 5414 450 5473 illa
484 5411 796 5472 difﬁcillima
842 5409 1133 5482 quaestione
1158 5448 1173 5473 ,
1222 5415 1400 5461 utrum
1430 5405 1498 5459 sit
1534 5403 1733 5477 aliquid

158 5511 295 5584 quod
349 5520 554 5568 tantum
607 5503 935 5580 intelligatur
977 5517 1077 5557 nec
1113 5499 1413 5572 intelligat,
1463 5513 1605 5554 nunc
1649 5499 1731 5552 in-

159 5603 453 5664 tellectuale
475 5608 532 5659 et
559 5596 886 5669 intelligihile
904 5593 1004 5652 sub
1028 5591 1210 5650 eadem
1238 5587 1616 5661 significatione
1639 5605 1732 5659 ap-

160 5699 435 5772 pellamus.

1427 290 1630 351 LIBER
1662 287 2119 348 DUODEClMUS.

3298 297 3403 354 462

1820 403 2043 461 CAPUT
2075 403 2164 460 XI.
2207 434 2277 445 --
2313 401 2639 475 Corporalcm
2667 405 2902 460 visionem
2940 405 3114 476 referri
3141 407 3208 462 ad
3243 411 3401 482 spiri-

2093 496 2279 552 tualem
2304 539 2319 564 ,
2348 496 2477 551 hanc
2499 511 2614 552 vero
2634 497 2701 551 ad
2723 497 3130 554 intellectualem.
3311 482 3316 488 ’

1888 587 1981 643 22.
2016 585 2140 643 Tria
2185 590 2344 661 igitur
2385 588 2484 644 ista
2530 603 2726 659 genera
2763 588 3064 658 visionum,
3105 596 3401 664 corporale.

1822 679 2131 750 spirituale,
2161 689 2215 736 et
2250 678 2643 749 intellectuale,
2688 681 2993 752 singillatim
3019 685 3406 745 consideranda

1819 783 1943 829 sunt
1962 814 1976 842 ,
2021 782 2081 828 ut
2108 773 2176 829 ah
2210 772 2549 829 inferioribus
2571 776 2709 828 ratio
2735 775 2801 829 ad
2829 775 3103 846 superiora
3141 791 3406 835 enascen-

1819 863 1930 920 dat.
1980 863 2098 920 iam
2139 864 2350 937 quidem
2394 865 2640 936 superius
2667 866 2967 938 exemplum
3005 872 3400 941 proposuimus,

1819 972 1928 1029 quo
1958 958 2010 1013 in
2053 973 2157 1014 una
2198 958 2460 1014 sententia
2497 959 2675 1013 omnia
2723 960 2822 1013 tria
2869 959 3152 1016 videantur
3187 978 3404 1035 genera.

1820 1048 1950 1104 Cum
1977 1049 2117 1106 enim
2157 1050 2382 1121 legitur,
2423 1046 2617 1122 Diliges
2659 1051 2945 1120 proximum
2986 1060 3127 1105 tuam
3167 1063 3406 1125 tanquam

1821 1140 2036 1212 teipsum
2060 1138 2274 1212 (Matth.
2297 1155 2431 1206 χχιι,
2462 1140 2555 1212 39)
2573 1182 2587 1207 ,
2633 1142 2981 1211 corporaliter
3008 1142 3197 1199 littera:
3219 1145 3408 1201 viden-

1821 1239 1925 1295 tur,
1977 1231 2324 1301 spiritualitcr
2368 1231 2643 1301 proximus
2669 1233 2949 1302 cogitatur,
2978 1234 3408 1295 intellectualiter
3461 1219 3465 1225 ⁷

1819 1320 2034 1377 dilectio
2069 1322 2415 1392 cornepicitur.
2450 1321 2555 1378 Sed
2592 1331 2646 1378 et
2678 1323 2870 1380 littera:
2898 1325 3146 1382 absentes
3178 1337 3407 1400 possunt

1819 1415 2166 1486 spiritualiter
2183 1415 2424 1486 cogitari,
2448 1425 2500 1471 et
2531 1417 2808 1487 proximus
2826 1433 3064 1488 prmsens
3089 1430 3262 1490 potest
3284 1437 3407 1478 cor—

1818 1509 2071 1580 pomiiter
2113 1509 2279 1566 videri
2304 1526 2319 1576 ;
2350 1509 2566 1566 dilectio
2599 1519 2774 1566 autem
2803 1525 2905 1567 nec
2932 1526 3027 1583 per
3054 1514 3404 1572 substantiam

1819 1615 1967 1656 suam
1998 1610 2173 1670 potest
2196 1601 2364 1656 oculis
2391 1603 2630 1671 corporis
2656 1602 2801 1657 cerni
2826 1643 2841 1666 ,
2874 1616 2978 1657 nec
3002 1617 3099 1674 per
3121 1604 3407 1676 imaginem

1819 1693 2063 1761 corporis
2091 1692 2323 1747 similem
2350 1691 2537 1763 spiritu
2569 1692 2812 1762 cogitari,
2841 1691 2936 1748 sed
2963 1693 3078 1747 sola
3104 1704 3285 1750 mente
3308 1735 3322 1761 ,
3350 1695 3409 1751 id

1820 1793 1902 1839 cst
1935 1783 2242 1851 intellectu,
2291 1783 2540 1855 cognosci
2578 1791 2630 1840 et
2668 1783 2892 1854 percipi.
2934 1784 3240 1856 Corporalis
3277 1799 3409 1842 sane

1819 1877 1954 1932 visio
1979 1879 2106 1932 nulli
2135 1878 2323 1933 horum
2352 1879 2534 1948 generi
2565 1878 2836 1948 praesidet,
2873 1878 2967 1934 sed
2993 1880 3132 1949 quod
3170 1895 3265 1950 per
3287 1896 3407 1937 eam

1820 1971 2064 2036 sentitur,
2100 1971 2178 2024 illi
2207 1970 2466 2040 spirituali
2497 1979 2743 2040 tanquam
2768 1970 3079 2042 praesidenti
3103 1972 3397 2026 nuntiatur.

1818 2059 1950 2116 Nam
1977 2076 2096 2116 cum
2123 2061 2322 2131 aliquid
2355 2061 2523 2117 oculis
2550 2059 2789 2116 cernitur
2807 2101 2821 2125 ,
2853 2059 3106 2116 continuo
3136 2059 3193 2115 lit
3231 2061 3407 2132 imago

1819 2152 1934 2222 ejus
1961 2154 2011 2206 in
2040 2154 2266 2224 spiritu;
2315 2152 2410 2207 sed
2457 2167 2563 2207 non
2602 2152 2931 2222 dignoscitur
2953 2150 3114 2219 facta,
3155 2153 3258 2208 nisi
3282 2167 3406 2208 cum

1818 2246 2008 2300 ablatis
2035 2246 2205 2301 oculis
2227 2246 2298 2302 ab
2317 2261 2385 2301 eo
2407 2245 2550 2316 quod
2574 2260 2670 2315 per
2688 2244 2873 2301 oculos
2900 2244 3214 2304 videbamus
3233 2283 3250 2308 .
3273 2245 3411 2300 ima—

1819 2339 1995 2408 ginem
2022 2338 2138 2408 ejus
2174 2339 2225 2391 in
2268 2339 2448 2392 animo
2488 2336 2868 2392 invenerimus.
2919 2337 2982 2391 Et
3007 2335 3268 2406 siquidem
3301 2335 3412 2412 spi-

1820 2433 1955 2485 ritus
1985 2429 2305 2485 irrationalis
2333 2437 2414 2484 est
2437 2469 2452 2495 ,
2478 2429 2638 2483 veluti
2673 2429 2903 2500 pecoris,
2931 2426 3035 2483 hoc
3073 2444 3242 2500 usque
3269 2427 3410 2483 oculi

1821 2523 2086 2579 nuntiant.
2132 2522 2188 2577 Si
2218 2533 2394 2576 autem
2424 2520 2599 2575 anitna
2630 2519 2906 2574 rationalis
2930 2529 3034 2587 est,
3065 2520 3224 2575 etiam
3255 2518 3416 2574 intel-

1821 2614 1978 2670 lectui
2025 2614 2316 2678 nuntiatur,
2363 2612 2450 2682 qui
2478 2619 2536 2668 et
2571 2610 2776 2680 Spiritui
2804 2610 3084 2680 prtesidet,
3116 2622 3171 2665 ut
3201 2611 3248 2665 si
3276 2608 3408 2665 illud

1822 2706 1961 2778 quod
2001 2704 2292 2760 hauserunt
2333 2702 2494 2771 oculi,
2532 2711 2690 2772 atque
2719 2701 2770 2756 id
2801 2701 3031 2772 Spiritui,
3072 2710 3131 2756 nt
3165 2701 3279 2772 ejus
3301 2703 3412 2758 illic

1822 2805 1998 2876 imago
2039 2803 2229 2870 ﬁeret,
2279 2804 2682 2870 nuntiaverunt,
2720 2803 2943 2875 alicujus
2969 2805 3045 2859 rei
3068 2805 3274 2874 signum
3305 2815 3408 2872 est,

1821 2906 1914 2952 aut
1955 2897 2280 2967 intelligatur
2303 2896 2558 2951 continuo
2597 2894 2722 2965 quid
2761 2894 3041 2966 signiticet,
3086 2906 3177 2951 aut
3205 2912 3415 2966 quzrra-

1823 2996 1946 3053 tur;
1995 2988 2245 3060 quoniam
2295 3002 2393 3042 nec
2437 2985 2664 3057 intelligi
2710 3000 2808 3042 nec
2854 2987 3054 3056 requiri
3103 2987 3205 3042 nisi
3234 2987 3413 3043 ofﬁcio

1824 3079 2020 3135 mentis
2062 3087 2254 3148 potest.

1893 3173 1984 3228 ‘23.
2029 3171 2174 3227 Vidit
2209 3185 2303 3227 rex
2328 3169 2605 3226 Balthasar
2627 3170 2878 3225 articulos
2917 3184 3107 3226 manus
3132 3169 3414 3228 scribentis

1826 3265 1876 3320 in
1907 3263 2143 3334 pariete,
2187 3262 2543 3332 continuoque
2573 3277 2666 3331 per
2698 3261 2940 3332 corporis
2983 3277 3197 3318 sensum
3238 3265 3414 3336 imago

1826 3358 1902 3412 rei
1933 3357 2281 3426 corporaliter
2307 3354 2460 3410 facta:
2495 3354 2702 3424 spiritui
2733 3357 2850 3425 ejus
2877 3353 3130 3426 impressa
3174 3365 3283 3424 est,
3333 3367 3415 3412 at-

1825 3465 1929 3521 que
1975 3449 2088 3521 ipso
2113 3448 2228 3502 viso
2267 3445 2406 3502 facto
2433 3462 2496 3500 ac
2523 3446 2793 3516 praeterito
2817 3485 2831 3510 ,
2877 3443 2963 3498 illa
3001 3447 3054 3499 in
3095 3449 3415 3516 cogitatione

1828 3541 2116 3612 permansit
2147 3555 2162 3594 τ
2193 3538 2468 3593 videbatur
2497 3538 2549 3590 in
2572 3536 2782 3606 spiritu,
2807 3545 2862 3590 et
2889 3537 3124 3591 nondum
3150 3538 3413 3608 intellige-

1826 3634 2016 3701 batur,
2067 3647 2164 3686 ncc
2207 3641 2336 3686 tunc
2379 3628 2701 3683 intellectum
2731 3636 2846 3682 erat
2875 3628 2974 3682 hoc
3011 3627 3248 3698 Signum,
3289 3644 3412 3683 cum

1827 3727 2172 3797 corporaliter
2199 3724 2349 3778 ﬁeret
2387 3732 2544 3792 atque
2583 3720 2753 3777 oculis
2797 3720 3158 3790 corporalibus
3184 3736 3410 3792 appare~

1827 3829 1945 3885 ret;
1975 3819 2083 3889 jam
2115 3828 2292 3872 tamen
2322 3815 2529 3886 signum
2552 3827 2669 3868 esse
2695 3812 3102 3883 intelligebatur,
3131 3813 3184 3866 id
3210 3813 3414 3870 habens

1827 3929 1893 3968 ex
1937 3911 2133 3966 mentis
2169 3907 2369 3964 ofﬁcio.
2420 3908 2486 3962 lit
2509 3907 2629 3978 quia
2657 3905 3028 3977 requirebatur
3051 3907 3177 3979 quid
3205 3905 3414 3980 signiﬁ-

1827 4016 1993 4071 caret,
2021 4005 2178 4059 etiam
2201 4003 2367 4074 ipsam
2398 4000 2792 4073 inquisitionem
2814 4001 2997 4073 utique
3017 4016 3170 4057 meus
3194 4001 3404 4073 agebat.

1827 4101 1944 4168 Quo
1969 4114 2074 4153 non
2111 4105 2384 4166 comperto
2405 4093 2594 4148 Daniel
2621 4095 2866 4158 accessit,
2889 4102 2942 4148 et
2961 4092 3149 4163 spiritu
3179 4093 3411 4164 prophe-

1830 4194 1934 4246 tico
1970 4200 2150 4245 mente
2190 4188 2449 4242 illustrata
2471 4227 2485 4252 ,
2517 4185 2825 4255 perturbato
2851 4183 2961 4254 regi
2990 4184 3113 4254 quid
3145 4184 3234 4239 illo
3261 4186 3415 4256 Signo

1829 4283 2242 4356 portenderetur
2270 4280 2479 4351 aperuit
2523 4277 2683 4350 (Dan.
2711 4292 2773 4343 v,
2805 4275 3033 4348 5-28);
3077 4277 3191 4346 ipse
3240 4279 3415 4347 potius

1829 4377 2090 4448 propheta
2133 4389 2233 4445 per
2274 4372 2378 4427 hoc
2418 4386 2584 4441 genus
2632 4370 2888 4435 visionis,
2934 4367 3075 4439 quod
3111 4370 3302 4424 mentis
3333 4379 3416 4427 εει

1833 4471 2143 4544 preprium,
2201 4481 2359 4538 quam
2414 4464 2501 4520 ille
2557 4463 2644 4535 qui
2701 4471 2756 4519 et
2799 4464 3008 4535 signum
3063 4465 3417 4534 corporaliter

1833 4563 2029 4618 factum
2077 4556 2428 4626 corporaliter
2465 4552 2706 4620 viderat,
2742 4562 2797 4610 et
2835 4553 3089 4609 transacti
3129 4555 3242 4625 ejus
3285 4556 3418 4611 ima-

1834 4656 2008 4726 ginem
2051 4653 2102 4707 in
2143 4650 2330 4720 Spiritu
2357 4645 2640 4718 cogitando
2668 4647 2952 4712 cernebat,
2982 4661 3082 4702 nec
3112 4649 3307 4717 aliquid
3336 4650 3417 4705 inn

1833 4748 2046 4802 tellectu
2081 4751 2307 4814 poterat,
2333 4738 2431 4795 nisi
2457 4753 2617 4794 nosse
2645 4738 2852 4810 signum
2873 4753 3014 4806 esse,
3037 4747 3092 4796 et
3109 4741 3237 4811 quid
3263 4740 3418 4812 signi-

1837 4842 2016 4894 ficaret
2042 4837 2327 4905 inquirere.

1901 4931 1992 4986 2i.
2019 4929 2161 4985 Vidit
2183 4928 2369 4981 Petrus
2393 4925 2449 4978 in
2492 4923 2811 4980 alienatione
2840 4924 3035 4980 mentis
3063 4937 3157 4979 vas
3183 4933 3416 4994 quatuor

1836 5025 1988 5080 lineis
2017 5024 2281 5093 alligatum
2310 5018 2546 5074 submitti
2563 5016 2630 5073 de
2650 5017 2785 5073 coelo
2805 5017 3015 5087 plenum
3033 5016 3196 5072 variis
3215 5019 3391 5071 anima

1837 5121 1994 5182 libus,
2027 5134 2146 5173 cum
2177 5115 2380 5170 audivit
2405 5123 2460 5168 et
2474 5127 2681 5180 vocem,
2711 5110 2903 5178 Macta,
2937 5120 2983 5164 et
3012 5110 3279 5163 manduca.
3311 5109 3415 5176 Qui

1838 5227 1956 5268 cum
1987 5209 2222 5264 redditus
2239 5205 2484 5261 sensibus
2515 5203 2581 5260 de
2609 5203 2724 5257 visu
2751 5201 3094 5271 disceptaret,
3128 5215 3254 5255 ecce
3281 5217 3417 5270 quos

1837 5301 2113 5360 Cornelius
2140 5300 2378 5361 miserat,
2412 5295 2672 5351 nuntiavit
2695 5294 2742 5348 ei
2788 5293 3006 5363 spiritus
3030 5290 3212 5347 dicens
3242 5310 3255 5347 :
3284 5291 3423 5347 Ecce

1838 5397 1931 5448 viri
1952 5402 2177 5464 qutcrtmt
2203 5402 2252 5446 te
2269 5411 2290 5458 ';
2317 5389 2406 5444 sed
2423 5404 2593 5458 surge,
2623 5384 2886 5449 descende,
2913 5391 2959 5437 ct
2977 5382 3103 5437 vade
3141 5399 3259 5438 cum
3289 5384 3417 5451 illis,

1841 5487 1957 5558 quia
1980 5502 2067 5556 ego
2094 5485 2207 5538 misi
2226 5498 2328 5536 eos.
2347 5478 2582 5546 Quicum
2605 5475 2838 5530 venisset
2855 5473 2920 5528 ad
2939 5471 3264 5542 Cornelium,
3293 5475 3419 5547 quid

1844 5578 1894 5631 in
1927 5578 2014 5633 illa
2054 5575 2262 5630 visione
2313 5568 2650 5633 intellexerit,
2683 5566 2771 5620 ubi
2816 5565 3077 5633 audierat,
3114 5566 3242 5631 Quae
3283 5568 3424 5623 Deus
3481 5633 3483 5635 ι

1843 5668 2122 5735 multat-it,
2141 5675 2194 5720 tu
2218 5681 2279 5718 ne
2291 5660 2574 5717 emuniuit!
2593 5659 2931 5731 ὒαὴιρρω
2947 5658 3200 5718 indicavit
3213 5659 3417 5718 dicens:
3480 5663 3486 5726 ζ

1844 5763 1950 5820 Sed
1968 5761 2090 5815 mihi
2119 5759 2255 5814 Deus
2271 5755 2482 5812 ostendit
2504 5755 2745 5810 neminem
2760 5769 3074 5810 communem
3094 5761 3180 5808 aut
3193 5754 3422 5811 immun-
