3902 6328
397 255 414 263 ’
482 260 586 318 465

487 385 610 433 dum
633 377 886 432 hominem
911 376 1075 432 dicere.
1099 376 1249 447 (Act.
1274 391 1330 442 χ,
1355 375 1519 432 10-28
1544 375 1585 447 ).
1619 378 1748 432 Cum
1765 392 1893 448 ergo
1921 377 2068 433 illum

483 475 691 532 discum
723 472 924 528 videret
951 470 1211 525 alienatos
1236 487 1263 524 a
1291 471 1531 540 corporis
1569 472 1836 537 sensibus,
1862 480 1916 527 et
1957 472 2073 527 illas

489 584 668 633 voces,
704 566 894 628 Macta,
916 575 962 619 et
993 564 1265 625 manduca,
1288 572 1364 627 et,
1401 563 1528 629 Quae
1554 562 1693 618 Deus
1720 564 1998 630 inundavit,
2017 572 2071 617 tu

486 663 772 719 communia
801 676 866 714 ne
883 659 1094 725 dixeris,
1117 659 1167 713 in
1193 657 1382 728 spiritu
1405 657 1672 712 audiebat.
1699 657 1957 712 Redditus
1977 672 2072 712 au-

487 765 592 810 tem
620 753 863 823 corporis
891 752 1156 818 sensibus,
1185 750 1410 818 idipsum
1433 750 1574 820 quod
1593 751 1759 804 visum
1789 759 1945 820 atque
1973 765 2070 804 au-

483 849 652 902 ditum
683 845 938 901 memoria
979 851 1238 904 tenuerat,
1272 843 1324 897 in
1353 841 1540 896 eodem
1571 843 1760 911 spiritu
1787 841 2072 912 cogitando

483 939 758 995 cernebat.
782 936 912 1004 Quae
937 935 1112 990 omnia
1133 951 1237 990 non
1264 935 1579 1004 corporalia,
1602 935 1694 989 sed
1712 934 2072 1004 corporalium

483 1032 742 1099 imagines
771 1036 943 1092 erant,
975 1027 1087 1082 sive
1111 1042 1230 1082 cum
1264 1028 1492 1097 primum
1535 1027 1585 1079 in
1614 1027 1725 1096 ipsa
1753 1024 2073 1079 alienatione

485 1125 609 1181 visa:
631 1132 775 1189 sunt,
803 1123 916 1177 sive
941 1137 1060 1175 cum
1085 1130 1266 1190 postea
1302 1118 1592 1174 recordatre
1621 1127 1779 1188 atque
1803 1118 2068 1186 cogitate.

486 1217 616 1272 Cum
646 1230 770 1267 vero
795 1212 1212 1282 disceptabatur,
1244 1218 1297 1265 et
1324 1209 1696 1279 requirebatur
1721 1219 1776 1262 ut
1803 1207 1889 1262 illa
1922 1207 2071 1276 signa

484 1307 926 1376 intelligeretttur,
957 1302 1149 1356 tuentis
1177 1311 1293 1357 erat
1315 1301 1452 1357 actio
1472 1301 1735 1364 conantis,
1766 1299 1859 1354 sed
1890 1299 2074 1353 deerat

485 1400 704 1455 cli'eclus
727 1399 743 1429 ¹
768 1397 940 1452 donec
957 1396 1178 1450 nuntiati
1201 1403 1324 1449 sunt
1345 1393 1433 1465 qui
1457 1403 1758 1449 veneranta
1781 1391 2068 1457 Cornelio;

484 1494 586 1548 bac
616 1507 741 1548 vero
787 1491 1052 1560 corporali
1092 1491 1254 1545 etiam
1297 1487 1588 1544 accedente
1615 1488 1841 1549 visione.
1870 1501 1990 1540 cum
2019 1493 2075 1539 et

482 1585 716 1655 Spiritus
764 1593 981 1637 sanctus
1022 1596 1207 1636 rursus
1252 1580 1303 1634 in
1349 1580 1535 1650 spiritu
1572 1579 1620 1634 ei
1670 1579 1890 1643 dict-ret,
1935 1575 2075 1630 Vade

483 1694 597 1731 cum
625 1676 715 1741 eis,
748 1675 836 1729 ubi
865 1674 1060 1730 etillud
1079 1674 1284 1743 signum
1313 1671 1711 1736 ostenderat,et
1731 1671 2074 1736 impresserat

483 1785 668 1833 voces,
699 1769 874 1838 adjuta
892 1767 1142 1822 divinitus
1170 1779 1320 1819 mens
1347 1763 1603 1818 intellexit
1629 1761 1754 1832 quid
1785 1762 1888 1815 illis
1909 1760 2073 1830 signis

484 1865 732 1919 omnibus
756 1871 1023 1934 ageretur.
1053 1861 1143 1915 llis
1163 1869 1322 1929 atque
1345 1855 1646 1926 bnjusmodi
1676 1855 1833 1909 rebus
1847 1854 2073 1924 diligen-

480 1969 563 2014 ter
591 1956 958 2028 consideratis,
991 1955 1120 2008 satis
1162 1960 1383 2022 apparet
1431 1949 1760 2019 corporalem
1811 1947 2070 2001 visionem

480 2049 666 2104 referri
695 2047 760 2102 ad
786 2046 1132 2119 spiritualem,
1165 2057 1390 2113 eamque
1417 2040 1748 2111 spiritualem
1790 2038 1977 2094 referri
2003 2037 2072 2092 ad

477 2141 907 2199 iatellectualem.

600 2266 828 2324 CAPUT
869 2265 985 2321 XII.
1018 2295 1089 2305 —
1109 2262 1399 2334 Corporalis
1424 2271 1470 2315 et
1490 2260 1772 2332 spiritualis
1801 2260 1946 2314 visio.

549 2401 641 2457 25.
664 2399 770 2457 Sed
790 2415 913 2454 cum
934 2398 1233 2470 vigilantes,
1252 2412 1423 2466 neque
1445 2404 1670 2450 mentea
1693 2393 1936 2448 sensibus
1953 2406 2070 2447 cor-

484 2495 632 2567 poris
653 2493 900 2557 alienata,
931 2491 983 2545 in
1029 2491 1233 2545 visione
1256 2488 1523 2559 corporali
1573 2503 1779 2553 sumus,
1812 2485 2070 2541 discerni-

480 2602 600 2643 mus
621 2587 688 2641 ab
713 2601 772 2639 ea
802 2583 1060 2638 visionem
1090 2581 1442 2652 spiritualem,
1458 2595 1559 2650 qua
1581 2594 1804 2649 corpora
1829 2579 2069 2633 absentia

484 2679 842 2752 imaginalitcr
892 2678 1208 2747 cogitamus,
1239 2677 1352 2732 sive
1383 2677 1694 2730 memoriter
1723 2673 2069 2730 recordantes

480 2788 600 2841 quae
625 2771 892 2834 novimus,
925 2769 1035 2822 sivi:
1055 2784 1176 2838 qua:
1203 2783 1304 2821 non
1335 2771 1578 2822 novimus
1598 2775 1651 2821 ct
1697 2775 1876 2821 tamen
1920 2774 2066 2831 sunt,

475 2863 532 2918 in
565 2863 675 2931 ipsa
697 2862 913 2930 spiritus
951 2860 1270 2929 cogitatione
1293 2869 1579 2928 utcumque
1611 2858 1923 2925 formantes,
1957 2858 2070 2913 sive

477 2971 596 3027 qum
625 2955 844 3008 omnino
866 2967 1126 3023 nusquam
1154 2961 1297 3016 sunt,
1332 2967 1426 3019 pro
1453 2950 1671 3004 arbitrio
1698 2951 1780 3004 vel
1808 2950 2069 3019 opinatio-

476 3061 548 3103 ne
578 3045 854 3116 (iungentes.
889 3043 1070 3098 Abbis
1097 3042 1343 3096 omnibus
1366 3043 1432 3094 ita
1461 3041 1815 3094 discernimus
1839 3039 1926 3094 illa
1948 3055 2069 3095 cor-

474 3139 682 3213 poralia
704 3154 821 3209 quae
861 3137 1123 3202 videmus,
1170 3147 1224 3189 et
1253 3134 1308 3188 in
1337 3134 1530 3204 quibus
1557 3133 1903 3202 przesentibus
1945 3141 2068 3187 sunt

474 3249 668 3291 sensus
714 3232 956 3302 corporis
1004 3231 1198 3294 nostri,
1231 3229 1290 3282 ut
1317 3245 1423 3282 non
1453 3228 1758 3282 dubitemus
1807 3226 1920 3280 bam
1948 3239 2069 3281 esse

477 3315 727 3396 corpora,
762 3326 878 3380 illas
906 3339 1033 3379 vero
1084 3321 1343 3393 imagines
1370 3337 1674 3391 corporum.
1718 3318 1853 3376 Cum
1881 3329 2063 3376 autem

474 3419 558 3475 vei
583 3419 741 3472 nimia
769 3416 1105 3488 cogitationis
1133 3415 1448 3480 intentione,
1480 3414 1563 3468 vel
1588 3415 1762 3485 aliqua
1789 3413 1839 3468 vi
1868 3415 2063 3480 morbi,

474 3519 536 3566 ut
558 3509 881 3582 phreneticis
911 3524 1007 3578 per
1043 3507 1248 3562 febrem
1273 3507 1514 3562 accidere
1543 3507 1700 3573 solet,
1723 3507 1806 3562 vel
1837 3507 2065 3561 eorumi-

478 3605 661 3658 xtione
685 3602 996 3672 cujusquam
1022 3599 1244 3655 alterius
1271 3601 1486 3669 spiritus
1510 3615 1604 3654 seu
1645 3599 1768 3653 mali
1796 3616 1889 3653 seu
1916 3599 2062 3664 boni,

477 3697 549 3753 ita
576 3697 931 3766 corporalium
980 3710 1160 3749 rerum
1191 3694 1240 3747 in
1271 3693 1458 3762 spiritu
1485 3693 1854 3762 exprimuntur
1881 3691 2068 3762 imagi-

476 3806 596 3853 nes,
622 3800 667 3843 ta
679 3804 870 3858 nquam
894 3787 1020 3855 ipsis
1043 3786 1282 3855 corporis
1309 3785 1557 3840 sensibus
1583 3800 1804 3854 corpora
1836 3800 2067 3854 [mesen-

483 3893 685 3947 tcntur,
717 3890 966 3936 manente
1019 3892 1197 3932 tamen
1246 3879 1406 3933 etiam
1461 3880 1512 3932 in
1555 3879 1798 3933 sensibus
1825 3879 2066 3948 Corporis

477 3975 813 4037 intentione;
845 3974 923 4027 sic
945 3973 1188 4026 videntur
1215 3987 1334 4041 qua:
1360 3973 1410 4024 in
1439 3972 1624 4040 spiritu
1650 3973 1782 4026 [inut
1812 3972 2067 4040 imagines

477 4082 786 4136 corporum,
838 4063 1283 4134 quemadmodum
1315 4079 1539 4133 corpora
1573 4065 1681 4132 ipsa
1711 4080 1804 4134 per
1830 4080 2060 4134 corpus;

477 4164 551 4220 ita
579 4173 631 4216 ut
653 4161 810 4215 simul
837 4167 1084 4213 cernatur
1114 4166 1168 4212 et
1197 4157 1356 4210 Il()IlI0
1384 4157 1576 4224 aliquis
1605 4173 1840 4226 pra-scus
1867 4158 2061 4226 oculis,

394 4321 398 4324 ,
477 4268 534 4314 et
579 4256 774 4309 absens
821 4252 954 4306 alim
987 4250 1172 4320 spiritu
1201 4258 1450 4320 tanquam
1481 4250 1666 4304 oculis.
1703 4250 1829 4304 Nam
1860 4253 2065 4322 experti

475 4361 664 4405 sumus
684 4345 760 4400 sic
780 4343 998 4400 affectos
1025 4354 1075 4397 et
1095 4357 1212 4396 cum
1239 4342 1317 4396 eis
1343 4341 1551 4395 loeutos
1565 4342 1650 4411 qui
1672 4357 1795 4398 vere
1819 4342 2062 4410 aderant,

478 4451 536 4497 et
561 4456 680 4494 cum
713 4438 828 4491 aliis
852 4436 940 4507 qui
969 4452 1071 4488 non
1097 4434 1338 4494 aderant.
1367 4446 1615 4504 tanquam
1641 4436 1910 4488 adessent.
1957 4430 2068 4490 Re;

479 4533 795 4601 sipiscentes
821 4539 997 4583 autem
1021 4529 1181 4597 aliqui
1222 4526 1460 4582 referunt
1485 4528 1625 4597 quod
1659 4528 1935 4593 vidissent,
1968 4529 2065 4584 ali-

479 4626 571 4696 qui
622 4639 725 4677 non
759 4630 996 4691 possunt.
1028 4621 1115 4674 Sic
1144 4621 1286 4675 enim
1317 4628 1370 4675 et
1400 4621 1601 4673 somnia
1631 4620 1840 4689 quidam
1871 4619 2065 4676 oblivi-

479 4713 952 4784 scunlur,qnidatn
986 4715 1367 4768 meminerunt.
1399 4712 1626 4779 Quando
1651 4724 1825 4769 autem
1849 4715 2063 4785 penitus

474 4808 736 4864 avertitur
773 4815 931 4874 atque
985 4805 1242 4874 abripitur
1289 4806 1449 4858 animi
1501 4804 1724 4859 intentio
1761 4822 1790 4858 a
1818 4806 2064 4862 sensibus

475 4899 738 4970 corporis.
772 4908 896 4952 tunc
923 4897 1089 4966 magis
1143 4895 1364 4950 eeslasis
1386 4895 1488 4949 diei
1521 4898 1676 4950 solet.
1708 4895 1857 4952 Tunc
1886 4898 2063 4952 onmi-

481 5011 553 5049 no
589 5004 938 5062 qnmcumque
963 4990 1069 5042 sint
1100 4989 1377 5056 praesentia
1409 5004 1654 5058 corpora,
1687 4991 1845 5045 etiam
1873 5002 2063 5061 paten-

476 5089 617 5142 tibus
637 5086 805 5140 oculis
835 5100 940 5138 non
970 5082 1235 5147 videntur,
1270 5099 1367 5136 nec
1393 5083 1511 5136 ull-.e
1543 5099 1697 5140 voces
1730 5100 1947 5154 prorsus
1964 5102 2062 5141 au.

476 5179 695 5233 diuutur
728 5197 741 5232 :
772 5186 914 5230 totus
943 5176 1103 5230 animi
1135 5175 1406 5228 contuitus
1433 5188 1521 5228 aut
1549 5177 1599 5229 in
1622 5192 1905 5244 corporum
1927 5179 2027 5232 ima

475 5273 687 5342 giaibus
721 5281 800 5326 est
834 5287 926 5340 per
967 5269 1318 5339 spiritualem,
1348 5279 1436 5322 aut
1467 5271 1517 5323 in
1551 5271 1708 5325 rebus
1738 5271 2064 5341 incorporcis

477 5368 619 5422 nulla
676 5368 917 5436 corporis
956 5365 1188 5436 imagine
1235 5364 1468 5434 ﬁguratis
1505 5379 1602 5436 per
1649 5365 2063 5425 intellectualem

475 5472 761 5513 νιειυηθιιι.

539 5660 566 5721 ξ
584 5665 688 5709 Mss.
725 5669 902 5721 magno
939 5669 1180 5706 consensu
1200 5690 1216 5715 ,
1260 5657 1458 5721 affectas
1485 5655 1651 5708 :forte
1694 5657 1887 5719 melius,
1913 5671 1974 5710 eo
1994 5663 2065 5711 vi-

471 5695 676 5830 (18ιὶέοῖ
675 5695 1088 5829 ἐξΐῖὥέιυῖνᾷἇό
1091 5695 1286 5781 “rasae;
1291 5695 1469 5780 ’ἶιῗνὲὲῖ
1485 5695 2063 5784 ἀἱῆἑᾶοὴῖςᾜὸἴθιῖὥιίὧ

470 5793 652 5842 mpa
739 5817 748 5827 .

1373 257 1461 315 DE
1500 258 1746 316 CENESI
1783 259 1875 314 AD
1913 252 2284 327 LITTERAM,
2323 259 2380 317 S.
2423 255 2790 318 AUGUSTINI

3707 261 3811 324 464

2250 378 2339 433 26.
2372 378 2478 434 Sed
2504 394 2625 435 cum
2656 379 2948 451 spiritualis
2984 380 3141 447 visio,
3193 367 3412 454 penitus
3471 378 3736 443 alienato
3773 403 3806 442 a

2179 470 2423 526 sensibus
2448 472 2688 542 corporis
2713 474 2914 541 animo,
2945 473 3264 546 imaginibus
3287 478 3689 547 corporalium
3713 478 3810 538 de-

2181 564 2397 631 tinetur,
2431 564 2544 620 sive
2571 565 2623 620 in
2651 567 2855 621 somnis
2878 567 2993 623 sive
3014 552 3066 622 in
3098 569 3370 636 ecstasi,si
3409 570 3565 626 nihil
3593 571 3810 638 signiti-

2179 665 2302 711 cant
2326 673 2445 726 qua:
2463 658 2731 725 videntur,
2756 659 2921 728 ipsius
2941 660 3136 718 animae
3160 673 3285 718 sunt
3310 662 3760 734 imaginationes
3786 683 3800 719 :

2177 753 2314 806 sicut
2338 752 2497 806 etiam
2521 752 2802 822 vigilantes
2823 763 2876 808 et
2897 755 3035 823 sani,
3063 766 3116 811 et
3146 756 3288 811 nulla
3310 757 3666 812 alienatione
3687 774 3805 812 mo-

2178 844 2238 911 ti,
2263 845 2550 900 multorum
2578 861 2864 914 corporum
2887 863 3006 918 qua:
3037 863 3140 904 non
3159 848 3352 904 adsunt
3377 849 3658 904 sensibus
3681 865 3804 906 eor-

2177 936 2344 1005 poris,
2371 937 2695 1007 cogitatione
2743 939 3002 1010 imagines
3052 949 3288 996 versant.
3325 941 3546 997 Verum
3579 941 3693 997 hoc
3719 943 3803 997 in-

2179 1034 2364 1091 terest,
2393 1028 2535 1098 quod
2579 1043 2673 1083 eas
2700 1044 2730 1082 a
2779 1031 3136 1099 prmsentibus
3164 1031 3418 1102 verisque
3468 1034 3803 1103 corporibus

2178 1119 2441 1172 constanti
2471 1119 2752 1177 all‘ectione
2777 1120 3107 1178 discernunt.
3139 1124 3195 1178 Si
3237 1134 3419 1180 autem
3471 1124 3693 1194 aliquid
3725 1127 3798 1182 si-

2177 1209 2448 1278 gniﬁcant;
2477 1211 2590 1266 sive
2605 1211 2996 1269 dormientibus
3021 1215 3400 1281 exliibeantur,
3428 1216 3558 1272 sive
3580 1217 3802 1289 vigilan-

2180 1301 2338 1366 tibus,
2361 1317 2479 1356 cum
2498 1312 2552 1358 et
2576 1306 2748 1360 oculis
2777 1305 2950 1362 vident
2986 1309 3266 1377 praesentia
3289 1323 3558 1380 corpora,
3585 1319 3644 1365 et
3669 1311 3797 1366 abso

2178 1395 2378 1450 entiam
2409 1395 2668 1468 imagines
2685 1409 2911 1454 cernunt
2939 1400 3148 1470 spiritu,
3174 1410 3433 1473 tanquam
3453 1402 3640 1457 oculis
3662 1419 3798 1473 pra:-

2178 1495 2263 1541 sto
2291 1487 2421 1552 sint,
2444 1487 2556 1542 sive
2575 1488 2661 1542 illa
2679 1505 2797 1560 quae
2813 1491 3036 1546 ecstasis
3051 1490 3265 1560 dicitur,
3289 1493 3540 1549 alienato
3563 1509 3789 1566 prorsus

2177 1576 2356 1631 animo
2405 1593 2434 1630 a
2477 1579 2726 1636 sensibus
2769 1581 3050 1649 corporis;
3090 1581 3259 1638 mirus
3288 1583 3492 1640 modus
3538 1597 3626 1641 est
3656 1604 3671 1639 :
3699 1585 3793 1643 sed

2177 1671 2563 1728 commixtione
2591 1673 2607 1704 ¹
2635 1672 2852 1728 alterius
2873 1674 3090 1744 spiritus
3117 1673 3231 1730 ﬁeri
3261 1686 3448 1747 potest
3471 1686 3537 1732 ut
3573 1694 3637 1734 ea
3667 1694 3785 1750 qua:

2179 1759 2291 1830 ipse
2320 1762 2443 1828 scit,
2497 1779 2593 1833 per
2640 1764 2945 1834 bnjusmodi
2991 1766 3247 1836 imagines
3288 1768 3338 1824 ci
3383 1769 3483 1825 cui
3535 1770 3790 1826 miscetur

2177 1852 2441 1917 ostendat,
2466 1855 2578 1910 sive
2607 1855 2939 1928 intelligenti,
2972 1859 3087 1915 sive
3137 1867 3195 1914 ut
3241 1858 3311 1914 ab
3352 1861 3468 1916 alio
3519 1861 3785 1918 intellecta

2176 1944 2499 2013 pandantur.
2532 1945 2588 2001 Si
2609 1948 2751 2003 enim
2780 1947 3219 2006 demonstrantur
3246 1952 3383 2019 bace,
3418 1967 3529 2008 nec
3549 1953 3731 2024 utique
3754 1967 3784 2007 a

2175 2049 2401 2105 corpore
2431 2037 2789 2094 demonstrari
2817 2051 3059 2111 possunt,
3103 2043 3232 2114 quid
3275 2053 3454 2101 restat
3503 2045 3610 2100 nisi
3637 2053 3693 2101 ut
3717 2044 3780 2100 ab

2176 2128 2354 2198 aliquo
2380 2129 2569 2200 spiritu
2593 2131 3068 2190 demonstrentur?

2221 2264 2446 2322 CAPUT
2483 2265 2622 2322 XIII.
2649 2298 2723 2310 —
2747 2269 2826 2324 An
2850 2270 2966 2325 insit
2987 2270 3040 2324 in
3063 2271 3235 2326 anima
3257 2272 3332 2328 vis
3359 2273 3714 2328 divinationis.

2245 2393 2336 2448 27.
2368 2394 2613 2450 Nonnulli
2643 2396 2857 2468 quidem
2886 2398 3070 2452 volunt
3097 2398 3328 2453 animam
3359 2399 3662 2455 humanam
3689 2398 3776 2454 ha-

2176 2485 2306 2541 bere
2344 2487 2449 2542 vim
2483 2489 2762 2558 quamdam
2814 2489 3155 2546 divinationis
3189 2492 3239 2546 in
3271 2492 3478 2563 seipsa.
3506 2493 3614 2549 Sed
3635 2493 3680 2546 si
3708 2493 3775 2546 ita

2175 2589 2276 2644 est,
2325 2594 2424 2635 cur
2454 2596 2559 2634 non
2606 2596 2820 2651 semper
2860 2591 3054 2653 potest,
3087 2598 3208 2638 cum
3244 2597 3469 2654 seraper
3495 2583 3669 2640 velit?
3690 2584 3766 2638 An

2174 2672 2297 2741 quia
2325 2687 2428 2728 non
2452 2688 2664 2742 semper
2692 2674 2971 2744 adjuvatur
2998 2685 3053 2730 ut
3069 2677 3236 2746 possit
3259 2677 3283 2730 ?
3308 2675 3450 2732 Cum
3478 2695 3610 2748 ergo
3628 2677 3772 2746 adju-

2175 2775 2348 2830 vatur,
2381 2767 2631 2836 numquid
2658 2783 2687 2820 a
2712 2769 2875 2836 nullo,
2893 2779 2983 2822 aut
3010 2786 3038 2823 a
3061 2785 3287 2840 corpore
3306 2770 3374 2825 ad
3397 2773 3505 2826 hoc
3526 2769 3763 2840 adjuvari

2172 2867 2349 2936 potest
2375 2861 2398 2915 ?
2426 2861 2657 2917 Proinde
2680 2874 2843 2918 restat
2870 2872 2928 2917 ut
2957 2879 2985 2917 a
3015 2862 3204 2935 spiritu
3230 2864 3538 2936 adjuvetur.
3565 2863 3763 2920 Deinde

2175 2957 2445 3030 quomodo
2472 2957 2787 3028 adjuvatur?
2811 2957 2998 3014 Utrum
3029 2959 3078 3013 in
3107 2975 3332 3030 corpore
3375 2961 3442 3015 ﬁt
3468 2959 3685 3031 aliquid,
3716 2966 3767 3011 ut

2174 3050 2300 3105 inde
2320 3049 2470 3120 quasi
2491 3049 2756 3106 relaxetur
2783 3060 2838 3105 et
2865 3051 3059 3107 emicet
3082 3052 3198 3120 ejus
3226 3053 3479 3118 intentio,
3513 3067 3621 3123 quo
3650 3052 3698 3105 in
3718 3049 3766 3104 id

2173 3141 2376 3206 veniat.
2404 3141 2491 3196 ubi
2518 3141 2570 3196 in
2593 3127 2767 3214 seipSa
2796 3142 3346 3214 videatsigniﬁcantes
3362 3142 3761 3206 similitudines,

2173 3249 2292 3304 qua:
2322 3233 2393 3288 ibi
2413 3233 2522 3303 jam
2556 3243 2729 3298 crant,
2755 3250 2853 3290 nec
2874 3234 3210 3302 videbantur,
3239 3235 3381 3292 sicut
3412 3237 3576 3290 multa
3605 3235 3760 3290 habe-

2173 3341 2294 3380 mus
2318 3334 2372 3381 et
2403 3327 2454 3381 in
2481 3326 2762 3390 memoria,
2794 3341 2914 3397 qua:
2937 3343 3040 3380 non
3071 3342 3282 3397 semper
3330 3325 3652 3383 intuemur?
3686 3325 3760 3379 An

2175 3416 2308 3470 tlunt
2335 3416 2461 3484 illic,
2479 3433 2598 3486 quae
2626 3425 2750 3472 ante
2780 3433 2884 3472 non
2913 3415 3144 3484 fuerant,
3177 3419 3261 3474 vel
3292 3419 3343 3473 in
3370 3420 3559 3490 aliquo
3583 3415 3758 3487 spiritu

2173 3519 2317 3574 Sunt,
2351 3524 2456 3580 quo
2495 3509 2580 3563 illa
2610 3524 2895 3580 erumpens
2929 3517 2984 3564 et
3024 3525 3306 3578 emergens
3332 3510 3407 3565 ibi
3436 3526 3530 3567 eas
3552 3504 3760 3563 videat?

2173 3599 2280 3654 Sed
2307 3601 2350 3654 si
2381 3601 2492 3671 jam
2540 3602 2592 3655 in
2639 3602 2725 3655 illa
2769 3610 2924 3657 erant
2951 3604 3101 3672 quasi
3132 3604 3366 3673 proprie,
3399 3621 3501 3661 cur
3524 3619 3614 3660 eas
3658 3614 3754 3654 non

2172 3691 2334 3747 etiam
2381 3704 2769 3764 consequenter
2808 3695 3094 3767 intelligit?
3124 3697 3431 3767 Aliquando
3456 3697 3622 3762 enim,
3653 3693 3749 3748 imo

2173 3785 2485 3858 plerumque
2517 3802 2623 3842 non
2653 3788 2914 3859 intelligit.
2946 3793 3024 3843 An
3046 3789 3184 3844 sicut
3204 3791 3426 3860 spiritus
3469 3789 3584 3860 ejus
3607 3787 3747 3855 adju-

2174 3886 2258 3932 tus
2283 3887 2387 3945 est,
2419 3890 2475 3932 ut
2498 3894 2589 3935 cas
2621 3880 2673 3933 in
2699 3895 2758 3934 se
2803 3880 3027 3945 videret,
3062 3881 3130 3934 ita
3158 3890 3212 3936 et
3236 3897 3387 3936 ruens
3419 3881 3523 3936 nisi
3551 3879 3751 3947 adjuve-

2173 3979 2280 4036 tur,
2307 3987 2370 4027 ca
2397 3989 2515 4043 quae
2567 3973 2730 4028 habet
2774 3974 3021 4044 spiritus,
3059 3973 3357 4043 intelligere
3387 3989 3498 4029 non
3549 3965 3747 4042 potest?

2171 4065 2254 4119 An
2283 4063 2419 4120 forte
2448 4081 2551 4119 non
2573 4081 2828 4133 corporea
2853 4076 3214 4130 removentur,
3240 4065 3320 4120 vel
3350 4065 3505 4135 quasi
3530 4062 3750 4119 relaxan-

2175 4163 2262 4213 tur
2303 4157 2700 4226 impedimenta,
2731 4166 2781 4210 ut
2814 4171 2910 4210 suo
2938 4156 3135 4227 impetu
3162 4157 3336 4212 anima
3363 4159 3418 4211 in
3446 4172 3508 4213 ea
3537 4169 3647 4223 qua!
3669 4149 3740 4204 Vi-

2172 4245 2505 4313 dendasnnt,
2533 4247 2952 4313 exscratur;sed
2976 4247 3086 4317 ipsa
3108 4263 3324 4316 prorsus
3359 4247 3412 4302 in
3455 4248 3566 4302 huic
3604 4255 3745 4296 assu-

2172 4343 2356 4402 mitur,
2388 4339 2499 4393 sive
2518 4347 2722 4393 tantum
2745 4339 3091 4410 spiritualiter
3133 4339 3420 4406 cernenda,
3466 4339 3574 4394 sive
3595 4335 3741 4390 etiam

2173 4430 2602 4486 intellectualiter
2630 4430 3042 4502 cognoscenda?
3066 4433 3145 4486 An
3171 4431 3460 4502 aliquando
3489 4432 3539 4486 in
3570 4429 3732 4495 seipsa

2171 4519 2315 4575 videt
2342 4520 2461 4586 ista,
2495 4520 2778 4592 aliquando
2819 4537 2914 4592 per
2936 4521 3156 4578 alterius
3180 4523 3397 4594 spiritus
3419 4517 3739 4580 commixtio-

2172 4612 2335 4667 nem?
2359 4611 2626 4683 Quidquid
2650 4612 2839 4668 borum
2856 4626 2957 4681 eSt,
2984 4623 3182 4670 temere
3202 4614 3460 4671 aIIirmari
3481 4630 3579 4670 non
3596 4621 3737 4682 opor'

2173 4713 2270 4760 tet.
2320 4704 2449 4759 Illud
2481 4715 2657 4760 tamen
2688 4705 2906 4760 dubimn
2947 4721 3067 4763 esse
3099 4723 3202 4762 non
3243 4707 3422 4776 debet,
3451 4699 3736 4775 corporales

2171 4799 2449 4869 imagines,
2503 4815 2626 4870 qua:
2669 4799 2855 4870 Spiritu
2887 4811 3202 4868 cernuntur,
3236 4815 3341 4855 non
3369 4813 3575 4869 semper
3599 4792 3732 4862 sig"!

2171 4903 2291 4946 esse
2317 4891 2540 4944 aliarum
2574 4907 2772 4957 rerum,
2811 4891 2925 4946 sive
2951 4891 3002 4946 in
3023 4892 3379 4962 vigilantibus,
3411 4891 3520 4947 sive
3546 4887 3595 4940 in
3617 4882 3730 4938 dore

2173 4981 2480 5046 micntibns,
2515 4982 2626 5036 sive
2664 4981 2714 5035 in
2765 4983 3144 5053 aegrotantibus
3177 5003 3191 5038 :
3225 4985 3414 5038 mirum
3445 4991 3524 5038 est
3548 4985 3729 5036 autem.

2171 5073 2215 5128 si
2243 5072 2526 5141 aliquando
2552 5075 2773 5128 ecstasis
2801 5075 2912 5129 lieri
2937 5084 3128 5145 potest.
3163 5087 3219 5130 ut
3243 5092 3347 5130 non
3381 5077 3483 5131 illa:
3497 5079 3727 5140 σοι-ροη-

2171 5163 2301 5219 lium
2332 5181 2508 5219 rerum
2540 5165 2920 5224 similitudines
2948 5170 3144 5242 aliquid
3172 5171 3486 5242 signiﬁcent.

2239 5256 2328 5312 9.8.
2357 5256 2474 5312 Non
2503 5273 2631 5313 sane
2663 5262 2855 5316 mirum
2877 5272 2958 5317 est
2985 5263 3029 5318 si
3061 5275 3116 5318 et
3142 5262 3459 5320 ἀίειηοιιίιηη
3491 5257 3724 5314 habentes

2170 5349 2456 5421 aiiquando
2487 5367 2612 5406 vera
2633 5351 2835 5421 dicunt,
2859 5370 2976 5425 qua:
3001 5355 3193 5410 absunt
3213 5372 3242 5410 a
3265 5355 3589 5428 praesentium
3609 5357 3716 5398 sen-

2170 5445 2354 5512 sibus;
2382 5446 2521 5516 quod
2543 5458 2689 5503 certe
2705 5449 2883 5504 nescio
2904 5464 3008 5520 qua
3027 5450 3234 5506 occulta
3264 5451 3485 5505 mixtura
3505 5436 3717 5514 ejusdem

2171 5539 2392 5610 spiritus
2409 5539 2489 5608 in,
2509 5549 2564 5595 ut
2584 5550 2830 5612 tanquam
2855 5557 2991 5597 unus
3012 5541 3082 5598 sit
3101 5544 3350 5616 patientis
3374 5554 3523 5614 atque
3541 5541 3714 5589 vexan-

2183 5765 2196 5773 .
2233 5727 2249 5759 ¹
2276 5725 2415 5784 editi,
2433 5723 2477 5776 si
2497 5721 2829 5776 corrunixtione
2845 5759 2860 5785 ,
2886 5732 2981 5776 etc.
3010 5732 3073 5777 tta
3099 5727 3246 5778 etiam
3267 5733 3374 5778 uss.
3403 5722 3593 5782 excepto
3614 5713 3716 5759 “3"

2171 5789 2368 5848 tiuensi,
2393 5789 2535 5852 cujus
2555 5789 2840 5840 auctoritate
2863 5789 3160 5851 reponimus,
3184 5790 3291 5843 sed.
