3902 6312
147 333 246 394 665

146 451 230 506 tis.
247 447 387 505 Cum
411 455 592 503 autem
621 445 842 517 spiritus
869 444 1040 502 bonus
1069 446 1123 501 in
1151 446 1268 503 haec
1307 443 1421 502 visa
1446 446 1739 503 humanum

145 541 396 614 spiritum
425 538 650 595 assumit
666 546 758 594 aut
777 538 937 609 rapit,
968 538 1115 594 nullo
1144 539 1302 594 modo
1327 539 1444 594 illas
1475 540 1738 610 imagines

141 634 292 704 signa
317 647 502 688 rerum
551 631 776 686 aliarum
811 645 935 686 esse
961 629 1310 686 dubitandum
1339 639 1442 695 est,
1472 639 1528 687 et
1551 646 1740 686 earum

141 740 278 796 qnas
305 738 467 779 nosse
494 722 623 778 utile
651 729 735 778 est
758 739 773 777 :
801 722 892 777 Dei
919 722 1062 776 enim
1107 738 1302 777 munus
1326 731 1428 778 est.
1480 722 1742 777 Discretio

137 828 272 871 sane
293 813 611 870 difﬁcillima
633 821 738 880 cst,
753 829 874 868 cum
891 813 1109 883 spiritus
1137 813 1399 884 malignus
1419 814 1571 884 quasi
1591 821 1739 868 tran-

136 904 346 976 quillus
370 908 498 976 agit,
523 918 588 958 ac
614 905 732 958 sine
748 903 924 973 aliqua
955 905 1234 958 vexatione
1264 904 1508 974 corporis
1531 918 1742 958 assum-

133 1005 234 1068 pto
273 995 509 1050 humano
538 995 730 1064 spiritu
761 995 890 1048 dicit
913 993 1056 1064 quod
1100 1003 1310 1064 potest;
1339 994 1551 1066 quando
1580 997 1740 1050 etiam

133 1103 272 1144 vera
303 1088 453 1153 dicit,
485 1098 542 1143 et
578 1088 721 1142 utilia
751 1088 1024 1159 priedicat,
1057 1088 1440 1160 transligurans
1481 1105 1562 1155 se,
1595 1090 1739 1145 sicut

131 1179 403 1250 scriptum
430 1190 532 1247 est,
561 1180 694 1234 velut
733 1178 970 1250 angelum
998 1180 1123 1234 lucis
1152 1179 1227 1253 (ll
1252 1179 1371 1236 Cor.
1405 1197 1486 1247 χι,
1517 1183 1584 1236 14
1602 1171 1739 1254 ),“ίι‹1

133 1275 244 1328 hoc
275 1282 335 1328 ut
378 1289 500 1330 cum
551 1274 628 1328 illi
677 1275 728 1327 in
759 1274 1057 1328 manifestis
1089 1274 1239 1329 bonis
1268 1276 1529 1330 creditum
1561 1274 1735 1341 fuerit,

134 1366 364 1420 seducat
391 1364 460 1419 ad
484 1381 603 1419 sua.
635 1364 786 1420 Hunc
803 1365 1033 1420 discerni
1059 1383 1165 1420 non
1185 1367 1439 1434 arbitror,
1465 1367 1566 1422 nisi
1596 1369 1738 1423 dono

135 1458 229 1511 illo
260 1457 331 1512 de
359 1473 467 1529 quo
489 1457 563 1512 ait
591 1459 905 1528 Apostolus,
929 1473 1050 1513 cum
1069 1459 1135 1514 de
1162 1458 1389 1516 diversis
1421 1461 1512 1515 De:
1542 1477 1734 1517 mune-

136 1549 287 1604 ribus
332 1551 679 1620 loqueretur,
728 1551 833 1604 Atii
871 1551 1170 1622 dijudicatio
1219 1552 1575 1628 spirituum”
1615 1553 1733 1610 Cor.

139 1659 234 1707 xu,
266 1642 407 1715 l0).

131 1735 368 1791 CAPUT
408 1733 544 1791 XIV.
563 1733 1020 1789 —Inlellectualis
1041 1735 1165 1789 visio
1186 1751 1288 1789 non
1336 1735 1491 1805 fallit.
1525 1733 1592 1790 In
1615 1735 1736 1792 aliis

431 1822 546 1895 falli
579 1840 681 1876 non
707 1839 903 1895 semper
927 1833 996 1879 est
1019 1824 1374 1894 perniciosum.

207 1913 329 1969 Non
360 1914 505 1969 enim
544 1929 793 1985 magnum
823 1923 926 1981 est,
951 1924 1075 1970 tunc
1100 1930 1222 1970 eum
1247 1914 1580 1986 dignoscere,
1612 1930 1733 1971 cum

132 2009 200 2062 ad
228 2008 408 2078 aliqua
437 2009 740 2077 pervenerit
761 2008 844 2061 vel
875 2007 1206 2077 perduxerit,
1240 2023 1362 2078 quae
1401 2017 1525 2062 sunt
1548 2018 1732 2063 contra

130 2101 308 2156 bonos
339 2114 517 2154 mores
541 2100 624 2154 vel
661 2101 896 2170 regulam
946 2098 1068 2152 lidei
1097 2117 1110 2152 :
1142 2107 1267 2153 tunc
1304 2098 1446 2154 enim
1492 2116 1521 2152 a
1554 2100 1734 2155 multis

132 2194 487 2248 discernitur.
517 2191 614 2246 Illo
636 2205 814 2246 autem
858 2191 1023 2257 dono,
1071 2191 1121 2246 in
1153 2192 1268 2261 ipso
1294 2191 1585 2262 primordio
1628 2207 1734 2261 quo

131 2288 323 2342 multis
347 2287 524 2341 adhuc
547 2286 725 2341 bonus
745 2293 985 2356 apparet,
1017 2286 1272 2340 continuo
1312 2285 1635 2354 dijudicatur
1662 2299 1731 2338 ait

131 2379 311 2433 malus
335 2378 425 2433 sit.
1425 2389 1428 2392 '

204 2469 300 2524 29.
332 2468 535 2524 Tamen
582 2475 636 2522 et
683 2483 782 2541 per
827 2467 1162 2538 corporalem
1215 2467 1496 2534 visionem,
1540 2475 1593 2523 et
1638 2483 1734 2538 per

128 2563 398 2633 itmgincs
421 2561 779 2632 corporalium
807 2577 933 2632 qua:
959 2560 1394 2616 demonstrantur
1435 2561 1486 2615 in
1517 2561 1726 2631 spiritu,

128 2666 187 2711 et
210 2656 337 2710 boni
369 2659 656 2718 instruunt,
683 2665 734 2709 et
762 2654 885 2708 mali
911 2651 1116 2708 fallunt.
1151 2651 1527 2707 lntellectualis
1553 2665 1732 2707 autem

128 2749 274 2804 visio
300 2764 408 2802 non
457 2747 675 2802 fallitur.
705 2751 811 2801 Aut
841 2747 983 2800 enini
1015 2761 1120 2801 non
1165 2746 1426 2816 intelligit,
1460 2746 1547 2816 qui
1587 2745 1732 2800 aliud

130 2842 392 2912 Opinatur
417 2855 574 2910 quant
600 2849 684 2895 est
710 2857 726 2905 ;
755 2851 846 2894 aut
890 2840 934 2894 si
965 2838 1231 2909 intelligit,
1255 2839 1507 2892 continuo
1544 2854 1729 2894 verum

125 2943 236 2988 cst.
273 2931 414 3000 Quid
443 2931 587 2992 enim
623 2931 816 2984 iaciant
858 2932 994 2985 oculi
1025 2946 1129 2984 non
1159 2930 1378 2997 habent,
1409 2946 1528 2984 cum
1559 2931 1734 2985 simile

125 3043 335 3098 corpus
356 3026 606 3093 viderint,
642 3026 784 3096 quod
811 3026 880 3082 ab
909 3025 1014 3079 alio
1033 3025 1339 3080 discernere
1359 3041 1465 3080 non
1487 3024 1728 3096 possint:

126 3129 225 3175 aut
252 3119 382 3190 quid
429 3117 586 3173 faciat
610 3118 788 3190 lanimi
847 3117 1095 3183 intentio,
1125 3125 1244 3172 eum
1274 3118 1326 3171 in
1355 3117 1542 3187 spiritu
1594 3117 1732 3171 facta

129 3213 298 3271 fuerit
322 3211 565 3282 corporis
586 3209 898 3277 similitudo,
917 3226 1076 3281 quam
1105 3225 1210 3264 nou
1237 3211 1410 3264 valeat
1439 3209 1733 3277 distingue-

128 3324 195 3363 re
223 3325 251 3360 a
270 3319 498 3374 corpore
517 3305 540 3358 ?
566 3303 672 3359 Sed
689 3302 970 3357 adhibetur
987 3301 1309 3368 intellectus,
1337 3316 1584 3370 (μηδι-ρης
1602 3300 1732 3372 quid

130 3400 228 3455 illa
257 3398 567 3468 signiﬁcent
609 3397 689 3452 vel
727 3397 854 3452 utile
880 3396 1141 3460 doceant;
1169 3402 1224 3448 et
1248 3403 1339 3448 aut
1364 3394 1638 3448 inveniens
1665 3394 1733 3448 ad

127 3490 370 3546 fructum
397 3505 551 3544 suum
577 3489 836 3558 pervenit,
854 3496 947 3542 aut
965 3503 1068 3542 non
1101 3484 1373 3541 inveniens
1401 3486 1452 3538 in
1469 3485 1732 3556 discepta-

131 3587 286 3638 tione.
305 3597 364 3636 se
395 3589 558 3647 tenet,
589 3596 656 3635 ne
677 3571 850 3651 aliqua
905 3579 1200 3650 perniciosa
1225 3578 1521 3633 temeritate
1549 3578 1730 3647 prola-

128 3675 299 3730 batur
323 3674 373 3726 in
398 3673 723 3728 exitiabilem
759 3687 1022 3728 errorem.

211 3765 304 3821 30.
328 3763 736 3820 Judicatautent
778 3764 989 3819 sobrius
1022 3763 1324 3819 intellectus
1363 3763 1616 3818 divinitus
1635 3763 1732 3818 ad-

125 3859 307 3930 jutus,
330 3873 449 3926 qua:
467 3856 549 3910 vel
576 3865 771 3927 quanta
798 3855 922 3922 sint,
948 3857 1002 3910 in
1041 3856 1232 3926 quibus
1271 3857 1433 3910 etiam
1457 3856 1601 3910 aliud
1633 3873 1733 3926 pu-

131 3961 257 4006 tare
285 3964 445 4019 quant
471 3958 574 4014 est,
607 3963 713 4002 non
747 3950 816 4002 sit
839 3949 1028 4002 anima:
1059 3949 1436 4018 perniciosum.
1457 3947 1565 4001 Nec
1588 3950 1734 4004 enim

131 4043 444 4114 putantium
472 4040 728 4110 pericula,
757 4049 811 4094 et
830 4055 933 4094 non
961 4043 1142 4110 potius
1172 4039 1335 4094 exitio
1360 4055 1478 4102 suo,
1510 4040 1736 4108 quiSque

134 4153 166 4191 a
202 4135 358 4190 bonis
387 4143 601 4204 putatur
631 4133 822 4199 bonus,
869 4132 1081 4186 etiamsi
1105 4132 1346 4186 occultus
1371 4133 1439 4185 sit
1464 4133 1653 4197 malus,
1690 4132 1735 4185 si

137 4233 198 4286 in
220 4229 386 4284 rebus
404 4227 552 4296 ipsis,
583 4225 635 4281 id
672 4235 754 4280 est
780 4227 831 4278 in
858 4225 972 4294 ipso
995 4226 1135 4280 bono
1167 4242 1272 4295 quo
1302 4226 1357 4278 lit
1389 4225 1613 4296 quisque
1641 4227 1737 4281 ho-

138 4341 264 4390 nus,
291 4338 398 4377 non
425 4330 672 4377 erretur:
706 4331 799 4376 aut
822 4320 1019 4391 aliquid
1045 4323 1198 4376 obest
1217 4321 1462 4376 omnibus
1503 4322 1735 4378 homini-

140 4419 262 4482 bus,
285 4415 428 4486 quod
449 4429 569 4469 cum
587 4413 876 4479 dormiunt,
910 4427 1032 4467 vera
1062 4429 1286 4482 corpora
1317 4428 1438 4469 esse
1468 4413 1734 4468 arbitran-

143 4521 255 4576 tur,
287 4524 512 4580 quorum
539 4507 915 4562 similitudines
941 4507 991 4560 in
1028 4507 1230 4560 somnis
1271 4507 1450 4560 vident
1479 4525 1490 4560 :
1521 4517 1612 4560 aut
1640 4508 1738 4560 ali-

141 4601 274 4674 qttid
295 4600 466 4655 obfuit
488 4601 665 4668 Petro,
688 4600 829 4670 quod
851 4601 1026 4654 soluto
1053 4615 1112 4654 se
1131 4616 1161 4653 a
1176 4601 1417 4664 vinculis,
1452 4615 1614 4670 seque
1638 4618 1737 4654 an-

141 4695 269 4766 gelo
304 4691 620 4758 deducente,
656 4694 846 4746 factum
871 4701 953 4746 est
979 4691 1256 4761 repentino
1281 4691 1534 4744 miraculo
1567 4700 1622 4745 ut
1643 4708 1737 4762 pu-

142 4793 286 4842 taret
305 4801 364 4839 se
396 4784 563 4838 visunt
593 4785 770 4839 videre
791 4782 808 4856 (
828 4783 938 4837 Act.
972 4798 1063 4848 xu,
1098 4783 1197 4838 7-9
1225 4788 1240 4852 )
1275 4801 1289 4835 :
1321 4784 1401 4836 vel
1428 4797 1546 4836 cum
1577 4784 1735 4839 inilla

143 4880 338 4936 ecstasi
368 4877 660 4944 respondit,
695 4874 1048 4948 Nequaquam,
1073 4873 1309 4941 Domine,
1337 4875 1455 4946 quia
1476 4891 1736 4944 nunquam

147 4970 452 5027 manducavi
485 4985 629 5022 omne
673 4985 936 5021 commune
960 4977 1006 5022 et
1049 4967 1366 5020 immundum
1394 4984 1414 5032 ;
1450 4974 1641 5035 putans
1673 4982 1735 5022 ea

148 5066 267 5136 ipsa
293 5078 413 5134 quae
430 5061 484 5116 in
501 5061 647 5116 disco
665 5060 1184 5121 demonstrabantur,
1206 5070 1452 5128 tanquam
1479 5074 1600 5113 vera
1623 5059 1739 5112 atti-

149 5158 308 5212 utalia
336 5157 357 5228 (
383 5154 471 5209 Id.
502 5171 558 5222 x,
584 5154 807 5227 ll-M).
832 5152 958 5209 Ηωο
977 5153 1187 5222 quando
1212 5151 1366 5206 aliter
1387 5152 1596 5205 inventa
1621 5152 1737 5206 l‘ue-

151 5254 447 5323 rint,quam
468 5258 646 5320 putata
665 5259 809 5317 sunt,
833 5264 954 5303 cum
973 5246 1296 5309 viderentur,
1320 5261 1422 5300 non
1441 5261 1540 5301 nos
1562 5247 1736 5316 paeni-

154 5357 233 5402 tet
266 5347 335 5401 ita
373 5345 530 5400 nobis
555 5343 718 5398 fuisse
739 5343 876 5407 visa,
901 5343 946 5395 si
976 5355 1081 5395 non
1119 5349 1372 5409 arguatur
1401 5341 1483 5395 vel
1512 5340 1738 5394 inlideli-

154 5451 235 5495 tas
256 5439 410 5502 dura,
444 5437 530 5492 vel
551 5435 788 5506 opinatio
809 5449 940 5488 vana
967 5435 1078 5488 sive
1104 5433 1379 5502 sacrilega.
1402 5433 1740 5503 Quapropter

155 5545 208 5590 et
237 5549 358 5588 cum
390 5533 521 5586 visis
571 5530 938 5602 corporalibus
965 5529 1207 5583 diabolus
1237 5529 1386 5594 l'allit,
1431 5528 1558 5581 nihil
1586 5529 1739 5582 obest

155 5628 296 5700 quod
312 5626 650 5682 Iudilicmttur
664 5624 824 5686 oculi,
843 5623 888 5680 si
915 5637 1018 5678 non
1038 5631 1250 5678 erratur
1273 5623 1323 5674 in
1353 5623 1572 5676 veritate
1592 5620 1733 5688 ﬁdei,

155 5733 209 5780 et.
235 5721 598 5792 intelligentiae
623 5719 869 5783 sanitate,
898 5733 998 5787 qua
1025 5717 1181 5772 docet
1205 5720 1344 5772 lteus
1372 5716 1641 5786 subjectos
1661 5717 1738 5772 si-

155 5815 229 5872 bi.
252 5817 360 5871 Aut
387 5815 431 5870 si
457 5810 695 5870 ludiﬁcat
719 5811 950 5867 animam
986 5810 1244 5880 spirituali
1274 5810 1474 5868 visione
1499 5811 1740 5882 imagini-

1428 333 1628 390 LlBER
1670 335 2118 396 DUODECIMUS.

2975 269 3076 286 ιν-

3334 357 3440 413 466

1845 452 1948 508 bus
1987 470 2294 526 corporum,
2323 468 2382 512 ut
2426 467 2575 529 putet
2607 475 2804 532 corpus
2831 478 2950 520 esse
2999 466 3140 538 quod
3178 485 3280 524 non
3326 481 3431 541 est,

1850 561 1956 602 non
1988 547 2185 618 aliquid
2216 548 2371 606 obest
2397 553 2592 607 animae
2641 555 2686 608 si
2719 555 3033 613 perniciosa:
3069 561 3306 617 suasioni
3328 578 3435 619 non

1851 642 2166 696 consentiat.

1846 727 2072 787 CAPUT
2086 731 2203 791 XV.
2220 763 2285 773 -ν
2313 734 2526 789 Somnia
2550 753 2754 792 venerea
2775 741 2883 794 sine
2907 750 3105 807 peccato
3130 747 3438 818 contingere.

1921 825 2007 878 51.
2054 823 2204 881 Unde
2235 827 2516 897 aliquando
2546 832 2600 883 lit
2627 833 2851 900 qumstio
2889 832 2954 887 de
3001 839 3440 895 consensimiibus

1847 919 2245 984 somniantium,
2288 935 2406 974 cum
2448 921 2607 975 etiam
2649 926 3004 981 concumbere
3033 929 3130 982 sibi
3171 929 3437 998 videntur,

1845 1009 1930 1064 vel
1960 1020 2142 1065 contra
2173 1010 2497 1083 propositum
2520 1028 2695 1079 suum,
2729 1016 2810 1069 vel
2837 1028 3021 1072 contra
3063 1019 3223 1074 etiam
3265 1021 3438 1077 licitos

1847 1120 2042 1161 mores.
2085 1105 2235 1171 Quod
2268 1122 2373 1162 non
2402 1107 2677 1177 contingit,
2709 1110 2807 1164 nisi
2835 1124 2953 1166 eum
2983 1128 3044 1166 ea
3071 1128 3186 1181 qua:
3213 1114 3435 1183 vigilan-

1845 1208 1926 1254 tes
1953 1199 2110 1254 etiam
2144 1201 2458 1270 cogitamus,
2495 1217 2599 1255 non
2635 1217 2754 1257 cum
2811 1205 3000 1272 placito
3045 1208 3435 1272 consensionis,

1844 1290 1937 1345 sed
1967 1292 2102 1345 sicut
2129 1291 2288 1346 etiam
2339 1292 2460 1346 talia
2497 1303 2714 1363 propter
2767 1295 2963 1365 aliquid
3012 1296 3298 1366 loquimur,
3355 1299 3435 1354 sic

1842 1385 2192 1442 admoventur
2217 1388 2268 1441 in
2289 1388 2510 1452 somnis,
2542 1399 2596 1443 et
2620 1390 3008 1459 exprimuntur,
3040 1401 3099 1444 ut
3119 1392 3197 1446 eis
3219 1402 3436 1449 natura-

1843 1478 1964 1534 liter
1995 1479 2152 1534 etiam
2183 1495 2308 1534 caro
2335 1489 2629 1545 moveatur,
2663 1489 2716 1536 et
2747 1481 2888 1551 quod
2926 1483 3239 1538 naturaliter
3279 1484 3435 1538 colli-

1842 1573 1938 1642 git,
1965 1588 2061 1642 per
2082 1573 2342 1644 genitales
2374 1575 2483 1628 vias
2508 1575 2743 1641 emittat;
2770 1577 2908 1630 sicut
2931 1577 3030 1630 hoc
3052 1578 3222 1647 ipsum
3254 1578 3435 1634 dicere

1841 1666 2024 1736 utique
2045 1681 2152 1721 non
2182 1681 2416 1736 possem,
2449 1668 2548 1724 nisi
2577 1669 2735 1722 etiam
2767 1669 3073 1738 cogitarem.
3109 1670 3276 1724 Porro
3301 1670 3436 1726 ima-

1841 1760 1991 1828 gincs
2016 1774 2194 1814 rerum
2215 1759 2591 1829 corporalium,
2622 1776 2752 1830 quas
2778 1762 3080 1816 necessario
3101 1763 3348 1832 cogitavi,
3376 1771 3433 1818 ut

1842 1851 1944 1906 hoc
1963 1853 2215 1919 dicerem,
2242 1851 2288 1907 si
2319 1863 2462 1907 tanta
2505 1853 2846 1922 expressione
2881 1864 3332 1924 prtesentarentur
3377 1856 3436 1910 in

1840 1946 2063 2008 somnis,
2110 1956 2305 2014 quanta
2345 1954 2736 2014 prmsentantur
2786 1961 3010 2016 corpora
3067 1947 3430 2018 vigilantibus.-

1842 2039 1994 2092 iieret
2033 2037 2163 2092 illud
2189 2037 2331 2108 quod
2375 2039 2491 2092 sine
2535 2046 2754 2107 peccato
2793 2038 2906 2094 fieri
2951 2055 2980 2092 a
3029 2039 3277 2109 vigilante
3325 2053 3434 2094 non

1840 2139 2040 2198 posset.
2081 2129 2210 2194 Quis
2238 2129 2380 2184 enim
2417 2129 2502 2183 vel
2548 2144 2669 2184 cum
2718 2130 2970 2199 loquitur,
3025 2139 3078 2184 et
3132 2130 3432 2200 postulante

1840 2221 2162 2274 necessitate
2189 2221 2450 2275 sermonis
2475 2220 2542 2275 de
2590 2237 2687 2275 suo
2726 2223 3009 2276 concubitu
3040 2222 3238 2290 aliquid
3281 2221 3432 2288 dicit,

1839 2312 2011 2382 possit
2038 2328 2145 2365 non
2171 2313 2405 2382 cogitare
2434 2313 2576 2383 quod
2601 2314 2769 2368 dicit?
2796 2315 2961 2369 Porro
2991 2316 3101 2384 ipsa
3131 2316 3431 2386 phantasia,

1838 2418 1959 2472 quae
1982 2403 2040 2456 iit
2067 2404 2116 2456 in
2138 2405 2457 2472 cogitatione
2478 2407 2901 2469 scrmocinantis,
2933 2423 3053 2461 cum
3087 2408 3154 2460 ita
3176 2423 3431 2477 expressa

1841 2492 2001 2548 fuerit
2032 2494 2081 2548 in
2107 2493 2308 2548 visione
2333 2497 2676 2562 somniantis,
2716 2506 2773 2550 ut
2815 2498 2952 2551 inter
2981 2499 3121 2552 illam
3155 2508 3210 2554 et
3253 2513 3432 2553 veram

1840 2585 2274 2640 commixtionem
2311 2602 2594 2656 corporum
2635 2603 2741 2641 non
2772 2588 3138 2654 discernatur,
3178 2591 3433 2645 continuo

1841 2685 2085 2732 movetur
2111 2693 2254 2740 caro,
2288 2685 2344 2732 et
2362 2680 2601 2748 sequitur
2621 2679 2761 2749 quod
2782 2695 2904 2734 eum
2927 2692 3128 2734 motum
3159 2682 3309 2751 sequi
3337 2696 3434 2736 so.-

1840 2769 1934 2836 let,
1957 2785 2078 2824 cum
2107 2769 2207 2824 hoc
2234 2779 2338 2824 tam
2367 2771 2482 2825 sine
2507 2784 2725 2840 peccato
2755 2773 2860 2837 fiat,
2887 2788 3045 2843 quam
3075 2773 3195 2828 sine
3212 2784 3434 2844 peccato

1839 2878 1869 2918 a
1890 2863 2140 2934 vigilante
2161 2863 2373 2928 dicitur,
2401 2863 2542 2933 quod
2571 2873 2628 2918 ut
2652 2863 2938 2930 diceretur,
2961 2865 3076 2920 sine
3101 2865 3263 2921 dubio
3283 2865 3430 2936 cogi-

1841 2963 2128 3009 tatumest.
2181 2953 2556 3010 Verumtamen
2600 2965 2818 3024 prepter
2863 2957 3054 3011 anima:
3096 2956 3434 3012 aii‘ectionem

1839 3048 2058 3112 bonam,
2081 3063 2201 3117 qua:
2225 3047 2491 3102 desiderio
2524 3047 2744 3102 meliore
2763 3047 3011 3102 mundata
3045 3049 3238 3104 multas
3265 3050 3434 3104 inter-

1841 3139 2312 3211 iicitcnpiditates,
2346 3155 2462 3209 quae
2483 3139 2549 3194 ad
2583 3140 2873 3196 naturalem
2896 3140 3074 3196 carnis
3099 3151 3298 3196 motum
3327 3157 3435 3198 non

1841 3233 2108 3303 pertinent
2131 3249 2145 3296 ;
2168 3249 2326 3303 quem
2344 3234 2476 3288 casti
2500 3233 2777 3302 vigilantes
2795 3233 3044 3289 cohibent
3064 3243 3119 3290 et
3139 3234 3434 3302 refrenant,

1840 3323 2168 3380 dormientes
2194 3333 2369 3378 autem
2398 3323 2517 3378 ideo
2547 3340 2652 3378 non
2685 3335 2926 3393 possunt,
2953 3326 3074 3394 quia
3102 3341 3207 3379 non
3240 3325 3439 3380 habent

1843 3415 1897 3469 in
1949 3423 2212 3483 potestate
2263 3429 2380 3483 quae
2423 3413 2772 3468 admoveatur
2815 3416 3088 3483 expressio
3141 3416 3438 3484 corporalis

1842 3508 2104 3576 imaginis,
2139 3521 2258 3576 quae
2287 3506 2518 3561 discerni
2541 3521 2644 3560 non
2676 3505 2842 3575 pOSsil
2865 3521 2893 3559 a
2921 3521 3146 3574 corpore
3172 3523 3185 3560 :
3223 3515 3438 3576 propter

1841 3600 1988 3654 illam
2019 3615 2147 3670 ergo
2187 3600 2522 3654 aﬂectionem
2551 3597 2742 3653 anima:
2771 3599 2984 3665 bonam,
3011 3600 3170 3652 etiam
3203 3599 3255 3653 in
3290 3615 3436 3653 som-

1842 3695 1926 3748 nis
1950 3693 2192 3763 quaedam
2225 3692 2340 3762 ejus
2367 3693 2549 3746 merita
2569 3693 2789 3746 clarent.
2813 3691 2942 3745 Nam
2971 3692 3128 3746 etiam
3163 3691 3437 3746 dormiens

1841 3784 2093 3840 Salomon
2122 3785 2434 3854 sapientiam
2471 3785 2758 3855 pra-posuit
2793 3784 3040 3838 omnibus
3067 3785 3228 3839 rebus
3246 3825 3261 3850 ,
3290 3799 3440 3838 eam-

1843 3894 1946 3947 que
1972 3877 2226 3946 neglectis
2249 3875 2458 3930 caeteris
2485 3885 2568 3930 est
2592 3885 2836 3946 precatus
2864 3892 2893 3930 a
2921 3877 3142 3930 Domino
3170 3891 3185 3928 :
3219 3884 3274 3930 et
3299 3876 3440 3931 sicut

1842 3970 2110 4040 Scriptura
2148 3978 2391 4036 testatur,
2424 3971 2618 4038 placuit
2661 3968 2764 4024 hoc
2811 3985 2989 4024 coram
3038 3969 3296 4036 Domino,
3339 3982 3440 4024 nec

1843 4063 2045 4117 distulit
2082 4062 2486 4116 retributionem
2524 4061 2718 4116 bonam
2761 4077 2857 4132 pro
2885 4060 3152 4116 desiderio
3180 4061 3320 4117 bono
3345 4059 3437 4133 {Ill

1845 4151 1972 4224 Reg.
1996 4169 2073 4217 tu,
2104 4155 2136 4206 Ξ)
2171 4153 2281 4224 15).

1843 4244 2067 4301 CAPUT
2107 4243 2246 4299 XVI.
2287 4273 2359 4286 —--
2399 4243 2754 4313 Corporalium
2783 4243 3138 4299 similitudines
3174 4260 3208 4297 a
3250 4243 3438 4314 spiritu

2374 4337 2430 4390 in
2465 4338 2536 4390 sei
2541 4353 2630 4405 pse
2671 4336 2902 4406 formari.

1917 4430 2005 4484 32.
2047 4429 2175 4496 Quae
2203 4445 2323 4483 cum
2351 4429 2421 4483 ita
2449 4428 2576 4492 sint,
2613 4429 2846 4498 pertinet
2873 4427 3114 4498 corporis
3145 4443 3337 4484 sensus
3366 4428 3436 4486 ad

1847 4523 1954 4576 visa
1982 4521 2300 4590 corporalia,
2327 4520 2414 4589 qui
2449 4535 2541 4588 per
2570 4521 2804 4589 quinque
2833 4521 2982 4590 quasi
3012 4521 3208 4575 rivulos
3226 4521 3434 4576 distan-

1847 4629 1927 4673 ter
1948 4617 2187 4671 valentes
2224 4616 2598 4670 distribuitur:
2633 4629 2752 4668 cum
2797 4614 2930 4669 illud
2971 4616 3110 4685 quod
3152 4626 3230 4671 est
3270 4617 3438 4672 subti-

1847 4711 2106 4765 lissimum
2141 4711 2190 4763 in
2222 4723 2466 4779 corpore,
2496 4718 2549 4764 et
2575 4709 2644 4763 ob
2677 4708 2778 4763 hoc
2805 4710 2994 4763 animae
3026 4710 3247 4764 vicinius
3274 4727 3435 4781 quam

1844 4813 2056 4865 camera,
2085 4803 2133 4856 id
2161 4812 2242 4857 est
2265 4803 2373 4867 lux,
2405 4802 2633 4872 primum
2658 4817 2752 4872 per
2772 4806 2953 4858 oculos
2973 4804 3086 4858 sola
3104 4804 3436 4871 dill‘nnditnr,

1844 4898 2142 4967 emicatque
2176 4897 2227 4949 in
2257 4896 2416 4949 radiis
2447 4897 2718 4951 oculorum
2750 4897 2815 4950 ad
2848 4899 3069 4952 visibilia
3097 4898 3434 4962 contuenda;

1843 4988 2037 5044 deinde
2063 4987 2290 5042 mixtura
2317 4987 2542 5058 quadam
2570 5031 2583 5053 ,
2616 4990 2844 5059 primum
2871 5004 2990 5043 cum
3019 5003 3144 5043 aere
3166 5004 3315 5057 puro,
3345 5001 3435 5039 se-

1843 5081 2018 5135 cundo
2065 5096 2186 5135 cum
2225 5095 2348 5135 aere
2399 5081 2690 5149 caliginoso
2739 5092 2896 5150 atque
2948 5082 3223 5141 nebuloso,
3275 5079 3436 5134 tertio

1842 5188 1963 5227 cum
1986 5171 2380 5242 eorpuleutiore
2403 5171 2644 5237 humore,
2677 5183 2868 5242 quarto
2890 5189 3010 5227 cum
3045 5184 3250 5227 terrena
3281 5187 3434 5226 cras-

1844 5265 2073 5319 situdine
2093 5306 2107 5328 ,
2136 5265 2370 5333 quinque
2396 5280 2584 5319 sensus
2609 5279 2729 5317 cum
2760 5265 2892 5332 ipso,
2925 5264 3012 5318 ubi
3040 5264 3153 5317 sola
3180 5263 3428 5334 excellit,

1843 5355 2118 5409 oculorum
2148 5370 2306 5409 sensu
2330 5353 2528 5409 efficit:
2558 5356 2692 5408 sicut
2715 5356 2765 5408 in
2800 5355 2932 5408 libro
2957 5366 3168 5423 quarto,
3198 5357 3434 5426 itemque

1844 5448 1898 5501 in
1929 5449 2154 5517 septimo
2186 5448 2500 5502 disseruisse
2531 5464 2613 5500 me
2647 5447 2843 5500 recolo.
2875 5447 2967 5501 Est
2992 5459 3167 5502 autem
3198 5456 3296 5502 hoc
3319 5464 3432 5505 cae-

1844 5542 1953 5596 lum
2001 5541 2170 5595 oculis
2207 5543 2590 5608 conspicuum,
2644 5541 2786 5593 unde
2840 5540 3116 5594 luminaria
3157 5553 3204 5596 et
3257 5544 3432 5597 sidera

1842 5634 2124 5700 effulgent.
2162 5632 2503 5685 excellentius
2534 5630 2712 5684 utirzue
2746 5634 2991 5686 omnibus
3027 5635 3299 5703 corporeis
3324 5636 3435 5689 cle-

1843 5724 2057 5787 mentis,
2088 5722 2223 5776 sicut
2271 5723 2545 5776 oculorum
2591 5738 2781 5777 sensus
2822 5725 3036 5780 excellit
3083 5726 3135 5780 in
3182 5740 3428 5795 torpore.

1845 5817 1978 5885 Quia
2005 5830 2134 5870 vero
2159 5813 2382 5884 spiritus
2409 5815 2584 5872 omnis
2611 5817 2756 5872 omni
2785 5826 2867 5874 est
2886 5833 3110 5890 corpore
3135 5819 3251 5877 sine
3271 5818 3431 5876 dubi-
