3902 6304
436 336 539 394 ιη
1291 328 1379 383 DE
1420 326 1668 383 cenes:
1716 323 1801 378 AB
1836 318 2215 391 LITTERAM,
2254 322 2312 380 δ.
2357 322 2723 385 AUGUSTINI
3634 337 3742 397 ωδ

439 457 646 512 ratione
671 451 1029 526 praastantior,
1056 448 1299 519 sequitur
1342 457 1400 501 ut
1438 458 1546 501 non
1590 443 1694 499 loci
1744 441 2027 513 positione,

432 548 535 606 sed
558 558 763 604 utor:
784 544 1045 617 dignitate
1074 540 1412 613 prmstantior
1432 540 1503 595 sit
1526 545 1717 595 natura
1742 534 2033 610 spirituaiis

435 642 546 699 isto
569 653 828 712 corporeo
854 636 1014 704 ctelo,
1042 635 1202 690 etiam
1228 633 1319 689 illa
1344 631 1437 689 ubi
1463 647 1644 689 rerum
1669 628 2029 701 corporalium

337 786 341 789 .
433 726 805 798 exprimuntur
820 722 1099 793 imagines.

415 823 426 861 ¹
506 821 599 877 53.
639 809 740 875 ilic
774 817 956 874 existit
980 813 1234 886 quiddam
1276 811 1545 878 mirabile,
1568 819 1629 867 ut
1649 825 1772 866 cum
1795 810 1943 882 prior
1961 811 2031 866 sit

434 926 665 982 corpore
702 908 940 980 spiritus,
976 916 1032 961 et
1076 903 1344 975 posterior
1384 902 1625 972 corporis
1659 903 1835 974 imago
1868 916 2029 973 quam

434 1017 636 1074 corpus
656 1043 670 1066 ,
698 1009 877 1056 tamen
898 998 1020 1067 quia
1051 996 1178 1051 illud
1205 994 1346 1067 quod
1368 1002 1610 1067 tempore
1635 995 1896 1064 posterius
1925 1001 2027 1059 est,

435 1095 499 1152 iit
527 1095 581 1151 in
606 1110 674 1149 eo
698 1091 842 1165 quod
867 1100 1058 1147 natura
1079 1088 1232 1161 prius
1252 1094 1371 1153 est,
1398 1087 1736 1158 praestantior
1758 1087 1830 1141 sit
1854 1087 2031 1157 imago

436 1190 680 1262 corporis
700 1190 752 1244 in
772 1187 991 1258 spiritu,
1017 1200 1176 1256 quam
1204 1183 1378 1253 ipsum
1410 1195 1609 1253 corpus
1652 1182 1706 1237 in
1737 1181 2031 1238 substantia

434 1299 552 1339 sua.
593 1280 701 1337 Nec
726 1294 853 1336 sane
881 1276 1171 1349 putandum
1197 1283 1282 1331 est
1304 1273 1485 1329 facere
1526 1273 1722 1344 aliquid
1750 1286 1947 1344 corpus
1976 1273 2030 1327 in

432 1372 663 1444 spiritu,
704 1380 955 1441 tanquam
992 1366 1219 1439 spiritus
1256 1365 1471 1439 corpori
1511 1364 1756 1430 facienti,
1789 1363 2029 1421 materia:

434 1466 555 1523 vice
591 1464 866 1522 subdatur.
891 1462 1052 1519 Omni
1086 1460 1235 1517 enim
1280 1459 1441 1516 modo
1470 1458 1807 1529 pramtantior
1830 1456 2028 1528 estqui

434 1562 583 1624 facit.
604 1574 672 1615 ea
695 1574 755 1613 re
782 1556 853 1612 de
866 1569 973 1626 qua
993 1553 1193 1624 aliquid
1222 1551 1373 1617 iacit;
1400 1566 1577 1622 neque
1597 1551 1706 1608 ullo
1728 1549 1891 1606 modo
1917 1550 2030 1620 spi-

433 1653 541 1709 ritu
567 1634 922 1725 praestantius.
950 1654 1036 1702 est
1086 1658 1322 1716 corpus;
1368 1643 1483 1699 imo
1532 1643 1818 1715 perspicuo
1871 1642 2032 1698 modo

434 1745 658 1816 spiritus
676 1722 926 1811 corpore.
960 1738 1225 1808 Quamvis
1265 1751 1395 1808 ergo
1432 1735 1581 1806 prius
1620 1734 1894 1791 videamus
1928 1734 2031 1790 aii-

433 1834 581 1909 εειοά
610 1848 830 1904 corpus,
864 1829 1007 1902 quod
1046 1836 1203 1887 antea
1230 1842 1337 1885 non
1374 1826 1698 1893 videramus,
1723 1835 1885 1897 atquc
1906 1824 2031 1883 inde

435 1931 661 2002 incipiat
688 1928 865 1997 imago
888 1925 1009 1996 eius
1032 1923 1221 1980 essein
1253 1921 1444 1992 spiritu
1484 1928 1709 1988 nostro,
1746 1935 1856 1991 quo
1900 1918 2030 1975 illud

435 2039 560 2082 eum
587 2026 785 2079 absens
808 2019 969 2077 fuerit
1000 2016 1348 2074 recordemur
1378 2033 1393 2071 :
1421 2023 1600 2071 tamen
1630 2013 1878 2071 eamdem
1914 2012 2031 2081 ejus

433 2118 725 2188 imaginem
753 2129 860 2170 non
879 2126 1076 2182 corpus
1114 2110 1165 2164 in
1195 2109 1403 2179 spiritu,
1436 2107 1533 2163 sed
1577 2106 1692 2177 ipse
1720 2106 1940 2176 spiritus
1975 2104 2030 2160 in

435 2211 617 2281 seipso
642 2207 768 2263 facit
788 2204 1066 2261 celeritate
1087 2200 1343 2267 mirabili,
1368 2214 1490 2270 qua:
1512 2196 1850 2255 inell'abiliter
1875 2195 2032 2266 longe

439 2311 525 2359 est
546 2317 577 2354 a
604 2299 851 2370 corporis
879 2294 1157 2359 tarditate;
1193 2292 1344 2359 cujus
1372 2291 1550 2362 imago
1591 2304 1715 2345 mox
1766 2296 1825 2344 ut
1862 2288 2031 2344 oculis

440 2394 612 2449 visum
638 2390 822 2459 fuerit,
850 2389 901 2443 in
924 2387 1118 2458 spiritu
1141 2385 1371 2440 videntis
1398 2384 1594 2440 nullius
1618 2382 1802 2453 puncti
1827 2390 2033 2452 tempo-

438 2488 571 2545 ralis
598 2483 1006 2555 interpositione
1034 2478 1312 2536 lormatur.
1343 2478 1582 2548 Itemque
1606 2478 1659 2532 in
1683 2475 1866 2531 auditu
1882 2517 1899 2541 ,
1924 2475 2029 2530 nisi

434 2577 657 2637 auribus
680 2586 952 2650 percepta:
993 2572 1145 2628 vocis
1186 2570 1469 2640 imaginem
1511 2567 1769 2624 continuo
1808 2566 2031 2637 spiritus

438 2671 493 2727 in
510 2671 692 2737 seipse
712 2652 987 2731 format-ct,
1015 2680 1078 2720 ac
1103 2664 1360 2719 memoria
1389 2663 1665 2726 retineret,
1697 2662 2032 2731 ignoraretur

433 2763 670 2821 secunda
694 2759 898 2835 syllaba
916 2768 1096 2815 utrum
1124 2756 1358 2814 secunda
1382 2764 1546 2821 esset,
1566 2771 1688 2811 cum
1718 2756 1827 2825 jam
1855 2755 2028 2825 prima

431 2858 617 2927 utique
644 2855 790 2911 nulia
817 2862 981 2914 esset.
1009 2868 1131 2924 qua
1154 2865 1407 2922 percussa
1434 2865 1564 2906 aure
1590 2850 1894 2905 transith
1923 2865 1938 2901 :
1965 2862 2030 2905 ac

433 2948 514 3003 sic
538 2946 713 3002 omnis
750 2944 1038 3000 locutionis
1075 2958 1226 3009 usus,
1258 2942 1435 2999 omnis
1472 2940 1721 2997 cantandi
1763 2942 2029 3012 suavitas,

434 3040 610 3097 omnis
646 3050 922 3111 postremo
946 3036 999 3093 in
1024 3035 1234 3091 actibus
1272 3034 1475 3090 nostris
1508 3032 1806 3103 corporalis
1850 3043 2029 3089 motus

432 3132 674 3203 dilapsus
700 3131 1008 3196 occideret;
1049 3141 1225 3200 neque
1258 3127 1427 3182 ullum
1461 3139 1801 3199 progressum
1845 3126 2030 3180 nanci-

435 3220 695 3289 sceretur,
725 3223 771 3278 si
790 3232 1094 3278 transactos
1117 3219 1363 3289 corporis
1390 3226 1568 3273 minus
1584 3217 1895 3273 nmoriter
1915 3216 2029 3287 spi-

434 3320 573 3374 ritus
615 3332 720 3373 non
762 3324 1007 3382 teneret,
1039 3314 1232 3383 quibus
1282 3320 1674 3382 consequentes
1718 3310 1771 3365 in
1821 3308 2030 3381 agendo

433 3420 801 3468 eunnecteret.
832 3408 979 3477 Quos
1004 3408 1191 3477 utique
1217 3419 1324 3460 non
1351 3410 1518 3465 timet,
1550 3400 1653 3457 nisi
1677 3400 2031 3471 imaginaliter

433 3518 465 3560 a
492 3518 553 3561 se
588 3505 755 3558 factos
776 3502 833 3557 in
853 3515 933 3556 se.
962 3500 1198 3570 Ipsarum
1222 3497 1381 3553 etiam
1408 3494 1705 3550 futurarum
1731 3494 2027 3548 motionum

431 3600 697 3670 itongines
718 3594 1053 3667 praeveniunt
1087 3590 1224 3645 ﬁnes
1264 3598 1476 3645 actuum
1514 3597 1844 3641 nostrorum.
1884 3581 2029 3651 Quid

431 3692 576 3747 enim
594 3690 800 3762 agimus
812 3701 912 3759 per
928 3699 1141 3756 corpus,
1167 3681 1308 3754 quod
1331 3696 1437 3736 non
1454 3676 1736 3751 cogitando
1757 3693 2031 3747 praeoccu-

430 3781 639 3852 paverit
664 3780 905 3849 spiritus,
922 3776 1269 3843 omniumque
1289 3772 1575 3827 visibilium
1598 3785 1819 3840 operum
1836 3767 2027 3822 simili-

432 3873 649 3928 tudines
676 3870 731 3925 in
774 3869 952 3939 seipso
982 3865 1232 3937 primitus
1276 3862 1488 3925 viderit,
1532 3871 1587 3915 et
1632 3857 2029 3931 quodammodo

431 3961 800 4034 disposuerit?

433 4054 663 4112 εΑρυτ
699 4052 862 4111 XVII.
898 4079 974 4095 -—-
1010 4049 1381 4105 Similitudines
1410 4047 1583 4101 anitno
1607 4062 1859 4118 expressit
1893 4045 2029 4100 unde

512 4148 826 4203 innotescunt
894 4140 1224 4198 (immanibus.
1280 4137 1512 4193 Visiones
1575 4139 1807 4208 quedam
1862 4139 2024 4193 miris.

507 4236 817 4297 Phrenetici.
847 4234 989 4291 Puer
1012 4241 1286 4304 agrorum.

506 4333 597 4389 54.
636 4331 766 4401 Qua:
812 4325 1113 4400 spirituaios
1153 4322 1512 4394 corporalium
1555 4319 1932 4377 similitudines
1970 4321 2025 4377 ia

432 4422 614 4483 ἠπεπιο
649 4430 858 4487 nostra,
885 4414 1337 4490 quemadmodum
1380 4413 1717 4469 innetescant
1750 4411 2026 4484 spiritibus

432 4519 595 4576 etiam
618 4513 942 4579 immundis,
972 4510 1058 4565 vel
1086 4507 1214 4579 quid
1260 4507 1520 4564 obstaculi
1569 4506 1801 4577 patiatur
1846 4506 2025 4560 anima

432 4618 620 4665 matre
644 4618 717 4659 ex.
735 4606 838 4658 isto
855 4611 1073 4657 terreno
1101 4613 1346 4669 corpore,
1378 4607 1436 4651 ut
1462 4612 1556 4652 cas
1584 4596 1810 4652 invicem
1844 4596 1897 4651 in
1929 4611 2028 4652 no-

433 4712 551 4761 stro
576 4698 766 4768 spiritu
787 4695 975 4751 videre
1001 4706 1329 4763 nequeamus
1347 4732 1364 4756 ,
1401 4689 1639 4744 invenire
1675 4696 1731 4745 et
1756 4688 2026 4758 explicare

433 4791 655 4853 difﬁcile
680 4795 786 4845 est.
810 4784 1139 4841 Certissimis
1164 4792 1345 4839 tamen
1376 4780 1585 4837 iudiciis
1601 4779 1742 4849 apud
1774 4794 1871 4836 nos
1895 4795 2026 4837 con-

432 4884 572 4945 stitit
587 4881 889 4936 enuntiatae
924 4893 954 4931 a
987 4874 1324 4932 dzumonibus
1359 4872 1709 4944 cogitationes
1748 4871 2023 4930 hominum

435 4979 541 5051 (ο),
565 4975 656 5048 qui
685 4984 863 5031 tamen
888 4971 938 5028 si
959 4971 1214 5027 virtutum
1240 4970 1506 5026 internum
1540 4969 1773 5038 speciem
1802 4974 2026 5037 possent

435 5073 489 5128 in
510 5068 816 5125 hominibus
845 5079 1093 5128 eernere,
1118 5078 1229 5118 non
1250 5068 1517 5117 tentarent
1559 5077 1573 5113 :
1610 5061 1748 5115 sicut
1778 5059 1924 5115 illam
1968 5058 2022 5115 in

436 5162 535 5223 Joh
564 5162 798 5221 nobilem
840 5175 904 5216 ae
928 5158 1228 5215 mirabilem
1262 5155 1569 5227 patientiam
1598 5155 1784 5225 procul
1821 5153 2018 5219 dubio,

434 5256 480 5315 si
512 5262 697 5327 posset
713 5251 956 5309 diabolus
982 5264 1225 5315 cernere,
1253 5246 1419 5303 nollet
1440 5262 1468 5300 a
1491 5256 1692 5301 tentato
1719 5246 1902 5316 utique
1928 5260 2022 5301 su-

436 5347 639 5422 perari.
665 5344 931 5401 Cmterum
957 5340 1153 5398 alicubi
1192 5340 1347 5411 longe
1377 5338 1485 5409 jam
1526 5338 1662 5394 facta
1698 5339 1839 5409 quod
1881 5354 2020 5394 nun-

436 5441 574 5498 tiant
590 5481 605 5502 .
627 5453 746 5509 qua:
774 5446 894 5507 post
914 5435 1118 5506 aliquot
1136 5433 1255 5489 dies
1279 5446 1402 5486 vera
1420 5444 1543 5485 esse
1573 5429 1853 5484 ﬁrmentur
1868 5471 1885 5497 ,
1912 5445 2022 5486 non
2051 5456 2058 5463 ο

434 5544 519 5593 est
543 5530 871 5589 mirandum.
899 5528 1127 5584 Possunt
1148 5526 1292 5582 enim
1319 5523 1422 5580 hoc
1447 5521 1681 5586 efﬁcere,
1713 5536 1818 5578 non
1847 5522 2022 5577 solum

443 5624 731 5687 acrimonia
751 5619 1005 5678 comendi
1032 5618 1193 5674 etiam
1218 5616 1515 5689 corporalia
1540 5614 2025 5685 incomparabiliter

439 5716 813 5789 pmtantiore
848 5728 1008 5783 quam
1050 5721 1229 5767 nostra
1263 5720 1375 5779 est,
1417 5710 1510 5766 sed
1542 5711 1701 5767 etiam
1739 5725 2022 5782 corporum

505 5820 1606 5892 (0)13).lcont.neadenncos,capp.6a7.

2140 440 2395 511 ipsorum,
2449 441 2608 513 longe
2649 442 2832 513 utique.
2875 442 3240 513 subtiliorum,
3267 447 3404 505 mira
3427 446 3738 511 velocitate.

2212 535 2301 593 38.
2341 535 2714 607 Comperimus
2730 535 2889 593 etiam
2909 539 2961 593 iu
2978 535 3138 595 dumb
3155 538 3503 599 constitutum
3526 541 3737 614 patien—

2141 638 2248 687 tem
2274 628 2517 702 spiritum
2546 630 2877 687 immundum
2900 674 2914 697 ,
2950 627 3131 690 dicere
3178 633 3354 691 solere
3405 635 3622 707 quando
3667 638 3736 695 ad

2140 739 2262 780 eum
2288 724 2475 780 venire
2498 724 2748 795 cmpisset
2771 738 2835 779 ex
2865 722 3144 781 duodecim
3167 725 3406 782 millibus
3430 729 3736 801 presbyter,

2139 825 2193 873 et
2217 830 2315 888 per
2336 816 2513 872 omnia
2547 815 2660 872 loca
2679 814 2888 872 itineris
2909 815 3001 873 ubi
3029 818 3200 882 esset,
3232 829 3287 873 et
3310 832 3471 891 quam
3511 821 3738 890 propin-

2140 917 2347 981 quaret,
2379 915 2434 966 et
2458 909 2669 980 quando
2697 907 3069 981 ingrederetur
3091 918 3147 965 et
3181 908 3401 966 fundum
3431 916 3487 967 et
3512 910 3739 969 domum

2140 1009 2197 1059 et
2238 1002 2561 1071 cubiculum,
2610 1004 2782 1061 donec
2812 1002 2868 1059 in
2902 1010 3188 1074 conspectu
3213 1003 3330 1075 ejus
3355 1010 3575 1061 astarct.
3607 1004 3741 1073 Qua:

2140 1099 2318 1151 omnia
2346 1096 2443 1151 etsi
2483 1110 2607 1150 non.
2631 1094 2803 1151 oculis
2840 1095 3050 1168 patiens
3094 1090 3181 1150 ille
3232 1097 3507 1163 cernebat,
3556 1106 3742 1153 tamen

2138 1189 2244 1245 nisi
2268 1188 2448 1261 aliquo
2476 1188 2637 1243 modo
2666 1193 2934 1254 cerneret,
2964 1198 3069 1242 non
3114 1194 3220 1243 tam
3268 1189 3526 1245 veraciter
3566 1205 3745 1245 enun-

2140 1283 2318 1338 tiaret.
2351 1282 2479 1337 Erat
2499 1289 2676 1337 autem
2698 1281 2799 1336 iste
2828 1278 3085 1345 febriens,
3116 1286 3171 1336 ct
3200 1290 3445 1353 tanquam
3480 1282 3535 1337 in
3572 1282 3745 1354 phre-

2145 1375 2260 1431 nesi
2285 1374 2383 1429 ista
2410 1374 2639 1429 dicebat.
2663 1372 2731 1429 Et
2774 1370 2915 1429 forte
2960 1388 3146 1431 revera
3191 1373 3536 1446 phreneticus
3581 1385 3741 1446 erat,

2143 1468 2238 1524 sed
2270 1477 2485 1539 propter
2508 1467 2604 1523 ista
2639 1466 2963 1524 daemonium
3007 1469 3114 1540 pati
3165 1471 3471 1539 putabatur.
3521 1469 3743 1527 Nullum

2138 1560 2450 1617 rcfectionis
2476 1561 2653 1616 cibum
2674 1559 2969 1631 accipiebat
2993 1575 3023 1615 a
3046 1560 3179 1630 suis,
3205 1560 3300 1617 sed
3325 1577 3353 1616 a
3376 1564 3493 1620 solo
3513 1563 3745 1636 presby-

2142 1661 2278 1709 tero.
2303 1652 2603 1709 Resistebat
2618 1653 2779 1709 etiam
2799 1652 2912 1709 suis
2928 1652 3186 1709 violenter
3209 1664 3463 1725 quantum
3491 1655 3739 1723 valebat;

2139 1746 2236 1803 illo
2262 1746 2380 1802 solo
2408 1746 2722 1820 presbytero
2757 1746 3005 1803 veniente
3034 1745 3379 1818 quiescebat,
3420 1744 3498 1803 illi
3529 1756 3743 1803 tantum

2144 1838 2385 1895 subditus
2413 1845 2548 1906 crat,
2573 1846 2628 1894 et
2655 1836 2868 1896 Subdite
2894 1834 3273 1911 respondebat.
3310 1834 3421 1893 Nec
3447 1846 3632 1893 tamen
3660 1838 3743 1893 ei-

2140 1930 2261 1987 dem
2292 1932 2479 1987 saltem
2523 1929 2832 2005 presbytero
2885 1929 2973 1985 illa
3029 1930 3194 1986 cessit
3248 1929 3443 1985 mentis
3484 1928 3746 1985 alienatio

2140 2024 2252 2081 sive
2280 2024 2625 2088 dtcmonittm,
2647 2022 2747 2078 nisi
2778 2036 2899 2079 cum
2929 2034 3092 2078 sanus
3120 2031 3262 2079 esset
3288 2038 3319 2078 a
3347 2021 3610 2087 febribus,
3637 2021 3744 2079 sic-

2139 2124 2198 2172 ut
2244 2114 2537 2187 pbrenetici
2592 2113 2772 2171 sanari
2820 2115 3033 2182 solent;
3079 2129 3178 2170 nec
3228 2113 3511 2186 aliquando
3549 2121 3743 2185 postea

2142 2209 2245 2263 tale
2266 2207 2462 2279 aliquid
2492 2219 2681 2278 passus
2706 2214 2807 2262 est.

2210 2299 2298 2356 56.
2342 2276 2598 2355 Novimus
2644 2298 2805 2354 etiam
2847 2298 2964 2354 sine
2997 2294 3330 2353 dubitatione
3364 2297 3745 2367 pitrenctieum
3820 2276 3828 2286 ’

2138 2392 2368 2448 futuram
2397 2401 2622 2447 mortem
2669 2389 2949 2461 cujusdam
2991 2387 3202 2444 femina:
3246 2388 3585 2460 praedixisse;
3625 2404 3743 2444 non

2139 2500 2268 2542 sane
2291 2486 2469 2555 Specie
2497 2482 2799 2550 divinandi,
2830 2482 2927 2537 sed
2973 2490 3224 2554 tanquam
3275 2480 3470 2538 factum
3499 2497 3560 2536 ac
3593 2498 3749 2554 pne-

2137 2578 2354 2635 teritum
2377 2577 2724 2633 recolentem.
2753 2575 2889 2631 Nam
2928 2590 3050 2631 cum
3092 2574 3208 2646 ejus
3243 2574 3381 2648 apud
3424 2592 3543 2632 eum
3589 2593 3756 2633 com-

2136 2670 2458 2728 memoratio
2484 2670 2657 2734 fieret,
2687 2669 2891 2725 Mortua
2918 2678 3000 2725 est
3021 2712 3037 2737 ,
3070 2668 3270 2740 inquit,
3303 2686 3403 2741 ego
3450 2686 3567 2725 cam
3626 2670 3749 2726 vidi

2137 2762 2339 2829 ell'erri,
2363 2762 2465 2817 hac
2484 2777 2605 2818 cum
2628 2761 2747 2833 ejus
2770 2776 2997 2832 corpore
3020 2761 3374 2827 transierunt;
3396 2776 3515 2817 cum
3548 2758 3637 2816 illa
3656 2762 3754 2818 in-

2135 2855 2363 2911 columis
2381 2855 2580 2910 viveret
2598 2870 2613 2909 :
2634 2862 2750 2925 post
2770 2868 2965 2924 paucos
2984 2861 3162 2909 autem
3179 2850 3295 2910 dies
3310 2863 3529 2925 repente
3544 2852 3754 2909 defun-

2136 2955 2243 3011 cta,
2276 2957 2329 3002 et
2351 2962 2446 3017 per
2468 2961 2591 3003 eum
2624 2945 2795 3001 locum
2817 2945 2956 3001 elata
2982 2953 3099 3014 est,
3131 2959 3234 3017 qua
3262 2944 3351 3001 ille
3395 2943 3752 3016 prredixerat.

2206 3040 2298 3099 37.
2339 3038 2463 3095 Fuit
2489 3037 2779 3114 ilcmapud
2812 3052 2910 3093 nos
2954 3052 3106 3110 puer,
3146 3038 3235 3108 qui
3278 3039 3331 3094 in
3379 3037 3598 3094 exordio
3638 3055 3754 3112 pu-

2135 3131 2356 3205 bertatis
2400 3131 2642 3188 dolorem
2695 3130 3016 3186 acerrimum
3056 3130 3368 3202 genitalium
3409 3128 3746 3203 patiebatur.

2136 3223 2362 3281 medicis
2391 3237 2723 3294 nequaquam
2755 3220 3054 3277 valentibus
3082 3218 3209 3292 quid
3242 3220 3370 3275 illud
3400 3228 3540 3276 esset
3563 3234 3748 3293 agno-

2137 3329 2310 3384 scere,
2342 3314 2446 3370 nisi
2491 3312 2634 3385 quod
2685 3327 2888 3369 nervus
2931 3312 3047 3385 ipse
3087 3313 3375 3373 introrsum
3426 3313 3748 3369 reconditus

2136 3417 2271 3473 erat,
2300 3406 2373 3463 ita
2397 3416 2455 3462 ut
2484 3420 2584 3463 nec
2610 3407 2835 3477 przeciso
2867 3405 3130 3476 praeputio
3153 3446 3168 3471 ,
3196 3405 3338 3476 quod
3381 3402 3746 3462 immoderata

2136 3500 2464 3572 longitudine
2487 3499 2886 3571 propendebat,
2917 3512 3175 3569 apparere
3212 3499 3461 3569 potuerit,
3499 3496 3591 3553 Sed
3636 3512 3749 3569 po-

2137 3602 2249 3649 stea
2269 3594 2355 3649 vix
2386 3603 2530 3649 esset
2554 3593 2821 3649 inventus.
2851 3592 3055 3648 Humor
3077 3600 3255 3646 autem
3276 3592 3515 3648 viscdsus
3534 3600 3583 3647 cl
3605 3606 3745 3647 acer

2137 3689 2407 3745 cxsudans
2438 3698 2601 3744 testes
2630 3697 2685 3743 et
2725 3687 2939 3758 inguina
2976 3685 3183 3741 urebat.
3227 3681 3336 3741 Sed
3378 3693 3586 3740 acutum
3630 3684 3737 3739 do-

2137 3782 2307 3836 iorem
2334 3795 2443 3836 non
2468 3777 2776 3834 continuum
2801 3776 3100 3849 patiebatur
3124 3817 3139 3840 ,
3168 3783 3223 3832 et
3248 3791 3368 3831 cum
3408 3776 3741 3847 patiebatur,

2137 3870 2373 3944 ejulabat
2425 3871 2774 3927 vehementer
2830 3884 2951 3926 cum
3010 3870 3301 3940 jactationc
3364 3866 3740 3925 membrorum

2135 3973 2316 4021 mente
2361 3964 2665 4029 sanissimo,
2718 3964 2858 4019 sicut
2901 3961 2955 4018 in
3002 3961 3324 4017 cruciatibus
3374 3962 3743 4032 corporalium

2136 4054 2382 4112 dolorum
2413 4054 2530 4112 ﬁeri
2554 4056 2713 4111 solet.
2739 4053 2937 4110 Deinde
2976 4054 3115 4109 inter
3146 4060 3306 4108 voces
3344 4062 3466 4109 suas
3494 4052 3739 4123 abripieo

2135 4146 2294 4203 batur
2318 4147 2385 4203 ab
2410 4146 2657 4203 omnibus
2681 4146 2946 4213 sensibus,
2968 4154 3023 4202 et
3042 4146 3253 4217 jacebat
3279 4146 3578 4218 patentibus
3596 4160 3739 4203 oeu-

2134 4241 2203 4296 lis
2224 4240 2491 4297 neminem
2519 4241 2978 4297 circumstantium
3003 4238 3194 4295 videns
3214 4283 3230 4307 ,
3253 4238 3320 4295 ad
3348 4239 3544 4295 nullam
3568 4237 3731 4295 velli-

2135 4335 2401 4391 cationem
2427 4349 2486 4390 se
2519 4346 2759 4389 movens.
2786 4332 2914 4387 Post
2944 4332 3274 4401 aliquantum
3316 4340 3567 4402 tanquam
3608 4332 3733 4387 evi-

2138 4427 2311 4498 gilans
2330 4470 2345 4493 ,
2375 4441 2477 4481 nec
2506 4425 2614 4496 jam
2645 4424 2834 4480 dolens
2853 4466 2869 4492 ,
2900 4439 3019 4496 qua:
3045 4423 3251 4480 videret
3271 4422 3556 4480 indicabat.
3588 4423 3734 4480 Tum

2135 4517 2461 4587 interpositis
2488 4517 2672 4587 paucis
2695 4515 2883 4572 diebus
2906 4512 3092 4572 eadem
3115 4515 3434 4587 patiebatur.
3463 4512 3519 4570 ln
3550 4515 3731 4571 omni-

2134 4610 2234 4667 bus
2265 4625 2395 4666 sane
2419 4609 2501 4666 vcl
2528 4625 2664 4682 pene
2692 4608 2942 4664 omnibus
2974 4609 3266 4665 visionibus
3310 4608 3440 4673 suis,
3483 4607 3615 4664 duos
3665 4624 3722 4668 ss

2132 4702 2343 4758 dicebat
2381 4701 2595 4767 videre,
2638 4716 2800 4756 unum
2843 4701 3192 4772 provectioris
3240 4700 3450 4767 :etatis,
3496 4699 3724 4756 alterum

2133 4812 2377 4868 puerum,
2407 4812 2435 4851 a
2467 4794 2661 4868 quibus
2691 4795 2742 4851 ei
2778 4795 2859 4849 vel
2894 4794 3228 4863 dicebantur,
3269 4795 3355 4850 vel
3386 4792 3726 4851 demonsu'a-

2133 4888 2344 4954 bantur,
2373 4903 2492 4959 qurc
2520 4902 2581 4943 se
2608 4887 2821 4943 audisse
2847 4895 2901 4942 ct
2925 4886 3121 4944 vidisse
3160 4888 3431 4943 narrabat.

2203 4981 2291 5039 38.
2333 4981 2480 5037 Vidit
2500 4981 2732 5053 quodam
2764 4980 2849 5037 die
2875 4981 3096 5038 chorum
3128 4982 3334 5052 piorum
3363 4981 3728 5053 psallentium,

2132 5073 2423 5130 lmtantium
2462 5072 2515 5128 in
2547 5072 2665 5129 lucc
2704 5071 2933 5129 mirabili
2954 5117 2969 5141 ,
2998 5081 3054 5129 et
3080 5074 3363 5145 impiorum
3392 5074 3447 5130 in
3492 5074 3729 5131 tenebris

2131 5166 2370 5223 diversas
2414 5173 2468 5221 et
2513 5165 2878 5220 atrocissimas
2919 5176 3141 5236 pinnas;
3173 5165 3280 5220 illis
3319 5162 3633 5222 ducentibus
3674 5172 3729 5222 et

2131 5255 2552 5322 OSIendentibus,
2590 5263 2646 5311 et
2684 5255 2945 5311 fclicitatis
2985 5256 3231 5323 aliorum,
3271 5254 3603 5327 aliorumque
3632 5257 3720 5311 in-

2131 5349 2400 5407 felicitatis
2429 5349 2681 5404 meritum
2708 5347 3116 5403 insinuantibus.
3147 5347 3257 5403 Hoc
3280 5357 3456 5404 autem
3484 5346 3615 5403 vidit
3636 5345 3728 5404 die

2131 5441 2399 5500 dominico
2446 5440 2697 5509 Paschre,
2746 5455 2866 5496 cum
2912 5455 3007 5511 per
3046 5445 3214 5495 totam
3258 5439 3728 5512 Quadragcsimam

2133 5533 2265 5591 nihil
2292 5533 2575 5600 doluisset,
2607 5531 2691 5587 cui
2719 5530 2804 5587 vix
2832 5530 3113 5589 intervallo
3150 5531 3309 5587 tridui
3348 5534 3504 5588 antea
3530 5536 3727 5603 parce-

2131 5626 2307 5683 batur.
2338 5624 2557 5680 Vidcrat
2580 5630 2755 5680 autem
2781 5624 2835 5679 in
2864 5623 2982 5694 ipso
3009 5624 3254 5694 ingressu
3291 5622 3726 5696 Quadi-ageam

2132 5719 2253 5776 illos
2283 5719 2650 5790 promittentes
2684 5715 2785 5773 sibi
2814 5716 2955 5788 quod
2987 5716 3446 5790 perquam-agnita
3463 5717 3579 5773 dies
3600 5714 3725 5771 nui»

2130 5811 2248 5867 lum
2282 5826 2536 5867 sensurus
2562 5821 2703 5867 esset
2736 5809 2973 5865 dolorem
2998 5826 3012 5876 ;
3043 5816 3227 5879 postea
3256 5808 3359 5881 ipsi
3384 5810 3432 5867 ei
3456 5807 3725 5869 dederunt
