3902 6306
210 316 318 374 469

210 440 465 504 tanquam
499 428 814 486 medicinalc
852 430 1162 495 consilium,
1199 437 1257 484 ut
1287 429 1334 485 ei
1364 428 1603 499 prtcputii
1636 426 1802 496 longi-

209 525 341 579 tudo
386 521 787 593 praecideretur,
827 534 932 591 quo
979 520 1117 577 facta
1162 520 1252 576 diu
1296 534 1401 575 non
1448 519 1635 575 doluit.
1666 517 1800 575 Cum

205 631 337 674 vero
362 618 556 674 iterum
585 613 827 671 similiter
851 614 1073 680 doleret,
1099 622 1153 670 et
1179 613 1372 669 similia
1400 612 1580 669 videre
1605 613 1798 682 coepis-

201 716 307 775 set,
339 710 551 781 accepit
578 708 645 763 ab
671 708 749 764 eis
773 721 959 763 rursus
983 707 1283 774 consilium,
1312 714 1372 763 ut
1395 707 1447 762 in
1475 720 1621 762 mare
1658 705 1799 777 pube

202 813 365 859 tenus
392 802 637 867 intraret,
666 815 731 856 ac
754 807 876 872 post
901 798 1220 871 aliquantam
1245 812 1449 853 moram
1477 797 1603 854 inde
1626 798 1797 855 disce-

200 893 385 959 deret,
412 892 845 967 promittentibus
872 906 1001 948 sane
1029 890 1167 962 quod
1201 890 1313 965 jam
1355 890 1606 961 deinceps
1629 890 1796 947 velte-

202 995 435 1041 mentem
462 985 608 1041 illum
634 981 873 1040 dolorem
898 999 1006 1039 non
1036 990 1179 1038 esset
1203 996 1477 1056 passurus,
1506 981 1601 1038 sed
1626 981 1792 1039 solius

197 1078 343 1134 illius
376 1077 572 1133 viscosi
610 1075 847 1132 humoris
886 1075 1224 1131 molestiam:
1252 1086 1410 1145 atque
1440 1075 1511 1129 ita
1552 1085 1793 1130 secutum

196 1178 321 1237 est;
361 1184 464 1225 nec
507 1182 739 1241 unquam
785 1168 948 1225 talem
993 1168 1222 1238 aliquam
1267 1176 1449 1234 postea
1490 1179 1676 1235 passus
1711 1174 1796 1221 est

197 1262 535 1318 aversioncm
568 1259 762 1315 mentis
790 1270 820 1314 a
846 1257 1091 1314 sensibus
1112 1300 1126 1322 ,
1167 1273 1267 1312 nec
1307 1256 1414 1311 tale
1439 1255 1635 1326 aliquid
1662 1256 1795 1312 vidit

196 1352 355 1424 quale
384 1360 544 1408 antea
566 1366 688 1407 cum
712 1352 765 1405 in
792 1347 983 1405 mediis
1011 1346 1287 1404 doloribus
1312 1356 1364 1402 et
1389 1344 1672 1402 horrendis
1702 1362 1790 1401 vo-

196 1445 349 1501 cibus
379 1453 605 1519 repente
625 1444 998 1501 obmutescens
1019 1441 1370 1514 abriperetur.
1395 1441 1582 1497 Postea
1615 1452 1790 1497 tamen

195 1539 423 1595 medicis
463 1549 655 1595 cetera
692 1537 999 1597 curantibus
1040 1545 1094 1592 ct
1131 1536 1474 1602 sanantibus,
1508 1550 1615 1590 non
1666 1549 1789 1606 per-

197 1632 399 1689 mansit
426 1630 477 1686 in
511 1632 781 1702 proposito
810 1629 1127 1685 sanctitatis.

441 1719 669 1778 CAPUT
690 1714 870 1777 XVIII.
894 1752 967 1763 —
991 1718 1068 1776 De
1091 1719 1336 1775 visionum
1365 1720 1550 1774 causis.

266 1813 360 1870 39.
404 1813 627 1869 Istarum
672 1814 937 1869 visionum
980 1822 1029 1869 et
1075 1811 1456 1867 divinationum
1501 1825 1689 1866 causas
1735 1820 1790 1867 et

191 1902 387 1961 modos
414 1903 674 1977 vestigare
711 1906 755 1960 si
789 1904 905 1974 quis
937 1913 1131 1977 potest,
1159 1912 1411 1975 certoque
1439 1902 1790 1973 comprehen-

188 1996 351 2063 dere,
380 2013 503 2053 cum
533 2000 700 2069 magis
738 1997 922 2054 audire
949 1996 1171 2061 vellem,
1213 2011 1368 2066 quam
1397 1995 1461 2051 de
1487 2012 1573 2052 me
1598 2009 1786 2066 ex5pc-

186 2090 326 2145 ctari
372 2099 432 2145 ut
472 2091 585 2160 ipse
623 2089 963 2146 dissererem.
992 2088 1128 2158 Quid
1170 2099 1345 2144 tamen
1382 2099 1597 2160 putem,
1630 2088 1700 2143 ita
1732 2096 1790 2144 ut

186 2198 293 2239 nec
338 2182 481 2240 docti
511 2199 595 2239 me
626 2193 872 2253 tanquam
912 2181 1317 2238 conﬁrmantem
1359 2181 1652 2248 derideant,
1689 2197 1788 2238 nec

183 2276 393 2332 inducti
424 2285 669 2348 tanquam
697 2278 975 2334 docentem
1002 2277 1282 2349 accipiant,
1315 2278 1408 2332 scd
1434 2280 1645 2349 utrique
1670 2277 1785 2334 dis-

182 2374 495 2436 ceptantem
533 2378 586 2423 et
612 2378 933 2439 quaerentem
968 2370 1143 2441 potius
1170 2384 1326 2440 quam
1359 2370 1646 2436 scientem,
1680 2385 1786 2425 non

182 2460 493 2515 occultabo.
526 2460 638 2532 Ego
667 2462 775 2517 visa
822 2463 921 2516 ista
957 2462 1137 2516 omnia
1176 2462 1304 2516 visis
1344 2476 1599 2532 comparo
1640 2477 1784 2517 som-

181 2552 477 2606 niantium.
500 2550 647 2608 Sicut
664 2554 805 2608 enim
824 2553 1107 2623 aliquando
1128 2561 1183 2607 et
1200 2551 1312 2606 lucc
1333 2551 1485 2620 falsa,
1502 2552 1784 2625 aliquando

176 2655 367 2701 autem
417 2660 542 2701 vera
591 2654 741 2712 sunt,
786 2644 1068 2716 aliquando
1116 2644 1449 2716 perturbata,
1498 2645 1783 2717 aliquando

176 2738 476 2808 ttanquilla
502 2754 515 2803 ;
546 2737 658 2808 ipsa
679 2746 857 2793 autem
880 2753 1024 2805 vera,
1049 2735 1335 2809 aliquando
1358 2737 1543 2792 futuris
1565 2737 1783 2792 omnino

178 2831 406 2897 similia,
432 2831 512 2887 vel
539 2841 721 2903 aperte
747 2830 909 2900 dicta,
934 2830 1216 2903 aliquando
1246 2831 1488 2887 obscuris
1519 2832 1784 2903 signiﬁca-

179 2920 426 2976 tionibus
453 2930 508 2977 et
542 2921 694 2993 quasi
722 2921 959 2993 ﬁguratis
994 2921 1351 2981 locutionibus
1390 2924 1738 2993 praenuntiata
1766 2942 1778 2980 :

174 3012 256 3067 sic
298 3009 460 3067 etiam
493 3013 582 3068 illa
629 3017 830 3069 omnia.
873 3013 980 3071 Sed
1017 3023 1197 3069 amant
1235 3013 1477 3070 homines
1507 3016 1782 3086 inexperta

175 3104 367 3158 rhnarl
391 3146 406 3171 ,
445 3114 500 3160 et
526 3118 713 3161 causas
758 3104 1095 3161 insolitorum
1126 3107 1414 3177 requirere,
1449 3122 1567 3162 eum
1609 3108 1783 3179 quoti-

174 3198 343 3253 diana
372 3199 686 3270 plerumque
721 3199 841 3255 talia
868 3216 1010 3270 sche
1045 3201 1205 3254 etiam
1235 3200 1531 3256 iatentioris
1556 3202 1779 3273 originis

176 3305 350 3346 nosse
388 3306 495 3345 non
536 3299 742 3346 curent.
773 3290 903 3345 Nam
945 3291 1394 3361 quemadmodum
1440 3290 1491 3346 in
1537 3293 1778 3362 vocibus,

177 3386 289 3440 hoc
320 3392 402 3439 est
438 3383 600 3457 signis
638 3384 829 3457 quibus
868 3384 1131 3457 loquendo
1160 3386 1375 3453 utimur,
1409 3384 1589 3440 audito
1618 3386 1781 3442 verbo

176 3478 459 3543 inusitato,
491 3484 737 3549 quaerunt
764 3476 935 3549 primo
961 3476 1083 3553 quid
1111 3476 1198 3543 sit,
1229 3475 1329 3531 hoc
1355 3484 1437 3532 est
1463 3477 1588 3550 quid
1620 3478 1784 3548 signi-

177 3570 346 3637 ﬁcet;
375 3586 481 3637 quo
523 3570 735 3643 cognito
776 3569 967 3625 deinde
1005 3578 1250 3641 quaerunt
1289 3570 1426 3626 unde
1467 3572 1537 3625 ita
1580 3571 1779 3627 dictum

176 3666 283 3732 sit,
315 3679 433 3717 cum
465 3671 571 3717 tam
610 3664 774 3718 multa
813 3665 927 3719 sine
969 3678 1097 3720 cura
1143 3664 1411 3731 nesciant,
1445 3680 1564 3735 qua:
1600 3665 1651 3719 in
1680 3679 1781 3720 usu

177 3759 458 3815 sermonis
484 3757 703 3825 habent,
729 3759 868 3813 unde
900 3760 969 3814 ita
999 3760 1105 3814 sint
1126 3759 1267 3829 dicta
1292 3776 1305 3815 :
1333 3758 1409 3814 sic
1437 3774 1555 3813 cum
1584 3757 1781 3829 aliquid

179 3851 500 3907 inusitatum
542 3850 595 3906 in
624 3851 781 3905 rebus
808 3851 1081 3919 acciderit,
1110 3852 1222 3907 sive
1250 3850 1637 3920 corporalibus,
1668 3850 1781 3906 sive

178 3945 569 4018 spiritualibus.
601 3960 789 3999 causas
819 3946 1187 4016 rationemque
1226 3945 1451 4001 sollicite
1483 3946 1777 4017 inquirunt,

178 4049 229 4092 et
258 4036 367 4093 sibi
392 4036 541 4093 reddi
563 4053 593 4092 a
619 4035 929 4095 doctoribus
953 4038 1209 4109 ﬂagitant.

255 4129 351 4185 40.
394 4128 551 4185 Soleo
576 4138 751 4185 autem
778 4146 898 4185 cum
929 4146 1014 4185 me
1040 4132 1263 4202 quisque
1295 4130 1603 4200 interrogat,
1631 4130 1780 4188 verbi

180 4220 382 4295 gratia,
409 4220 534 4293 quid
560 4221 629 4276 sit
653 4230 821 4287 catus,
853 4231 905 4278 et
931 4222 1249 4291 respondeo,
1282 4220 1520 4277 Prudens
1547 4221 1629 4275 vel
1655 4236 1781 4277 acu-

182 4325 296 4382 tus,
328 4327 429 4368 nec
451 4312 497 4367 ei
525 4311 741 4375 sufﬁcit,
771 4311 863 4368 sed
893 4313 1063 4384 pergit
1088 4328 1327 4384 qumrere
1354 4311 1492 4367 unde
1515 4310 1687 4367 dictus
1712 4315 1781 4369 sit

184 4419 364 4475 catus,
416 4406 648 4463 vicissim
694 4406 890 4463 referre
933 4416 987 4462 et
1032 4423 1273 4480 quaerere
1314 4407 1451 4462 umie
1497 4407 1671 4463 dictus
1712 4408 1781 4463 sit

186 4512 400 4567 acutus,
431 4499 571 4571 quod
603 4498 948 4555 nihilominus
979 4501 1157 4569 utique
1188 4500 1489 4569 ignorabat,
1529 4497 1623 4554 sed
1657 4499 1778 4570 quia

186 4596 444 4649 usitatum
478 4607 671 4649 nomen
700 4601 833 4659 erat,
862 4593 1123 4667 patienter
1147 4591 1260 4661 ejus
1286 4590 1544 4661 originem
1568 4590 1779 4646 nescie-

188 4685 326 4740 bat:
374 4684 515 4759 quod
562 4694 737 4740 autem
792 4699 987 4740 novum
1034 4682 1267 4737 insonuit
1312 4681 1545 4748 auribus,
1593 4697 1779 4751 parum

192 4788 343 4849 putat
369 4794 528 4839 nosse
564 4778 691 4851 quid
719 4776 1068 4848 signiﬁcando
1100 4776 1289 4841 valeat,
1320 4775 1419 4830 nisi
1451 4776 1609 4830 etiam
1640 4774 1781 4831 unde

191 4871 402 4929 dicatur
441 4869 700 4945 exquirat.
729 4868 978 4940 Quisquis
1009 4884 1137 4939 ergo
1179 4883 1245 4922 ex
1289 4882 1373 4922 me
1411 4868 1599 4936 qurerit
1641 4867 1781 4921 unde

191 4967 304 5021 visa
344 4962 709 5034 corporalibus
752 4962 941 5019 similia
979 4963 1030 5017 in
1074 4961 1266 5017 ecstasi
1303 4967 1614 5031 appareant,
1656 4974 1776 5029 qua:

194 5072 318 5112 raro
344 5054 539 5112 accidit
568 5056 759 5111 animae
780 5097 797 5123 ,
826 5055 1055 5110 vicissim
1083 5068 1294 5125 quaero,
1329 5054 1465 5108 unde
1492 5061 1783 5124 appareant

196 5147 605 5215 dormientibus,
646 5163 767 5221 qua“:
806 5147 1041 5219 quotidie
1087 5147 1247 5202 sentit
1290 5146 1485 5210 anima,
1527 5154 1583 5202 et
1624 5161 1781 5203 nemo

198 5239 337 5297 istud
384 5250 475 5299 aut
517 5255 622 5297 non
673 5240 897 5295 multum
940 5248 1088 5297 curat
1131 5239 1418 5313 inquirere.
1448 5238 1609 5311 Quasi
1656 5253 1783 5293 vero

200 5332 320 5389 ideo
345 5334 518 5393 minus
546 5332 679 5393 mira
706 5334 777 5389 sit
803 5332 984 5387 talium
1015 5341 1200 5387 natura
1228 5331 1483 5398 visorum,
1507 5332 1625 5401 quia
1653 5346 1784 5400 quo—

201 5426 396 5485 tidiana
436 5435 559 5494 est;
592 5434 683 5485 aut
726 5425 847 5483 ideo
887 5425 1060 5481 minus
1096 5424 1328 5480 curanda
1350 5466 1365 5491 ,
1393 5424 1513 5495 quia
1544 5423 1781 5479 omnium

200 5525 281 5570 est
305 5533 319 5581 ;
346 5525 437 5575 aut
475 5517 518 5573 si
560 5526 705 5577 recte
738 5516 931 5571 faciunt
961 5515 1049 5587 qui
1093 5514 1191 5569 ista
1232 5529 1337 5570 non
1384 5524 1645 5586 qumrnnt,
1677 5529 1781 5568 non

202 5608 397 5665 rectius
438 5608 665 5665 fecerint
694 5609 738 5663 si
774 5622 872 5665 nec
906 5609 960 5667 in
1006 5607 1093 5667 illa
1131 5606 1327 5663 curiosi
1357 5607 1480 5663 sint.
1514 5606 1626 5678 Ego
1660 5623 1785 5662 vero

203 5702 368 5758 multo
414 5703 642 5773 amplius
684 5702 959 5769 admiror,
1006 5702 1277 5773 multoque
1326 5700 1554 5756 maxime
1598 5709 1785 5772 stupeo

203 5804 397 5865 quanta
424 5796 698 5854 micritate
726 5811 787 5851 ac
831 5794 1082 5851 facilitate
1118 5794 1172 5850 in
1211 5808 1271 5851 se
1297 5794 1471 5849 anima
1501 5794 1786 5851 fabricetur

1486 310 1689 366 LIBER
1731 306 2182 369 UUODECIMUS.

3392 324 3497 379 470

1917 423 2174 495 imagines
2202 438 2505 497 corporum,
2536 444 2655 501 quae
2685 444 2778 501 per
2798 434 3037 504 corporis
3068 435 3255 492 oculos
3279 436 3492 508 viderit,

1909 530 2067 586 quam
2091 519 2467 575 somniantium
2493 522 2573 577 vel
2596 522 2755 577 etiam
2782 523 2835 577 in
2856 526 3050 581 ecstasi
3069 525 3320 583 visiones.
3338 529 3496 599 Quzc~

1906 622 2138 680 cumquo
2163 618 2341 667 tamen
2379 612 2466 667 illa
2494 622 2679 668 natura
2717 614 2951 670 visorum
2982 624 3085 683 est,
3118 618 3301 688 procul
3330 618 3495 675 dubio

1905 714 2101 773 corpus
2141 714 2251 760 non
2295 714 2396 761 est.
2440 702 2551 761 iloc
2598 720 2755 761 nosse
2803 710 2887 762 cui
2933 722 3040 763 non
3087 708 3305 775 sumcit,
3349 711 3491 768 unde

1904 794 2064 849 etiam
2092 795 2351 865 existant,
2389 796 2620 868 inquirat
2649 797 2715 854 ab
2755 797 2909 865 aliis;
2939 812 3026 855 me
3068 799 3315 870 ignorare
3353 818 3489 859 con-

1902 885 2077 944 ﬁteor.

2079 977 2305 1040 CAPUT
2332 980 2475 1039 XIX.
2496 1011 2570 1027 -ι
2608 981 2754 1039 Unde
2780 993 3052 1040 nascantur
3076 984 3307 1044 visiones.

1972 1072 2062 1127 4i.
2104 1072 2235 1128 Illud
2285 1074 2440 1145 plane
2483 1076 2845 1145 exemplorum
2892 1078 3272 1148 experimentis
3308 1081 3487 1152 colligi

1899 1164 2085 1233 datur,
2132 1168 2269 1222 sicut
2316 1183 2598 1238 corporum
2647 1168 2843 1240 pallor,
2884 1170 3083 1238 rubor,
3130 1178 3360 1241 tremor,
3401 1175 3486 1229 vel

1899 1260 2059 1314 etiam
2090 1261 2306 1315 morbus
2332 1260 2615 1331 aliquando
2643 1275 2670 1314 a
2708 1276 2930 1331 corpore
2958 1261 3115 1318 habet
3143 1278 3350 1333 causas,
3382 1264 3485 1318 ali-

1898 1354 2110 1421 quando
2151 1353 2219 1407 ab
2262 1354 2477 1419 anima;
2519 1363 2573 1409 et
2612 1369 2641 1407 a
2683 1370 2907 1426 corpore
2949 1356 3185 1428 quidem,
3227 1372 3346 1413 cum
3396 1361 3485 1415 vel

1897 1443 2091 1500 humor
2118 1446 2456 1514 suilunditur,
2487 1446 2568 1502 vel
2594 1446 2745 1503 cibus
2768 1449 2849 1505 vel
2879 1447 3077 1521 aliquid
3102 1452 3244 1507 aliud
3268 1455 3483 1521 corpori

1898 1537 2149 1608 injectum
2174 1539 2543 1605 extrinsecus;
2572 1538 2639 1595 ab
2663 1540 2838 1595 anima
2864 1556 3010 1607 vero,
3035 1558 3156 1597 cum
3181 1544 3263 1601 vel
3291 1545 3483 1601 timore

1896 1631 2172 1694 turbatur,
2215 1630 2296 1685 vel
2338 1631 2541 1701 pudore
2581 1631 2945 1698 confunditur,
2981 1633 3065 1688 vel
3097 1635 3367 1701 irascitur,
3397 1636 3485 1693 vel

1896 1733 2057 1789 amat,
2083 1724 2165 1779 vel
2193 1724 2236 1780 si
2267 1723 2391 1795 quid
2419 1725 2678 1795 ejusmodi
2703 1742 2717 1791 ;
2748 1740 2847 1782 nec
2876 1727 3161 1795 immerito,
3184 1728 3229 1783 si
3259 1728 3311 1783 id
3335 1730 3481 1802 quod

1895 1815 2096 1871 animat
2139 1825 2192 1871 et
2238 1820 2390 1887 regit,
2433 1821 2589 1873 etiam
2637 1834 2757 1874 cum
2804 1819 3172 1876 vehementius
3214 1831 3477 1889 movetur,

1895 1906 2264 1963 vehementius
2291 1906 2520 1980 exagitat
2546 1928 2558 1962 :
2592 1910 2661 1964 ita
2693 1920 2743 1966 et
2772 1911 2869 1980 ipsi
2896 1913 3088 1966 anima:
3112 1921 3166 1966 ut
3192 1912 3243 1967 in
3271 1929 3333 1969 ea
3362 1914 3478 1971 visa

1896 2005 2098 2068 pergat,
2127 2014 2245 2070 qua:
2283 2014 2388 2053 non
2429 2002 2477 2055 ei
2520 2017 2613 2071 per
2641 2016 2828 2057 sensus
2865 2004 3103 2073 corporis
3145 2006 3475 2075 nuntiantur,

1894 2088 1988 2143 sed
2029 2105 2123 2159 per
2162 2089 2545 2161 incorporalem
2590 2093 2956 2160 substantiam,
2996 2103 3050 2149 et
3089 2094 3158 2149 ita
3199 2105 3386 2170 pergat
3421 2106 3481 2154 ut

1894 2194 2000 2233 non
2048 2180 2313 2235 discernat
2356 2192 2528 2237 utrmn
2578 2199 2801 2254 corpora
2849 2186 2953 2239 sint
2995 2202 3060 2240 an
3105 2188 3478 2246 similitudines

1891 2284 2173 2340 corporum
2199 2315 2210 2338 ,
2255 2275 2536 2343 aliquando
2568 2292 2595 2328 a
2626 2292 2852 2345 corpore
2882 2279 3092 2345 accidit,
3124 2280 3408 2351 aliquando
3445 2297 3478 2338 a

1891 2364 2077 2431 Spiritu
2104 2382 2114 2415 :
2147 2374 2200 2418 et
2226 2381 2255 2419 a
2280 2381 2504 2436 corpore
2536 2368 2778 2437 quidem,
2809 2370 2919 2425 sive
2949 2373 3173 2428 naturali
3206 2376 3474 2429 vicissitu-

1889 2453 2048 2521 dine,
2079 2463 2135 2509 ut
2177 2464 2302 2511 sunt
2348 2460 2457 2512 visa
2500 2462 2912 2528 somniantium,
2940 2461 3177 2519 dormire
3220 2468 3415 2537 quippe
3443 2482 3476 2521 a

1888 2563 2113 2619 corpore
2139 2558 2220 2603 est
2246 2550 2446 2604 homini
2472 2568 2485 2616 ;
2514 2553 2625 2606 sive
2651 2554 2823 2623 aliqua
2850 2556 2986 2609 mala
3018 2557 3317 2614 valetudine
3346 2574 3472 2613 scn-

1888 2642 2034 2696 sibus
2062 2644 2401 2711 perturbatis,
2437 2652 2493 2698 ut
2531 2660 2651 2699 cum
2681 2662 2710 2699 a
2742 2647 3063 2717 phreneticis
3095 2649 3250 2704 simul
3278 2660 3328 2706 ct
3356 2668 3475 2707 cor-

1891 2752 2016 2807 pora
2047 2736 2323 2806 videntur,
2356 2746 2410 2793 et
2436 2740 2545 2793 visa
2577 2739 2769 2793 similia
2798 2741 3108 2810 corporibus
3139 2751 3387 2814 tanquam
3417 2754 3473 2801 et

1888 2830 2000 2899 ipsa
2030 2846 2138 2900 pra:
2179 2832 2346 2885 oculis
2375 2830 2589 2885 adsint:
2623 2840 2714 2885 ant
2740 2833 2951 2901 penitus
2978 2830 3299 2902 interclusis,
3332 2837 3472 2892 sicut

1887 2938 2029 2993 saepe
2068 2921 2205 2977 male
2240 2922 2413 2978 aﬁ'ccti
2455 2926 2641 2980 morbo
2681 2925 2855 2996 aliquo
2885 2924 3304 2996 ingravescente,
3333 2945 3472 3000 pra:-

1887 3029 2038 3074 scntc
2082 3034 2305 3089 corpore
2348 3020 2437 3075 ditt
2482 3020 2764 3084 absentes,
2797 3020 2986 3075 deimle
3020 3021 3321 3079 hominibus
3346 3025 3471 3079 red-

1888 3110 2017 3176 diti,
2048 3112 2212 3165 multa
2243 3125 2301 3166 se
2338 3110 2536 3166 vidisse
2562 3111 2847 3165 dixerunt:
2881 3128 2910 3165 a
2939 3112 3125 3183 Spiritu
3158 3129 3285 3169 vero
3307 3157 3320 3179 .
3350 3130 3472 3173 cum

1886 3204 2103 3257 omnino
2142 3218 2271 3257 sano
2310 3214 2467 3275 atque
2504 3204 2709 3274 integro
2747 3219 2969 3274 corpore
3006 3205 3058 3259 in
3097 3205 3471 3262 alienationem

1886 3294 2181 3364 rapiuntur,
2211 3295 2323 3350 sive
2356 3296 2427 3350 ita
2468 3304 2523 3350 ut
2557 3304 2611 3350 et
2646 3311 2741 3367 per
2766 3311 2954 3352 sensus
2981 3298 3219 3367 corporis
3248 3314 3471 3370 corpora

1886 3386 2121 3454 videant,
2152 3395 2205 3442 et
2234 3388 2286 3441 in
2314 3389 2501 3457 Spiritu
2528 3387 2770 3458 quatdam
2798 3388 2992 3442 similia
3030 3405 3148 3459 qnce
3174 3405 3199 3441 a
3232 3391 3472 3461 corpori-

1885 3479 1985 3534 bus
2011 3494 2114 3533 non
2151 3478 2493 3546 discernunt;
2530 3480 2642 3535 sive
2676 3480 2887 3550 penitus
2914 3487 3219 3533 avertantur
3245 3496 3273 3535 a
3304 3482 3476 3536 sensi-

1886 3569 1985 3625 bus
2014 3572 2189 3626 carnis
2209 3612 2223 3635 ,
2263 3581 2315 3626 et
2349 3569 2481 3624 nihil
2525 3585 2619 3640 per
2646 3584 2738 3625 eos
2767 3570 2987 3624 omnino
3026 3571 3314 3625 suntientes
3335 3614 3349 3637 ,
3380 3572 3471 3627 illa

1886 3663 2145 3732 spirituali
2191 3661 2393 3717 visione
2432 3662 2670 3719 habitent
2713 3662 2765 3715 in
2811 3662 3245 3716 similitudinibus
3274 3679 3469 3733 corpo-

1886 3770 2024 3808 rum.
2056 3753 2159 3809 Sed
2188 3769 2307 3809 cum
2333 3753 2502 3807 malus
2529 3752 2581 3807 in
2611 3753 2726 3809 haec
2748 3754 2933 3824 arripit
2962 3755 3207 3823 spiritus,
3236 3764 3325 3810 aut
3355 3755 3468 3811 da:-

1890 3848 2161 3901 moniacos
2192 3846 2334 3913 facit,
2366 3853 2455 3900 aut
2481 3845 2805 3915 arreptitios,
2837 3854 2928 3900 aut
2959 3847 3117 3901 falsos
3144 3848 3467 3918 prOphctas:

1885 3955 2005 3994 cum
2052 3947 2231 3995 autem
2276 3940 2465 4004 bonus,
2516 3938 2696 3995 ﬁdeles
2740 3942 2989 4013 mysteria
3034 3941 3329 4013 loquentes,
3378 3954 3472 4005 aut

1886 4033 2172 4089 accedente
2199 4034 2356 4089 etiam
2392 4032 2733 4105 intelligentia
2769 4049 2925 4089 veros
2957 4035 3259 4106 prophetas,
3288 4045 3378 4093 aut
3402 4038 3471 4096 ad

1886 4132 2095 4195 tempus
2129 4125 2269 4196 quod
2302 4141 2397 4196 per
2425 4140 2516 4181 eos
2544 4132 2753 4196 oportet
2790 4126 3020 4195 ostendi,
3050 4127 3290 4184 videntes
3313 4139 3472 4200 atque

1885 4227 2181 4272 narrantes.

1884 4310 2109 4365 CAPUT
2130 4308 2248 4366 XX.
2267 4341 2337 4351 —
2364 4309 2479 4364 Visa
2505 4326 2616 4382 qua!
2641 4328 2671 4364 a
2696 4326 2906 4382 corpore
2931 4313 3238 4367 occasionem
3264 4314 3465 4385 habent,

2250 4421 2350 4458 non
2381 4415 2543 4458 tamen
2570 4404 2788 4459 exhiberi
2816 4422 2847 4458 a
2873 4422 3099 4478 corpore.

1956 4495 2045 4549 4‘2.
2088 4494 2192 4551 Sed
2222 4509 2343 4549 cum
2370 4511 2398 4549 a
2426 4510 2648 4565 corpore
2673 4511 2831 4550 causa
2862 4506 2944 4551 est
2982 4507 3037 4551 ut
3066 4498 3186 4552 talia
3209 4496 3318 4553 visa
3350 4514 3472 4555 cer-

1884 4597 2099 4654 nantur,
2146 4603 2249 4642 non
2289 4604 2349 4641 ea
2389 4603 2581 4657 corpus
2622 4588 2872 4655 exhibet;
2918 4606 3088 4661 neque
3127 4592 3269 4647 enim
3310 4590 3472 4650 habet

1885 4695 2001 4735 eam
2044 4679 2170 4743 vim,
2214 4688 2269 4731 ut
2308 4676 2501 4732 formet
2538 4679 2734 4749 aliquid
2775 4681 3043 4750 spiritnale
3076 4700 3088 4735 :
3133 4682 3227 4737 sed
3268 4684 3466 4751 sopito,

1884 4782 1973 4825 aut
1995 4771 2321 4842 perturbato,
2345 4780 2434 4825 aut
2459 4772 2615 4825 etiam
2640 4771 2926 4827 intercluso
2948 4775 3137 4829 itinere
3160 4776 3470 4832 intentionis

1885 4863 2164 4919 acerehro
2184 4905 2199 4931 ,
2227 4847 2329 4935 qua
2360 4862 2604 4935 dirigitur
2629 4865 2891 4920 sentiendi
2922 4877 3114 4933 motus,
3149 4870 3321 4923 anima
3356 4871 3470 4941 ipsa

1886 4975 2003 5029 qure
2034 4968 2182 5013 motu
2219 4958 2433 5029 proprio
2462 4974 2673 5014 cessare
2713 4960 2780 5015 ab
2808 4960 2908 5015 hoc
2935 4978 3096 5031 opere
3126 4980 3230 5015 non
3271 4971 3468 5034 potest,

1886 5052 2007 5121 quia
2050 5067 2142 5120 per
2178 5065 2374 5121 corpus
2414 5068 2517 5104 non
2562 5051 2772 5117 sinitur,
2819 5053 2895 5107 vel
2940 5070 3041 5106 non
3085 5052 3239 5123 picne
3279 5053 3472 5108 sinitur

1887 5142 2178 5213 corporalia
2208 5142 2407 5199 sentire
2428 5184 2443 5210 ,
2472 5142 2557 5197 vel
2593 5141 2659 5198 ad
2689 5143 2986 5215 corporalia
3019 5145 3121 5198 vim
3151 5161 3260 5199 sure
3294 5144 3469 5201 inten-

1889 5236 2047 5291 tionis
2073 5235 2323 5307 dirigere,
2348 5237 2534 5305 spiritu
2562 5236 2913 5307 corporalium
2940 5235 3313 5293 similitudines
3340 5238 3469 5308 agit,

1888 5338 1976 5384 aut
2026 5330 2260 5385 intuetur
2302 5328 2556 5400 objectas.
2602 5328 2664 5383 Et
2708 5328 2749 5381 si
2794 5327 3006 5399 quidem
3048 5343 3138 5383 eas
3181 5327 3295 5403 ipsa
3341 5330 3471 5400 agit,

1889 5423 2181 5491 phantasia:
2226 5431 2425 5474 tantum
2470 5430 2627 5484 sunt;
2661 5421 2704 5473 si
2732 5428 2908 5473 autem
2940 5418 3178 5489 objectas
3217 5423 3472 5491 intuetur,

1890 5516 2227 5569 ostensiones
2271 5522 2411 5567 sunt.
2443 5513 2677 5589 Denique
2716 5526 2834 5565 eum
2861 5510 3003 5566 oeuli
3045 5511 3224 5566 dolent
3266 5513 3347 5567 vel
3382 5529 3476 5569 ex-

1894 5607 2066 5661 stincti
2096 5613 2236 5669 sunt,
2268 5605 2387 5674 quia
2421 5620 2522 5657 non
2552 5611 2813 5659 estcausa
2841 5602 2892 5659 in
2923 5604 3051 5659 sede
3076 5603 3304 5673 cerebri,
3333 5602 3476 5663 unde

1893 5701 2007 5772 ipsa
2037 5698 2281 5767 dirigitur
2308 5696 2530 5751 intentio
2560 5696 2842 5765 sentiendi,
2874 5712 2977 5751 non
3005 5699 3137 5752 iiunt
3170 5696 3477 5768 hujusmodi

1838 5794 1843 5800 ’
1893 5793 2147 5859 visiones,
2180 5790 2418 5860 quamvis
2444 5789 2725 5846 cernendis
2752 5791 3117 5863 corporalibus
3145 5790 3478 5850 obstaculum
