3902 6310
420 292 513 346 471
1246 287 1335 345 DE
1372 286 1617 345 GENESI
1655 285 1745 339 AD
1783 278 2155 346 LITTERAM,
2196 279 2255 337 S.
2296 278 2664 339 ΑυαυδτιΝι

421 411 615 468 existat
633 426 663 464 a
684 423 926 481 corpore.
954 408 1119 479 Magis
1137 407 1278 462 enim
1300 406 1431 463 caeci
1451 403 1652 476 aliquid
1676 402 2004 458 dormientes

416 518 578 573 quam
603 503 877 572 vigilantes
895 500 1094 555 vident.
1126 498 1517 554 Dormientibus
1541 497 1737 568 quippe
1766 495 1818 549 in
1852 508 2002 550 cere-

416 593 519 650 bro
560 594 866 663 consopitur
909 592 994 647 via
1040 589 1324 654 sentiendi,
1376 604 1495 659 qua:
1538 588 1886 644 intentionem
1933 587 2002 642 ad

416 685 602 741 oculos
637 682 819 751 ducit,
852 682 1077 753 ideoque
1111 682 1225 752 ipsa
1265 681 1489 737 intentio
1526 681 1578 736 in
1616 681 1759 735 aliud
1788 694 1999 744 aversa,

411 777 591 832 cernit
634 775 746 829 visa
789 774 1119 830 somniorum
1160 781 1408 844 tanquam
1448 772 1657 841 species
1693 771 2001 841 corporales

413 866 618 931 adsint,
650 874 706 922 ut
732 865 831 920 sibi
859 865 1130 922 dormiens
1156 864 1375 935 vigilare
1414 863 1673 929 videatur,
1705 872 1761 920 et
1789 878 1896 919 non
1922 863 1999 918 si-

414 956 557 1010 milia
588 954 917 1025 corporibus,
950 956 1043 1010 sed
1085 955 1199 1024 ipsa
1237 970 1459 1025 corpora
1487 956 1679 1010 intueri
1716 970 1777 1011 se
1810 963 1995 1024 putet:

413 1062 533 1101 cum
562 1055 740 1102 autem
767 1047 983 1117 vigilant
1017 1048 1177 1111 cmci,
1208 1046 1421 1103 ducitur
1458 1062 1553 1118 per
1580 1048 1667 1103 illa
1697 1048 1886 1103 itinera
1913 1048 1999 1103 in-

414 1142 581 1197 tentio
609 1142 860 1197 cernendi
880 1182 896 1206 ,
924 1157 1041 1213 qua:
1079 1156 1201 1196 cum
1229 1140 1297 1197 ad
1324 1142 1440 1196 loca
1465 1144 1670 1197 venerit
1692 1142 1994 1208 oculorum,

412 1247 520 1287 non
558 1234 822 1288 exseritur
852 1232 1029 1290 foras.
1057 1233 1151 1287 sed
1193 1233 1264 1286 ibi
1307 1242 1579 1299 remanet,
1614 1242 1670 1288 ut
1695 1234 1913 1304 vigilare
1938 1250 1998 1290 se

411 1324 685 1388 sentiant,
720 1325 1002 1394 potiusque
1040 1337 1155 1378 esse
1186 1322 1238 1377 in
1270 1324 1503 1379 tenebris
1547 1323 1814 1394 vigilando
1837 1325 1997 1379 etiam

412 1431 510 1486 per
534 1414 677 1471 diem
696 1456 710 1479 ,
750 1430 908 1485 quam
936 1414 1287 1481 dortnicndo,
1318 1415 1431 1470 sive
1459 1429 1555 1485 per
1589 1414 1732 1470 diem
1763 1416 1875 1471 sive
1903 1431 2000 1486 per

409 1518 645 1565 noctem.
674 1508 807 1563 Nam
834 1517 887 1561 et
914 1508 1002 1577 qui
1031 1507 1159 1561 caeci
1186 1520 1292 1561 non
1322 1515 1467 1571 sunt,
1497 1506 1735 1577 plerique
1768 1510 1997 1577 patenti-

408 1600 512 1655 bus
536 1600 704 1655 oculis
743 1597 1017 1653 dormiunt
1054 1597 1185 1653 nihil
1215 1612 1311 1667 per
1340 1611 1434 1652 eos
1458 1597 1698 1653 videntes
1718 1638 1733 1663 ,
1767 1597 1860 1653 sed
1891 1613 1997 1653 non

409 1689 534 1745 ideo
563 1688 696 1743 nihil
724 1688 982 1751 videntes,
1008 1702 1128 1741 cum
1155 1686 1345 1755 spiritu
1375 1695 1599 1742 cernant
1622 1688 1731 1741 visa
1760 1689 1999 1742 somnio-

410 1796 532 1836 rum
573 1798 587 1834 :
630 1779 676 1835 si
718 1789 899 1835 autem
938 1780 1135 1834 clausis
1173 1778 1342 1833 oculis
1386 1779 1620 1849 vigilent,
1663 1794 1835 1849 neque
1872 1779 1996 1835 dor-

408 1870 687 1926 mientium
729 1882 923 1940 praesto
959 1878 1079 1925 sunt
1109 1869 1400 1924 visionibus
1428 1883 1603 1939 neque
1640 1870 1992 1940 vigilantium.

410 1963 638 2019 Tantum
677 1972 852 2018 tamen
892 1962 1065 2028 valet,
1097 1962 1240 2033 quod
1277 1976 1444 2032 usque
1481 1962 1549 2016 ad
1587 1962 1770 2017 oculos
1810 1979 1995 2019 eorum

408 2071 510 2112 nec
545 2056 713 2127 sopita
758 2071 857 2112 nec
893 2057 1195 2125 perturbata
1227 2070 1325 2110 nec
1365 2056 1650 2111 interclusa
1690 2058 1930 2126 pervenit
1964 2073 1995 2112 a

407 2149 629 2204 cerebro
671 2149 754 2203 via
787 2148 1049 2204 sentiendi
1070 2190 1085 2215 ,
1118 2156 1173 2203 et
1211 2148 1403 2202 animae
1433 2148 1780 2204 intentionem
1826 2164 1996 2220 usque

405 2242 475 2296 ad
519 2242 663 2311 ipsas
705 2241 949 2312 quamvis
987 2242 1193 2296 clausas
1241 2241 1382 2295 {ores
1424 2242 1663 2310 corporis
1704 2240 1888 2306 ducit,
1940 2252 1999 2299 ut

404 2332 708 2403 cogitentur
753 2332 967 2402 quidem
1021 2333 1279 2403 imagines
1334 2348 1660 2403 corporum,
1705 2334 1796 2388 sed
1849 2333 1996 2389 nullo

404 2425 566 2480 modo
594 2441 689 2495 pro
727 2424 805 2480 eis
839 2424 1134 2480 habeantur
1171 2426 1484 2495 corporibus
1521 2440 1639 2495 qua:
1684 2440 1779 2494 per
1805 2426 1994 2482 oculos

404 2518 724 2575 sentiuntur.

472 2615 561 2670 45.
604 2614 832 2669 Tantum
868 2613 1126 2678 interest,
1156 2614 1245 2669 ubi
1274 2613 1366 2668 ﬁat
1395 2612 1836 2682 impedimentum
1868 2628 1993 2670 sen-

401 2706 569 2761 tiendi
598 2706 917 2776 corporalia,
949 2722 1071 2762 cum
1104 2705 1161 2760 lit
1189 2706 1241 2761 in
1265 2721 1510 2775 corpore.
1538 2705 1594 2761 Si
1622 2708 1764 2761 enim
1798 2722 1903 2762 non
1933 2708 1994 2763 lit

399 2797 502 2852 nisi
536 2798 588 2852 in
619 2798 750 2869 ipsis
778 2798 1010 2853 aditibus
1028 2839 1044 2865 ,
1070 2806 1125 2853 et
1151 2798 1302 2869 quasi
1324 2797 1503 2868 januis
1528 2812 1818 2865 sensuum,
1846 2799 1994 2854 velut

398 2891 454 2945 in
480 2890 681 2953 oculis,
715 2892 768 2946 in
793 2890 1012 2945 auribus
1030 2930 1047 2956 ,
1079 2891 1390 2960 caeterisqne
1418 2890 1664 2945 sensibus
1698 2892 1990 2960 corporali-

398 2982 529 3043 bus,
557 2980 672 3035 sola
709 2981 996 3049 impeditur
1026 2981 1297 3050 perceptio
1325 2982 1680 3049 corporalium
1706 2998 1721 3041 :
1757 2998 1862 3035 non
1890 2998 1988 3035 au-

401 3077 509 3124 tem
536 3071 728 3124 animm
755 3070 977 3124 intentio
1002 3069 1055 3124 in
1086 3070 1229 3124 aliud
1259 3071 1338 3125 sic
1363 3073 1640 3139 avertitur,
1665 3083 1722 3126 ut
1750 3087 1846 3142 pro
1870 3086 1991 3127 cor-

400 3160 622 3231 poribus
654 3160 846 3217 habcat
884 3162 1143 3233 imagines
1172 3177 1455 3231 corporum
1482 3181 1495 3216 :
1527 3164 1571 3217 si
1612 3175 1787 3218 autem
1828 3180 1989 3220 causa

398 3263 483 3309 est
520 3254 662 3310 intus
692 3255 742 3309 in
770 3256 1014 3322 cerebro,
1050 3255 1188 3309 unde
1213 3255 1511 3325 diriguntur
1532 3257 1633 3309 via:
1670 3256 1736 3310 ad
1779 3271 1840 3311 ea
1870 3273 1989 3327 qua:

398 3346 532 3402 foris
561 3358 703 3409 sunt,
731 3347 1008 3403 sentienda
1035 3363 1050 3411 ;
1075 3346 1243 3417 ipsius
1274 3346 1582 3402 intentionis
1612 3363 1734 3403 vasa
1765 3349 1986 3419 sopiun-

396 3446 506 3506 tur,
534 3438 618 3494 vel
649 3439 945 3507 turbantur,
984 3438 1068 3495 vel
1098 3439 1551 3506 intercluduntur,
1582 3440 1775 3509 quibus
1804 3440 1988 3497 nititur

395 3532 573 3585 anima
606 3532 657 3586 in
683 3548 743 3587 ea
775 3549 893 3602 quae
918 3532 1048 3589 loris
1078 3541 1222 3598 sunt,
1264 3532 1519 3586 intuenda
1560 3533 1643 3587 vel
1685 3534 1984 3589 sentienda.

397 3620 568 3691 Quem
597 3626 770 3680 nisum
798 3626 1048 3695 quoniam
1079 3641 1183 3680 non
1212 3626 1434 3693 amittit,
1467 3634 1615 3682 tanta
1639 3629 1987 3697 expressione

394 3720 591 3775 format
614 3720 826 3783 similia,
856 3726 912 3773 ut
940 3717 1196 3788 imagines
1219 3719 1576 3791 corporalium
1605 3735 1636 3774 a
1670 3722 1985 3791 corporibus

397 3811 705 3867 discernere
733 3825 838 3865 non
869 3811 1084 3876 valens,
1121 3822 1296 3866 utrum
1327 3814 1380 3867 in
1412 3813 1516 3867 illis
1555 3830 1624 3867 an
1664 3814 1715 3868 in
1759 3815 1876 3870 istis
1916 3816 1986 3870 sit

396 3905 637 3969 nesciat;
677 3913 732 3958 et
774 3917 893 3956 cum
939 3902 1060 3967 scit,
1086 3903 1240 3972 longe
1280 3904 1385 3957 alio
1431 3903 1587 3959 modo
1630 3904 1781 3973 sciat,
1824 3921 1983 3975 quam

395 3995 522 4050 dttm
552 3996 605 4048 in
632 3993 913 4063 cogitando
954 4002 1239 4049 versantur
1274 3994 1386 4048 sive
1416 4008 1702 4050 occurrunt
1740 3998 1986 4053 similitu-

394 4084 549 4139 dines
577 4100 879 4154 corporum.
910 4084 1011 4151 Qui
1051 4084 1239 4140 modus
1269 4085 1371 4139 nisi
1398 4086 1467 4140 ab
1492 4091 1725 4156 expertis
1754 4092 1867 4160 capi
1901 4099 1985 4147 ut-

394 4192 625 4248 cumque
666 4194 771 4232 non
816 4187 1005 4247 potest.
1038 4178 1171 4233 Hinc
1196 4178 1338 4233 enim
1379 4187 1527 4245 erat,
1555 4182 1694 4250 quod
1731 4200 1815 4239 me
1855 4185 1983 4239 dor-

394 4270 570 4325 miens
619 4272 669 4325 in
718 4272 926 4326 somnis
970 4254 1153 4326 videre
1200 4271 1455 4336 sciebam,
1505 4288 1601 4327 nec
1644 4282 1819 4330 tamen
1866 4277 1983 4332 illas

392 4363 752 4431 corporalium
798 4378 975 4417 rerum
1015 4361 1385 4417 similitudines
1428 4376 1558 4433 quas
1599 4364 1864 4430 videbam,
1907 4368 1984 4423 sic

393 4455 464 4509 ab
510 4454 639 4524 ipsis
682 4455 1049 4525 corporalibus
1097 4452 1490 4519 discerneham,
1534 4457 1980 4526 quemadmodum

391 4562 487 4602 eas
529 4549 824 4618 cogitantes
867 4549 1026 4602 etiam
1072 4547 1265 4602 clausis
1304 4548 1473 4604 oculis
1517 4550 1598 4604 vel
1647 4551 1698 4604 in
1746 4552 1982 4608 tenebris

391 4639 667 4695 constituti
723 4638 1029 4694 discernere
1083 4639 1335 4694 solemus.
1385 4638 1615 4694 Tantum
1671 4642 1812 4697 valet
1865 4644 1979 4712 ipsa

393 4730 559 4787 animi
611 4731 833 4785 intentio
880 4740 1053 4785 utrum
1106 4731 1428 4799 perducatur
1470 4747 1637 4802 usque
1674 4736 1741 4788 ad
1790 4750 1979 4792 sensus

392 4823 519 4878 licet
540 4822 771 4882 clausos,
798 4836 864 4875 an
894 4822 945 4875 in
974 4821 1088 4890 ipso
1111 4822 1358 4888 cerebro,
1387 4821 1527 4877 unde
1554 4824 1605 4878 in
1634 4822 1747 4879 hmc
1772 4824 1977 4893 nititur,

392 4914 570 4985 aliqua
601 4927 759 4969 causa
789 4913 1050 4967 existente
1077 4912 1130 4967 in
1158 4912 1302 4967 aliud
1329 4922 1630 4982 avertatur,
1654 4926 1711 4970 ut
1734 4918 1977 4987 quamvis

389 5005 679 5077 aliquando
706 5022 765 5061 se
805 5006 1012 5061 noverit
1041 5021 1144 5061 non
1183 5021 1429 5078 corpora,
1461 5008 1554 5064 sed
1586 5024 1869 5082 corporum
1901 5014 1977 5067 si-

392 5099 722 5155 militudines
746 5114 986 5165 cernere,
1009 5100 1093 5154 vel
1114 5100 1292 5154 minus
1311 5100 1515 5155 erudita
1537 5102 1695 5158 etiam
1724 5104 1835 5174 ipsa
1860 5120 1977 5161 esse

390 5205 617 5261 corpora
647 5191 959 5247 existimans
980 5231 995 5257 ,
1033 5192 1230 5246 sentiat
1267 5207 1325 5247 se
1364 5208 1470 5247 non
1497 5207 1561 5248 ea
1591 5209 1844 5264 corpore,
1882 5198 1976 5253 sed

391 5283 582 5352 spiritu
603 5282 820 5343 videre.
855 5284 1009 5354 longe
1034 5283 1102 5337 sit
1130 5293 1306 5338 tamen
1338 5282 1406 5337 ab
1434 5282 1715 5340 all'ectione
1740 5303 1842 5356 qna
1878 5304 1976 5343 suo

390 5375 605 5445 corpori
651 5385 1040 5444 prmsentatur:
1076 5374 1215 5430 unde
1257 5390 1315 5429 se
1356 5385 1553 5429 norunt
1590 5386 1644 5431 et
1672 5379 1798 5433 caeci
1842 5379 1974 5450 vigi-

391 5464 508 5523 lare
527 5511 542 5533 ,
567 5483 687 5522 cum
718 5468 1091 5525 similitudines
1128 5485 1411 5540 corporum
1445 5470 1702 5541 cogitatas
1728 5486 1757 5525 a
1787 5487 1975 5543 corpo-
2048 5518 2049 5521 η

393 5557 564 5621 ribus,
607 5574 725 5630 quze
764 5559 945 5616 videre
986 5574 1091 5616 non
1129 5571 1383 5632 possunt,
1422 5568 1567 5617 certa
1609 5562 1825 5619 notione
1865 5562 1975 5618 dis-

332 5682 338 5689 -
393 5658 635 5703 cernunt.

3589 286 3698 344 ιτς

2111 396 2335 455 CAPUT
2361 396 2504 453 XXI.
2528 427 2600 439 -—
2630 395 2754 453 Visa
2775 396 3123 471 corporalibus
3143 397 3333 456 similia
3359 399 3413 454 in
3447 415 3667 471 quam

2310 507 2394 543 ma
2408 490 2625 561 rapitur,
2653 506 2755 544 non
2778 488 2894 545 ideo
2917 505 3025 545 esse
3047 500 3241 546 natura
3262 487 3492 547 diverstz.
3562 564 3563 567 η

2180 583 2268 638 44.
2308 580 2441 643 Cum
2468 591 2646 638 autem
2674 596 2805 637 sano
2824 597 3081 653 corpore,
3113 598 3212 640 nec
3236 598 3428 639 somno
3451 586 3706 643 sensibus

2110 673 2404 744 consepitis
2426 715 2441 740 ,
2473 673 2648 745 aliquo
2690 673 2899 729 occulto
2923 689 3087 744 opere
3103 675 3363 746 spirituali
3400 677 3456 732 in
3491 693 3554 733 ea
3588 680 3710 736 visa

2109 781 2229 835 quae
2253 764 2445 820 similia
2468 774 2591 819 sunt
2614 764 2978 834 corporalibus
3000 766 3174 820 anima
3203 767 3421 838 rapitur,
3445 783 3557 824 non
3576 769 3709 839 quia
3754 786 3801 829 ﬁ.

2110 855 2302 911 modus
2325 855 2566 911 diversus
2589 863 2691 922 est,
2726 854 2845 911 ideo
2872 863 2955 911 est
2981 856 3139 913 etiam
3167 856 3371 912 diversa
3404 867 3594 916 natura
3620 861 3711 917 vi-

2109 963 2291 1003 sorum
2310 963 2325 1011 ;
2355 962 2476 1003 cum
2508 955 2562 1001 et
2590 946 2771 1002 inoillis
2788 948 2964 1003 causis
2982 964 3103 1018 quae
3115 948 3186 1003 de
3200 964 3425 1020 corpore
3441 950 3706 1021 existunt,

2109 1038 2180 1092 sit
2206 1037 2386 1108 utique
2414 1036 2710 1093 dill'erentia
2727 1078 2741 1101 ,
2786 1046 2841 1093 et
2878 1038 3166 1109 aliquando
3191 1054 3221 1092 a
3248 1042 3536 1097 contrario.
3564 1042 3710 1100 Nam

2109 1127 2405 1198 phrenetici
2442 1144 2546 1183 non
2587 1129 2898 1186 dormiendo
2935 1131 3111 1200 potius
3140 1133 3477 1202 perturbatas
3502 1134 3715 1200 habent

2108 1219 2373 1274 sentiendi
2405 1221 2520 1275 vias
2544 1220 2598 1275 in
2627 1220 2799 1291 capite
2821 1262 2836 1286 ,
2870 1231 2926 1275 ut
2967 1222 3089 1276 talia
3134 1222 3377 1288 videant,
3402 1226 3578 1295 qualia
3609 1242 3712 1284 so-

2110 1310 2375 1365 mniantes
2394 1309 2607 1376 vident,
2640 1327 2862 1380 quorum
2896 1312 3211 1371 dormiendo
3239 1315 3495 1371 avertitur
3520 1317 3708 1374 inten-

2110 1401 2185 1455 tio
2210 1416 2241 1455 a
2271 1415 2430 1455 sensu
2460 1402 2745 1472 vigilandi,
2786 1412 2842 1460 et
2887 1403 2941 1458 in
2981 1418 3044 1460 ea
3094 1403 3322 1461 videnda
3349 1410 3708 1466 convertitur.

2109 1491 2243 1546 Cum
2270 1507 2399 1564 ergo
2424 1492 2549 1547 illud
2576 1492 2668 1548 ﬁat
2692 1508 2798 1549 non
2824 1492 3169 1560 dormieudo,
3200 1495 3304 1552 hoc
3345 1506 3522 1553 autem
3566 1499 3709 1555 dor-

2108 1581 2323 1637 miendo
2346 1624 2362 1649 ,
2391 1598 2496 1637 non
2524 1594 2700 1638 tamen
2730 1598 2791 1639 ea
2820 1598 2937 1655 qum
2964 1584 3208 1640 videntur
3249 1600 3315 1641 ex
3352 1586 3458 1642 alio
3499 1603 3711 1659 genere

2112 1685 2257 1739 sunt,
2286 1691 2442 1746 quam
2470 1692 2536 1731 ex
2566 1685 2751 1732 natura
2770 1677 3009 1748 spiritus,
3036 1676 3105 1733 de
3125 1692 3233 1748 quo
3255 1678 3336 1734 vel
3352 1678 3405 1734 in
3432 1696 3539 1750 quo
3567 1679 3710 1737 ﬁunt

2107 1769 2478 1825 similitudines
2500 1784 2803 1840 corporum.
2838 1769 2912 1825 Ita
2938 1770 3180 1841 quamvis
3206 1768 3417 1826 diversa
3437 1771 3507 1826 sit
3534 1787 3708 1828 causa

2108 1860 2420 1916 intentionis
2459 1861 2735 1921 alienatae,
2763 1860 2974 1932 quando
3000 1876 3133 1916 sano
3172 1875 3396 1934 corpore
3433 1864 3709 1933 vigilantis

2107 1953 2310 2008 occulta
2332 1942 2567 2023 'qnadam
2610 1953 2664 2008 vi
2702 1953 2958 2023 spirituali
3000 1954 3176 2008 anima
3213 1955 3449 2021 rapitur,
3480 1963 3538 2009 ut
3580 1955 3706 2011 vice

2106 2060 2388 2115 corporum
2414 2061 2692 2115 expressas
2718 2047 3072 2118 corporalium
3111 2061 3288 2101 rerum
3319 2046 3704 2106 similitudines

2105 2138 2160 2192 in
2187 2134 2375 2207 spiritu
2421 2140 2630 2205 videat,
2668 2139 2853 2195 eadem
2894 2148 3068 2195 tamen
3096 2149 3179 2195 est
3208 2149 3389 2194 natura
3432 2141 3698 2197 visorum.

2104 2228 2288 2301 Neque
2327 2231 2467 2285 enim
2495 2231 2598 2285 dici
2629 2241 2831 2301 pmest,
2861 2245 2981 2285 cum
3024 2245 3183 2285 causa
3228 2230 3279 2284 in
3327 2245 3550 2302 corpore
3588 2241 3699 2301 est,

2107 2333 2232 2378 tunc
2260 2324 2489 2378 animam
2518 2324 2632 2378 sine
2664 2311 2771 2379 ulla
2798 2324 3159 2395 praesensione
3190 2322 3485 2377 futurorum
3510 2339 3575 2379 ex
3604 2340 3702 2379 se—

2105 2413 2215 2483 ipsa
2241 2428 2456 2468 versare
2479 2413 2734 2484 imagines
2755 2427 3057 2482 corporum,
3079 2413 3216 2467 sicut
3231 2411 3389 2466 etiam
3413 2413 3707 2484 cogitando

2103 2518 2195 2558 eas
2224 2503 2388 2568 solet;
2427 2519 2545 2558 cum
2576 2518 2701 2559 vero
2732 2504 2783 2558 in
2822 2518 2881 2558 ea
2907 2501 3131 2557 videnda
3171 2502 3355 2573 spiritu
3385 2505 3700 2572 assumitur,

2103 2595 2359 2650 divinitus
2406 2595 2522 2652 inec
2570 2596 2921 2651 demonstrari
2971 2613 2984 2648 :
3029 2595 3453 2667 quandoquidem
3509 2609 3704 2670 aperte

2101 2685 2373 2757 Scriptura
2401 2687 2547 2751 dicit,
2580 2685 2854 2753 Effundam
2883 2687 2947 2740 de
2970 2687 3150 2758 spiritu
3175 2704 3285 2741 meo
3308 2704 3466 2763 super
3495 2706 3704 2746 omnem

2102 2793 2325 2842 carnem,
2357 2788 2403 2831 et
2420 2778 2629 2843 juvenes
2665 2778 2773 2832 visa
2812 2778 3067 2843 videbunt,
3115 2788 3163 2833 et
3205 2796 3344 2833 senes
3372 2782 3565 2837 somnia
3603 2798 3701 2835 so-

2101 2868 2361 2923 mniabunt
2392 2869 2548 2940 (Joel.
2574 2886 2630 2934 tt,
2662 2870 2783 2939 ‘28),
2834 2870 3025 2926 divinae
3068 2872 3364 2943 operationi
3413 2883 3701 2945 utrumque

2102 2960 2339 3013 tribuens
2358 2977 2371 3023 ;
2396 2971 2466 3018 et,
2493 2960 2713 3031 Angelus
2731 2959 2940 3015 Domini
2963 2964 3205 3032 apparuit
3219 2961 3414 3034 Ioseph
3433 2964 3485 3018 in
3504 2966 3704 3021 somnis

2100 3051 2302 3116 dicens,
2337 3051 2464 3107 Noli
2492 3054 2666 3109 timere
2694 3055 2919 3125 accipere
2958 3055 3181 3109 Mariam
3210 3056 3475 3129 conjugem
3518 3067 3697 3128 mam;

2099 3152 2150 3198 et
2174 3143 2385 3211 iterum,
2411 3143 2559 3199 Tolle
2577 3162 2806 3216 puerum,
2827 3154 2874 3200 et
2894 3145 3019 3200 vade
3036 3148 3087 3200 in
3112 3145 3397 3219 zEgyptum
3412 3145 3624 3219 (Matth.
3651 3166 3694 3212 ι,

2098 3232 2201 3297 2ος
2233 3246 2287 3291 et
2311 3253 2368 3299 ll,
2402 3219 2513 3308 13)..
3232 3289 3248 3311 ,

2104 3327 2328 3385 CAPUT
2356 3327 2519 3383 XXII.
2543 3360 2612 3369 —
2638 3320 2898 3395 Quomodo
2924 3331 3217 3403 contingant
3240 3332 3346 3386 visa
3371 3332 3481 3397 illa,
3502 3348 3564 3387 ea:
3586 3333 3700 3402 qui”

2205 3420 2301 3473 bus
2324 3420 2654 3475 divinationes
2674 3418 2869 3475 occulto
2889 3421 3126 3475 instinctu
3152 3438 3239 3477 seu
3264 3439 3386 3477 casu
3411 3422 3578 3493 (actm.

2169 3511 2255 3565 45.
2299 3510 2480 3581 Itaque
2525 3513 2665 3566 bono
2710 3512 2922 3582 quidem
2968 3513 3157 3581 spiritu
3203 3514 3401 3568 assumi
3441 3514 3693 3584 spiritum

2097 3599 2329 3657 hominis
2354 3602 2421 3657 ad
2471 3603 2566 3657 has
2607 3602 2861 3657 videndas
2902 3605 3197 3674 imagines,
3240 3604 3340 3661 nisi
3373 3604 3569 3675 aliquid
3611 3607 3697 3660 si-

2096 3691 2377 3762 gniﬁcent,
2436 3709 2542 3747 non
2584 3704 2713 3764 puto
2756 3712 2769 3746 :
2814 3708 2935 3748 cum
2978 3709 3105 3748 vero
3154 3694 3206 3749 in
3251 3710 3475 3764 corpore
3522 3711 3692 3752 causa

2094 3792 2193 3848 est,
2246 3792 2301 3839 ut
2329 3784 2383 3839 in
2412 3800 2503 3839 cas
2546 3784 2848 3855 expressius
2894 3784 3174 3840 intuendas
3218 3784 3482 3841 humanus
3511 3786 3696 3841 inten-

2096 3874 2251 3929 datur
2294 3876 2512 3946 spiritns
2536 3918 2550 3942 ,
2597 3893 2701 3931 non
2742 3891 2958 3946 semper
2998 3877 3197 3947 aliquid
3235 3877 3537 3948 signiﬁcare
3561 3894 3689 3935 cre-

2094 3966 2325 4024 demlum
2356 3981 2464 4035 est;
2507 3971 2600 4026 sed
2648 3980 2771 4025 tunc
2815 3969 3148 4040 signiﬁcant,
3194 3986 3318 4026 cum
3361 3970 3693 4042 inSpirantur

2095 4075 2127 4113 a
2153 4060 2553 4116 demonstrante
2594 4062 2811 4131 spiritu,
2844 4062 2957 4116 sive
2991 4061 3303 4126 dormienti,
3348 4064 3459 4117 sive
3486 4062 3689 4133 aliquid

2094 4154 2235 4208 aliud
2265 4171 2330 4209 ex
2355 4170 2602 4226 corpore,
2631 4165 2739 4210 uta
2763 4156 2938 4226 carnis
2956 4157 3200 4212 sensibus
3225 4157 3560 4224 alienaretur,
3590 4173 3690 4229 pa-

2095 4244 2267 4301 tienti.
2298 4246 2649 4317 Vigilantibus
2692 4248 2851 4301 etiam
2894 4262 3065 4318 neque
3111 4247 3225 4302 ullo
3264 4249 3451 4305 morbo
3474 4249 3687 4306 alliictis

2094 4350 2193 4390 nec
2218 4334 2401 4391 furore
2424 4336 2720 4407 exagitatis,
2752 4336 2962 4391 occulto
2995 4338 3223 4408 quodam
3252 4339 3502 4395 instinctu
3531 4341 3683 4411 inge-

2093 4436 2203 4481 stas
2231 4441 2351 4482 esse
2378 4427 2725 4497 cogitationes
2750 4443 2882 4498 quas
2910 4428 3202 4498 promendo
3228 4429 3544 4493 divinarent,
3574 4447 3685 4487 non

2093 4520 2264 4575 solum
2286 4519 2428 4575 aliud
2454 4530 2691 4591 agentes,
2721 4520 2853 4576 sicut
2878 4518 3108 4591 Caiphas
3138 4522 3374 4591 pontifex
3399 4523 3685 4593 propheta-

2091 4613 2167 4668 vit
2194 4611 2370 4680 (Ioan.
2403 4630 2481 4680 ιι,
2510 4612 2621 4685 51),
2649 4629 2769 4668 cum
2812 4614 2930 4683 ejus
2956 4613 3181 4668 intentio
3209 4630 3314 4669 non
3342 4614 3562 4671 haberet
3589 4633 3683 4671 vo-

2091 4704 2346 4759 luntatem
2380 4704 2729 4774 pr0phetandi
2754 4747 2769 4771 ,
2803 4720 2983 4759 verum
3013 4706 3171 4760 etiam
3209 4704 3261 4760 id
3299 4708 3677 4777 suscipientes,

2093 4803 2147 4848 ut
2176 4795 2444 4865 divinandi
2471 4795 2627 4850 modo
2660 4795 2855 4865 aliquid
2883 4795 3150 4862 dicerent,
3184 4799 3448 4855 novimus.

2160 4889 2249 4943 46.
2288 4888 2420 4943 Nam
2459 4888 2671 4958 quidam
2693 4887 2916 4958 juvenes
2937 4890 3167 4957 jocando
3198 4895 3260 4946 ut
3284 4890 3558 4959 fallerent,
3586 4892 3680 4947 ubi

2089 4980 2354 5052 peregrini
2384 4981 2483 5035 iter
2510 4980 2771 5050 agebant,
2804 4982 3207 5038 mathematicos
3248 4999 3307 5039 se
3343 5001 3462 5040 esse
3505 4985 3677 5041 tinxe-

2088 5082 2237 5139 runt,
2269 5073 2572 5144 ignorantes
2600 5073 2819 5127 omnino
2846 5083 3021 5128 utrum
3047 5073 3332 5131 duodecim
3360 5077 3507 5147 signa
3533 5078 3679 5132 dice-

2088 5176 2293 5222 rentur.
2316 5164 2557 5231 Quicum
2585 5163 2844 5234 hospitem
2872 5180 3027 5221 suum
3054 5167 3231 5222 mirari
3252 5178 3532 5224 cernerent
3556 5186 3677 5239 qum

2088 5258 2352 5321 dicebant,
2375 5266 2429 5312 et
2452 5257 2688 5311 attestari
2710 5272 2829 5312 esse
2851 5258 3147 5324 verissima,
3166 5259 3416 5315 audacius
3442 5260 3492 5314 in
3522 5260 3671 5330 plura

2088 5350 2351 5422 progressi
2381 5359 2523 5404 sunt.
2553 5351 2621 5403 At
2646 5350 2733 5404 ille
2760 5358 3017 5404 attestans
3054 5350 3121 5406 ad
3147 5352 3323 5407 omnia
3359 5352 3669 5406 mirabatur.

2090 5443 2366 5497 Postremo
2383 5442 2450 5497 ab
2469 5443 2546 5498 eis
2575 5442 2640 5497 de
2671 5441 2760 5497 lilii
2779 5442 2947 5498 salute
2974 5443 3236 5514 quaesivit,
3259 5459 3414 5515 quem
3432 5445 3523 5500 diu
3543 5447 3669 5501 abs-

2087 5542 2263 5590 entem
2312 5531 2668 5598 desiderabat,
2695 5543 2748 5588 et
2800 5532 2940 5604 quod
2987 5533 3255 5604 inopinate
3298 5534 3553 5601 tardaret,
3601 5553 3671 5593 ne

2061 5629 2214 5699 .quid
2247 5630 2297 5686 ei
2323 5630 2599 5686 accidisset
2642 5629 2899 5685 sollicitus
2925 5637 3059 5685 erat.
3092 5630 3162 5685 At
3188 5630 3262 5684 illi
3287 5645 3390 5685 non
3420 5637 3671 5687 curantes

2087 5723 2210 5796 quid
2238 5733 2360 5800 post
2380 5739 2561 5778 eorum
2589 5723 2891 5779 abscessum
2933 5722 3043 5778 veri
3068 5729 3508 5793 cognosceretur,
3540 5723 3668 5778 dum
