3902 6362
1511 330 1714 391 LIBER
1755 328 2205 391 DUODECIMUS.
3442 344 3545 403 ιη

1965 459 2024 505 ut
2048 460 2171 506 sunt
2194 450 2308 519 illa,
2330 451 2425 509 sed
2445 460 2502 509 ut
2528 444 3111 523 occurrit,’intuemur;
3132 457 3243 513 sive
3266 471 3388 515 cum
3413 460 3540 529 alia,

1961 557 2081 614 quae
2110 542 2193 599 vel
2224 558 2327 597 non
2355 554 2498 610 sunt,
2534 546 2617 601 vel
2645 560 2765 601 esse
2793 549 3132 616 nesciuntur,
3182 564 3278 619 pro
3324 550 3545 609 arbitrio

1961 635 2048 692 vel
2072 637 2377 706 opinatione
2405 637 2728 708 cogitamus;
2770 638 2882 693 sive
2919 638 3061 694 unde
3089 639 3229 696 unde
3249 681 3267 707 ,
3294 657 3467 713 neque
3493 644 3545 699 id

1962 729 2239 801 agentibus
2259 773 2274 795 ,
2306 746 2475 803 neque
2500 731 2802 786 volentibus
2830 732 2981 789 nobis
3009 734 3171 789 varia:
3213 733 3398 791 forma:
3423 752 3546 793 cor-

1962 825 2219 894 poralium
2247 823 2646 880 similitudinum
2674 837 2952 882 versantur
2974 827 3025 882 in
3051 828 3261 895 animo;
3289 830 3400 886 sive
3424 846 3545 887 cum

1959 918 2156 989 aliquid
2182 920 2532 992 corporaliter
2555 921 2744 987 acturi,
2771 936 2831 976 ea
2859 922 2971 991 ipsa
2991 920 3325 993 disponimus
3345 941 3463 995 qua:
3491 925 3544 981 in

236 350 373 406 473

238 477 452 523 tamen
483 465 534 520 in
565 465 843 535 praesentia
879 463 1057 518 laetum
1098 461 1367 516 hominem
1404 456 1708 519 redderent,
1732 467 1858 509 mox

237 560 565 632 profecturi
586 557 980 630 responderunt
999 555 1205 611 salvum
1234 569 1299 609 ac
1323 555 1781 624 propinquantem,
1804 556 1858 602 et

236 669 325 710 eo
355 655 480 724 ipso
501 653 590 708 die
614 667 722 723 quo
738 652 853 708 haec
877 649 1250 721 loquebantur,
1270 662 1391 704 esse
1409 654 1688 701 venturum
1714 661 1729 698 :
1759 657 1853 698 ne-

236 762 371 817 que
406 746 547 801 enim
576 744 903 809 metuebant,
932 757 1000 799 ne
1023 757 1144 799 cum
1174 750 1315 795 totus
1348 738 1463 794 dies
1492 746 1733 808 peractus
1765 751 1853 790 es-

237 850 366 906 set,
405 853 499 894 eos
519 838 610 893 ille
634 835 1033 906 redarguendos
1066 832 1324 906 postridie
1355 839 1686 901 sequeretur.
1717 827 1855 896 Quid

238 929 474 984 multa?
498 928 620 983 dum
645 927 757 995 jam
779 926 925 980 abire
946 924 1309 995 disponerent,
1332 935 1458 977 ecce
1482 919 1659 975 subito
1681 918 1857 973 adhuc

240 1022 342 1077 eis
377 1021 487 1076 illic
512 1018 698 1090 positis
723 1017 883 1073 venit.

328 1116 430 1171 47.
472 1115 603 1170 Item
650 1112 787 1167 alius
832 1121 956 1166 ante
984 1108 1419 1182 symphoniacum
1463 1096 1727 1171 saltabat,
1763 1101 1854 1158 ubi

242 1214 421 1264 erant
455 1206 618 1261 multa
642 1204 781 1259 idola
809 1219 903 1274 per
927 1201 1209 1273 quamdam
1240 1200 1569 1270 Paganorum
1599 1195 1854 1251 Solemni-

245 1308 451 1366 tatem,
480 1314 583 1353 non
623 1297 801 1367 aliquo
826 1296 1013 1366 spiritu
1035 1302 1296 1363 arreptus,
1328 1290 1421 1347 sed
1450 1290 1741 1345 imitatione
1772 1289 1853 1342 lu-

247 1391 413 1446 dicra
435 1390 740 1458 arreptitios
766 1386 1364 1452 a2mulatus‘,scicntilms
1388 1379 1855 1438 circumstantibus

245 1494 308 1539 et
332 1481 725 1554 spectantibus.
765 1479 927 1534 Moris
972 1479 1110 1533 enim
1149 1486 1263 1532 erat
1304 1486 1362 1530 ut
1406 1485 1527 1530 ante
1575 1475 1852 1544 prandium

248 1575 495 1646 peractis
524 1572 799 1628 sacriliciis
820 1571 1136 1642 agitatisque
1162 1569 1429 1633 fanaticis,
1462 1568 1507 1621 si
1546 1567 1634 1636 qui
1675 1566 1856 1621 adole-

248 1676 479 1721 scentes
504 1672 622 1733 post
648 1661 925 1733 prandium
953 1660 1145 1715 vellent
1170 1676 1236 1715 eo
1277 1674 1424 1714 more
1452 1658 1651 1721 ludere,
1681 1657 1855 1711 nullus

249 1757 658 1829 prohiberetur.
705 1753 800 1808 llle
847 1768 976 1823 ergo
1020 1752 1158 1806 inter
1203 1749 1520 1814 saltandum,
1569 1748 1706 1803 facto
1753 1748 1854 1803 sibi

252 1849 502 1911 silentio,
534 1846 885 1915 jocabundus,
915 1852 969 1898 et
1000 1844 1206 1899 ridente
1252 1842 1587 1897 multitudine
1625 1842 1853 1895 circum-

252 1951 473 2011 septus,
505 1955 566 1994 ea
616 1947 770 1993 nocte
796 1954 914 2009 quae
946 1936 1310 2007 impendebat,
1360 1936 1412 1990 in
1456 1950 1517 1991 ea
1556 1935 1687 1989 silva
1735 1949 1853 2003 qua:

251 2035 414 2105 juxta
434 2042 567 2099 erat,
590 2032 859 2086 hominem
882 2046 910 2083 a
933 2032 1087 2085 leone
1108 2029 1480 2097 interemptum
1506 2027 1590 2093 iri,
1617 2026 1681 2080 ad
1703 2027 1854 2095 cujus

254 2129 495 2184 cadaver
547 2124 893 2197 spectandum
950 2124 1290 2177 illucescente
1341 2122 1427 2175 die
1491 2120 1852 2175 conﬂuxuratn

254 2221 495 2283 turbam,
522 2228 575 2274 et
596 2219 735 2272 illius
760 2217 1108 2273 solemnitatis
1132 2216 1303 2271 locum
1330 2214 1655 2270 deserturum
1672 2255 1685 2276 ,
1720 2228 1856 2282 pra:-

255 2314 418 2369 dixit.
450 2313 515 2367 Et
545 2314 738 2366 factum
765 2319 878 2375 est;
907 2326 1025 2365 cum
1058 2310 1186 2363 satis
1210 2308 1414 2363 cunctis
1438 2308 1524 2377 qui
1555 2307 1774 2361 aderant
1798 2307 1850 2361 in

256 2407 514 2461 omnibus
564 2404 680 2473 ejus
728 2402 959 2457 motibus
986 2402 1286 2467 claruisset,
1306 2400 1406 2453 hoc
1420 2416 1539 2453 eum
1556 2398 1784 2453 ludendo
1799 2407 1854 2452 et

257 2495 491 2567 iocando
505 2509 763 2564 nusquam
786 2494 1092 2565 perturbata
1104 2494 1187 2546 vel
1202 2492 1426 2545 alienata
1446 2500 1620 2543 mente
1631 2488 1848 2554 dixisse;

259 2589 383 2657 ipso
407 2588 562 2641 etiam
593 2595 738 2641 tanto
762 2586 989 2655 amplius
1014 2586 1241 2639 mirante
1264 2583 1403 2653 quod
1419 2582 1629 2648 accidit,
1653 2589 1851 2651 quanto

260 2679 432 2748 magis
463 2686 643 2731 nosset
662 2691 769 2746 quo
796 2676 847 2730 id
871 2676 1048 2729 animo
1073 2683 1231 2745 atque
1255 2690 1347 2728 ore
1377 2673 1672 2744 protulerit.

332 2769 422 2826 48.
464 2770 702 2839 Quonam
750 2769 909 2823 modo
947 2770 1059 2823 haec
1100 2768 1207 2821 vise
1254 2769 1305 2821 in
1348 2767 1589 2837 spiritum
1620 2766 1851 2821 hominis

261 2864 499 2930 veniant,
531 2871 707 2917 utrum
758 2862 828 2915 ibi
878 2861 1120 2931 primitus
1158 2860 1451 2914 formentur
1474 2901 1488 2923 ,
1532 2874 1595 2912 an
1628 2856 1850 2912 formata

261 2960 596 3029 ingerantur,
625 2963 679 3010 et
706 2955 932 3025 quadam
961 2953 1331 3023 conjunctione
1354 2961 1662 3017 cernantur,
1699 2960 1755 3005 ut
1774 2951 1850 3006 sic

261 3050 568 3105 hominibus
595 3047 769 3118 angeli
797 3047 1080 3101 ostendant
1102 3047 1445 3116 cogitationes
1472 3060 1616 3111 suas,
1648 3053 1701 3100 et
1726 3060 1849 3099 cor-

266 3142 528 3214 poralium
554 3134 731 3196 rerum
763 3140 1155 3204 similitudines,
1186 3153 1318 3209 quas
1345 3139 1395 3192 in
1432 3154 1529 3193 suo
1553 3138 1742 3208 spiritu
1766 3138 1849 3191 fu-

266 3245 509 3288 turorum
556 3232 858 3302 cognitione
901 3229 1259 3300 praelormant,
1306 3228 1748 3299 quemadmodum
1796 3237 1850 3283 et

264 3323 370 3395 ipsi
396 3332 603 3378 nostras
627 3322 992 3392 cogitationes,
1025 3336 1128 3375 non
1159 3320 1339 3391 utique
1376 3320 1564 3385 oculis,
1592 3319 1711 3387 quia
1743 3334 1847 3373 non

264 3429 513 3485 corpore,
541 3414 633 3469 sed
659 3413 845 3482 Spiritu
872 3413 1086 3476 vident;
1119 3426 1299 3467 verum
1332 3410 1431 3465 hoc
1458 3410 1685 3473 intersit,
1709 3411 1848 3480 quod

269 3506 350 3561 illi
380 3512 614 3566 nostras,
655 3504 812 3557 etiam
842 3504 885 3558 si
917 3503 1144 3557 nolimus
1164 3541 1177 3567 ,
1220 3510 1507 3563 noverunt,
1548 3516 1646 3555 nos
1671 3509 1848 3555 autem

268 3597 524 3666 ipsorum,
553 3596 651 3650 nisi
678 3596 1041 3660 ostendantur,
1075 3610 1232 3648 nosse
1253 3609 1356 3647 non
1388 3609 1699 3664 possumus;
1727 3595 1849 3665 quia

270 3689 351 3743 sic
375 3703 483 3754 eas,
515 3698 575 3742 ut
600 3688 809 3757 Opinor,
843 3687 1037 3740 habent
1064 3687 1114 3740 in
1158 3693 1416 3756 potestate
1444 3688 1710 3741 occultare
1741 3687 1852 3758 spi-’

269 3777 544 3832 ritualibus
564 3778 753 3841 modis,
778 3777 1219 3847 quemadmodum
1240 3793 1334 3832 nos
1356 3778 1665 3848 quibusdam
1689 3778 1849 3833 inter-

266 3868 424 3939 jectis
453 3868 775 3933 obstaculis,
821 3878 996 3921 nostra
1041 3883 1260 3937 corpora
1306 3884 1373 3922 ne
1415 3869 1638 3922 aliorum
1684 3870 1849 3923 oculis

269 3957 563 4024 videantur,
587 3959 960 4013 abscondimus
986 3977 997 4011 :
1023 3968 1075 4013 et
1096 3960 1220 4029 quid
1250 3958 1337 4013 ﬁat
1363 3960 1412 4013 in
1437 3962 1621 4029 spiritu
1644 3968 1846 4029 nostro,

271 4060 334 4105 ut
351 4051 626 4120 aliquando
652 4061 934 4106 cernantur
953 4050 1314 4105 tantummodo
1335 4052 1687 4121 signiﬁcantes
1715 4054 1849 4106 ima-

270 4142 440 4211 gines,
494 4150 548 4196 et
593 4151 767 4195 utrum
812 4142 1009 4210 aliquid
1055 4140 1353 4211 signiﬁcent
1397 4142 1699 4210 ignoretur;
1748 4141 1849 4196 ali-

270 4231 478 4302 quando
499 4244 675 4286 autem
703 4231 903 4302 aliquid
932 4232 1231 4301 signiﬁcare
1261 4232 1572 4298 sentiantur,
1601 4233 1694 4289 sed
1724 4234 1849 4303 quid

270 4325 565 4395 signiﬁcent
583 4326 849 4381 nesciatur
869 4343 883 4392 ;
906 4327 1185 4396 aliquando
1203 4341 1327 4381 vero
1342 4337 1588 4397 tanquam
1613 4327 1851 4396 pleniore

268 4417 714 4475 demonstratione
733 4420 907 4474 anima
932 4420 1156 4473 humana
1184 4420 1432 4489 etspiritu
1452 4420 1590 4489 ipsas
1603 4431 1656 4476 et
1673 4429 1850 4477 mente

270 4510 397 4581 quid
421 4512 713 4581 signiﬁcent
731 4512 937 4577 videat;
965 4521 1017 4566 et
1043 4514 1178 4567 scire
1207 4512 1570 4568 difﬁcillimum
1597 4522 1698 4581 est,
1727 4515 1849 4569 etsi

264 4605 374 4675 jam
403 4606 650 4671 sciamus,
665 4606 928 4661 disserere
940 4615 1095 4675 atque
1110 4607 1372 4675 explicare
1390 4609 1844 4677 Operosissimum.

268 4693 489 4751 CAPUT
513 4696 1135 4766 XXIIl.—Spiritualem
1171 4708 1421 4764 naturam,
1440 4698 1524 4751 ubi
1559 4709 1659 4751 tant
1682 4699 1849 4752 multis

337 4788 500 4842 causis
536 4789 886 4865 similitudines
918 4788 1256 4859 corporalium
1297 4789 1595 4859 formentur,
1617 4790 1670 4843 in
1708 4790 1848 4845 nobis

339 4882 565 4936 existere.
654 4936 657 4937 ν

340 4974 427 5029 49.
458 4974 609 5041 Quod
638 4983 813 5029 autem
840 4990 980 5030 nunc
1008 4974 1274 5029 insinuare
1299 4975 1428 5030 satis
1454 4975 1700 5039 arbitror,
1731 4989 1847 5031 cer-

270 5073 379 5119 tum
408 5074 491 5119 est
518 5081 636 5122 esse
658 5066 985 5136 spiritualem
1015 5068 1293 5137 quamdam
1326 5077 1564 5123 naturam
1592 5070 1644 5123 in
1671 5070 1842 5137 nobis,

274 5156 357 5211 ubi
388 5159 741 5227 corporalium
767 5175 943 5213 rerum
981 5160 1275 5216 formantur
1299 5162 1702 5230 similitudines;
1734 5166 1845 5220 sive

270 5263 385 5303 cum
413 5251 625 5320 aliquod
650 5267 843 5321 corpus
872 5254 1298 5329 sensucorporis
1328 5256 1606 5326 tangimus,
1636 5268 1689 5312 et
1712 5274 1844 5313 con-

274 5342 410 5394 tinuo
438 5341 696 5398 formatur
724 5345 837 5414 ejus
861 5344 1149 5399 similitudo
1174 5347 1224 5400 in
1252 5347 1459 5416 spiritu,
1486 5349 1845 5418 memoriaque

270 5434 597 5498 reconditur;
635 5437 745 5490 sive
770 5452 889 5491 cum
920 5437 1157 5493 absentia
1192 5453 1412 5509 corpora
1434 5440 1541 5509 jam
1583 5451 1704 5495 nota
1748 5457 1841 5498 co-

269 5526 511 5595 gitamns,
538 5537 596 5582 ut
628 5544 693 5582 ex
718 5530 794 5583 eis
821 5530 1079 5585 formetur
1103 5531 1313 5601 quidam
1356 5533 1643 5602 spiritualis
1684 5550 1841 5605 aspe-

270 5629 401 5686 ctus,
431 5637 549 5690 qua:
570 5621 680 5690 jam
703 5632 853 5676 erant
883 5623 933 5677 in
966 5623 1153 5693 spiritu
1181 5633 1235 5678 ct
1261 5635 1542 5696 antequam
1570 5642 1631 5681 ea
1652 5628 1843 5698 cogita-

270 5726 476 5778 remus;
504 5714 615 5769 sive
643 5728 762 5769 cum
789 5730 970 5784 eorum
998 5731 1277 5786 corporum
1301 5734 1417 5787 qum
1443 5734 1548 5773 non
1578 5719 1839 5788 novimus,

271 5806 357 5861 sed
382 5813 553 5861 tamen
579 5821 697 5863 esse
724 5822 824 5862 non
860 5808 1179 5877 dubitamus,
1212 5811 1602 5880 sii'uilitudines,
1634 5829 1739 5869 non
1770 5815 1839 5870 ita

1958 1011 2048 1067 illa
2073 1011 2280 1067 actione
2314 1012 2485 1067 futura
2514 1022 2665 1079 sunt,
2691 1022 2744 1067 et
2771 1013 2949 1067 omnia
2985 1014 3303 1085 cogitatione
3329 1027 3543 1071 antece-

1960 1102 2166 1168 dimus;
2196 1103 2309 1159 sive
2331 1105 2440 1172 jam
2470 1105 2523 1158 in
2554 1104 2668 1173 ipso
2692 1114 2811 1158 actu
2831 1146 2845 1162 .
2879 1104 2958 1158 vel
2988 1119 3109 1159 cum
3137 1106 3427 1176 loquimur,
3457 1106 3544 1163 vel

1960 1209 2079 1249 cum
2109 1193 2349 1260 facimus,
2377 1209 2562 1248 omnes
2589 1194 2897 1264 corporales
2919 1203 3114 1259 motus,
3143 1205 3200 1250 ut
3217 1198 3389 1251 exseri
3417 1210 3543 1267 pos-

1958 1289 2083 1352 sint,
2108 1289 2499 1358 prmveniuntur
2513 1287 2941 1343 similitudinibus
2955 1290 3065 1344 suis
3087 1288 3224 1344 intus
3247 1289 3298 1343 in
3320 1289 3538 1361 spiritu:

1959 1398 2131 1453 neque
2156 1381 2297 1453 enim
2327 1382 2432 1435 ulla
2462 1380 2549 1436 vel
2578 1380 2888 1437 brevissima
2928 1381 3133 1453 syllaba
3162 1382 3213 1436 in
3238 1382 3421 1438 ordine
3442 1400 3541 1443 suo

1957 1476 2059 1531 nisi
2102 1485 2378 1545 prospecta
2418 1474 2726 1530 sonuisset:
2761 1475 2873 1529 sive
2915 1489 3036 1529 cum
3079 1490 3110 1529 a
3158 1473 3542 1535 dormientibus

1957 1567 2177 1645 somnia,
2204 1567 2485 1634 videntur,
2516 1566 2601 1621 vel
2636 1566 2766 1621 nihil
2806 1566 2889 1621 vel
2929 1565 3129 1637 aliquid
3161 1566 3540 1637 signiﬁcantia;

1916 1661 2069 1715 .sive
2122 1676 2244 1715 cum
2292 1660 2593 1715 valetudine
2638 1659 2903 1730 corporali
2955 1659 3176 1715 turbatis
3225 1660 3544 1718 intrinsecus

1957 1752 2239 1807 itineribus
2264 1752 2546 1818 sentiendi,
2576 1752 2830 1821 imagines
2852 1766 3133 1821 corporum
3156 1752 3377 1822 spiritus
3401 1754 3544 1809 veris

1957 1846 2269 1915 corporibus
2311 1847 2379 1899 ita
2407 1846 2633 1911 miscet,
2664 1854 2720 1900 ut
2744 1845 3033 1901 internosci
3071 1845 3156 1900 vel
3190 1846 3277 1900 vix
3304 1846 3540 1917 possint,

1957 1941 2037 1996 vel
2066 1940 2285 1995 omnino
2307 1955 2409 1993 non
2432 1939 2670 2010 possint;
2692 1947 2745 1994 et
2770 1948 2861 1993 aut
2884 1939 3183 2009 signiﬁcent
3206 1940 3427 2011 aliquid,
3453 1949 3543 1995 aut

1957 2032 2075 2086 sine
2103 2032 2205 2085 ulla
2228 2031 2609 2103 signiﬁcatione
2633 2031 2977 2096 oboriantur;
3005 2030 3118 2087 sive
3137 2046 3356 2101 prorsus
3377 2032 3545 2103 ingra-

1957 2132 2205 2178 vescente
2234 2124 2412 2193 aliquo
2437 2122 2626 2178 morbo
2651 2122 2733 2177 vel
2764 2123 2946 2178 dolore
2980 2123 3218 2194 corporis
3238 2164 3251 2187 ,
3279 2132 3334 2179 et
3379 2125 3543 2180 inter-

1956 2219 2203 2273 cludenle
2230 2217 2371 2272 intus
2396 2217 2509 2272 vias
2529 2217 2720 2288 quibus
2744 2217 2951 2280 animae,
2978 2223 3037 2269 ut
3060 2231 3155 2286 per
3180 2231 3393 2272 carnem
3421 2232 3543 2272 sen-

1958 2313 2100 2376 tiret,
2145 2312 2493 2367 exsercbatur
2517 2326 2579 2366 ac
2604 2310 2871 2366 nitebatur
2900 2310 3122 2365 intentio
3142 2352 3157 2377 ,
3186 2310 3343 2365 altius
3383 2325 3541 2380 quam

1956 2418 2147 2458 somno
2173 2403 2451 2457 absentato
2478 2401 2689 2471 spiritu,
2721 2402 3073 2472 corporalium
3105 2416 3283 2456 rerum
3310 2401 3545 2457 existunt

1955 2506 2047 2550 aut
2070 2502 2432 2551 monstrantur
2456 2495 2735 2567 imagines,
2757 2496 2837 2549 vel
2862 2495 3222 2564 signiﬁcantes
3242 2494 3439 2565 aliquid
3458 2496 3541 2552 vel

1955 2587 2072 2643 sine
2104 2588 2207 2641 ulla
2237 2586 2618 2657 signiﬁcatione
2643 2594 2988 2655 apparentes;
3022 2586 3133 2641 sive
3160 2586 3301 2641 nulla
3330 2603 3395 2642 ex
3418 2601 3541 2642 cor-

1954 2694 2085 2750 pore
2122 2693 2279 2735 causa
2319 2678 2609 2743 existente,
2651 2676 2746 2731 sed
2788 2684 3091 2732 assumente
3115 2687 3274 2748 atque
3302 2679 3541 2748 rapiente

1955 2770 2132 2839 aliquo
2173 2769 2359 2839 spiritu
2405 2767 2606 2822 tollitur
2644 2767 2819 2821 anima
2862 2768 2913 2821 in
2945 2767 3244 2837 hnjusmodi
3284 2768 3542 2824 videndae

1954 2860 2323 2915 similitudines
2351 2874 2652 2929 corporum,
2681 2859 2911 2915 miscens
2955 2860 3032 2913 eis
3068 2859 3179 2913 visa
3219 2861 3537 2931 corporalia,

1953 2969 2073 3008 cum
2096 2952 2250 3008 simul
2277 2953 2435 3006 etiam
2457 2951 2697 3020 corporis
2718 2951 2959 3006 sensibus
2979 2949 3143 3005 utitur
3165 2967 3179 3014 ;
3202 2951 3315 3005 sive
3340 2951 3409 3005 ita
3434 2952 3542 3021 spi-

1954 3044 2058 3100 ritu
2106 3052 2411 3099 assumente
2436 3042 2696 3097 alienatur
2724 3041 2791 3095 ab
2831 3042 2973 3095 omni
3001 3032 3241 3111 carporis
3275 3056 3455 3107 sensu,
3489 3051 3543 3097 et

1954 3140 2238 3199 avertitur,
2270 3147 2327 3191 ut
2353 3136 2479 3191 solis
2519 3134 2949 3190 similitudinibus
2974 3148 3255 3204 corporum
3284 3134 3541 3204 spirituali

1953 3234 2156 3289 visione
2184 3240 2445 3293 teneatur,
2479 3228 2567 3284 ubi
2598 3228 2777 3285 nescio
2805 3238 2983 3284 utrum
3023 3229 3227 3298 possint
3256 3227 3432 3299 aliqua
3461 3228 3543 3283 ni-

1954 3324 2030 3378 ltil
2056 3322 2401 3393 significantia
2430 3320 2621 3375 videri.

1953 3415 2176 3473 CAPUT
2194 3415 2456 3470 XXIV.—
2471 3414 2720 3470 Visiouem
2744 3414 3127 3468 intellectualem
3149 3414 3421 3483 spirituali,
3438 3416 3542 3485 spi-

2330 3505 2561 3559 ritualem
2588 3504 2844 3575 corporali
2872 3512 3129 3573 praestare.

2025 3599 2111 3655 50.
2143 3598 2267 3652 Hice
2295 3597 2452 3667 igitur
2476 3604 2664 3650 natura
2689 3594 2996 3663 spiritualis,
3020 3594 3071 3647 in
3098 3609 3200 3663 qua
3228 3609 3334 3648 non
3359 3610 3540 3665 corpo-

1953 3706 2032 3754 ra,
2058 3690 2150 3744 sed
2172 3703 2450 3759 corporum
2473 3686 2847 3743 similitudines
2867 3687 3250 3755 exprimuntur,
3276 3685 3540 3741 inferioris

1954 3782 2164 3852 generis
2187 3781 2418 3835 visiones
2440 3778 2619 3844 habet,
2647 3794 2803 3849 quam
2834 3777 2962 3832 illud
2984 3778 3175 3833 mentis
3198 3788 3358 3848 atque
3387 3780 3540 3836 intel-

1955 3875 2182 3945 ﬁgentia:
2208 3873 2413 3938 lumen,
2444 3887 2549 3941 quo
2577 3879 2634 3926 et
2667 3872 2765 3925 ista
2810 3870 3057 3926 inferiora
3083 3870 3457 3941 dijudicantur,
3484 3883 3539 3929 et

1954 3983 2016 4022 ea
2045 3976 2336 4022 cernuntur
2377 3982 2494 4035 quae
2534 3981 2705 4036 neque
2747 3973 2870 4019 sunt
2897 3980 3153 4036 corpora,
3188 3981 3360 4037 neque
3404 3968 3540 4025 ullas

1952 4068 2142 4130 gerunt
2172 4057 2368 4112 formas
2402 4057 2602 4112 similes
2625 4071 2941 4127 corporum;
2973 4057 3117 4112 velut
3156 4059 3267 4127 ipsa
3299 4073 3449 4114 mens
3483 4068 3539 4116 et

1954 4152 2128 4207 omnis
2171 4152 2360 4205 animae
2399 4146 2605 4205 aﬁ'ectio
2645 4149 2803 4214 bona,
2846 4149 2929 4203 cui
2960 4150 3223 4204 contraria
3264 4160 3387 4205 sunt
3424 4150 3537 4220 ejus

1953 4245 2077 4300 vitia
2104 4286 2120 4310 ,
2170 4258 2289 4314 quae
2324 4252 2472 4297 recte
2511 4242 2789 4312 culpantur
2821 4250 2978 4311 atque
3002 4242 3320 4296 damnantur
3349 4243 3400 4296 in
3443 4242 3539 4297 ho-

1955 4326 2203 4392 minibus.
2250 4335 2366 4402 Quo
2407 4333 2546 4388 enim
2592 4332 2698 4386 alio
2742 4332 2899 4387 modo
2939 4333 3050 4402 ipse
3093 4332 3396 4387 intellectus
3433 4334 3537 4390 nisi

1954 4425 2295 4496 intelligendo
2333 4423 2691 4493 conspicitur?
2739 4422 2810 4476 lta
2851 4432 2904 4478 et
2940 4423 3202 4486 charitas,
3251 4423 3531 4494 gaudium,

1955 4537 2074 4591 pax,
2124 4518 2511 4588 longanimitas,
2552 4515 2870 4587 benignitas,
2911 4516 3140 4583 bonitas,
3183 4517 3343 4583 ﬁdes,
3386 4534 3535 4573 man-

1954 4610 2198 4675 suetudo,
2219 4609 2563 4675 continentia,
2588 4617 2641 4663 et
2654 4618 2845 4663 caetera
2865 4608 3186 4678 lmjusmodi,
3206 4609 3397 4681 quibus
3415 4626 3535 4682 pro-

1954 4704 2237 4772 pinquatur
2255 4701 2364 4755 Deo
2386 4697 2580 4769 (Galat.
2605 4716 2655 4765 v,
2674 4700 2765 4764 22,
2791 4700 2886 4770 25)
2909 4717 2922 4754 :
2943 4708 2996 4755 et
3016 4701 3129 4769 ipse
3150 4702 3313 4769 Deus,
3335 4720 3402 4758 ex
3429 4719 3534 4774 quo

1951 4795 2150 4859 omnia,
2172 4810 2270 4866 per
2289 4809 2446 4864 quem
2473 4795 2668 4857 omnia,
2698 4792 2750 4847 in
2776 4808 2883 4864 quo
2910 4792 3088 4847 omnia
3115 4793 3292 4864 (Rom.
3313 4810 3392 4859 χι,
3417 4794 3530 4864 '56).

2022 4887 2111 4942 5i.
2129 4887 2436 4955 Quanquam
2458 4885 2635 4954 itaque
2656 4884 2707 4938 in
2729 4883 2914 4939 eadem
2935 4884 3110 4939 anima
3133 4884 3257 4939 ﬁant
3278 4886 3527 4951 visiones,

1950 4980 2063 5034 sive
2085 4993 2205 5048 quae
2231 4977 2529 5031 sentiuntur
2554 4991 2648 5045 per
2671 4990 2863 5045 corpus
2881 5016 2897 5042 ,
2926 4977 3064 5029 sicut
3092 4975 3191 5029 hoc
3216 4989 3528 5044 corporeum

1949 5070 2166 5136 caelum,
2196 5078 2356 5133 terra,
2386 5078 2439 5123 et
2463 5082 2806 5138 quaecumque
2832 5070 2883 5120 in
2910 5070 2988 5122 eis
3007 5074 3127 5120 nota
3144 5080 3263 5121 esse
3290 5075 3524 5135 possunt,

1949 5162 2390 5235 quemadmodum
2437 5170 2690 5230 possunt;
2736 5161 2848 5214 sive
2890 5175 3009 5228 qua:
3056 5158 3244 5228 spiritu
3288 5158 3530 5214 videntur

1948 5258 2135 5313 similia
2163 5269 2465 5325 corporum,
2501 5253 2567 5307 de
2592 5251 2784 5323 quibus
2807 5250 2969 5305 multa
2993 5250 3101 5319 jam
3128 5249 3389 5311 diximus:
3417 5251 3529 5307 sive

1947 5366 2067 5405 cum
2104 5330 2278 5403 mente
2306 5347 2699 5416 intelliguntur,
2721 5358 2839 5413 quae
2862 5357 2960 5397 nec
2996 5356 3220 5411 corpora
3250 5352 3400 5405 sunt,
3431 5358 3529 5400 nec

1946 5441 2315 5497 similitudines
2334 5453 2618 5509 corporum
2638 5452 2653 5501 ;
2672 5435 2868 5489 habent
2887 5435 3069 5504 utique
3085 5433 3325 5489 ordinem
3352 5449 3526 5501 suum,

1947 5546 2001 5591 et
2029 5545 2110 5589 est
2147 5532 2287 5587 aliud
2327 5532 2432 5585 alio
2460 5526 2863 5600 praecellentius.
2895 5526 3240 5581 Praestantior
3266 5536 3349 5583 est
3386 5526 3527 5582 enim

1946 5626 2080 5682 visio
2105 5622 2394 5695 spiritualis
2419 5634 2574 5691 quam
2622 5617 2930 5688 corporalis.
2970 5628 3026 5674 et
3052 5633 3239 5674 rursus
3271 5627 3528 5689 przestau~

1946 5720 2049 5773 tior
2078 5716 2445 5772 intellectualis
2492 5728 2647 5785 quam
2687 5712 2991 5783 spiritualis.
3034 5712 3336 5784 Corporalis
3386 5714 3527 5772 enim

1947 5812 2061 5867 sine
2103 5808 2359 5880 Spirituali
2401 5818 2517 5866 esse
2545 5822 2650 5864 non
2697 5814 2902 5877 potest;
2935 5804 3360 5879 quandoquidem
3409 5820 3526 5861 mo-
