3902 6360
330 326 437 385 ιτα

333 449 514 503 mento
545 440 735 497 eodem
762 453 873 511 quo
897 451 1091 508 corpus
1114 449 1276 492 sensu
1303 433 1545 505 corporis
1565 431 1800 503 tangitur
1817 466 1833 495 .
1861 428 1922 485 iit

332 535 492 591 etiam
540 533 596 588 in
638 531 819 589 animo
852 530 957 586 talo
995 527 1226 601 aliquid,
1262 542 1371 583 non
1398 525 1541 600 quod
1569 525 1670 581 hoc
1701 525 1790 592 sit,
1827 523 1921 581 sed

332 625 475 700 quod
502 623 678 682 simile
704 624 773 679 sit
792 639 808 689 ;
830 621 971 694 quod
996 622 1040 676 si
1072 636 1176 676 non
1193 618 1367 687 fieret,
1390 633 1489 679 nec
1512 633 1702 675 sensus
1725 617 1816 675 ille
1834 630 1923 672 es-

332 730 434 783 set,
464 734 571 790 quo
595 732 658 774 eo
685 728 805 788 qua:
828 716 1164 772 extrinsecus
1190 714 1454 785 adjacent,
1474 713 1796 773 sentiuntur.
1819 709 1923 767 Ne-

333 826 438 885 que
466 811 610 867 enim
637 822 833 880 corpus
857 808 1054 872 sentit,
1090 805 1183 863 sed
1224 807 1401 862 anima
1430 819 1527 876 per
1551 814 1748 876 corpus
1770 841 1787 868 .
1817 815 1924 871 quo

334 890 482 960 velut
548 902 737 959 nuntio
776 901 939 959 utitur
974 898 1044 963 ad
1086 897 1423 957 formandam
1469 896 1527 954 in
1560 895 1736 967 seipse
1781 891 1925 965 quod

334 996 671 1053 extrinsecus
708 994 997 1055 nuntiatur.
1045 991 1157 1048 Non
1203 998 1379 1061 potest
1417 989 1595 1060 itaque
1634 986 1750 1047 ﬁeri
1790 986 1926 1045 visio

336 1086 666 1157 carpentis,
692 1085 793 1142 nisi
832 1085 992 1140 etiam
1025 1082 1315 1155 spiritualis
1346 1080 1504 1139 simul
1538 1079 1666 1139 iisti
1692 1078 1789 1140 sed
1815 1092 1925 1140 non

338 1182 678 1247 discernitur,
707 1179 809 1237 nisi
832 1190 954 1235 cum
982 1177 1143 1233 fuerit
1171 1189 1361 1233 sensus
1386 1174 1593 1231 ablatus
1616 1189 1649 1230 ι
1672 1186 1921 1243 corpore.

340 1285 396 1337 ut
438 1273 491 1330 id
516 1273 657 1345 quod
688 1286 786 1344 per
814 1286 1010 1341 corpus
1042 1268 1339 1335 videbatur,
1383 1266 1681 1323 inveniatur
1719 1263 1774 1323 iu
1817 1261 1928 1333 spiv

342 1368 470 1425 ritu.
518 1368 587 1421 At
631 1380 761 1421 vero
800 1363 1095 1435 spiritualis
1144 1361 1280 1418 visio
1326 1360 1487 1416 etiam
1516 1358 1632 1417 sine
1659 1354 1926 1425 corporali

340 1460 457 1517 fieri
517 1468 729 1530 potest,
774 1449 909 1514 eum
966 1454 1266 1511 absentium
1330 1464 1615 1522 corporum
1672 1447 1924 1505 similituv

340 1553 494 1609 dines
544 1552 599 1606 in
649 1550 836 1621 spiritu
875 1556 1152 1619 apparent,
1187 1553 1245 1601 et
1293 1543 1561 1615 [iunguntur
1604 1541 1782 1601 multa:
1828 1551 1926 1607 pro

342 1646 596 1710 arbitrio,
630 1643 709 1698 vel
749 1650 944 1713 pater
977 1639 1256 1695 arbitrium
1302 1636 1758 1695 demonstrantur.
1794 1631 1925 1691 Item

339 1737 629 1809 spirituslis
673 1736 806 1795 visio
844 1733 1042 1803 indiget
1095 1729 1436 1808 intellectus“
1477 1736 1533 1785 ut
1572 1724 1889 1805 diiudicatur
1902 1762 1920 1791 ,

342 1828 715 1886 intellectualis
739 1834 917 1882 autem
947 1826 1047 1880 ista
1074 1822 1336 1891 spirituali
1374 1819 1627 1879 inferiore
1650 1833 1755 1877 non
1788 1814 1925 1875 indis

342 1934 457 1997 get;
486 1936 550 1980 ac
575 1937 672 1994 per
699 1921 802 1976 bne
828 1918 1087 1990 spirituali
1116 1915 1429 1987 corporalis,
1461 1912 1803 1977 intellectuttii
1830 1926 1929 1971 att.

344 2030 449 2075 tem
474 2027 696 2091 utraque
724 2016 963 2085 subjecta
1002 2023 1104 2071 est.
1144 2010 1277 2069 Cum
1306 2026 1437 2082 ergo
1480 2008 1725 2080 legimus.
1758 2006 1926 2079 Spiri-

346 2111 499 2167 maits
525 2111 697 2166 omnia
711 2108 917 2181 judicat
936 2150 951 2175 ,
989 2108 1095 2180 ipse
1127 2113 1293 2159 autem
1324 2119 1358 2158 a
1397 2102 1592 2158 uomitu
1618 2100 1927 2172 diiudicatur

349 2204 405 2277 (Ι
430 2202 547 2257 Cor.
572 2219 629 2269 ιι,
654 2200 792 2274 l5);
820 2215 926 2255 non
959 2195 1259 2261 secundum,
1275 2193 1549 2265 spiritum,
1574 2207 1607 2249 a
1633 2206 1740 2263 quo
1775 2204 1928 2249 mens

345 2294 685 2356 discernitur,
704 2293 841 2347 sicut
860 2289 988 2345 illud
1007 2288 1150 2360 quod
1172 2287 1373 2345 dictum
1398 2293 1500 2348 est.
1535 2282 1705 2343 Orobo
1720 2282 1923 2353 spiritu,

347 2384 503 2440 astabo
520 2394 567 2438 et
591 2394 753 2438 uiuite
780 2381 893 2451 (Id.
921 2396 1036 2448 xrv,
1058 2378 1169 2452 15),
1196 2378 1291 2435 sed
1319 2390 1382 2433 ex
1405 2376 1497 2433 illa
1522 2375 1739 2435 notione
1764 2372 1928 2435 debev

347 2478 741 2547 musaocipcre
766 2491 867 2546 qua
898 2474 1097 2531 dictum
1122 2481 1224 2537 est,
1248 2468 1578 2529 Renovamini
1594 2477 1761 2529 autem
1777 2465 1932 2537 spiri-

349 2578 404 2623 tu
439 2569 619 2624 tuentis
643 2577 818 2622 datrae
860 2565 1018 2639 (Eph.
1042 2580 1115 2631 tv,
1157 2562 1274 2634 ιδ).
1307 2561 1424 2619 iam
1463 2560 1606 2619 enim
1644 2574 1803 2629 supra
1830 2558 1929 2618 dav

349 2663 556 2721 coimus
590 2661 696 2716 alio
738 2659 896 2715 modo
936 2667 993 2714 et
1026 2658 1194 2728 ipsum
1241 2662 1474 2713 mentem
1518 2652 1763 2723 spiritum
1802 2650 1928 2718 dici,

349 2754 639 2812 secundum
672 2767 831 2823 quam
864 2749 1153 2821 spiritualis
1177 2748 1354 2804 omnia
1392 2744 1663 2816 diiudicat.
1690 2744 1933 2813 Quapro-

351 2856 471 2918 pter
502 2861 607 2905 non
648 2844 876 2900 absurde
917 2857 1090 2912 neque
1118 2839 1551 2896 iueonvenienter
1575 2836 1805 2894 arbitror
1822 2836 1930 2906 spis

351 2939 593 2996 ritualem
622 2937 881 2992 visionem
911 2936 1050 2990 inter
1077 2932 1483 2988 intellectualem
1522 2937 1576 2987 et
1600 2928 1934 2998 corporalem

350 3041 601 3102 tanquam
646 3030 981 3085 medietatem
1019 3023 1302 3097 quamdam
1332 3023 1595 3078 obtinere.
1629 3021 1765 3079 Puto
1793 3019 1934 3077 enim

353 3139 461 3181 non
488 3125 897 3194 iucongruenter
922 3119 1155 3176 medium
1182 3117 1309 3183 dici,
1339 3115 1479 3186 quod
1503 3127 1696 3184 corpus
1720 3112 1936 3184 quidem

352 3230 459 3273 non
486 3224 587 3284 est,
604 3215 698 3271 sed
728 3214 899 3269 simile
920 3221 1003 3268 est
1030 3210 1288 3281 corporis,
1321 3208 1457 3264 inter
1483 3206 1610 3263 illud
1639 3204 1782 3276 quod
1813 3220 1939 3260 vere

353 3322 550 3379 corpus
575 3315 678 3376 est,
708 3314 763 3362 et
812 3303 942 3360 illud
972 3303 1112 3375 quod
1150 3317 1250 3358 nec
1289 3315 1482 3371 corpus
1513 3307 1615 3368 est,
1645 3312 1744 3355 nec
1767 3297 1938 3361 simile

351 3400 611 3471 corporis.

356 3490 584 3547 CAPUT
627 3489 797 3545 XXV.
822 3486 1096 3545 a—Soltmt
1131 3485 1519 3543 intellectualem
1553 3483 1792 3538 visionem
1836 3496 1939 3535 non

1049 3580 1248 3654 mttere.

425 3675 514 3732 δί.
556 3674 796 3731 llludltur
821 3680 999 3729 autem
1028 3675 1204 3729 anima
1245 3667 1681 3727 similitudinibus
1722 3682 1936 3734 rerum,

355 3782 462 3823 non
506 3782 688 3827 earum
720 3765 880 3831 vitio,
913 3764 1008 3820 sed
1038 3764 1303 3834 opinionis
1340 3778 1484 3829 suae,
1524 3774 1647 3817 eum
1684 3759 1943 3830 approbat

356 3874 475 3930 qua:
501 3858 693 3913 similia
721 3865 844 3913 sunt
864 3872 961 3927 pro
985 3856 1049 3910 iis
1066 3854 1257 3926 quibus
1284 3855 1473 3911 similia
1505 3861 1662 3917 sunt,
1689 3852 1757 3906 ab
1785 3850 1941 3911 intel-

357 3950 571 4021 ligentia
601 3948 873 4005 deﬁciens.
920 3947 1140 4002 Fallitur
1172 3961 1301 4015 ergo
1326 3946 1378 4000 in
1408 3946 1614 4002 visione
1639 3944 1902 4014 corporali
1924 3984 1937 4007 ,

357 4057 478 4095 eum
511 4040 565 4094 in
592 4040 723 4110 ipsis
736 4038 1049 4108 corporibus
1077 4038 1187 4095 licri
1212 4038 1515 4107 Putatun
1545 4037 1603 4092 iit
1628 4038 1680 4093 in
1702 4036 1942 4105 corporis

358 4132 635 4198 sousibus;
668 4130 804 4186 sicut
827 4130 1195 4197 navigantibus
1221 4128 1468 4184 videntur
1487 4128 1538 4183 in
1560 4135 1700 4185 terra
1740 4127 1943 4183 moveri

360 4241 479 4298 qua:
516 4232 691 4294 stant,
725 4232 779 4280 et
823 4222 1153 4278 intuentibus
1188 4223 1383 4278 cmlum
1422 4229 1569 4277 stare
1611 4204 1787 4276 sidera
1825 4235 1944 4291 quae

359 4328 659 4385 moventur,
677 4326 731 4372 et
751 4315 1055 4372 divaricatis
1073 4314 1233 4370 radiis
1251 4315 1525 4369 oculorum
1551 4311 1683 4373 duas
1714 4312 1946 4371 lucorum

361 4412 568 4484 species
583 4425 859 4481 apparere,
885 4416 939 4464 et
962 4408 1013 4462 in
1034 4394 1166 4478 aqua
1196 4412 1377 4484 r‘cm‘us
1400 4406 1676 4474 infractus,
1705 4414 1759 4461 et
1779 4404 1944 4461 multa

365 4478 665 4573 huiusmodi
688 4520 702 4558 ι
729 4510 823 4557 aut
845 4515 965 4555 cum
1002 4509 1149 4570 putat
1172 4478 1370 4570 aliquid
1401 4497 1500 4554 boc
1524 4512 1666 4565 esse,
1697 4497 1838 4568 quod
1866 4498 1942 4553 si-

364 4595 565 4652 militer
605 4594 899 4650 coloratum
945 4601 1060 4660 est,
1098 4593 1179 4647 vel
1212 4591 1462 4647 similiter
1492 4598 1677 4656 sonat,
1709 4591 1793 4646 vel
1811 4591 1941 4658 olet,

367 4690 453 4745 vel
481 4689 615 4758 sapit
636 4729 650 4752 .
680 4691 764 4743 vel
795 4688 1057 4756 tangitur;
1089 4685 1210 4740 hinc
1238 4686 1379 4741 cnim
1412 4692 1467 4739 et
1501 4683 1944 4745 medicamentum

366 4781 581 4854 aliquod
608 4788 842 4836 ceratum
876 4789 1085 4833 coetum
1120 4779 1171 4832 in
1199 4776 1395 4833 cacabo
1422 4783 1637 4846 putatur
1660 4776 1906 4847 legumen
1926 4817 1940 4841 ,

365 4885 419 4931 et
442 4874 651 4932 sonitus
670 4868 989 4927 transeuntis
1017 4869 1242 4925 vehiculi
1278 4877 1492 4940 putatur
1516 4884 1580 4923 ex
1613 4868 1864 4932 tonitrua,
1890 4876 1946 4923 et

366 4968 410 5024 si
428 4966 589 5023 nullis
602 4965 720 5020 aliis
731 4962 975 5019 settsibus
991 4976 1058 5018 ex
1070 4961 1322 5032 ploretur,
1340 4959 1436 5015 sed
1450 4960 1548 5015 soli
1560 4959 1798 5030 adjacent
1808 4958 1945 5019 ulla,

370 5060 504 5126 ciui,
533 5057 742 5114 citrium
782 5064 997 5127 putatur
1028 5053 1188 5111 herba
1217 5068 1336 5124 qua:
1368 5062 1586 5108 vocatur
1632 5051 1830 5121 apiaria
1849 5091 1864 5117 ,
1890 5060 1949 5109 et

366 5150 515 5207 cibus
533 5148 711 5220 aliquo
737 5146 997 5202 dulcicqu
1045 5160 1204 5201 succo
1251 5143 1472 5199 allectus
1526 5152 1739 5213 putatur
1787 5142 1947 5205 melle

366 5242 643 5308 conditus;
665 5251 718 5297 et
737 5241 945 5312 ignotus
970 5238 1197 5292 annulus
1220 5242 1578 5293 contrectatus
1606 5235 1658 5293 in
1690 5232 1942 5300 tenebris,

368 5343 583 5405 putatur
625 5347 852 5398 aureus,
891 5346 1013 5386 cum
1055 5330 1123 5385 sit
1166 5344 1337 5385 areas
1378 5335 1469 5387 aut
1511 5334 1831 5396 argenteus.
1856 5336 1949 5384 aut

368 5441 488 5483 cum
534 5424 823 5497 repentlnis
872 5423 1260 5493 iuopiuatisque
1290 5417 1654 5490 corporalibus
1675 5417 1805 5475 visis
1828 5420 1943 5475 ani-

366 5532 451 5573 ma
480 5518 687 5574 turbata
717 5516 802 5573 vel
829 5515 881 5571 in
906 5515 1112 5571 somnis
1137 5513 1322 5569 videte
1345 5526 1404 5566 se
1433 5517 1611 5583 putat,
1644 5509 1732 5567 vel
1768 5511 1947 5581 aliquo

368 5610 670 5683 huiusmodi
718 5608 979 5681 spirituali
1017 5609 1133 5664 viso
1171 5605 1311 5663 afﬁci
1358 5624 1372 5660 :
1421 5604 1560 5661 unde
1601 5603 1657 5659 in
1698 5603 1946 5665 omnibus

366 5702 736 5775 corporalibus
775 5701 932 5765 visis,
960 5708 1019 5756 et
1052 5700 1278 5755 aliorum
1315 5712 1565 5755 sensuum
1604 5695 1945 5763 contestatio.

367 5809 420 5854 et
453 5795 685 5852 maxime
704 5793 873 5866 ipsius
889 5795 1081 5849 mentis
1113 5799 1272 5863 atque
1314 5791 1534 5848 rationis
1561 5788 1858 5857 adhibetur,
1889 5797 1949 5847 ut

1152 290 1251 375 DE.
1281 314 1527 376 annos:
1569 314 1659 371 AD
1697 311 2071 379 Lt'rrsnau,
2113 310 2171 367 s.
2211 309 2571 373 AUGUSTINI

3511 315 3620 377 476

2029 426 2239 500 quodin
2258 427 2363 489 hoc
2384 444 2562 489 rerum
2583 443 2779 500 certem
2801 444 2988 491 verum
3006 436 3113 500 est,
3131 428 3434 492 inveniatur
3461 447 3610 507 quae

2028 529 2139 581 tum
2186 521 2412 583 inveniri
2449 528 2644 591 putem.
2673 520 2734 577 1n
2775 522 2981 585 visione
3021 531 3199 586 autem
3240 524 3537 601 Spiritus“,
3560 527 3618 589 id

2028 621 2112 669 est
2136 612 2190 669 in
2210 628 2494 684 corporum
2517 612 2972 680 similitudinibus.
2994 630 3114 688 Quae
3128 616 3320 693 spiritu
3343 616 3619 691 videntur.

2029 704 2230 764 fallitur
2252 706 2461 774 extima,
2492 721 2613 765 cum
2642 721 2704 765 ea
2727 723 2849 778 quas
2889 709 2968 771 sic
3005 709 3188 781 videt.
3232 710 3345 783 ipsa
3387 728 3620 788 corpora

2029 813 2149 861 esse
2167 799 2483 871 arbitratur;
2502 800 2586 856 vel
2604 799 2745 871 quod
2774 800 2877 863 sibi
2901 803 3204 876 auspicium
3222 802 3463 880 falsaque
3481 821 3620 867 con-

2025 887 2230 960 jectura
2262 889 2508 959 tinxerit,
2536 889 2640 950 hoc
2672 892 2841 949 etiam
2866 892 2920 952 in
2942 895 3260 964 corporibus
3286 906 3467 968 putat,
3499 914 3627 971 qum

2030 996 2137 1037 non
2164 981 2275 1036 visa
2312 982 2597 1051 coniectat.
2642 984 2715 1038 At
2752 998 2882 1041 vero
2930 986 2982 1040 in
3029 986 3136 1048 illis
3174 989 3629 1053 intellectuaiibus

2033 1075 2162 1135 visis
2200 1091 2309 1137 non
2351 1074 2588 1139 fallitur:
2611 1084 2703 1137 aut
2726 1077 2869 1137 enim
2898 1078 3171 1152 intelligit.
3200 1089 3258 1145 et
3289 1081 3472 1143 verum
3499 1093 3626 1152 est;

2034 1176 2124 1223 aut
2159 1167 2206 1229 si
2246 1183 2435 1230 verum
2482 1185 2587 1231 non
2610 1178 2694 1231 est
2710 1209 2729 1237 .
2753 1185 2863 1233 non
2891 1170 3172 1243 intelligit:
3200 1172 3343 1237 unde
3368 1174 3511 1237 aliud
3536 1186 3632 1235 est

2033 1259 2212 1413 inditis
2250 1275 2436 1324 errare
2467 1276 2587 1332 quas
2628 1260 2806 1330 videt,
2834 1263 2981 1327 alittd
3006 1263 3130 1327 ideo
3154 1280 3338 1329 errare
3364 1268 3486 1340 quia
3513 1285 3628 1332 non

2033 1368 2081 1408 Vl
2120 1362 2193 1411 et.

2032 1362 2193 1411 νιαθι.

2031 1442 2259 1503 CAPUT
2285 1444 2546 1509 XXVL—
2576 1446 2777 1519 Raptus
2803 1449 2990 1511 animi:
3012 1450 3238 1524 duplex,
3271 1454 3527 1525 spirandi
3550 1458 3632 1519 ri-
3708 1494 3733 1521 ι

2545 1539 2686 1601 sim
2710 1551 2760 1603 ct
2782 1541 3128 1603 intotttctuati.

2104 1628 2194 1687 illi.
2236 1629 2571 1701 Quapropter
2606 1647 2732 1693 cum
2760 1633 2965 1705 rapitur
2989 1637 3165 1697 anima
3194 1637 3248 1701 in
3277 1653 3338 1701 ea
3368 1639 3480 1701 visa
3503 1657 3630 1714 quas

2033 1720 2225 1792 spiritu
2250 1731 2548 1785 cernuntur
2581 1724 2776 1787 similia
2802 1727 3190 1798 corporalibus,
3220 1731 3293 1792 its
3322 1741 3385 1793 ut
3404 1735 3631 1797 omnim

2032 1828 2062 1867 a
2088 1814 2336 1875 sensibus
2361 1817 2603 1888 corporis
2632 1825 2904 1878 avertatur
2924 1820 3155 1890 amplius
3169 1838 3329 1892 quem
3351 1824 3404 1886 in
3432 1840 3637 1889 sum

2032 1907 2189 1974 solet.
2211 1906 2306 1969 sed
2326 1908 2503 1967 minus
2523 1924 2685 1980 quam
2710 1910 2765 1969 lu
2791 1920 2996 1981 morte;
3024 1914 3135 1981 jam
3157 1914 3356 1975 divinae
3381 1918 3634 1984 admoni-

2033 2000 2194 2058 tionis
2234 2015 2317 2063 est
2364 2011 2420 2061 et
2461 2003 2741 2075 adjetorii,
2771 2014 2831 2063 ut
2858 2023 2918 2065 se
2946 2023 3051 2069 non
3089 2024 3352 2081 corpora.
3383 2014 3477 2073 sed
3515 2018 3631 2076 viss

2031 2107 2316 2165 corporum
2342 2095 2534 2155 similia
2561 2099 2904 2170 spiritualiter
2932 2103 3141 2163 noverit
3165 2118 3387 2163 eernere
3405 2107 3610 2174 ,.siouti

2035 2202 2157 2256 quas
2183 2201 2244 2249 se
2270 2188 2323 2247 in
2350 2192 2562 2249 somnis
2589 2191 2771 2251 videro
2788 2234 2803 2258 ,
2833 2194 2995 2255 etiam
3024 2206 3308 2267 antequam
3339 2198 3637 2274 evigieot’

2033 2278 2227 2339 sciunt.
2258 2278 2336 2341 ibi
2364 2281 2410 2336 si
2432 2280 2594 2339 etiam
2623 2283 2869 2345 videntur
2902 2284 3187 2355 futura,ita
3216 2298 3276 2351 ut
3293 2294 3514 2352 omnino
3536 2293 3633 2354 ιἰιο

2035 2378 2154 2431 tura
2184 2382 2490 2438 noscantur,
2510 2389 2733 2444 quorum
2759 2377 3018 2446 imagines
3038 2389 3331 2448 prasentes
3361 2384 3631 2454 videntur,

2037 2463 2151 2523 sive
2177 2464 2290 2535 ipsa
2319 2462 2557 2526 hominis
2584 2478 2765 2525 mente
2795 2468 3052 2529 divinitus
3076 2472 3286 2541 adiuta,
3312 2474 3427 2533 sive
3453 2476 3637 2550 aliqua

2038 2557 2178 2615 inter
2224 2558 2337 2627 ipsa
2384 2558 2497 2614 visa
2536 2559 2665 2630 quid
2704 2559 3003 2631 signiﬁcent
3047 2576 3367 2635 exponente,
3397 2568 3535 2625 sicut
3574 2570 3634 2627 iu

2038 2653 2356 2724 Apocalypsi
2393 2653 2584 2709 Joanni
2622 2655 2989 2725 exponebatur
3029 2658 3213 2730 (Apoc.
3261 2675 3314 2725 ι.
3355 2660 3425 2717 ιο
3468 2662 3632 2736 01".),

2042 2758 2233 2815 magna
2275 2746 2529 2803 revelatio
2572 2754 2655 2803 est
2678 2763 2691 2799 :
2715 2747 2926 2803 etiamsi
2973 2746 3111 2805 forte
3155 2750 3364 2821 ignoret
3408 2752 3499 2813 ille
3539 2756 3636 2811 cui

2041 2834 2156 2893 lituo
2182 2834 2639 2903 demonstrantur,
2669 2848 2847 2897 utrum
2877 2855 2908 2897 θ
2934 2854 3161 2912 oorpore
3181 2844 3369 2904 exierit
3387 2886 3404 2913 ,
3434 2860 3502 2903 an
3526 2846 3635 2907 ad»-

2042 2926 2147 2984 buc
2188 2928 2257 2987 sit
2301 2930 2353 2985 in
2393 2944 2652 3001 corpore,
2679 2931 2773 2989 sed
2797 2931 2987 3004 spiritu
3028 2949 3060 2991 ιι
3102 2936 3350 2999 sensibus
3390 2939 3640 3010 corporis

2042 3021 2275 3079 alienato
2307 3022 2405 3081 ista
2444 3022 2658 3090 videat;
2686 3032 2861 3094 potest
2885 3025 3027 3083 enim
3053 3026 3132 3082 sic
3160 3036 3342 3105 raptus
3380 3027 3433 3089 id
3475 3029 3636 3102 igne.-

2025 3112 2183 3180 rare,
2211 3114 2256 3170 si
2285 3115 2335 3171 ei
2363 3124 2418 3171 et
2439 3114 2542 3173 boe
2571 3134 2677 3174 non
2700 3119 3032 3177 ostendatur.

2115 3205 2202 3261 54.
2245 3205 2412 3263 Porro
2437 3217 2650 3274 autem,
2690 3209 2737 3265 si
2781 3211 3229 3281 quemadmodum
3271 3224 3560 3287 raptusest
3602 3232 3641 3275 ι

2045 3297 2291 3354 sensibus
2317 3300 2575 3369 corporis,
2597 3310 2655 3363 ut
2672 3311 2817 3357 esset
2834 3301 2888 3359 in
2913 3304 3027 3363 istis
3054 3304 3488 3365 similitudinibus
3503 3323 3639 3365 cor-

2046 3404 2233 3461 porum
2254 3433 2269 3458 ,
2298 3407 2420 3462 qum
2444 3392 2633 3462 spiritu
2660 3394 2920 3460 videntur,
2951 3396 3021 3451 ita
3045 3397 3192 3453 etab
3221 3399 3350 3470 ipsis
3376 3401 3637 3471 rapiatur,

2048 3495 2103 3540 ut
2124 3486 2178 3541 in
2208 3485 2347 3541 illam
2374 3487 2522 3557 quasi
2551 3488 2822 3558 regionem
2850 3490 3283 3547 intellectuslium
3315 3494 3399 3548 vel
3436 3494 3640 3550 intelli-

2046 3578 2283 3650 gibilium
2318 3578 2662 3645 subvehatur,
2695 3580 2783 3635 ubi
2810 3581 2927 3636 sine
2956 3582 3060 3638 ulla
3101 3585 3345 3656 corporis
3379 3584 3638 3643 similitu-

2047 3671 2172 3729 dine
2217 3672 2493 3743 perspicua
2544 3672 2743 3728 veritas
2785 3674 3062 3741 cernitur;
3115 3676 3276 3732 rmllis
3322 3677 3636 3747 Opinionum

2048 3763 2298 3819 falsarum
2340 3764 2547 3820 nebulis
2590 3764 2914 3821 offuscetur:
2943 3767 3015 3822 ibi
3044 3767 3266 3824 virtutes
3293 3770 3484 3826 animae
3519 3786 3635 3829 non

2050 3864 2173 3910 sunt
2213 3871 2453 3926 Operose:
2498 3871 2561 3911 ae
2604 3856 2901 3914 laboriosae.
2929 3857 3111 3929 Neque
3134 3859 3277 3917 enim
3306 3875 3468 3931 opere
3492 3870 3637 3918 tam.

2052 3952 2306 4019 perantim
2351 3950 2515 4006 libido
2561 3949 2816 4016 frenatur,
2843 3960 2934 4005 aut
2955 3966 3120 4022 opere
3143 3953 3461 4010 fortitudinis
3490 3954 3633 4012 toieo

2050 4053 2235 4097 rantur
2261 4042 2503 4109 advorsa,
2532 4052 2623 4097 aut
2648 4058 2810 4113 opere
2845 4045 3063 4117 iustitiae
3103 4045 3280 4117 iniqua
3317 4048 3630 4119 puniuntur,

2050 4147 2138 4191 aut
2168 4150 2329 4207 opere
2363 4136 2656 4207 prudentia
2681 4137 2815 4192 mala
2843 4137 3166 4193 devitantur.
3202 4137 3314 4195 Una
3339 4138 3414 4193 ibi
3441 4149 3494 4195 et
3520 4147 3635 4198 tota

2052 4231 2220 4284 virtus
2254 4237 2338 4284 est
2367 4242 2546 4283 amere
2572 4229 2712 4299 quod
2740 4229 2937 4297 videas,
2972 4236 3029 4285 et'
3055 4243 3262 4288 summa
3288 4230 3513 4287 felicitas
3536 4231 3637 4287 ba.-

2054 4320 2180 4378 bere
2218 4321 2359 4392 quod
2394 4335 2564 4376 siuas.
2608 4321 2685 4377 lbi
2732 4323 2873 4378 enim
2912 4323 3065 4379 beata
3108 4323 3213 4379 vita
3268 4323 3322 4379 in
3366 4325 3510 4380 ibnte
3530 4336 3637 4381 suo

2052 4415 2268 4481 blbitur,
2298 4414 2420 4469 inde
2446 4414 2743 4485 aspergitur
2768 4415 2965 4486 aliquid
2990 4415 3115 4471 bule
3142 4416 3386 4471 humanm
3408 4417 3547 4480 vita,
3572 4420 3635 4472 ut

2053 4507 2106 4563 in
2144 4506 2521 4562 tentationibus
2551 4505 2709 4577 huius
2736 4508 2952 4575 saeculi,
2987 4516 3363 4579 temperanter,
3403 4507 3625 4575 fortiter.

2046 4600 2209 4671 justo,
2232 4599 2627 4670 prudenterque
2651 4598 2874 4654 vivatur.
2907 4598 3131 4671 Propter
3158 4598 3284 4654 illud
3301 4599 3497 4669 quippe
3519 4598 3635 4655 adl-

2052 4693 2388 4765 piscendum,
2416 4693 2503 4748 ubi
2527 4706 2714 4750 secura
2742 4693 2893 4763 quies
2930 4695 3034 4749 erit
3071 4701 3124 4749 et
3170 4690 3451 4748 inelabilis
3497 4691 3636 4748 visio

2054 4787 2327 4854 veritatis,
2360 4786 2510 4841 labor
2537 4785 2840 4855 suscipitur,
2872 4793 2925 4841 et
2960 4783 3262 4841 continendi
3283 4799 3314 4839 a
3337 4784 3629 4854 voluptate,
3742 4839 3747 4843 _

2053 4888 2108 4935 et
2136 4878 2431 4935 sustinendi
2472 4877 2857 4943 adversitates,
2885 4886 2941 4931 et
2965 4877 3310 4933 subveniendi
3346 4876 3632 4947 indigenti-

2052 4970 2171 5034 bus,
2203 4977 2259 5024 et
2287 4966 2567 5023 resistendi
2605 4967 3009 5036 decipientibus.
3048 4965 3123 5022 lbi
3169 4966 3376 5023 videtur
3419 4966 3632 5024 claritas

2053 5060 2293 5127 Domini,
2324 5074 2427 5114 non
2458 5072 2552 5129 per
2574 5059 2831 5115 visionem
2858 5058 3240 5128 signiﬁcantem
3261 5099 3274 5123 ,
3301 5059 3411 5115 sive
3439 5073 3632 5131 etrivo-

2052 5152 2240 5217 ralem,
2268 5151 2404 5205 sicut
2433 5150 2547 5206 visa
2574 5159 2658 5205 est
2695 5150 2747 5205 in
2791 5160 2971 5206 monte
2997 5150 3124 5207 Sina
3151 5148 3343 5223 (Εωυό.
3372 5165 3489 5217 ιιι,
3519 5150 3631 5222 ill),

2053 5244 2166 5299 sive
2194 5243 2555 5313 spiritualem,
2603 5243 2740 5298 sicut
2784 5241 2916 5297 vidit
2961 5241 3122 5297 lssias
3145 5241 3289 5314 (Issi.
3328 5257 3415 5309 vl,
3446 5239 3518 5314 l),
3547 5241 3635 5297 vel

2053 5335 2289 5392 Joannes
2334 5336 2386 5390 in
2430 5334 2747 5409 Apocalypsi
2784 5351 2798 5387 :
2834 5333 2930 5389 sed
2969 5349 3063 5404 per
3108 5336 3373 5403 speciem,
3403 5346 3509 5389 non
3541 5346 3636 5403 per

2054 5430 2354 5500 mnigmata,
2377 5436 2631 5500 quantum
2657 5442 2774 5483 eam
2797 5441 2989 5498 cepere
3010 5440 3160 5481 meus
3183 5424 3410 5481 humana
3437 5432 3635 5496 potest,

2056 5521 2347 5577 secumium
2371 5519 2692 5583 assumentis
2721 5518 2811 5575 Dei
2837 5517 3080 5588 gratiam,
3109 5524 3166 5572 ut
3188 5532 3251 5572 os
3271 5516 3339 5571 ad
3360 5531 3423 5571 os
3450 5515 3640 5586 loqu.

2056 5622 2145 5668 tur
2172 5612 2220 5669 ei
2251 5628 2408 5682 quem
2437 5610 2654 5682 dignum
2681 5609 2774 5664 tali
2809 5609 2947 5667 Deus
2974 5609 3239 5680 colloquio
3279 5607 3498 5677 fecerit;
3527 5622 3638 5667 non

2054 5718 2117 5763 os
2141 5703 2402 5773 corporis,
2431 5701 2526 5759 sed
2555 5702 2767 5767 mentis,
