3902 6358
343 407 462 465 ΛΠ

644 650 648 653 ι
1081 610 1237 666 uisus.

429 712 582 770 Sicut
619 705 1024 780 Intelligendum
1063 705 1293 760 arbitror
1318 701 1459 776 quod
1497 701 1791 775 «Moyses
1819 702 1951 758 εει-ί-

345 816 510 879 ptum
533 811 620 861 est
647 801 835 876 (Nam.
865 805 961 865 tu,
989 797 1067 871 8).

386 901 481 961 55.
498 898 890 969 Coneupiverat
908 893 1072 958 enim,
1084 887 1288 946 sicutin
1307 887 1746 961 Exodalegimus,
1767 888 1950 944 videre

344 997 561 1061 Deum;
590 1007 694 1047 non
720 989 904 1061 utique
927 988 1066 1043 sicut
1091 986 1296 1041 viderat
1338 983 1396 1040 in
1438 990 1618 1040 monte
1639 1026 1653 1051 ,
1681 998 1780 1038 nec
1811 984 1949 1039 sicut

340 1089 568 1148 videbat
584 1088 637 1144 in
650 1083 990 1142 tabernaculo
1010 1077 1200 1154 (Exod.
1217 1079 1473 1148 six,l8,et
1489 1091 1674 1144 sunt,
1691 1075 1769 1150 9),
1782 1076 1874 1132 sed
1895 1077 1946 1133 in

342 1199 419 1240 ea
447 1178 744 1238 substantia
771 1191 874 1249 qua
903 1175 1042 1230 Deus
1067 1182 1169 1240 est,
1203 1172 1345 1227 nulla
1384 1179 1652 1241 assumpta
1685 1171 1946 1240 corporali

343 1282 759 1343 creatura,qu:e
807 1267 1044 1322 mortalis
1080 1264 1255 1320 carnis
1281 1262 1526 1318 sensibus
1565 1269 1942 1332 praesentetur:

341 1383 530 1438 neque
558 1367 609 1420 in
637 1364 827 1434 spiritu
859 1359 1094 1433 ﬁguratis
1137 1357 1574 1414 similitudinibus
1622 1370 1940 1426 corporum;

340 1460 451 1518 sed
479 1474 573 1531 per
601 1457 834 1529 speciem
855 1469 1029 1520 suam,
1056 1459 1312 1524 quantum
1333 1465 1450 1506 eam
1482 1463 1674 1519 capere
1701 1457 1942 1505 creatura

339 1549 628 1610 rationalis
672 1560 726 1604 et
771 1543 1148 1604 intellectualis
1187 1550 1398 1616 potest,
1429 1543 1770 1598 sevocata-ab
1797 1543 1941 1598 omni

319 1643 593 1719 corporis
639 1655 832 1707 sensu,
877 1649 930 1695 et
967 1638 1036 1694 ab
1082 1637 1228 1692 omni
1270 1635 1618 1708 signiﬁcativo
1661 1636 1943 1706 :enigmate

340 1739 587 1810 Spiritus.
618 1735 706 1793 Sic
735 1733 874 1790 enim
905 1733 1161 1802 scriptum
1185 1738 1287 1796 est,
1318 1727 1381 1785 Si
1399 1745 1517 1801 ergo
1541 1728 1707 1783 inveni
1725 1728 1942 1800 gratiam

338 1833 405 1888 in
428 1839 691 1903 conspectu
713 1840 818 1893 tuo,
851 1826 1057 1882 ostende
1081 1825 1206 1880 milii
1233 1824 1545 1893 temetipsum
1577 1824 1856 1892 manifeste,
1886 1830 1941 1876 ut

242 1907 256 1917 ’
339 1925 546 1980 videam
574 1934 648 1987 te;
675 1937 796 1977 cum
827 1919 986 1992 paulo
1015 1918 1258 1990 superius
1289 1916 1494 1987 legatur
1523 1915 1730 1969 locutus
1755 1913 1938 1968 Domi-

339 2034 454 2073 nus
474 2015 540 2072 ad
571 2013 786 2088 Moysen
817 2013 949 2086 facie
983 2011 1050 2065 ad
1091 2009 1304 2084 facient,
1333 2008 1462 2063 sicut
1487 2005 1597 2075 quis
1626 2005 1844 2076 loquitur
1873 2006 1940 2059 ad

342 2111 569 2166 amicum
594 2125 760 2163 suum.
804 2105 1081 2163 Sentiebat
1122 2119 1249 2174 ergo
1287 2102 1413 2174 quid
1441 2099 1684 2167 videbat,
1715 2111 1768 2155 et
1796 2099 1936 2171 quod

339 2218 458 2258 non
505 2199 716 2256 videbat
762 2197 1118 2253 desiderabat.
1160 2195 1291 2250 Nam
1331 2203 1388 2250 et
1435 2193 1590 2263 paulo
1635 2201 1786 2262 post,
1817 2208 1936 2247 cum

339 2289 570 2349 dixisSet
597 2292 645 2347 ei
674 2291 844 2356 Deus,
874 2285 1121 2344 Invenisti
1143 2288 1277 2342 enim
1315 2287 1531 2360 gratiam
1572 2286 1623 2339 in
1670 2294 1937 2356 conspectu

337 2401 480 2449 meo,
504 2392 547 2437 et
569 2384 672 2436 scio
693 2392 738 2436 te
759 2397 865 2454 pra:
885 2380 1150 2442 omnibus;
1172 2376 1444 2447 respondit
1462 2376 1509 2432 ei
1531 2418 1545 2442 ,
1577 2374 1793 2430 Ostende
1813 2375 1938 2429 milii

339 2476 628 2532 claritatem
654 2483 812 2528 tuam.
844 2473 912 2528 Et
939 2482 1065 2527 tunc
1091 2469 1302 2541 quidem
1329 2485 1647 2540 responsum
1678 2467 1879 2538 accepit
1907 2484 1935 2522 a

338 2567 575 2626 Domino
618 2567 927 2638 ﬁguratum,
963 2564 1030 2620 de
1057 2579 1161 2636 quo
1209 2579 1347 2617 nunc
1375 2562 1593 2632 longum
1637 2572 1719 2617 est
1757 2561 1939 2634 dispu-

336 2671 480 2725 tare,
501 2661 710 2732 quando
736 2660 783 2716 ei
804 2659 936 2714 dixit
961 2677 974 2712 :
1004 2655 1124 2712 Non
1140 2656 1324 2728 poteris
1352 2656 1520 2710 videre
1545 2656 1724 2728 faciem
1750 2673 1932 2722 meam,

337 2762 394 2807 et
420 2753 596 2807 vivere.
624 2748 746 2804 Non
769 2749 900 2804 enim
924 2747 1104 2802 videbit
1126 2748 1272 2801 homo
1297 2746 1480 2818 faciem
1508 2762 1690 2811 nteant,
1718 2754 1764 2799 et
1787 2746 1931 2802 vivet.

337 2843 549 2900 Deinde
592 2841 822 2912 subjecit
864 2851 915 2896 et
964 2840 1038 2895 ait
1079 2839 1152 2893 illi
1183 2856 1196 2892 :
1224 2837 1355 2894 Ecce
1387 2838 1526 2893 locus
1556 2855 1706 2909 penes
1757 2855 1866 2907 me,
1891 2849 1937 2894 et

337 2935 500 2991 stabis
523 2951 676 3005 super
698 2943 923 3010 petram,
953 2932 1124 2986 statim
1161 2938 1216 2985 ut
1255 2930 1461 2984 transiet
1501 2947 1613 2983 mea
1660 2931 1930 3001 maiestas,

337 3036 392 3083 et
412 3043 597 3100 ponam
618 3036 665 3080 te
684 3025 739 3078 in
766 3023 1005 3097 spelunca
1032 3031 1206 3094 petrae,
1229 3031 1274 3076 et
1301 3030 1465 3091 tegam
1481 3037 1633 3074 manu
1656 3038 1765 3076 mea
1786 3039 1936 3094 super

337 3133 392 3177 te
419 3121 576 3175 donec
606 3129 892 3181 transeam;
918 3126 964 3170 et
994 3116 1223 3186 auferam
1260 3131 1497 3180 manum,
1527 3124 1572 3168 et
1601 3123 1716 3168 tum:
1748 3114 1934 3171 videbis

335 3214 621 3287 posteriora
672 3226 823 3266 mea:
857 3225 976 3263 nam
1027 3208 1182 3280 facies
1231 3223 1343 3260 mea
1387 3222 1488 3260 non
1539 3205 1800 3278 apparebit
1848 3206 1934 3261 tibi

334 3308 456 3381 (Id.
485 3322 681 3374 χχχιιι,
710 3303 925 3376 11-25).
954 3300 1061 3357 Nec
1090 3310 1271 3357 tamen
1319 3307 1504 3354 secuta
1530 3299 1800 3372 Scriptura
1831 3299 1932 3355 hoc

333 3402 498 3458 etiam
551 3397 899 3468 corporaliter
951 3393 1152 3450 lactant
1203 3407 1323 3447 esse
1373 3389 1640 3456 narravit,
1694 3391 1932 3462 satisque

333 3510 435 3568 per
459 3491 560 3548 hoc
581 3492 1000 3546 demonstratum
1026 3496 1110 3542 est
1138 3485 1360 3557 ﬁgurate
1385 3484 1583 3540 dictum
1611 3499 1730 3541 esse
1754 3486 1804 3541 iu
1831 3485 1932 3541 Ec-

334 3583 518 3641 clesia:
541 3582 945 3653 signiﬁcatione.
977 3577 1096 3649 Ipse
1124 3585 1206 3632 est
1230 3577 1371 3632 enim
1395 3576 1543 3632 locus
1570 3592 1735 3646 penes
1753 3575 1931 3631 Domi-

269 3714 272 3718 -
335 3692 482 3744 num,
516 3675 637 3747 quia
661 3671 900 3729 Ecclesia
929 3683 1010 3726 est
1037 3670 1290 3740 templum
1315 3668 1429 3740 ejus
1455 3676 1509 3723 et
1534 3670 1644 3740 ipsa
1667 3669 1927 3725 :ediﬁeata

332 3778 418 3825 cst
446 3783 608 3837 super
635 3773 869 3836 petram,
889 3772 942 3817 et
962 3772 1152 3818 caetera
1178 3777 1297 3832 quae
1323 3760 1392 3815 ibi
1420 3759 1556 3816 dicta
1587 3769 1728 3818 sunt.
1753 3761 1926 3816 eidem

329 3860 701 3933 intelligentia:
747 3865 1066 3928 congruunt.
1105 3855 1214 3910 Nisi
1262 3865 1440 3909 tamen
1489 3855 1823 3925 concupitum
1875 3865 1928 3911 et

331 3952 696 4010 desideratam
726 3950 818 4005 Dei
847 3949 1140 4004 claritatem
1173 3947 1380 4020 Moyses
1409 3947 1590 4003 videre
1621 3950 1922 4016 meruisset,

330 4061 439 4103 non
483 4046 536 4102 in
579 4045 718 4102 libro
758 4042 1112 4098 Numerorum
1168 4041 1370 4096 diceret
1409 4041 1549 4096 Deus
1573 4041 1638 4095 ad
1669 4044 1844 4096 Aaron
1873 4052 1926 4098 et

327 4128 551 4195 Mariam
580 4136 770 4193 fratres
799 4136 915 4208 ejus
940 4154 952 4189 ;
977 4135 1162 4190 Audite
1185 4135 1331 4190 verba
1361 4151 1500 4199 mea,
1530 4136 1590 4190 Si
1618 4137 1772 4207 fuerit
1803 4154 1924 4208 pro-

326 4231 483 4303 pheta
519 4230 647 4286 inter
671 4245 753 4284 vos
777 4225 1013 4294 Domino,
1040 4228 1092 4281 in
1113 4227 1302 4282 visione
1325 4228 1403 4282 illi
1427 4243 1701 4300 cognoscar
1733 4230 1772 4291 ί,
1800 4240 1844 4284 et
1871 4230 1922 4284 in

327 4338 507 4377 somno
527 4321 701 4389 loquar
721 4319 799 4373 illi
809 4334 941 4383 ;non
958 4320 1028 4372 ita
1047 4317 1298 4387 quomodo
1320 4319 1542 4389 famulus
1563 4335 1701 4372 meus
1724 4319 1924 4392 Moyses

328 4413 384 4466 in
412 4420 516 4468 tota
545 4412 692 4465 domo
715 4427 825 4466 mea
861 4410 1024 4480 ﬁdelis
1049 4418 1141 4464 est.
1169 4408 1240 4464 Os
1265 4409 1332 4463 ad
1371 4427 1426 4464 os
1463 4411 1639 4482 loquar
1675 4410 1742 4463 ad
1776 4411 1923 4464 illaut

331 4503 385 4558 in
405 4505 586 4576 specie,
611 4512 654 4558 et
682 4519 780 4556 non
809 4519 898 4574 per
925 4501 1214 4573 aenigmata,
1243 4510 1289 4554 et
1310 4501 1590 4556 claritatem
1621 4500 1828 4556 Domini
1854 4503 1925 4556 vi-

333 4597 406 4652 dit
436 4595 626 4671 (Num.
653 4612 754 4660 su,
780 4595 924 4667 6-8).
952 4593 1134 4664 Neque
1162 4592 1303 4648 enim
1332 4591 1436 4646 hoc
1459 4593 1750 4648 secundum
1793 4593 1922 4648 sub-

329 4688 578 4744 stantiam
607 4687 864 4759 corporis,
892 4701 1009 4757 quae
1040 4684 1216 4739 carnis
1254 4684 1498 4740 sensibus
1548 4695 1917 4754 praisentatur,

336 4778 735 4848 intelligendum
799 4787 920 4842 est;
969 4791 1090 4831 nam
1149 4775 1328 4845 utique
1371 4775 1448 4830 sic
1495 4775 1807 4846 loquebatur
1852 4777 1921 4833 ad

331 4869 545 4941 Moysen
588 4869 720 4940 facie
767 4869 834 4923 ad
874 4868 1087 4938 faciem,
1133 4876 1315 4922 contra
1358 4867 1409 4920 in
1458 4876 1662 4932 contra,
1710 4868 1919 4938 quando

331 4970 507 5018 tamen
535 4961 668 5016 dixit
684 4960 752 5027 ei,
775 4959 989 5016 Ostende
1007 4961 1128 5013 mihi
1150 4960 1498 5030 temetipsum;
1526 4970 1579 5016 et
1599 4963 1917 5020 nuncetiam

329 5051 394 5110 sd
449 5053 598 5122 ipsos
640 5066 774 5124 quos
817 5051 1156 5123 objurgabat,
1181 5059 1232 5106 et
1259 5051 1450 5121 quibus
1479 5052 1643 5125 Moysi
1670 5055 1916 5112 meritum

331 5145 396 5200 ita
427 5143 769 5216 praeferebat,
793 5143 870 5199 sic
893 5142 1206 5214 loquebatur
1228 5158 1324 5214 per
1344 5154 1639 5200 creaturam
1667 5161 1920 5217 corpora-

330 5237 430 5294 lem
458 5245 833 5308 praesentalam
872 5235 1116 5292 sensibus
1155 5233 1346 5290 carnis.
1377 5233 1469 5290 Illo
1493 5251 1623 5306 ergo
1651 5238 1828 5302 modo,
1863 5239 1914 5296 in

332 5328 414 5384 illa
449 5328 628 5399 Specie
666 5345 769 5399 qua
802 5329 939 5385 Deus
965 5337 1076 5393 est,
1107 5329 1262 5400 longe
1296 5327 1629 5384 ineﬁ‘abtliter
1658 5332 1916 5388 secretius

330 5431 381 5476 et
409 5423 726 5494 praesentius
760 5421 992 5491 loquitur
1027 5419 1297 5476 locutione
1335 5419 1622 5486 ineliabiii,
1663 5422 1750 5477 ubi
1791 5437 1914 5478 eum

330 5530 486 5571 nemo
511 5516 700 5570 videns
720 5514 862 5569 vivet
885 5515 905 5545 ¹
937 5513 1041 5567 vita
1079 5514 1176 5566 ista
1199 5554 1212 5576 ,
1254 5528 1356 5582 qua
1395 5513 1688 5568 mortaliter
1721 5514 1915 5568 vivitur

328 5609 381 5666 in
401 5609 518 5665 istis
535 5609 783 5666 sensibus
807 5607 1048 5678 corporis
1074 5626 1087 5663 :
1111 5606 1203 5662 sed
1230 5607 1333 5662 nisi
1347 5606 1418 5662 sb
1439 5606 1540 5663 hac
1566 5606 1673 5664 vita
1689 5607 1912 5679 quisque

390 5768 416 5833 ι,
434 5765 931 5833 uss._a_liquot_probte
953 5771 1080 5818 noue
1098 5801 1115 5828 ,
1144 5766 1192 5818 si
1212 5763 1361 5830 merit
1395 5763 1627 5833 propheta
1659 5771 1829 5830 vester,
1858 5766 1911 5822 in

330 5828 506 5902 visione
527 5827 600 5902 illi
611 5827 853 5902 ⁸ῠοηιὶξιιιδ
875 5827 1149 5902 cognoscat}

393 5893 413 5924 ³
432 5898 480 5941 ιιι
502 5891 890 5957 plerisqueatssq
913 5890 1070 5943 vivens
1088 5890 1230 5943 videt.

1567 393 1770 450 LIBER
1814 392 2264 451 DUODECIMUS.

343 521 585 584 CAPUT
614 517 828 576 XXVII.
854 546 922 558 --
946 515 1060 584 Quo
1103 531 1282 590 genere
1321 514 1525 570 cisternis
1549 512 1690 568 Deus
1717 529 1750 568 a
1779 514 1954 585 Moyse

3548 413 3650 472 1⁸18

2058 515 2455 586 quodammodo
2482 523 2765 590 moriatur,
2798 526 2912 584 sive
2939 530 3157 587 omnino
3189 535 3371 591 exiens
3415 533 3482 595 de
3527 557 3649 596 cor»

2059 625 2209 679 pore,
2236 614 2347 668 sive
2379 615 2449 668 ita
2477 629 2699 672 aversus
2725 626 2780 675 ct
2805 619 3068 681 alienatus
3094 641 3123 682 a
3150 631 3452 688 carnalibus
3476 636 3649 690 sensi-

2057 701 2176 770 bus,
2209 714 2268 760 ut
2296 709 2486 765 merito
2516 712 2748 776 nesciat.
2782 715 2918 771 sicut
2943 717 3226 788 Apostolus
3254 724 3360 791 ait,
3395 737 3568 784 utrum
3595 729 3650 785 in

2055 809 2280 867 corpore
2313 815 2381 854 an
2435 812 2584 859 extra
2636 821 2832 877 corpus
2878 809 2947 865 sit
2969 812 3041 882 (ll
3063 811 3180 869 Cor.
3207 833 3298 884 xu,
3323 819 3377 891 3)
3398 863 3412 888 ,
3445 836 3565 876 cum
3596 822 3648 878 in

2055 887 2200 944 illam
2236 894 2440 962 rapitur
2462 905 2515 950 et
2545 898 2856 957 subvehitur
2884 904 3163 961 visionem.

2054 981 2280 1041 CAPUT
2328 988 2560 1044 XXVIII.
2587 1024 2657 1033 —
2681 993 2901 1051 Tertium
2949 1002 3126 1055 caelum
3167 1011 3214 1056 et
3256 1007 3548 1075 paradisum
3587 1008 3649 1065 de

2087 1089 2185 1145 quo
2215 1077 2486 1145 Apostolus
2504 1124 2520 1148 ,
2555 1101 2701 1154 posse
2728 1085 2941 1160 intelligi
2970 1092 3170 1146 tertium
3198 1112 3357 1166 genus
3386 1100 3608 1154 visionis.

2124 1168 2212 1224 56.
2253 1170 2588 1243 Quapropter
2606 1178 2650 1232 si
2673 1175 2773 1233 hoc
2803 1180 3014 1237 tertium
3048 1183 3265 1241 visionis
3290 1203 3478 1257 genUs,
3503 1189 3645 1262 quod

2051 1263 2293 1332 superius
2324 1275 2421 1330 est,
2448 1281 2553 1321 non
2577 1268 2746 1322 solum
2774 1273 2919 1326 omni
2950 1279 3234 1346 corporali,
3265 1295 3370 1349 quo
3399 1297 3491 1349 per
3519 1297 3644 1336 cor-

2050 1355 2196 1423 poris
2238 1371 2426 1412 scusus
2469 1374 2692 1433 corpora
2731 1367 3049 1432 sentiuntur,
3081 1385 3263 1424 verum
3303 1373 3460 1427 etiam
3491 1374 3640 1430 omni

2050 1445 2142 1502 illo
2180 1449 2467 1520 Spirituali,
2497 1467 2601 1522 quo
2632 1454 3005 1514 similitudines
3032 1475 3314 1530 corporum
3356 1465 3540 1534 spiritu
3585 1477 3641 1520 et

2048 1551 2156 1592 non
2181 1548 2358 1595 mente
2391 1554 2702 1612 cernuntur,
2728 1549 2941 1602 tertium
2966 1551 3157 1606 cadum
3186 1555 3468 1624 appellavit
3497 1559 3634 1627 Apo-

2048 1629 2243 1696 stolus;
2274 1631 2324 1686 in
2353 1632 2453 1690 hoc
2479 1636 2689 1692 videtur
2712 1639 2929 1695 claritas
2955 1643 3066 1708 Dei,
3095 1647 3176 1699 cui
3210 1646 3448 1703 videnda:
3477 1649 3638 1704 corda

2047 1723 2388 1790 mundantttr,
2414 1728 2553 1783 unde
2579 1730 2776 1784 dictum
2800 1741 2881 1786 est
2902 1775 2915 1798 ,
2949 1731 3091 1788 Beati
3113 1737 3299 1793 mundo
3328 1740 3495 1802 corde,
3519 1743 3639 1814 quia

2044 1811 2143 1883 ipsi
2181 1811 2344 1868 Deum
2382 1817 2616 1873 videbunt
2651 1817 2864 1888 (Matth.
2907 1840 2956 1890 v,
2997 1825 3050 1897 8)
3081 1843 3092 1876 :
3118 1844 3221 1881 non
3273 1844 3366 1898 per
3405 1811 3639 1901 aliquam

2045 1908 2392 1976 corporaliter
2420 1910 2505 1966 vel
2533 1911 2877 1981 Spiritualiter
2900 1917 3175 1989 ﬁguratam
3199 1922 3636 1993 signiﬁcationem

2047 2006 2293 2068 tanrptam
2341 2017 2435 2071 per
2472 2005 2745 2072 Speculum
2799 2007 2854 2062 in
2896 2010 3179 2080 amigmatc
3205 2054 3218 2079 ,
3269 2013 3361 2067 sed
3403 2014 3541 2070 facie
3571 2017 3635 2072 ad

2044 2088 2229 2146 faciem
2260 2093 2309 2166 (Ι
2340 2092 2456 2149 Cor.
2499 2113 2586 2152 xm
2607 2143 2619 2164 ,
2653 2099 2762 2172 l2),
2792 2102 2934 2170 quod
2976 2103 3042 2159 de
3085 2105 3262 2178 Moyse
3293 2106 3489 2164 dictum
3517 2120 3633 2178 est,

2044 2199 2100 2237 os
2125 2183 2194 2238 ad
2214 2201 2302 2248 os;
2334 2201 2429 2256 per
2454 2190 2691 2258 speciem
2737 2193 2940 2249 scilicet
2974 2211 3075 2266 qua
3104 2207 3185 2252 est
3215 2197 3354 2254 Deus
3384 2201 3638 2271 quidquid

2043 2283 2145 2340 est,
2178 2271 2721 2352 quantulumcumque
2747 2300 2866 2338 eum
2901 2303 3069 2354 meus,
3102 2305 3219 2360 quae
3248 2308 3352 2346 nun
3384 2302 3465 2347 est
3493 2293 3634 2363 quod

2042 2363 2176 2435 ipse,
2205 2370 2363 2424 etiam
2386 2371 2453 2425 ab
2480 2373 2624 2428 omni
2649 2382 2853 2431 terrena
2878 2377 2996 2433 labe
3020 2382 3290 2451 mundata,
3319 2393 3372 2440 et
3399 2385 3466 2439 ab
3488 2371 3645 2441 omni

2041 2471 2267 2530 corpore
2311 2471 2366 2516 et
2409 2466 2754 2523 similitudine
2790 2474 3030 2538 corporis
3057 2476 3283 2531 alienata
3325 2483 3380 2532 et
3416 2478 3636 2548 abrepta

2042 2565 2241 2621 capere
2269 2564 2444 2624 potest
2471 2573 2482 2609 :
2515 2572 2542 2609 a
2573 2575 2678 2628 quo
2708 2565 3107 2632 peregrinamur
3146 2569 3354 2623 mortali
3375 2575 3431 2625 et
3452 2585 3637 2625 corru-

2041 2642 2212 2713 ptibili
2238 2659 2403 2701 onere
2426 2650 2652 2717 gravati,
2683 2655 2934 2720 quamdiu
2965 2672 3057 2726 per
3086 2657 3242 2712 ﬁdem
3269 2661 3626 2728 ambulamus,

2041 2750 2147 2790 non
2179 2753 2275 2808 per
2299 2740 2532 2808 speciem
2563 2741 2628 2813 (ll
2655 2742 2771 2797 Cor.
2798 2760 2851 2812 v,
2886 2747 2938 2814 6,
2970 2748 3055 2820 7),
3104 2759 3157 2805 et
3198 2767 3316 2806 cum
3367 2752 3453 2807 hic
3491 2754 3636 2825 juste

2041 2827 2292 2886 vivimus.
2325 2829 2429 2886 Cur
2457 2845 2633 2889 autem
2663 2851 2767 2892 non
2796 2839 3096 2906 credamus,
3129 2843 3269 2916 quod
3309 2852 3454 2902 tanto
3490 2845 3636 2920 Apo-

2041 2921 2180 2977 stolo
2221 2921 2424 2979 doctori
2456 2925 2703 2982 Gentium
2727 2971 2741 2996 ,
2773 2941 2924 3004 raptu
2970 2949 3134 3003 usque
3161 2935 3224 2992 ad
3259 2937 3412 2994 istam
3449 2940 3634 2994 exceiv

2041 3010 2388 3069 lentissimum
2415 3017 2709 3084 visionem,
2741 3023 2970 3078 voluerit
3000 3025 3136 3079 Deus
3158 3027 3526 3085 demonstrare
3555 3032 3633 3086 vi»

2041 3112 2168 3170 tam,
2201 3105 2254 3160 in
2282 3123 2382 3177 qua
2417 3119 2536 3178 post
2565 3109 2709 3168 hanc
2740 3115 2900 3169 vitam
2933 3117 3212 3174 vivendum
3250 3129 3332 3176 est
3375 3121 3428 3178 in
3474 3133 3621 3178 arter-

2039 3197 2200 3250 num?
2229 3197 2292 3252 Et
2318 3213 2413 3253 cur
2443 3216 2546 3254 non
2578 3201 2785 3259 dicatur
2816 3207 2912 3260 iste
2943 3209 3218 3276 paradisus
3240 3254 3252 3276 ,
3285 3221 3508 3282 excepto
3541 3213 3632 3268 illo

2039 3287 2090 3341 in
2123 3305 2228 3359 quo
2257 3294 2605 3362 corporaliter
2635 3296 2760 3351 vixit
2802 3299 2969 3353 Adam
3005 3301 3140 3355 inter
3174 3304 3314 3374 ligna
3342 3321 3624 3362 nemorosa

2037 3389 2196 3450 atque
2223 3382 2528 3438 fructuosa?
2555 3387 2990 3459 Quandoquidem
3016 3403 3067 3446 et
3093 3393 3349 3459 Ecclesia,
3385 3414 3501 3468 qua:
3535 3415 3630 3451 nos

2037 3482 2325 3544 cungregat
2367 3476 2419 3528 in
2471 3478 2747 3533 charitatis
2792 3481 3006 3543 sinum.
3048 3486 3317 3555 paradisus
3359 3485 3496 3542 dicta
3547 3499 3631 3543 cst

2037 3578 2150 3616 cum
2192 3568 2361 3636 fructu
2400 3585 2661 3639 pontorum
2694 3570 2872 3638 (Cant.
2908 3591 2977 3639 Iv,
3011 3573 3116 3648 l5).
3148 3577 3251 3631 Sed
3283 3579 3381 3633 hoc
3408 3579 3629 3652 ﬁgurate

2034 3654 2231 3712 dictum
2261 3667 2369 3721 est,
2403 3667 2651 3728 tanquam
2687 3661 2775 3715 illo
2812 3665 3058 3733 paradiso
3082 3709 3095 3732 ,
3140 3667 3229 3722 ubi
3279 3674 3487 3739 proprie
3531 3671 3628 3728 fuit

2035 3747 2239 3812 Adam,
2290 3749 2527 3805 Ecclesia
2575 3753 2866 3824 signiﬁcata
2917 3757 2985 3811 sit
3032 3771 3125 3831 per
3171 3759 3393 3816 fortnam
3438 3761 3621 3818 futuri.

2035 3840 2344 3912 Quanquam
2388 3843 2694 3914 diligentius
2741 3848 3198 3907 considerantibus
3244 3853 3483 3910 fortassis
3531 3873 3622 3912 oc-

2033 3943 2213 3989 currat
2243 3936 2333 3990 illo
2362 3937 2605 4006 paradiso
2636 3941 2896 4010 corporali
2918 3986 2930 4007 ,
2962 3943 3012 3996 in
3045 3962 3148 4015 quo
3174 3945 3339 4000 Adam
3365 3963 3618 4022 Corpora-

2033 4028 2156 4084 litcr
2181 4030 2275 4086 fuit
2293 4071 2308 4098 ,
2338 4039 2391 4085 et
2418 4031 2568 4086 istam
2593 4034 2750 4087 vitam
2776 4045 3079 4092 sanctorum
3111 4038 3477 4109 signiﬁcatam,
3501 4058 3621 4113 qure

2034 4137 2176 4177 nunc
2219 4124 2392 4192 agitur
2430 4123 2482 4178 in
2513 4124 2750 4180 Ecclesia
2770 4169 2785 4193 ,
2814 4137 2865 4182 et
2897 4129 3037 4184 illam
3070 4147 3188 4204 qua:
3217 4143 3332 4202 post
3357 4133 3492 4189 hanc
3522 4137 3623 4191 erit

2032 4215 2084 4268 in
2108 4224 2364 4270 :eternum
2393 4234 2404 4269 :
2431 4216 2570 4271 sicut
2593 4217 2911 4286 Jerusalem,
2936 4239 3052 4292 qua:
3075 4223 3451 4294 interpretatur
3477 4223 3620 4283 Visio

2032 4309 2206 4378 pacis,
2239 4319 2293 4363 et
2323 4319 2498 4364 tamen
2527 4311 2767 4380 quasdam
2815 4321 3023 4369 terrena
3066 4316 3251 4374 civitas
3289 4318 3620 4376 demonstra-

2031 4410 2135 4468 tur,
2158 4401 2416 4472 signiﬁcat
2443 4400 2734 4458 Jerusalem
2769 4413 2989 4460 matrem
3023 4416 3256 4462 nostram
3286 4418 3538 4465 :eteruam
3564 4413 3617 4467 in

2030 4493 2202 4559 ccelis,
2233 4494 2345 4547 sive
2373 4495 2422 4546 in
2449 4493 2511 4547 iis
2541 4495 2628 4564 qui
2660 4511 2754 4565 spe
2781 4496 2910 4551 salvi
2939 4499 3059 4554 iacti
3088 4509 3243 4568 sunt,
3263 4513 3317 4560 et
3346 4504 3485 4575 quod
3510 4522 3613 4561 non

2029 4585 2208 4638 vident
2233 4595 2508 4655 sperantes
2537 4603 2630 4658 per
2652 4590 2954 4658 patientiam
2978 4604 3283 4662 exspectant
3310 4594 3480 4669 (Rom.
3502 4616 3613 4670 vtu,

2027 4675 2273 4748 24,25),
2303 4679 2591 4733 secundum
2637 4696 2770 4750 quos
2817 4685 2964 4737 multi
3015 4685 3107 4739 ﬁlii
3148 4686 3403 4758 desertae,
3450 4693 3615 4762 magis

2028 4787 2184 4842 quam
2216 4770 2329 4840 ejus
2368 4787 2484 4843 quia
2516 4771 2673 4828 habet
2698 4775 2863 4830 virum
2906 4776 3097 4848 (lialat.
3128 4795 3198 4845 tv,
3233 4780 3322 4846 26,
3351 4782 3440 4856 27)
3465 4801 3478 4850 ;
3503 4785 3614 4840 sive

2028 4866 2080 4921 in
2103 4866 2232 4936 ipsis
2258 4869 2472 4937 Angelis
2497 4872 2694 4926 sanctis
2724 4889 2815 4944 per
2843 4875 3132 4932 Ecclesium
3161 4879 3502 4934 multiformis
3526 4893 3613 4934 sa-

2027 4960 2240 5031 pientia)
2284 4961 2372 5016 Dei
2407 4961 2618 5034 (Ep/tes.
2654 4981 2709 5019 ιιι
2732 5008 2745 5031 ,
2778 4967 2885 5036 ιθ),
2920 4986 3038 5024 cum
3080 4971 3271 5042 quibus
3310 4979 3427 5044 post
3472 4968 3610 5025 hanc

2027 5051 2502 5123 peregrinationem
2547 5055 2662 5111 sine
2703 5057 2886 5114 labore
2929 5069 2982 5115 et
3021 5062 3134 5117 sine
3175 5063 3278 5116 line
3322 5061 3606 5116 vivendum

2025 5156 2124 5201 ρει.

2023 5237 2248 5295 CAPUT
2288 5237 2480 5295 XXIX.
2505 5247 2671 5297 —An
2711 5252 2766 5297 ut
2805 5246 2971 5317 plures
2997 5245 3126 5312 cteli,
3147 5247 3219 5298 ita
3260 5246 3312 5300 in
3351 5247 3605 5321 spiritnali

2288 5341 2334 5387 et
2364 5333 2687 5388 intellectuali
2717 5337 2903 5390 visione
2931 5337 3098 5407 plures
3127 5339 3334 5408 gradus.

2093 5426 2181 5481 57.
2221 5424 2278 5481 Si
2322 5436 2498 5482 autem
2546 5427 2624 5482 sic
2681 5430 2965 5498 {lCCipllllUS
3006 5431 3216 5486 tertium
3259 5433 3451 5490 omium
3499 5450 3607 5507 quo

2018 5518 2307 5588 Apostolus
2349 5529 2528 5590 raptus
2558 5527 2669 5582 est,
2701 5527 2756 5571 nt
2783 5531 3026 5588 quartum
3076 5524 3266 5588 etiam,
3310 5534 3362 5582 et
3407 5525 3608 5596 aliquot

2021 5612 2160 5666 ultra
2190 5611 2433 5684 superius
2459 5609 2622 5664 cmlos
2649 5625 2773 5673 esse
2802 5611 3080 5668 credamus
3106 5657 3120 5682 ,
3162 5613 3297 5670 inira
3345 5632 3477 5689 quos
3524 5626 3605 5674 est

2020 5704 2122 5759 hoc
2152 5704 2364 5759 tertium
2391 5703 2607 5770 caelum,
2649 5705 2786 5761 sicut
2819 5721 2910 5761 eos
2950 5709 3038 5763 alii
3084 5718 3316 5782 septem,
3341 5711 3428 5768 alii
3456 5722 3598 5780 octo,

2017 5796 2104 5850 alii
2133 5811 2327 5854 novem
2356 5797 2438 5851 vel
2465 5796 2622 5851 etiam
2646 5797 2830 5855 decem
2863 5801 3165 5870 perhibent,
3191 5814 3243 5858 et
3270 5805 3320 5858 in
3351 5807 3464 5876 ipso
3489 5821 3598 5861 uno

2017 5888 2161 5958 quod
2204 5887 2397 5946 dicitur
2446 5888 2873 5964 ﬁrmamentum,
2923 5896 3118 5954 multos
3171 5895 3430 5967 gradatim
3479 5913 3600 5954 esse
