3902 6342
360 351 464 413 479

359 469 710 538 conﬁrmant;
739 484 802 526 ac
825 485 922 542 per
941 470 1045 526 hoc
1059 485 1348 541 corporeos
1376 487 1495 526 esse
1521 471 1601 526 vel
1625 471 1938 528 ratiocinan-

357 571 445 618 tur
472 561 556 618 vel
579 562 881 635 opinantur,
925 562 992 618 de
1023 578 1247 634 quorum
1292 563 1494 618 ratione
1532 561 1647 618 sive
1690 563 1938 632 opinione

359 668 502 710 nunc
540 653 809 711 disserere
852 654 1067 725 longum
1093 664 1175 708 est
1203 672 1218 710 :
1243 661 1420 725 potest
1455 656 1614 710 etiam
1643 655 1661 687 ¹
1706 656 1840 721 fieri,
1873 664 1935 711 ut

358 746 516 801 etiam
539 747 591 801 in
615 747 979 818 spiritualibus
1000 747 1084 802 vel
1110 747 1553 802 intellectualibus
1569 748 1764 804 multos
1783 764 1938 818 quos-

359 837 482 893 dam
506 838 702 910 gradus
729 840 1007 911 quisquam
1051 855 1172 895 esse
1209 840 1528 908 contendat,
1557 852 1648 896 aut
1689 842 1733 897 si
1771 843 1938 912 possit

363 929 632 998 ostendat,
661 945 859 1002 eosque
879 930 1153 985 distinctos
1174 931 1321 1000 juxta
1352 932 1580 1002 aliquem
1631 944 1934 1002 provectum

361 1021 529 1092 magis
553 1024 800 1077 minusve
823 1021 1107 1076 illustrium
1134 1022 1539 1078 revelatiouum.
1581 1024 1685 1080 Sed
1724 1034 1935 1079 utcum-

357 1127 464 1184 que
511 1128 569 1170 se
609 1115 708 1170 ista
752 1114 1012 1183 habeant,
1034 1124 1089 1170 et
1112 1115 1439 1186 accipiantur
1469 1128 1522 1172 ut
1549 1118 1707 1183 libet,
1737 1119 1804 1174 ab
1829 1120 1935 1176 alio

354 1203 467 1270 sic,
497 1205 564 1260 ab
607 1206 712 1261 alio
755 1217 932 1261 autem
975 1206 1086 1272 sic;
1128 1221 1227 1275 ego
1265 1207 1498 1263 visorum
1543 1209 1627 1263 vel
1671 1210 1934 1265 visionum

351 1305 549 1368 prmter
575 1297 670 1352 ista
699 1297 798 1352 tria
824 1312 1052 1367 genera,
1083 1306 1173 1351 aut
1199 1313 1444 1368 corpore,
1472 1309 1561 1354 aut
1594 1299 1813 1371 spiritu,
1843 1311 1936 1357 aut

352 1401 550 1458 mente,
574 1405 740 1460 usque
763 1389 936 1444 adhuc
956 1389 1039 1444 vel
1062 1405 1221 1446 nosse
1246 1391 1326 1446 vel
1351 1391 1543 1447 docere
1568 1409 1673 1446 non
1699 1407 1931 1462 possum.

349 1482 455 1538 Sed
481 1491 609 1553 quot
627 1478 682 1536 et
700 1490 910 1552 quantae
935 1482 1262 1552 singulorum
1283 1497 1538 1552 generum
1561 1485 1666 1538 sint
1685 1484 1937 1540 dill‘ercn-

353 1575 462 1640 tite,
491 1582 544 1627 ut
575 1573 628 1627 in
658 1587 978 1642 unoquoque
1002 1571 1146 1627 aliud
1184 1572 1290 1628 alio
1327 1572 1586 1644 gradatim
1631 1575 1934 1645 superfera-

357 1675 466 1732 tur,
490 1666 734 1736 ignorare
759 1679 846 1719 me
873 1663 1061 1719 fateor.

349 1758 574 1816 CAPUT
602 1757 774 1813 XXX.
796 1786 870 1798 —
887 1755 954 1811 In
978 1757 1232 1828 spirituali
1255 1772 1434 1828 genere
1460 1756 1666 1812 visionis
1690 1759 1793 1813 alia
1827 1759 1934 1814 visa

758 1850 903 1920 quasi
929 1849 1118 1914 divina,
1138 1848 1243 1902 alia
1271 1849 1512 1903 humana.

419 1943 508 2000 58.
550 1942 702 1999 Sicut
719 1951 894 1996 autem
923 1941 975 1994 in
1006 1941 1105 1996 ista
1137 1939 1256 1995 luce
1293 1954 1550 2009 corporea
1580 1948 1663 1994 est
1696 1940 1889 1996 coelum
1912 1982 1928 2009 ,

347 2036 489 2108 quod
520 2051 679 2107 super
707 2045 876 2090 terras
895 2031 1237 2102 sriSpicimus,
1261 2031 1399 2087 unde
1427 2032 1708 2086 luminaria
1728 2033 1930 2087 clarent

347 2138 403 2185 et
431 2129 605 2184 sidera
625 2170 640 2193 ,
669 2143 788 2199 qua:
816 2140 1038 2196 corpora
1067 2125 1223 2195 longe
1253 2133 1375 2179 sunt
1415 2125 1632 2180 meliora
1665 2127 1934 2181 terrestri-

346 2221 486 2275 bus:
513 2220 591 2274 sic
620 2219 671 2272 in
696 2218 789 2273 illo
807 2231 1006 2288 genere
1027 2215 1284 2286 spirituali
1301 2257 1315 2281 ,
1340 2217 1392 2269 in
1417 2230 1523 2286 quo
1550 2216 1794 2270 videntur
1814 2232 1934 2271 cor-

305 2332 321 2350 ~
356 2327 545 2382 porum
574 2310 949 2366 similitudines
970 2310 1086 2363 luce
1111 2308 1337 2377 quadam
1363 2308 1682 2379 ineorporali
1713 2325 1776 2364 ac
1801 2325 1893 2364 sua
1911 2351 1927 2377 ,

347 2413 473 2459 sunt
495 2403 736 2475 quatdam
761 2402 1078 2458 excellentia
1112 2410 1167 2456 et
1203 2402 1392 2456 merito
1417 2401 1594 2456 divina
1614 2443 1628 2466 ,
1669 2417 1788 2471 quae
1831 2402 1928 2457 de-

344 2503 644 2551 monstrant
665 2492 854 2564 Angeli
882 2493 1031 2547 miris
1055 2490 1266 2557 modis;
1292 2501 1470 2546 utrum
1510 2494 1623 2548 visa
1663 2509 1759 2548 sua
1788 2493 1929 2550 facili

341 2585 569 2657 quadam
619 2595 674 2640 et
719 2583 1034 2654 praepotenti
1079 2583 1358 2654 junctione
1410 2585 1495 2640 vel
1552 2587 1930 2643 commixtione

343 2678 504 2735 etiam
536 2686 716 2742 nostra
747 2691 867 2732 esse
896 2676 1184 2743 facientes,
1216 2693 1282 2732 an
1313 2679 1544 2734 scientes
1583 2681 1764 2736 nescio
1791 2697 1927 2751 quo-

340 2769 503 2826 modo
540 2779 776 2826 nostram
815 2769 867 2823 in
903 2769 1090 2840 spiritu
1117 2779 1303 2826 nostro
1331 2770 1619 2826 informare
1650 2774 1925 2839 visionem,

339 2859 571 2916 difﬁcilis
612 2867 902 2930 perceptu,
953 2869 1008 2914 et
1047 2859 1316 2916 difﬁcilior
1361 2861 1503 2917 dictu
1549 2879 1636 2918 res
1663 2872 1762 2919 est.
1795 2865 1930 2920 Sunt

340 2963 518 3008 autem
547 2951 653 3005 alia
679 2951 791 3007 visa
822 2951 1015 3006 usitata
1057 2960 1115 3007 et
1151 2952 1377 3007 humana
1397 2995 1411 3019 ,
1434 2970 1551 3024 qua:
1576 2955 1691 3010 sive
1717 2971 1779 3010 ex
1813 2956 1928 3026 ipso

337 3045 526 3116 spiritu
553 3052 736 3100 nostro
764 3044 1128 3114 multipliciter
1163 3045 1435 3110 existunt,
1472 3047 1582 3101 sive
1611 3063 1678 3102 ex
1703 3062 1928 3119 corpore

335 3136 544 3207 spiritui
562 3121 954 3207 quodammodo
965 3137 1478 3207 snggeruntur,sicut
1491 3137 1742 3192 fuerimus
1753 3138 1927 3193 affecti

334 3229 420 3285 vel
431 3245 589 3285 carne
602 3228 687 3284 vel
702 3228 898 3285 animo.
917 3227 1034 3284 Non
1052 3229 1222 3284 solum
1238 3229 1377 3284 enim
1393 3231 1668 3300 vigilantes
1685 3230 1926 3287 homines

335 3333 490 3376 curas
514 3335 637 3375 suas
660 3319 943 3391 cogitando
969 3330 1185 3376 versant
1205 3321 1258 3374 in
1281 3320 1710 3377 similitudinibus
1734 3337 1926 3392 corpo-

335 3428 490 3479 rum,
521 3427 704 3468 verum
743 3414 904 3468 etiam
938 3412 1266 3470 dormientes
1303 3413 1584 3489 hoc.s:epe
1622 3417 1922 3483 somniant,

341 3521 448 3574 quo
494 3505 915 3577 indigentznam
951 3514 1009 3561 et
1037 3507 1242 3578 negotia
1283 3497 1377 3562 sua
1421 3517 1611 3577 gerunt
1651 3524 1716 3562 ex
1763 3510 1925 3565 animi

335 3601 647 3672 cupiditate,
669 3611 724 3657 et
744 3600 916 3673 epulis
943 3600 1250 3672 poculisque
1277 3601 1543 3656 inhiantes
1571 3601 1847 3668 insistunt,
1877 3604 1922 3658 si

338 3691 475 3749 forte
499 3693 797 3748 esurientes
823 3692 1169 3763 sitientesque
1197 3691 1553 3748 dormierunt.
1586 3693 1716 3760 Qua:
1744 3695 1923 3749 omnia

338 3794 468 3854 puto
509 3796 812 3854 comparata
853 3785 956 3840 illis
999 3783 1251 3854 angelicis
1279 3785 1818 3839 dcmonstrationibus
1847 3787 1923 3840 sic

339 3877 579 3933 habenda
599 3918 612 3940 ,
653 3893 718 3932 ac
751 3877 796 3930 si
835 3877 886 3930 in
916 3876 1016 3930 ista
1045 3883 1234 3930 natura
1261 3890 1544 3945 corporum
1576 3884 1784 3931 terrena
1815 3892 1923 3933 ca:-

337 3969 557 4024 lestibus
582 3975 974 4036 comparentur.

337 4059 561 4114 CAPUT
592 4055 867 4112 XXXI.—
886 4055 952 4110 1η
978 4053 1306 4110 intellectuali
1330 4056 1517 4110 visione
1539 4057 1640 4109 alia
1665 4066 1780 4111 sunt
1813 4074 1924 4128 quae

410 4151 652 4205 inanima
689 4149 939 4213 videntur,
969 4147 1116 4202 aliud
1141 4148 1308 4202 lumen
1341 4165 1437 4218 quo
1473 4149 1583 4218 ipsa
1618 4151 1918 4205 illustratur.

409 4241 603 4296 Lumen
631 4241 816 4294 anima:
842 4237 1005 4295 Deus.

409 4335 495 4390 59.
523 4334 610 4390 Sic
631 4334 792 4390 etiam
823 4333 876 4387 in
903 4331 1202 4402 illogenere
1227 4329 1660 4386 intellectualium
1687 4332 1920 4388 visorum

336 4428 438 4483 alia
467 4435 608 4490 sunt,
638 4442 756 4498 quae
786 4426 840 4481 in
872 4425 984 4496 ipsa
1015 4423 1191 4478 anima
1231 4423 1490 4490 videntur,
1525 4424 1671 4479 velut
1699 4425 1922 4480 virtutes

336 4520 526 4590 quibus
568 4519 692 4575 vitia
738 4526 862 4572 sunt
905 4517 1203 4582 contraria;
1260 4516 1371 4570 sive
1417 4530 1816 4584 permansurm,
1865 4525 1922 4572 ut

337 4611 544 4681 pietas;
572 4609 867 4664 sive-utiles
894 4607 1015 4662 huic
1041 4609 1196 4670 vitm,
1229 4615 1281 4660 et
1319 4615 1500 4674 postea
1546 4622 1648 4659 non
1697 4605 1915 4674 futuras,

338 4703 470 4757 sicut
496 4700 626 4755 ﬁdes
663 4714 764 4770 qua
789 4698 1056 4753 credimus
1084 4713 1145 4752 ea
1171 4711 1288 4766 qua:
1317 4696 1548 4750 nondum
1583 4696 1842 4762 videmus,
1865 4708 1920 4752 et

337 4808 464 4865 spes
501 4807 606 4862 qua
649 4792 823 4846 futura
851 4805 970 4844 cum
1018 4789 1263 4858 patientia
1289 4797 1689 4856 oxSpectamus,
1717 4797 1770 4843 et
1807 4790 1919 4859 ipsa

339 4884 590 4958 patientia
633 4899 735 4955 qua
779 4883 955 4938 omnia
983 4881 1268 4937 toleramus
1295 4880 1555 4945 adversa,
1601 4881 1770 4936 donec
1812 4897 1919 4952 quo

336 4979 584 5035 volumus
609 4977 902 5032 veniamus.
920 4973 1038 5030 Ista:
1058 4975 1251 5045 quippe
1271 4983 1320 5029 et
1348 4973 1647 5044 linjusmodi
1675 4975 1915 5040 virtutes,

337 5087 454 5142 quae
468 5084 607 5125 nunc
625 5078 841 5140 propter
861 5064 1247 5137 transigendam
1264 5066 1416 5120 istam
1441 5067 1917 5137 peregrinationem

342 5161 494 5217 valde
521 5161 834 5217 necessaria:
861 5169 1014 5223 sunt;
1039 5173 1143 5212 non
1173 5167 1328 5213 erunt
1355 5159 1404 5212 in
1436 5159 1522 5213 illa
1556 5160 1678 5222 vita,
1707 5170 1920 5229 prepter

337 5271 494 5326 quam
524 5253 920 5325 adipiscendam
948 5261 1074 5308 sunt
1102 5253 1451 5308 necessariae:
1477 5264 1526 5307 el
1559 5263 1730 5307 tamen
1761 5254 1916 5308 etiam

339 5348 467 5418 ipsa:
504 5345 929 5402 intellectualiter
961 5344 1240 5409 videntur;
1275 5360 1444 5413 neque
1485 5345 1622 5397 enim
1667 5354 1757 5398 aut
1801 5362 1920 5400 cor-

337 5453 469 5510 pora
497 5448 639 5504 sunt,
658 5446 750 5491 aut
773 5437 979 5507 species
1009 5436 1204 5491 habent
1223 5437 1424 5491 sin‘iiles
1445 5452 1745 5506 corporum.
1765 5437 1918 5493 Aliud

336 5538 513 5585 autem
559 5537 642 5584 est
683 5530 854 5600 ipsqu
895 5530 1108 5593 lumen,
1148 5545 1255 5599 quo
1292 5527 1586 5582 illustratur
1626 5529 1832 5594 anima,
1862 5539 1919 5585 ut

337 5624 515 5679 omnia
540 5622 625 5679 vel
663 5622 716 5677 in
765 5637 825 5677 se
865 5623 948 5676 vel
978 5624 1029 5676 iu
1059 5622 1148 5678 illo
1185 5624 1444 5679 veraciter
1483 5623 1748 5678 intellecta
1787 5639 1918 5678 cou-

338 5716 562 5785 spiciat:
589 5729 714 5769 nam
764 5713 888 5768 illud
929 5715 1036 5783 jam
1081 5716 1193 5784 ipse
1239 5715 1379 5770 Deus
1419 5725 1530 5779 est,
1587 5715 1697 5770 lucc
1743 5727 1916 5770 autem

403 5830 420 5860 ⁸
451 5835 502 5877 ιιι
523 5833 596 5876 Er.
620 5827 766 5889 Lugd.
791 5836 910 5875 ven.
936 5833 1042 5875 [λιν.
1089 5834 1260 5875 autem.
1308 5833 1362 5874 Μ.

1175 355 1264 415 DE
1303 355 1548 414 GENESI
1584 357 1677 413 AD
1715 355 2080 427 LITTERAM,
2120 359 2178 416 S.
2219 357 2580 418 AUGUSTINI

3519 366 3652 426 480

2046 483 2287 529 creatura
2305 515 2320 540 ,
2343 475 2586 543 quamvis
2629 476 2902 531 rationalis
2926 486 2981 533 et
3014 478 3390 537 intellectualis
3417 482 3482 537 ad
3509 483 3650 555 eius

2044 567 2324 639 imaginem
2349 569 2502 632 facta,
2531 585 2648 639 quae
2670 584 2792 624 cum
2813 581 3034 627 conatur
3059 572 3236 629 lumen
3259 575 3384 631 illud
3411 575 3644 648 intueri,

2043 659 2263 730 palpitat
2292 660 2632 727 inﬁrmitate,
2657 669 2712 716 et
2736 663 2908 717 minus
2952 665 3110 720 valet.
3158 662 3286 721 lude
3326 677 3408 722 est
3453 677 3647 725 tamen

2041 750 2301 822 quidquid
2349 753 2595 822 intelligit
2637 753 2774 807 sicut
2811 754 2972 810 valet.
3017 755 3150 811 Cum
3175 771 3306 828 ergo
3337 758 3462 814 illuc
3490 762 3653 832 rapi-

2044 850 2148 909 tur,
2177 852 2230 898 et
2258 857 2288 897 a
2316 843 2618 897 carnalibus
2637 844 2904 899 subtracta
2931 847 3195 911 sensibus,
3228 849 3301 903 illi
3323 849 3515 906 visioni
3534 868 3652 907 ex-

2040 935 2274 1005 pressius
2306 944 2654 1004 praasentatur
2679 951 2784 990 non
2809 937 2995 1007 spatiis
3027 939 3316 1007 localibus,
3345 942 3440 997 sed
3468 943 3648 1000 modo

2041 1025 2268 1092 quodam
2300 1040 2418 1088 suo.
2445 1027 2604 1080 etiam
2631 1041 2792 1097 supra
2818 1042 2878 1083 se
2908 1029 3052 1085 videt
3091 1030 3219 1085 illud
3238 1073 3255 1098 ,
3301 1047 3406 1103 quo
3444 1033 3647 1106 adiuta

2041 1117 2186 1174 videt
2215 1119 2469 1189 quidquid
2501 1119 2662 1174 etiam
2693 1122 2742 1174 in
2770 1135 2829 1176 se
2856 1122 3196 1192 intelligendo
3227 1125 3386 1179 videt.

2109 1208 2334 1266 CAPUT
2356 1209 2646 1265 XXXll.—
2665 1211 2847 1264 Anima
2866 1228 3076 1283 corpore
3094 1225 3245 1268 exuta
3266 1232 3363 1284 quo
3386 1215 3606 1286 feratur.

2121 1299 2210 1355 60.
2252 1300 2308 1355 Si
2354 1313 2529 1356 autem
2578 1304 2861 1372 quaeritur,
2902 1320 3022 1360 cum
3069 1306 3245 1362 anima
3289 1307 3356 1362 de
3400 1321 3643 1378 corpore

2038 1390 2226 1446 exierit
2245 1432 2258 1454 ,
2282 1401 2459 1446 utrum
2487 1393 2554 1446 ad
2582 1392 2756 1464 aliqua
2802 1394 2916 1450 locn
2964 1396 3257 1470 corporalia
3300 1394 3521 1464 feratur,
3548 1413 3634 1455 an

2037 1482 2105 1536 ad
2155 1483 2506 1552 incorporalia
2550 1485 2916 1553 corporalibus
2941 1486 3154 1550 similia,
3183 1503 3248 1542 an
3279 1503 3406 1541 vero
3433 1503 3531 1544 nec
3557 1487 3638 1545 ad

2039 1574 2182 1642 ipsa,
2215 1573 2308 1628 sed
2336 1574 2402 1628 ad
2433 1575 2558 1629 illud
2588 1573 2731 1645 quod
2761 1586 2814 1630 et
2841 1577 3154 1645 corporibus
3180 1587 3234 1633 et
3263 1578 3635 1636 similitudini-

2037 1664 2138 1720 bus
2175 1657 2460 1735 corporuni
2489 1674 2570 1720 est
2597 1666 2980 1732 excellentius;
3007 1670 3114 1723 cito
3139 1667 3350 1738 quidem
3397 1685 3636 1740 respon-

2035 1755 2228 1822 derim,
2257 1757 2323 1811 ad
2353 1758 2647 1826 corporalia
2668 1757 2782 1814 loca
2810 1775 2927 1812 eam
2953 1758 3040 1814 vel
3063 1775 3167 1814 non
3200 1761 3321 1814 ferri
3360 1762 3458 1815 nisi
3485 1776 3621 1816 cum

2036 1847 2210 1918 aliquo
2247 1865 2491 1918 corpore,
2523 1851 2606 1905 vel
2649 1866 2754 1904 non
2804 1851 3044 1905 localiter
3088 1849 3233 1905 ferri.
3281 1851 3395 1907 Jatn
3445 1861 3637 1908 utrum

2036 1938 2227 1995 habeat
2267 1940 2479 2011 aliquod
2525 1957 2746 2010 corpus,
2771 1957 2889 1996 cum
2922 1943 2989 1997 de
3020 1943 3119 1998 hoc
3143 1959 3366 2015 corpore
3389 1946 3633 2013 exierit,

2037 2034 2281 2090 ostendat
2308 2035 2394 2102 qui
2427 2045 2628 2105 potest;
2654 2051 2754 2106 ego
2777 2044 2952 2090 autem
2980 2052 3086 2090 non
3107 2046 3230 2106 puto
3257 2055 3270 2090 :
3293 2037 3637 2106 spiritualem

2035 2127 2175 2180 enim
2202 2127 2431 2181 arbitror
2458 2142 2578 2181 esse
2598 2169 2613 2192 ,
2645 2143 2748 2182 non
2781 2129 3112 2197 corporalem
3141 2129 3179 2182 ‘.
3217 2128 3297 2182 Ad
3327 2130 3630 2200 spiritualia

2034 2233 2162 2274 vero
2192 2232 2288 2287 pro
2318 2220 2521 2273 meritis
2550 2218 2735 2285 fertur,
2768 2227 2858 2273 aut
2887 2219 2953 2274 ad
2997 2221 3111 2274 loca
3153 2221 3377 2290 poenalia
3420 2223 3624 2276 similia

2035 2311 2346 2379 corporibus
2371 2329 2383 2363 :
2412 2312 2582 2380 qualia
2617 2328 2758 2383 saepe
2788 2313 3150 2367 demonstrata
3181 2325 3303 2367 sunt
3334 2315 3397 2368 iis
3417 2315 3504 2384 qui
3535 2330 3634 2368 ra-

2034 2402 2109 2471 pti
2137 2411 2258 2456 sunt
2287 2418 2315 2456 a
2343 2403 2582 2472 corporis
2608 2404 2869 2468 sensibus,
2901 2415 2954 2457 ct
2978 2406 3201 2460 mortuis
3226 2405 3426 2459 similes
3441 2406 3640 2476 jacue-

2034 2502 2186 2559 ruut,
2215 2502 2267 2547 et.
2309 2492 2597 2548 iufcrnales
2639 2510 2823 2563 pinnas
2862 2495 3141 2560 viderunt,
3174 2510 3294 2549 cum
3335 2505 3387 2550 et
3427 2495 3526 2564 ipsi
3573 2497 3637 2552 in

2033 2583 2223 2652 seipsis
2252 2593 2498 2652 gererent
2523 2584 2804 2653 quamdam
2829 2584 3226 2640 similitudinem
3250 2585 3490 2654 corporis
3515 2585 3633 2654 sui,

2033 2691 2128 2744 per
2170 2690 2325 2745 quam
2357 2686 2575 2746 possent
2595 2676 2658 2729 ad
2687 2677 2772 2729 illa
2801 2678 2959 2744 ferri,
3005 2687 3060 2733 et
3103 2679 3223 2732 talia
3267 2679 3638 2734 similitudini-

2033 2767 2133 2822 bus
2186 2781 2439 2822 sensuum
2469 2769 2718 2836 experiri.
2744 2769 2922 2838 Neque
2962 2771 3103 2824 enim
3131 2770 3288 2825 video
3312 2786 3407 2824 cur
3433 2771 3638 2827 habeat

2030 2858 2205 2912 anima
2259 2859 2650 2913 similitudinem
2715 2860 2954 2929 corporis
3026 2861 3145 2928 sui,
3197 2875 3358 2928 cum,
3409 2862 3638 2932 jacente

2031 2950 2146 3002 sine
2194 2965 2352 3004 sensu
2409 2951 2522 3020 ipso
2586 2966 2852 3020 Corpore,
2909 2953 3141 3007 nomium
3194 2963 3371 3009 tamen
3416 2956 3638 3024 penitus

2029 3049 2273 3107 mortuo,
2301 3041 2442 3094 videt
2471 3042 2590 3095 talia
2613 3083 2627 3108 ,
2657 3043 2828 3112 qualia
2859 3044 3009 3097 multi
3045 3060 3110 3099 ex
3139 3045 3226 3098 illa
3270 3045 3637 3101 subductione

2029 3133 2164 3188 vivis
2190 3132 2380 3187 redditi
2408 3144 2789 3199 narraverunt;
2826 3144 2879 3188 et
2922 3150 3026 3189 non
3067 3135 3295 3202 habeat,
3325 3151 3444 3190 cum
3494 3151 3632 3206 per-

2029 3221 2166 3280 fecta
2203 3209 2375 3280 morte
2422 3226 2631 3294 penitus
2671 3227 2737 3282 de
2778 3241 3000 3297 eoi-pore
3026 3228 3236 3283 exierit.
3267 3229 3372 3282 Aut
3396 3243 3522 3296 ergo
3546 3228 3631 3283 ad

2029 3318 2114 3373 illa
2146 3319 2307 3372 fertur
2336 3319 2688 3388 pinnalia,aut
2715 3319 2778 3373 ad
2803 3321 2883 3372 illa
2911 3320 3090 3376 itidem
3119 3320 3311 3374 similia
3331 3321 3640 3390 corporali-

2030 3408 2150 3475 bus,
2168 3426 2266 3464 nec
2287 3421 2460 3466 tamen
2484 3426 2754 3480 partarum
2765 3453 2778 3471 ,
2799 3411 2890 3465 sed
2905 3412 3099 3481 quietis
3113 3419 3273 3482 atque
3288 3413 3635 3483 gaudiorum.

2099 3503 2186 3557 6|.
2225 3502 2406 3573 Neque
2450 3504 2590 3557 enim
2639 3513 2783 3558 recte
2808 3503 2911 3558 dici
2947 3513 3149 3574 potest,
3187 3505 3270 3560 vel
3305 3505 3422 3559 illas
3452 3504 3629 3562 falsas

2028 3608 2147 3648 esse
2163 3609 2365 3664 pinnas,
2397 3595 2475 3648 vel
2509 3595 2650 3650 illam
2678 3596 2861 3649 falsam
2891 3597 3126 3666 requiem
3152 3606 3310 3667 atque
3339 3598 3571 3652 l:etitiam
3613 3617 3632 3654 :

2028 3693 2153 3738 tunc
2175 3686 2314 3739 enim
2348 3687 2460 3740 haec
2491 3686 2619 3741 falsa
2648 3696 2802 3751 sunt,
2835 3688 3046 3758 quando
3074 3704 3166 3756 per
3187 3689 3506 3760 opinationis
3532 3705 3638 3744 ev-

2027 3792 2202 3832 rorem
2231 3778 2332 3830 alia
2373 3792 2468 3847 pro
2504 3779 2619 3832 aliis
2650 3780 3062 3848 putantur.Nam
3097 3780 3282 3835 Petrus
3309 3796 3412 3835 non
3441 3781 3634 3838 solum

2027 3883 2147 3922 cum
2170 3868 2371 3923 discum
2399 3869 2542 3923 illurn
2581 3869 2824 3934 videbat,
2859 3880 2914 3924 et
2944 3871 2995 3924 in
3019 3886 3085 3925 eo
3113 3885 3215 3924 neu
3246 3871 3634 3927 similitudines

2026 3975 2329 4030 corporum,
2349 3962 2443 4017 sed
2471 3977 2694 4032 corpora
2717 3963 2931 4034 putabat
2956 3963 3091 4034 (Act.
3112 3979 3167 4031 π,
3195 3965 3280 4028 ll,
3307 3963 3418 4038 l2),
3442 3966 3492 4018 in
3517 3964 3633 4022 hoc

2028 4051 2208 4120 utique
2233 4050 2541 4117 fallebatur;
2570 4069 2753 4108 verum
2799 4055 2957 4108 etiam
3003 4069 3122 4109 cum
3152 4056 3258 4110 alio
3289 4065 3526 4125 tempore
3548 4055 3632 4112 ab

2025 4143 2216 4212 angelo
2244 4143 2448 4198 solutus
2474 4160 2504 4198 e
2541 4145 2761 4198 vinculis
2795 4145 2901 4198 ibat
2945 4145 2997 4200 in
3041 4160 3267 4217 corpore
3300 4147 3576 4202 ambulans
3599 4188 3628 4216 ,

2027 4242 2082 4287 et
2107 4245 2455 4303 praisentatus
2485 4236 2848 4302 corporalibus
2880 4235 3064 4291 formis
3083 4278 3098 4301 ,
3130 4246 3185 4291 et
3213 4238 3427 4306 putabat
3451 4253 3508 4292 se
3534 4239 3627 4291 vi—

2026 4341 2141 4379 sum
2169 4327 2349 4381 videre
2373 4326 2481 4397 (Id.
2511 4343 2603 4389 xu,
2629 4328 2773 4398 7-9),
2799 4328 3139 4382 nihilominus
3165 4329 3459 4385 fallebatur.
3481 4328 3622 4386 Nam

2024 4426 2080 4471 et
2128 4417 2228 4471 illae
2278 4419 2328 4471 in
2379 4417 2526 4472 disco
2574 4428 2724 4472 erant
2779 4419 3080 4488 spirituales
3127 4419 3313 4475 forma:
3359 4436 3622 4492 corpora-

2027 4511 2164 4564 libus
2199 4513 2428 4575 similes;
2473 4522 2527 4568 et
2567 4513 2665 4568 ista
2716 4514 3006 4580 corporalis
3042 4515 3316 4584 expressio
3355 4514 3509 4568 soluti
3547 4513 3622 4570 de

2025 4602 2286 4669 vinculis,
2331 4613 2546 4672 propter
2599 4604 2911 4658 miraculum
2953 4606 3212 4674 spirituali
3256 4606 3444 4660 similis
3476 4615 3613 4661 erat.

2026 4691 2330 4746 Fallebatur
2380 4704 2554 4748 autem
2611 4697 2784 4748 anima
2830 4695 2880 4747 iu
2921 4695 3190 4765 utrisque,
3236 4697 3445 4749 nonnisi
3491 4710 3616 4749 cum

2025 4785 2127 4839 alia
2157 4802 2253 4855 pro
2281 4786 2401 4840 aliis
2422 4787 2762 4856 approbaret.
2785 4786 3036 4852 Quamvis
3073 4804 3200 4859 ergo
3224 4803 3327 4841 non
3358 4788 3463 4842 sint
3491 4802 3613 4841 cor-

2026 4877 2225 4947 poralia
2248 4918 2262 4941 ,
2299 4876 2391 4930 sed
2421 4876 2612 4930 similia
2634 4877 2998 4945 corporalibus
3020 4919 3033 4941 ,
3065 4878 3255 4946 quibus
3278 4879 3468 4931 animae
3494 4892 3616 4932 cor-

2023 4967 2240 5036 poribus
2261 4976 2432 5021 exutae
2460 4967 2779 5032 afﬁciuntur,
2806 4983 2899 5021 seu
2929 4969 3063 5021 bene
3094 4985 3186 5021 seu
3219 4969 3390 5034 male,
3414 4984 3532 5023 cum
3561 4979 3618 5025 et

2026 5058 2153 5127 ipsa:
2190 5058 2502 5127 corporibus
2525 5058 2636 5112 suis
2673 5058 2875 5112 similes
2913 5059 3124 5113 sibimet
3148 5069 3465 5128 appareant;
3489 5072 3616 5116 sunt

2027 5159 2200 5204 tamen
2245 5159 2298 5204 et
2339 5164 2460 5202 vcra
2490 5148 2669 5202 laetitia
2702 5159 2754 5202 et
2783 5164 2907 5203 vera
2949 5150 3188 5203 molestia
3233 5149 3367 5204 facta
3396 5150 3461 5205 de
3487 5151 3614 5204 sub-

2025 5243 2216 5296 stantia
2260 5241 2539 5311 spirituali.
2582 5241 2710 5295 Nam
2756 5253 2809 5295 et
2854 5243 2906 5295 in
2946 5243 3146 5296 somnis
3178 5244 3351 5313 magni
3392 5244 3614 5299 interest

2026 5346 2200 5389 utrum
2234 5336 2282 5388 in
2309 5335 2444 5389 lictis
2469 5351 2534 5388 an
2578 5335 2629 5389 in
2665 5335 2902 5389 tristibus
2930 5336 3114 5390 simus.
3148 5335 3297 5392 Unde
3320 5338 3526 5408 quidam
3556 5338 3610 5395 in

2027 5427 2181 5481 rebus
2203 5442 2335 5498 quas
2356 5428 2769 5498 concupiverant
2794 5430 3098 5495 constituti,
3126 5444 3185 5484 se
3213 5430 3489 5500 evigilasse
3517 5430 3611 5486 do-

2091 5581 2107 5612 ι
2132 5587 2239 5647 Mss.
2263 5579 2444 5647 aliquot
2480 5581 2674 5645 Optimae
2695 5588 2824 5633 notae
2858 5589 3026 5647 carent
3055 5582 3132 5632 his
3153 5583 3348 5641 verbis,
3381 5581 3610 5647 spiritua-

2025 5639 2263 5708 lemenim
2285 5639 2492 5708 arbitror
2513 5639 2631 5702 esse,
2657 5657 2749 5694 non
2771 5643 3086 5708 corporalem,
3108 5639 3609 5708 rurSus'haben-

2025 5705 2172 5770 turin
2196 5703 2364 5770 lineo.
2387 5706 2466 5765 6i,
2491 5719 2589 5770 quo
2607 5709 2732 5770 forte
2757 5720 2821 5770 ex
2845 5703 2948 5756 loco
2968 5707 3061 5756 huc
3083 5703 3309 5756 translata
3330 5715 3472 5756 sunt:
3500 5720 3609 5757 nam

2029 5771 2084 5831 et
2113 5765 2162 5812 in
2195 5764 2413 5814 pluribus
2446 5764 2552 5818 Ms's.
2579 5768 2782 5830 insignis
2812 5769 2890 5818 hic
2924 5769 3230 5831 transpositio
3251 5781 3481 5818 versuum
3504 5769 3608 5819 fere

2029 5826 2108 5885 50,
2135 5839 2385 5876 commissa
2411 5837 2502 5877 est.
