3902 6326
258 286 364 350 481

256 408 510 470 luerunt;
540 408 596 457 et
622 412 809 457 rursus
833 396 1080 469 gravibus
1108 393 1403 449 terroribus
1428 402 1587 463 atque
1615 391 1865 447 cruciati-

258 502 369 557 bus
404 497 652 569 exagitati
680 502 837 564 atque
861 491 1071 556 vexati,
1101 503 1223 544 cum
1261 484 1615 557 expergefacti
1643 493 1825 538 essent
1845 525 1861 549 ,

259 592 504 650 dormire
531 590 857 651 timuerunt,
895 600 961 639 ne
990 585 1040 639 in
1068 582 1253 638 eadem
1295 582 1433 635 maia
1463 587 1862 634 revocarentur.

263 688 335 744 Et
374 687 556 755 utique
595 679 942 736 dubitandum
984 692 1086 729 non
1113 671 1358 742 estquod
1384 670 1719 741 expressiora
1760 668 1867 723 sint

267 781 359 838 illa
400 794 519 850 quze
550 775 753 830 inferna
780 772 1049 834 dicuntur,
1080 776 1239 837 atque
1264 765 1334 821 ob
1358 764 1461 819 hoc
1500 762 1865 818 vehementius

265 872 588 930 sentiantur.
620 867 751 922 Nam
774 875 828 919 et
856 863 941 933 qui
970 859 1223 915 subtracti
1255 865 1378 913 sunt
1404 856 1647 911 sensibus
1666 867 1864 924 corpo-

267 966 348 1022 ris
367 1005 383 1031 ,
408 962 584 1018 minus
604 958 817 1028 quidem
843 969 999 1025 quam
1026 950 1072 1005 si
1111 950 1255 1003 omni
1301 947 1460 1003 modo
1500 954 1864 1011 morerentur,

268 1057 373 1113 sed
399 1068 575 1109 tamen
598 1049 828 1119 amplius
854 1062 1009 1117 quant
1039 1044 1083 1098 si
1104 1042 1418 1105 dormirent,
1445 1038 1779 1108 eXpressiora
1805 1052 1868 1092 se

268 1146 476 1201 vidisse
517 1145 894 1201 narraverunt,
938 1150 1095 1207 quam
1139 1134 1182 1187 si
1234 1131 1435 1186 somnia
1484 1131 1864 1183 narravissent.

270 1240 375 1296 Est
402 1252 532 1307 ergo
566 1249 782 1305 prorsus
807 1230 1095 1285 inferorum
1123 1224 1415 1280 substantia
1434 1264 1450 1290 ,
1482 1222 1576 1289 sed
1610 1237 1728 1276 eam
1759 1220 1869 1290 spi-

275 1330 526 1386 ritualem
549 1326 779 1381 arbitror
804 1337 949 1385 esse,
983 1335 1087 1373 non
1113 1316 1469 1385 corporalem.

269 1424 499 1484 CAPUT
550 1418 865 1479 XXXlll.-—
898 1416 970 1468 De
1002 1414 1178 1485 inferis
1218 1409 1450 1481 qua’stio.
1491 1408 1726 1461 Animam
1763 1420 1870 1458 esse

679 1512 1045 1579 incorporemn.
1077 1504 1233 1559 Sinus
1259 1500 1491 1555 Abrahte.

348 1609 438 1666 62.
458 1607 565 1662 Nec
585 1602 829 1659 audiendi
842 1609 983 1665 sunt,
1002 1597 1090 1668 qui
1108 1583 1374 1649 afﬁrmant
1391 1592 1588 1647 inferos
1606 1592 1654 1644 in
1675 1590 1773 1644 hac
1792 1589 1871 1642 vi-

273 1713 330 1759 ta
360 1698 636 1771 esplicari,
673 1712 771 1752 nec
813 1709 932 1750 esse
971 1701 1089 1761 post
1135 1698 1378 1743 tuortem.
1430 1684 1671 1740 Viderint
1724 1683 1866 1737 enim

276 1788 729 1865 quemadmodum
759 1786 967 1857 poetica
1016 1783 1259 1850 ﬁgmenta
1290 1779 1739 1846 interpretentur;
1771 1788 1870 1827 nos

277 1888 352 1941 ab
376 1882 689 1939 auctoritate
714 1879 1014 1934 divinarum
1032 1868 1648 1942 Scripturarnm,quibus
1668 1866 1794 1920 solis
1805 1865 1871 1919 de

275 1977 384 2032 hac
435 1991 494 2030 re
552 1973 681 2029 ﬁdes
714 1968 955 2024 habenda
1010 1974 1111 2029 est,
1156 1962 1408 2018 recedere
1438 1976 1543 2015 non
1591 1958 1867 2014 debemus.

279 2068 598 2137 Quanquam
641 2061 909 2134 possimus
954 2056 1263 2119 ostendere,
1294 2054 1503 2109 illorum
1532 2066 1741 2122 quoque
1786 2064 1873 2103 sa-

276 2160 490 2231 pientes
531 2155 600 2211 de
659 2152 951 2208 inferorum
1004 2146 1295 2202 substantia
1327 2145 1545 2198 minime
1570 2142 1865 2207 dubitasse,

275 2269 401 2326 quae
419 2258 537 2322 post
561 2249 699 2304 hanc
717 2247 877 2301 vitam
908 2243 1105 2312 excipit
1128 2241 1334 2295 animas
1366 2248 1724 2292 mortuorum.
1757 2234 1872 2290 Un-

276 2325 349 2402 de
374 2353 545 2399 autcm
574 2340 674 2396 sub
712 2336 867 2393 terris
888 2350 1008 2390 esse
1036 2333 1281 2387 dicantur
1307 2330 1484 2392 inferi,
1508 2328 1552 2381 si
1574 2325 1871 2395 corporalia

278 2438 402 2493 ioca
434 2449 535 2489 non
558 2439 703 2496 sunt,
728 2437 816 2483 aut
843 2426 983 2481 unde
1005 2425 1158 2479 inferi
1180 2422 1536 2492 appellentur,
1560 2420 1603 2473 si
1630 2416 1729 2472 sub
1761 2425 1870 2470 ter-

275 2527 360 2583 ris
386 2540 488 2581 non
520 2530 668 2587 sunt,
697 2518 885 2574 merito
926 2515 1181 2585 qumritur
1208 2514 1305 2579 (α).
1344 2511 1589 2564 Animam
1613 2522 1740 2562 vero
1765 2522 1872 2560 non

276 2632 404 2674 esse
432 2608 743 2685 corpoream
769 2625 873 2664 non
920 2622 1007 2662 me
1035 2614 1239 2675 putare,
1279 2601 1374 2657 sed
1421 2600 1574 2670 plane
1594 2598 1748 2662 scire,
1778 2612 1874 2650 au-

276 2712 388 2767 deo
418 2706 652 2780 proﬁteri
692 2723 706 2760 :
735 2713 911 2759 tamen
942 2699 1141 2754 habere
1162 2710 1318 2767 posse
1338 2692 1734 2749 similitudinem
1756 2706 1874 2745 cor-

279 2804 435 2876 poris
474 2811 527 2857 et
577 2796 934 2869 corporalium
976 2792 1193 2849 omnino
1224 2787 1587 2844 membrorum
1636 2784 1873 2854 quisquis

278 2874 465 2968 negat,
495 2901 669 2965 potest
689 2904 881 2959 negare
920 2887 1149 2941 animam
1173 2897 1311 2947 esse,
1336 2894 1452 2950 quae
1483 2878 1533 2931 in
1566 2876 1767 2931 somnis
1792 2874 1873 2927 vi-

277 2965 379 3045 det
404 2988 487 3043 vel
515 3002 573 3041 se
592 2982 885 3043 ambulare,
920 2978 1006 3032 vel
1045 2976 1253 3039 sedere,
1286 2972 1369 3027 vel
1416 2970 1515 3043 hac
1551 2976 1708 3037 atque
1753 2965 1875 3019 illac

279 3094 473 3152 gressu
501 3084 591 3130 aut
619 3077 777 3130 etiam
817 3070 993 3125 volatu
1047 3065 1171 3122 ferri
1221 3078 1284 3118 ac
1336 3060 1545 3122 referri,
1593 3056 1731 3128 quod
1761 3058 1876 3111 sine

278 3146 514 3244 quadam
567 3163 913 3223 similitudine
956 3158 1193 3227 corporis
1245 3170 1349 3209 non
1398 3154 1471 3206 fit.
1544 3148 1772 3205 Proinde
1830 3146 1875 3200 si

280 3242 428 3322 lianc
450 3257 849 3315 similitudinem
868 3253 1025 3308 etiam
1054 3248 1190 3318 apud
1216 3246 1417 3301 inferos
1443 3242 1597 3313 gerit,
1628 3256 1731 3295 non
1754 3253 1870 3293 cor-

280 3353 551 3427 poralem,
575 3348 663 3403 ~cd
688 3342 896 3414 corpori
920 3339 1181 3402 similem;
1215 3337 1285 3390 ita
1311 3334 1471 3389 etiam
1493 3333 1545 3385 in
1571 3330 1701 3384 locis
1725 3328 1876 3383 vide-

283 3418 378 3501 iur
397 3456 516 3497 esse
546 3454 650 3493 non
669 3431 1056 3505 corporalibus,
1085 3427 1178 3482 sed
1204 3423 1560 3495 corporalium
1589 3418 1874 3485 similibus,

283 3536 407 3591 sive
435 3535 484 3586 in
512 3530 715 3601 requie,
743 3527 855 3580 sive
876 3524 928 3577 in
952 3520 1247 3575 doloribus.

366 3627 453 3681 65.
485 3624 793 3692 Quanquam
813 3626 867 3673 et
887 3613 1013 3670 illud
1044 3629 1129 3667 me
1178 3608 1411 3665 nondum
1451 3606 1715 3661 invenisse
1756 3619 1884 3657 con-

256 3722 469 3783 ,ﬁteor,
511 3713 709 3770 inferos
746 3708 1070 3780 appellatos,
1113 3702 1200 3759 ubi
1245 3702 1508 3772 justorum
1563 3697 1751 3751 animae
1799 3710 1885 3749 re-

285 3813 593 3884 quiescunt.
624 3805 690 3859 Et
712 3800 910 3859 Christi
946 3797 1163 3869 quidem
1208 3794 1437 3848 animam
1470 3790 1681 3845 venisse
1719 3801 1885 3858 usque

288 3882 363 3959 ad
392 3917 454 3957 ea
500 3900 616 3954 loca
656 3896 711 3950 in
757 3892 947 3964 quibus
990 3896 1299 3959 peccatores
1340 3882 1664 3945 cruciantur,
1698 3887 1754 3933 ut
1791 3891 1885 3932 eos

294 3996 532 4052 solveret
554 4006 585 4045 a
615 3985 892 4045 tormentis
919 3997 1053 4052 quos
1078 3995 1195 4035 esse
1222 3976 1510 4033 solvendus
1540 3973 1747 4029 oceulta
1787 3984 1885 4024 no-

291 4089 383 4145 bis
429 4101 522 4141 sua
566 4080 769 4154 justitia
812 4074 1120 4148 judicabat,
1159 4087 1264 4125 non
1318 4068 1583 4122 immerito
1633 4063 1884 4118 creditur.

292 4175 576 4247 Quomodo
619 4172 761 4227 enim
804 4168 961 4223 aliter
996 4161 1358 4232 accipiendum
1407 4160 1475 4213 sit
1520 4155 1661 4228 quod
1692 4155 1889 4208 dictum

294 4279 384 4327 est
410 4312 424 4336 ,
470 4268 630 4335 Quem
671 4263 807 4319 Deus
850 4258 1106 4316 suscitavit
1138 4272 1203 4311 ex
1253 4253 1496 4319 mortuis,
1528 4250 1705 4305 solutis
1748 4249 1892 4303 dolo-

292 4361 438 4416 ribus
486 4360 798 4431 inferorum,
838 4352 956 4424 quia
998 4365 1098 4403 non
1128 4356 1320 4417 poterat
1367 4343 1521 4399 teneri
1546 4342 1608 4396 ab
1644 4341 1714 4395 eis
1754 4338 1888 4412 (Act.

296 4472 381 4522 ιι,
434 4454 588 4521 24),
634 4465 741 4505 non
810 4446 965 4501 video
1017 4440 1118 4497 nisi
1172 4450 1229 4495 ut
1278 4435 1625 4509 quorumdam
1682 4433 1892 4488 dolores

299 4547 448 4620 apud
508 4546 709 4601 inferos
757 4556 877 4596 eum
941 4536 1163 4593 solvisse
1217 4532 1573 4601 accipiamus,
1627 4542 1688 4583 ea
1740 4534 1893 4597 pote-

300 4617 448 4699 state
490 4653 594 4710 qua
645 4635 902 4692 Dominus
949 4641 1065 4695 est,
1121 4625 1208 4681 cui
1241 4639 1398 4678 omne
1443 4636 1580 4691 genu
1620 4617 1846 4674 ﬂectitur
1876 4657 1891 4685 ,

300 4708 644 4797 cmiestium,
698 4721 1061 4786 terrestrium,
1111 4726 1167 4773 et
1220 4712 1549 4770 infernorum
1607 4708 1892 4780 (Philipp.

303 4843 366 4894 ιι,
401 4825 512 4896 10),
558 4836 651 4893 per
679 4834 837 4891 quam
881 4818 1198 4887 potestatem
1243 4808 1403 4863 etiam
1450 4806 1551 4860 illis
1587 4802 1893 4869 doloribus,

304 4932 450 4991 quos
469 4893 572 4970 sols
587 4913 646 4975 it,
671 4925 777 4966 non
800 4906 969 4979 potuit
988 4902 1219 4957 attineri.
1243 4897 1422 4968 Neque
1442 4896 1583 4951 enim
1603 4893 1893 4991 Abraham,

302 4983 393 5065 vel
426 5008 516 5063 ille
543 5018 739 5076 pauper
764 5001 817 5054 in
852 4998 971 5052 sinu
998 4994 1131 5065 ejus,
1160 4988 1264 5047 hoc
1290 4999 1373 5045 est
1395 4989 1448 5043 in
1474 4994 1681 5042 secreto
1706 4983 1898 5055 quietis

306 5103 449 5172 ejus.
478 5099 534 5154 in
564 5093 837 5151 doloribus
867 5099 1011 5153 erat,
1045 5090 1183 5141 inter
1208 5097 1434 5155 quorum
1463 5079 1698 5152 requiem
1728 5085 1782 5132 et
1810 5076 1897 5131 illa

306 5192 506 5254 inferni
537 5185 831 5245 tormenta‘
853 5182 1073 5253 legimus
1102 5193 1352 5249 magnum
1378 5174 1574 5231 chaos’
1594 5172 1855 5226 ﬁrmatum
1882 5186 1896 5223 :

310 5287 411 5345 sed
441 5299 539 5341 nec
560 5281 698 5353 apud
729 5276 927 5333 inferos
943 5288 1062 5329 esse
1076 5272 1201 5326 dicti
1223 5278 1364 5345 sunt.
1390 5266 1607 5337 Contigit
1632 5264 1795 5330 enim,
1822 5262 1903 5317 in-

309 5380 449 5453 quit,
477 5375 605 5430 mori
623 5374 824 5443 inapem
857 5368 1023 5432 illum,
1056 5373 1101 5418 et
1125 5361 1318 5435 auferri
1340 5360 1404 5413 ab
1429 5357 1637 5429 Angelis
1662 5358 1714 5411 in
1738 5356 1902 5410 sinum

310 5451 536 5529 Abram:
555 5483 574 5522 :
596 5474 825 5521 mortuus
844 5470 919 5516 est
946 5468 1115 5513 autem
1151 5465 1199 5510 et
1224 5455 1381 5522 dives,
1410 5460 1455 5507 et
1486 5451 1712 5523 sepultus
1732 5458 1831 5515 est;
1858 5456 1904 5503 et

378 5628 403 5723 ξ
424 5634 533 5739 ἓξὲξ
552 5621 1100 5750 ἓῖἒξέουὲῗηὲεὼξυῶοει
1113 5612 1201 5668 sua
1219 5610 1411 5677 inferna
1428 5612 1678 5665 tot-ruente.

377 5772 734 5837 militemut.
766 5762 1054 5827 c.24,u.2,

1480 272 1685 336 LIBER
1724 269 2179 337 DUODECIMUS.

3449 275 3557 335 489

1967 407 2082 445 cum
2109 388 2247 461 apud
2267 390 2458 461 inferos
2490 388 2541 441 in
2570 387 2828 443 tormentis
2854 397 2980 443 esset
3017 386 3166 461 (Luc.
3190 402 3301 456 xvi,
3330 387 3552 461 22-26),

1969 491 2023 538 et
2045 492 2258 539 caetera.
2292 480 2545 535 Videmus
2574 480 2751 549 itaque
2782 478 3067 535 inferorum
3095 480 3418 536 mentionem
3446 495 3555 537 non

1970 588 2091 630 esse
2148 572 2338 628 factam
2386 571 2438 626 in
2486 572 2669 641 requie
2716 571 2962 641 pauperis
2985 612 3001 639 ,
3052 570 3145 627 sed
3192 572 3248 626 in
3298 572 3557 642 supplicio

1971 664 2173 719 divitis.

2042 756 2129 812 64.
2165 754 2297 811 illud
2324 754 2485 809 etiam
2532 753 2671 824 quod
2718 753 2884 809 Jacob
2923 753 3053 810 dicit
3094 754 3159 810 ad
3203 755 3342 811 ﬁlios
3387 769 3551 825 suos,

1971 845 2237 901 Deducetis
2256 858 2506 901 senectam
2527 862 2688 900 meam
2708 862 2822 899 cum
2850 846 3058 900 tristitia
3090 846 3157 899 ad
3180 848 3370 918 inferos
3398 844 3555 913 (Gen.

1975 956 2118 1007 κων,
2147 940 2262 1011 29),
2297 938 2503 993 videtur
2533 938 2634 993 hoc
2668 939 2834 1008 magis
2866 939 3137 1002 timuisse,
3171 954 3238 993 ne
3270 939 3430 994 nimia
3461 939 3561 995 tri-

1972 1032 2113 1086 stitia
2144 1031 2220 1085 sic
2258 1031 2673 1100 perturbaretur,
2703 1038 2758 1083 nt
2785 1046 2887 1084 non
2916 1030 2980 1084 ad
3020 1031 3257 1100 requiem
3286 1032 3561 1088 beatorum

1974 1122 2092 1188 iret,
2124 1122 2216 1176 sed
2248 1121 2312 1175 ad
2344 1119 2538 1176 inferos
2566 1131 2924 1190 peccatorum.
2956 1119 3139 1200 Neque
3167 1123 3306 1176 enim
3340 1138 3562 1193 parvum

1974 1218 2164 1271 animze
2202 1216 2397 1268 malum
2428 1222 2509 1267 est
2536 1214 2776 1279 tristitia,
2818 1228 2937 1267 cum
2961 1223 3015 1267 et
3042 1214 3330 1283 Apostolus
3351 1214 3562 1269 cuidam

1975 1314 2080 1361 tam
2111 1306 2337 1360 sollicite
2381 1304 2637 1367 timuerit,
2671 1320 2737 1358 ne
2766 1304 2965 1374 majore
3011 1304 3217 1358 tristitia
3248 1304 3564 1361 absorbere-

1974 1406 2059 1453 tur
2084 1397 2146 1471 (ΙΙ
2174 1398 2289 1453 Cor.
2327 1415 2383 1465 η,
2416 1399 2492 1470 7).
2525 1396 2783 1463 Proinde,
2818 1406 2875 1449 ut
2899 1396 3041 1463 dixi,
3086 1396 3319 1451 nondum
3348 1397 3561 1465 inveni,

1975 1501 2028 1546 et
2055 1492 2225 1546 adhuc
2256 1506 2436 1561 qumro
2458 1531 2472 1555 ,
2504 1504 2601 1543 nec
2642 1489 2771 1543 mihi
2801 1489 3031 1543 occurrit
3060 1488 3258 1544 inferos
3284 1488 3475 1543 alicubi
3509 1489 3563 1544 in

1975 1583 2115 1638 bono
2146 1583 2385 1650 posuisse
2410 1580 2737 1648 Scripturam
2779 1578 3037 1633 duntaxat
3074 1580 3425 1635 canonicam:
3457 1596 3562 1635 non

1974 1683 2150 1729 autem
2184 1673 2235 1726 in
2265 1673 2403 1726 bono
2434 1671 2801 1740 accipiendum
2828 1670 3004 1729 sinum
3033 1670 3293 1736 Abrahae,
3322 1682 3376 1725 ct
3411 1671 3559 1726 illam

1977 1767 2213 1836 requiem
2262 1781 2368 1835 quo
2415 1766 2481 1819 ab
2519 1764 2734 1836 Angelis
2783 1766 2897 1833 pius
2944 1778 3147 1834 panper
3191 1764 3399 1821 ablatus
3443 1775 3553 1831 cst,

1978 1858 2162 1913 nescio
2205 1870 2378 1911 utrum
2410 1858 2685 1927 quisquam
2734 1855 2903 1926 possit
2942 1856 3157 1921 audire;
3203 1865 3256 1911 et
3285 1855 3404 1911 ideo
3431 1870 3566 1926 quo-

1976 1950 2137 2005 modo
2166 1966 2283 2003 eam
2309 1950 2323 1980 ι
2354 1949 2491 2017 apud
2523 1948 2719 2002 iul'eros
2747 1945 3027 2002 credamus
3056 1961 3210 2011 esse,
3242 1962 3346 2000 non
3388 1946 3563 2001 video.

1977 2041 2205 2098 CAPUT
2243 2040 2487 2096 XXXIV.
2518 2070 2585 2079 —
2626 2038 2704 2093 De
2745 2037 2999 2094 Paradiso
3035 2046 3081 2091 et
3125 2038 3270 2093 tertio
3303 2037 3427 2093 calo
3467 2054 3566 2110 quo

2509 2142 2685 2203 raptus
2706 2140 2777 2187 est
2804 2130 3022 2186 Paulus.

2054 2225 2143 2281 65.
2171 2224 2369 2281 Verum
2401 2223 2503 2278 hoc
2531 2222 2657 2277 dum
2687 2222 2975 2291 quaerimus
2995 2264 3010 2288 ,
3043 2228 3096 2276 et
3120 2229 3212 2275 aut
3239 2222 3568 2291 invenimus,

1979 2325 2073 2372 aut
2114 2331 2220 2370 non
2253 2315 2578 2381 invenimus,
2610 2320 2764 2383 urget
2791 2328 2891 2367 nos
2936 2312 3208 2383 longitudo
3251 2313 3371 2368 libri
3413 2312 3571 2384 hujus

1982 2422 2102 2461 eum
2153 2404 2436 2475 aliquando
2470 2402 2809 2458 concludere.
2837 2403 3171 2472 Quapropter
3196 2402 3443 2472 quoniam
3502 2403 3572 2460 de

1979 2496 2227 2567 paradiso
2254 2510 2557 2551 sermonem
2601 2494 2963 2561 instituimus,
3007 2502 3222 2565 propter
3263 2493 3391 2550 illud
3429 2494 3571 2565 quod

1981 2587 2267 2657 Apostolus
2295 2588 2391 2651 ait,
2425 2587 2561 2641 scire
2586 2601 2646 2640 se
2666 2595 2873 2653 raptum
2902 2584 3171 2639 hominem
3201 2600 3367 2655 usque
3388 2584 3442 2639 in
3462 2590 3572 2640 ter-

1981 2680 2112 2733 tium
2139 2678 2356 2743 omium,
2388 2677 2592 2732 nescire
2615 2684 2791 2729 autem
2823 2675 2933 2729 sive
2953 2674 3004 2728 in
3031 2690 3257 2745 corpore
3282 2676 3393 2730 sive
3414 2683 3567 2731 extra

1981 2786 2174 2842 corpus
2200 2811 2215 2833 ,
2254 2778 2309 2825 et
2338 2770 2456 2840 quia
2486 2776 2668 2839 raptus
2694 2778 2775 2823 est
2804 2767 2856 2820 in
2898 2767 3196 2835 paradisum
3223 2807 3238 2833 ,
3283 2773 3340 2822 et
3374 2764 3575 2823 audivit

1982 2861 2266 2917 ineffabilia
2298 2860 2485 2926 verba,
2504 2875 2621 2929 qua:
2644 2874 2749 2913 non
2774 2858 2896 2914 licet
2921 2857 3119 2913 homini
3148 2856 3329 2927 loqui;
3359 2873 3465 2913 non
3488 2865 3571 2913 te-

1984 2968 2130 3007 nuere
2156 2952 2484 3006 aflirmamus
2502 2990 2518 3017 ,
2546 2958 2723 3005 utrum
2755 2950 2807 3003 in
2834 2950 2989 3003 tertio
3015 2950 3152 3003 cmlo
3175 2949 3242 3002 sit
3267 2946 3565 3019 paradisus,

1983 3059 2049 3098 an
2077 3044 2234 3099 etiam
2260 3044 2310 3096 in
2337 3042 2552 3096 tertium
2581 3041 2799 3108 coelum,
2827 3049 2881 3094 et
2907 3039 3028 3094 inde
3059 3054 3246 3096 rursus
3271 3041 3321 3093 in
3355 3038 3569 3109 paradi-

1984 3150 2100 3191 sum
2145 3145 2330 3207 raptus
2364 3136 2453 3190 sit.
2493 3134 2548 3191 Si
2583 3135 2723 3189 enim
2770 3134 2983 3205 proprie
3012 3133 3228 3203 quidem
3261 3147 3577 3188 nemorosus

1986 3229 2155 3296 locus,
2193 3228 2448 3282 translato
2474 3235 2654 3282 autem
2678 3227 2861 3288 verbo,
2891 3226 3067 3279 onmis
3093 3226 3252 3279 etiam
3282 3223 3578 3295 spirituaiis

1989 3323 2142 3392 quasi
2166 3323 2331 3392 regio,
2357 3321 2445 3375 ubi
2468 3321 2658 3389 animae
2679 3320 2815 3374 bene
2836 3329 2940 3383 est,
2964 3319 3154 3373 merito
3178 3318 3451 3388 paradisus
3469 3316 3578 3372 dici

1989 3420 2198 3483 potest;
2229 3427 2333 3465 non
2360 3412 2529 3465 solum
2560 3412 2771 3466 tertium
2797 3411 3013 3476 cmlum,
3037 3408 3292 3480 quidquid
3320 3408 3445 3463 illud
3467 3414 3571 3476 est,

1988 3503 2129 3574 quod
2161 3502 2400 3573 profecto
2427 3519 2672 3573 magnum
2705 3502 3108 3570 sublimiterque
3139 3501 3448 3572 praeclarum
3471 3508 3575 3568 est,

1988 3615 2175 3654 verum
2209 3601 2370 3654 etiam
2413 3598 2465 3651 in
2508 3599 2622 3667 ipso
2658 3596 2871 3650 homine
2915 3594 3094 3648 lmtitia
3136 3594 3376 3664 qumdam
3422 3593 3580 3649 bona:

1990 3688 2330 3744 conscientia:
2366 3687 2641 3754 paradisus
2660 3696 2761 3741 est.
2798 3684 2947 3741 Unde
2968 3694 3021 3739 et
3041 3683 3278 3739 Ecclesia
3306 3683 3360 3739 in
3382 3684 3578 3738 sanctis

1995 3787 2354 3848 temperanter
2380 3787 2434 3832 et
2452 3776 2595 3848 juste
2623 3787 2676 3833 et
2695 3778 2781 3848 pie
2807 3776 3106 3831 viventibus
3134 3774 3409 3846 paradisus
3428 3782 3574 3831 recte

1992 3871 2188 3927 dicitur
2211 3869 2401 3941 (Eccli.
2432 3885 2534 3935 ιι,
2562 3869 2652 3940 98)
2672 3910 2686 3934 ,
2731 3868 2936 3939 pollens
2964 3866 3232 3924 afﬂuentia
3259 3867 3577 3937 gratiarum,

1993 3963 2260 4033 castisque
2288 3962 2492 4018 deliciis
2517 3979 2530 4015 :
2555 3960 2982 4032 quandoquidem
3004 3960 3131 4015 etin
3153 3958 3582 4015 tribulationibus

1994 4055 2255 4125 gloriatur
2281 4054 2348 4110 de
2367 4054 2478 4124 ipsa
2503 4053 2751 4123 patientia
2774 4052 3057 4123 plurimum
3080 4050 3337 4121 gaudens,
3360 4050 3479 4121 quia
3495 4066 3584 4108 sc-

1995 4146 2228 4201 cundum
2259 4145 2655 4201 multitudinem
2681 4144 2922 4199 dolorum
2942 4142 2993 4197 in
3011 4141 3174 4198 corde
3189 4142 3584 4198 consolationes

2000 4238 2095 4293 Dei
2119 4237 2414 4307 jucundant
2442 4237 2676 4292 animam
2704 4236 2819 4306 ejus
2850 4235 3019 4310 (Psal.
3047 4250 3196 4302 xcnt,
3230 4234 3342 4306 i9).
3370 4233 3583 4301 Quanto

1999 4330 2170 4400 magis
2199 4344 2327 4399 ergo
2364 4338 2486 4400 post
2526 4329 2663 4382 hanc
2688 4327 2849 4380 vitam
2875 4327 3034 4382 etiam
3069 4326 3215 4382 sinus
3240 4325 3329 4382 ille
3354 4325 3584 4382 Abrahae

1997 4420 2276 4492 paradisus
2301 4420 2404 4474 dici
2426 4425 2620 4488 potest,
2652 4418 2742 4474 ubi
2762 4418 2873 4487 jam
2900 4417 3040 4472 nulla
3066 4416 3306 4485 tentatio,
3329 4417 3418 4474 ubi
3436 4426 3584 4475 tanta

2000 4513 2210 4583 requies
2241 4520 2359 4581 post
2388 4525 2577 4565 omnes
2605 4509 2818 4565 dolores
2844 4509 2965 4564 vita:
2998 4508 3192 4581 hujus?
3234 4509 3417 4580 Neque
3440 4511 3585 4569 enim

2001 4614 2056 4660 et
2078 4604 2168 4658 lux
2195 4602 2267 4658 ibi
2304 4618 2409 4657 non
2441 4610 2523 4658 est
2554 4602 2771 4673 propria
2797 4602 3040 4673 quredam
3065 4611 3119 4658 et
3144 4601 3228 4659 sui
3251 4603 3497 4675 generis,
3530 4611 3588 4659 et

2003 4693 2240 4767 profecto
2264 4708 2476 4765 magna,
2509 4709 2667 4765 quam
2694 4693 2842 4749 dives
2864 4693 2953 4749 ille
2971 4693 3040 4751 de
3060 4694 3341 4752 tormentis
3360 4704 3413 4752 et
3437 4705 3588 4752 tene-

2001 4786 2114 4843 bris
2154 4786 2447 4842 inferorum
2470 4827 2485 4849 ,
2529 4795 2636 4840 tam
2676 4785 2859 4857 utique
2892 4784 2960 4840 de
2984 4786 3295 4859 longinquo,
3323 4802 3441 4842 cum
3468 4802 3584 4841 ma-

2005 4892 2169 4948 gnum
2190 4877 2405 4932 chasma
2431 4886 2577 4931 esset
2624 4876 2677 4931 in
2706 4877 2902 4944 medio,
2939 4877 3017 4932 sic
3044 4887 3220 4933 tamen
3251 4879 3402 4941 vidit,
3430 4886 3487 4931 ut
3513 4876 3583 4931 ibi

2005 4969 2150 5023 illum
2181 4966 2447 5037 quondam
2473 4974 2834 5038 contemptum
2866 4982 3154 5037 pauperem
3181 4975 3512 5037 agnosceret.

2076 5059 2164 5115 66.
2206 5058 2334 5127 Qua:
2359 5059 2406 5113 si
2433 5059 2503 5113 ita
2530 5067 2685 5124 sunt,
2714 5058 2832 5113 idco
2853 5058 2954 5111 sub
2983 5059 3139 5113 terris
3159 5056 3407 5112 dicuntur
3431 5054 3587 5113 inferi

2005 5151 2088 5207 vel
2122 5150 2446 5216 creduntur,
2488 5150 2609 5221 quia
2647 5159 3003 5221 congruenter
3040 5150 3094 5204 in
3138 5147 3326 5219 spiritu
3353 5165 3448 5219 per
3470 5149 3589 5206 illas

2007 5243 2364 5314 corporalium
2406 5259 2584 5298 rerum
2626 5242 2998 5298 similitudines
3026 5242 3103 5296 sic
3130 5240 3586 5312 demonstrantur,

2008 5345 2067 5391 ut
2094 5336 2344 5406 quoniam
2370 5335 2740 5390 defunctorum
2765 5333 2956 5388 anima:
2978 5331 3164 5389 inferis
3186 5332 3381 5403 dignm,
3410 5334 3588 5391 carnis

2009 5442 2192 5482 amore
2219 5433 2592 5497 peccaverunt,
2617 5424 2720 5478 hoc
2743 5424 2821 5479 eis
2859 5439 2955 5494 per
2992 5421 3110 5478 illas
3131 5423 3487 5494 corporalium
3512 5427 3590 5482 si-

2011 5519 2341 5575 militudines
2370 5517 2701 5582 exhibeatur,
2732 5514 2874 5585 quod
2894 5514 2993 5586 ipsi
3014 5516 3162 5572 carni
3191 5528 3416 5575 mortuae
3434 5520 3590 5591 solet,

2016 5690 2258 5805 re;
2277 5699 2404 5743 eum.
2420 5693 2476 5739 At
2496 5696 2668 5740 omnes
2683 5686 2834 5739 nostri
2852 5693 2986 5753 rm,
3006 5701 3132 5753 eam,
3150 5690 3278 5756 quod
3300 5691 3359 5744 ad
3383 5687 3598 5755 requiem
