3902 6298
371 359 425 410 υι
446 353 546 409 sub
572 358 769 410 terram
795 355 1130 410 recondatur.
1159 357 1394 427 Denique
1423 356 1576 412 inferi
1607 375 1672 414 eo
1700 358 1839 429 quod
1869 360 1949 413 ina

366 445 442 501 fro
492 448 636 514 sint,
681 447 840 502 latine
878 449 1249 519 appellantur:
1279 450 1415 505 sicut
1437 462 1614 506 autem
1656 452 1946 508 secundum

363 553 557 611 corpus
585 545 627 596 si
651 541 898 613 ponderis
922 543 1006 597 sui
1027 543 1269 598 ordinem
1297 545 1530 611 teneant,
1553 546 1803 602 inferiora
1824 555 1950 602 sunt

365 638 538 689 omnia
571 636 842 706 graviora;
874 636 943 690 ita
964 637 1256 692 secundum
1283 639 1522 709 Spiritum
1553 637 1802 694 inferiora
1825 647 1948 697 sunt

360 729 537 782 onmia
565 727 800 782 tristiora
828 745 842 782 :
877 727 1016 783 unde
1041 737 1094 783 ct
1120 730 1171 783 in
1195 745 1369 800 graeca
1398 731 1571 801 lingua
1598 732 1748 802 origo
1769 733 1945 786 nomi-

361 819 444 874 nis
473 825 580 889 quo
607 818 942 890 appellantur
969 820 1144 886 inferi,
1172 835 1237 876 ex
1259 837 1324 876 eo
1343 824 1484 893 quod
1515 824 1644 878 nihil
1671 837 1833 880 suave
1853 825 1948 879 had

359 910 552 973 beant,
582 925 836 966 resonare
866 911 1192 980 perhibetur.
1224 912 1336 968 Nec
1363 916 1535 984 ipsam
1563 925 1740 972 tamen
1766 931 1944 972 rerum

359 1015 564 1074 partem
608 1013 788 1059 noster
835 1006 1078 1060 Salvator
1117 1015 1359 1061 mortuus
1403 1020 1499 1078 pro
1541 1009 1696 1064 nobis
1732 1009 1946 1064 visitare

359 1098 703 1166 contempsit,
733 1107 790 1152 ut
817 1097 938 1152 inde
963 1099 1200 1154 solveret
1222 1112 1357 1169 quos
1390 1109 1510 1155 esse
1540 1102 1824 1158 solvendus
1853 1117 1944 1158 se-

358 1191 589 1245 cundum
617 1191 848 1245 divinam
879 1200 1248 1261 secretamque
1272 1192 1531 1262 justitiam
1562 1195 1807 1264 ignorare
1835 1207 1943 1249 non

358 1285 546 1352 potuit.
590 1283 928 1352 Quapropter
967 1285 1158 1338 animus
1204 1285 1348 1338 illius
1389 1285 1613 1339 latronis
1652 1285 1737 1341 cui
1786 1287 1939 1355 dixit,

358 1373 528 1429 Hodie
565 1387 758 1428 uterum
795 1377 893 1428 eris
928 1374 981 1427 in
1022 1376 1258 1444 paradiso
1289 1375 1438 1443 (Luc.
1473 1390 1606 1430 χχιιι
1631 1415 1646 1442 ,
1677 1377 1802 1446 45),
1835 1391 1942 1430 non

361 1469 538 1537 utique
563 1468 763 1522 inferos
792 1469 1056 1537 praestitit,
1105 1470 1190 1522 ubi
1220 1484 1389 1537 pmntc
1415 1480 1538 1525 sunt
1563 1481 1897 1539 peccatorum
1926 1489 1939 1526 :

353 1561 445 1615 sed
473 1569 561 1614 aut
583 1561 723 1613 illam
743 1560 977 1629 requiem
1002 1560 1150 1614 sinus
1169 1561 1426 1624 Abrahae;
1455 1577 1561 1616 non
1585 1563 1726 1617 enim
1745 1563 1940 1618 alicubi

353 1667 456 1706 non
485 1651 848 1716 estChristus,
873 1661 991 1704 cum
1018 1652 1128 1719 ipse
1154 1653 1221 1704 sit
1247 1651 1519 1721 Sapientia
1556 1653 1646 1706 Dci
1677 1654 1943 1722 attingens

351 1745 548 1815 ubique
586 1751 804 1814 propter
845 1756 994 1800 suam
1038 1743 1351 1798 munditiam
1381 1744 1536 1814 (Sap.
1568 1755 1662 1806 vn,
1695 1744 1816 1816 ill);
1850 1753 1943 1798 aut

352 1834 502 1889 illum
530 1834 855 1904 paradisum,
884 1834 995 1888 sive
1022 1833 1073 1887 in
1104 1835 1258 1888 tertio
1285 1834 1441 1898 cmlo,
1484 1835 1595 1889 sive
1619 1835 1941 1904 ubicumque

349 1927 474 1982 alibi
505 1936 606 1992 est,
640 1943 746 1997 quo
775 1937 892 1997 post
920 1927 1134 1981 tertium
1162 1928 1355 1982 omium
1379 1935 1461 1983 cst
1491 1938 1674 1998 raptus
1705 1931 1940 1999 Apostoa-

350 2019 433 2074 ius
461 2036 476 2073 :
507 2019 552 2072 si
580 2029 754 2073 tamen
786 2033 888 2072 non
915 2018 1114 2088 aliquid
1145 2033 1305 2073 unum
1339 2028 1420 2073 cst
1447 2019 1675 2075 diversis
1707 2021 1937 2076 nomini-

350 2111 449 2165 bus
480 2111 822 2181 appellatum,
857 2110 943 2164 ubi
971 2117 1094 2164 sunt
1118 2112 1308 2164 anima:
1330 2111 1624 2166 beatorum.

421 2200 509 2254 67.
552 2199 608 2256 Si
650 2213 778 2270 ergo
819 2201 1016 2254 ctelnm
1055 2201 1279 2270 primum
1327 2212 1472 2258 recte
1514 2205 1802 2276 accipimus
1836 2203 1939 2261 hoc

352 2299 514 2345 omne
541 2299 856 2360 corporeum
883 2294 1116 2361 generali
1148 2293 1365 2348 nomine
1392 2291 1643 2365 quidquid
1673 2305 1753 2351 est
1777 2311 1939 2368 super

351 2393 515 2452 aquas
557 2390 611 2440 et
653 2392 882 2448 terram;
933 2385 1226 2439 secundum
1253 2394 1465 2454 autem,
1509 2388 1562 2441 in
1594 2389 1938 2444 similitudine

350 2476 616 2545 corporali
645 2475 784 2546 quod
815 2477 1002 2546 spiritu
1033 2478 1288 2543 cernitur,
1317 2478 1455 2532 sicut
1482 2479 1607 2533 illud
1644 2481 1782 2536 unde
1816 2482 1933 2534 ani.

348 2567 572 2621 molibus
595 2567 781 2638 plenus
812 2567 862 2620 in
888 2568 1078 2622 ecstasi
1103 2569 1261 2622 Petro
1289 2567 1467 2623 discus
1508 2570 1594 2624 ille
1635 2572 1934 2628 submissus

345 2667 427 2716 est
457 2657 596 2734 (Act.
632 2673 670 2715 ι
692 2702 706 2725 ,
737 2659 958 2730 ιοοη);
988 2662 1198 2716 tertium
1247 2673 1377 2716 vero
1395 2705 1409 2729 ,
1433 2664 1574 2733 quod
1601 2673 1778 2721 mente
1802 2679 1933 2722 con-

353 2751 576 2822 spicitur
612 2750 684 2805 ita
725 2759 924 2806 secreta
965 2759 1019 2806 et
1056 2759 1257 2808 remota
1300 2762 1354 2807 et
1391 2754 1609 2809 omnino
1655 2758 1870 2827 abrepta
1903 2769 1933 2812 a

347 2846 590 2900 sensibtls
616 2844 792 2899 carnis
821 2853 976 2914 atque
1001 2846 1270 2912 mundata,
1298 2855 1438 2902 utea
1455 2857 1574 2919 quin
1600 2851 1651 2904 in
1679 2850 1772 2904 illo
1793 2851 1934 2907 coelo

346 2943 488 3001 sunt,
521 2941 574 2990 et
605 2934 772 3005 ipsam
817 2936 910 2991 Dei
949 2937 1336 3002 substantiam,
1382 2939 1726 3010 Verbumquc
1767 2944 1931 2998 Deum

347 3037 444 3097 per
464 3027 604 3098 quod
626 3027 759 3082 facta
790 3034 915 3083 sunt
943 3029 1139 3093 omnia,
1167 3029 1217 3083 in
1245 3030 1501 3086 charitate
1517 3031 1744 3102 Spiritus
1759 3033 1933 3090 sancti

341 3119 683 3175 ineiiahiiiter
702 3120 876 3175 valeat
901 3119 1082 3175 videre
1111 3129 1164 3178 et
1189 3121 1370 3176 audire
1397 3133 1408 3175 ε
1434 3138 1541 3177 non
1572 3125 1931 3196 incongruen-

342 3213 424 3266 ter
441 3211 782 3278 arbitramur,
803 3221 856 3266 et
879 3212 1000 3265 illuc
1017 3225 1136 3267 esse
1156 3214 1195 3266 A
1209 3211 1472 3282 poetolum
1491 3223 1697 3285 raptum
1716 3217 1785 3288 (il
1809 3218 1926 3273 Cor.

349 3315 442 3370 nt,
468 3302 608 3375 Ἡ),
633 3309 684 3358 et
708 3305 777 3358 ibi
810 3302 1049 3359 liirtassis
1077 3315 1196 3360 esse
1217 3307 1519 3375 paradisum
1540 3309 1789 3365 omnibus
1818 3323 1932 3364 mea

343 3397 553 3464 liorem,
581 3407 635 3452 et
658 3397 706 3451 si
733 3397 837 3452 dici
863 3405 1093 3467 Oportet,
1125 3398 1426 3469 paradisum
1453 3402 1837 3470 paradisurum.
1871 3404 1930 3459 Si

343 3490 487 3544 enim
515 3490 708 3545 animo:
737 3489 891 3545 bona:
926 3491 1104 3545 laetitia
1143 3491 1193 3545 in
1234 3494 1391 3548 rebus
1418 3493 1569 3548 bonis
1594 3503 1676 3549 est
1702 3495 1755 3550 in
1785 3497 1931 3551 omni

343 3592 606 3648 creatura,
635 3582 760 3654 quid
787 3597 847 3639 ea
870 3584 1048 3638 lmtitia
1071 3588 1406 3655 prmstantius
1427 3603 1544 3658 qua:
1566 3589 1618 3643 in
1639 3585 1812 3645 Verbo
1834 3589 1931 3646 Dei

337 3681 418 3733 est
440 3685 534 3747 per
559 3675 700 3747 quod
725 3674 859 3730 facta
889 3686 1013 3731 sunt
1040 3678 1216 3732 omnia
1241 3676 1264 3730 ?

337 3765 420 3824 CA
432 3767 560 3824 PUT
588 3765 808 3821 XXXV.
827 3789 898 3806 -ιι
927 3765 1244 3822 Resurrectio
1273 3781 1542 3838 corporum
1567 3772 1635 3825 ad
1654 3773 1929 3844 perfectam

585 3858 942 3913 beatitudinem
973 3862 1157 3914 anima:
1181 3877 1271 3913 cur
1292 3862 1356 3916 sit
1379 3864 1678 3921 necessaria.

408 3946 497 4006 68.
537 3947 642 4006 Sed
673 3951 716 4005 si
744 3965 900 4019 quem
927 3957 1123 4016 movet,
1147 3951 1272 4021 quid
1299 3967 1432 4022 opus
1458 3955 1811 4024 sitspiritibus
1837 3960 1932 4017 de-

339 4040 636 4095 tunctorum
676 4049 902 4111 corpora
942 4057 1036 4096 Sila
1082 4042 1134 4096 in
1177 4044 1567 4101 resurrectione
1591 4049 1851 4120 recipere,
1883 4053 1928 4107 si

340 4139 514 4204 petest
537 4133 614 4187 eis
641 4133 801 4188 etiam
830 4133 943 4189 sine
971 4133 1284 4204 corporibus
1313 4149 1516 4191 summa
1540 4137 1625 4193 illa
1655 4139 1930 4199 beatitudo

337 4224 597 4297 praeberi;
627 4223 896 4308 difﬁcilim
915 4225 1128 4297 quidem
1156 4229 1381 4300 qurcstio
1407 4233 1508 4298 est,
1542 4241 1697 4302 quam
1725 4239 1781 4290 ut
1800 4249 1927 4308 per-

335 4314 473 4374 fecte
505 4305 671 4388 possit
717 4317 818 4372 hoc
857 4333 1103 4375 sermone
1135 4319 1270 4375 finiri
1302 4339 1316 4375 :
1347 4323 1441 4378 sed
1489 4329 1663 4380 tamen
1708 4305 1929 4384 minime

334 4407 680 4465 dubitandum
709 4417 811 4477 est,
837 4418 891 4465 ct
917 4420 1121 4482 raptam
1152 4413 1384 4470 hominis
1409 4429 1437 4470 a
1465 4418 1642 4472 carnis
1682 4417 1928 4477 sensibus

334 4510 590 4569 mentem,
635 4513 690 4559 et
734 4511 853 4574 post
897 4516 1121 4561 mortem
1161 4505 1271 4577 ipsa
1299 4519 1457 4567 carne
1485 4511 1744 4582 deposita,
1776 4518 1927 4572 tran-

335 4596 539 4650 sCensis
564 4596 721 4650 etiam
740 4596 1174 4652 similitudinibus
1200 4603 1572 4670 corporalium,
1606 4617 1712 4661 non
1743 4605 1820 4663 sic
1849 4607 1928 4664 vi-

334 4689 462 4744 dere
508 4697 664 4758 posse
707 4689 1188 4746 incommutabilem
1228 4689 1608 4764 substantiam,
1653 4705 1709 4753 ut
1755 4701 1927 4757 sancti

333 4777 523 4851 Angcli
555 4779 768 4845 vident;
800 4777 1058 4835 sive'alia
1105 4781 1384 4841 latcntiore
1427 4801 1605 4853 causa,
1652 4791 1764 4846 sive
1805 4789 1924 4848 ideo

331 4873 452 4943 quia
479 4871 618 4927 incst
647 4873 694 4927 ei
723 4873 978 4928 naturalis
1004 4875 1214 4944 quidam
1246 4880 1509 4948 appetitus
1535 4891 1727 4953 corpus
1757 4877 1926 4940 admit

331 4965 626 5031 nistrandi;
671 4982 776 5037 quo
824 4968 1060 5037 appetitu
1102 4970 1398 5026 retardatur
1435 4974 1826 5045 quodammodo
1854 4987 1925 5036 ne

331 5065 439 5110 tota
460 5054 754 5113 intentione
772 5068 955 5129 pergat
981 5060 1030 5113 in
1054 5059 1182 5115 illud
1203 5073 1465 5118 summum
1492 5068 1704 5135 coelum,
1735 5087 1924 5141 quam-

332 5147 423 5203 diu
456 5165 559 5204 non
593 5149 774 5206 subest
801 5160 996 5222 corpus
1020 5195 1033 5217 ,
1073 5153 1226 5223 cuius
1253 5155 1711 5216 administratione
1753 5177 1922 5233 appe-

332 5241 463 5296 titus
489 5241 579 5298 ille
604 5245 965 5314 conquiescat.
996 5237 1162 5302 Porro
1189 5255 1364 5303 autem
1398 5249 1441 5304 si
1484 5252 1585 5306 tale
1609 5253 1680 5308 sit
1706 5268 1916 5327 corpus,

330 5333 483 5406 cujus
525 5336 592 5392 sit
625 5333 858 5393 dimcilis
893 5345 947 5395 et
987 5337 1161 5412 gravis
1196 5339 1605 5413 administratio,
1634 5347 1770 5405 sicut
1807 5349 1922 5408 lucc

333 5443 458 5484 caro
484 5441 601 5500 quae
632 5434 1008 5502 corrumpitur,
1037 5445 1090 5490 et
1115 5443 1364 5507 aggravat
1387 5437 1617 5497 animam
1652 5433 1818 5518 (Sep.
1844 5462 1917 5517 ix,

335 5519 463 5591 15),
517 5519 584 5580 de
610 5527 896 5596 propagine
947 5530 1385 5599 transgressionis
1437 5533 1700 5604 existens,
1753 5537 1920 5594 multo

332 5615 503 5684 magis
521 5617 777 5672 avertitur
801 5633 951 5674 mens
975 5618 1043 5673 ab
1064 5621 1149 5678 illa
1172 5622 1374 5681 visione
1395 5627 1588 5688 summi
1604 5630 1758 5687 cali:
1780 5632 1920 5687 unde

335 5707 643 5762 necessario
667 5707 969 5778 abripicnda
989 5721 1100 5766 erat
1120 5713 1187 5768 ab
1207 5714 1443 5785 ejusdem
1461 5723 1636 5780 carnis
1652 5725 1915 5794 sensibus,

938 236 1027 294 DE
1064 238 1316 296 GENESl
1354 241 1445 294 AD
1484 240 1852 308 LITTERAM,
1890 240 1948 296 Β.
1990 235 2357 295 AUCUSTINI
2394 237 2591 293 LIBER
2631 233 3076 294 DUODECIMUS.

3544 243 3650 299 484

2058 365 2115 412 ιιι
2154 358 2221 422 ei,
2271 357 2536 428 quomodo
2582 367 2776 429 capere
2825 368 3024 430 posset,
3074 358 3200 416 illud
3250 360 3644 419 ostenderetur.

2057 448 2286 504 Proinde
2329 465 2449 504 cum
2488 449 2588 506 hoc
2627 466 2821 519 corpus
2858 453 2966 520 jam
2999 466 3102 508 non
3135 452 3386 518 animale,
3415 453 3509 508 sed
3551 470 3649 525 per

2057 539 2288 596 futuram
2319 543 2785 599 commutationem
2821 542 3098 612 spirituale
3131 546 3394 614 receperit
3430 545 3650 616 Angelis

2053 641 2346 702 coaequato,
2394 633 2688 704 perfectum
2737 633 2952 690 habebit
2995 643 3198 690 natura:
3240 649 3350 691 suae
3395 636 3649 704 modum,

2056 723 2312 779 obedienc
2352 732 2409 780 et
2453 725 2740 795 imperans,
2796 723 3057 780 viviticata
3105 733 3160 782 et
3203 726 3496 793 vivificaris,
3543 738 3690 783 tam'

2055 815 2306 869 inell‘abili
2340 815 2612 881 facilitate,
2639 824 2696 870 ut
2728 815 2797 870 sit
2823 816 2872 870 ei
2899 816 3078 885 gloria:
3107 815 3248 885 quod
3271 819 3496 873 sarcina:
3523 817 3646 874 fuit.

2053 907 2280 964 CAPUT
2314 907 2552 963 XXXVI.
2591 936 2658 948 -—
2708 906 2832 963 Tria
2875 908 3119 963 uisionum
3171 925 3358 982 genera
3397 912 3650 980 quomodo

2645 1009 2790 1053 erunt
2813 1000 2864 1054 in
2891 999 3063 1054 beatis.

2122 1089 2211 1146 69.
2253 1089 2509 1146 Nimirum
2548 1090 2688 1144 enim
2742 1097 2900 1144 erunt
2936 1099 2988 1146 et
3031 1100 3157 1146 tunc
3185 1091 3284 1147 ista
3325 1092 3422 1150 tria
3451 1107 3650 1164 genera

2051 1181 2312 1236 visionum
2337 1223 2352 1246 ,
2392 1181 2487 1236 sed
2532 1181 2672 1236 nulla
2700 1180 2925 1236 falsitate
2962 1182 3101 1236 aliud
3131 1197 3227 1252 pro
3249 1183 3352 1237 alio
3383 1185 3647 1254 approba-

2051 1272 2226 1338 bitur,
2258 1287 2356 1328 nec
2399 1273 2450 1326 in
2495 1273 2886 1342 corporalibus,
2928 1289 3027 1328 nec
3072 1274 3122 1328 in
3169 1271 3530 1344 Spiritualibus
3563 1277 3647 1330 vi-

2049 1364 2158 1429 sis;
2208 1366 2378 1421 multe
2431 1365 2603 1422 minus
2656 1372 2705 1420 in
2759 1366 3249 1434 intellectualibus,
3313 1369 3506 1439 quibus
3572 1370 3645 1426 ita

2050 1457 2382 1525 praesentalis
2425 1466 2479 1512 et
2505 1458 2798 1528 perspicuis
2819 1461 3122 1530 perfruetur
3145 1461 3160 1490 ¹
3194 1468 3252 1516 ιιι
3289 1461 3442 1531 longe
3467 1463 3642 1519 mino-

2048 1562 2109 1602 re
2149 1549 2412 1603 evidentia
2453 1564 2592 1604 nunc
2631 1551 2786 1623 nobis
2826 1551 3102 1622 adjaceant
3138 1551 3252 1606 istte
3286 1554 3489 1624 species
3517 1570 3643 1609 cor-

2049 1639 2290 1706 porales,
2321 1655 2452 1710 quas
2493 1655 2654 1696 sensu
2697 1642 2872 1696 carnis
2909 1642 3249 1712 attingimus,
3297 1653 3351 1698 et
3383 1645 3459 1700 eis
3493 1646 3645 1702 multi

2060 1730 2130 1784 ita
2160 1739 2284 1784 sunt
2310 1731 2492 1795 dediti,
2527 1739 2585 1786 ut
2612 1731 2754 1786 solas
2781 1746 2902 1788 esse
2929 1733 3271 1799 arbitrentur,
3308 1745 3360 1788 et
3390 1727 3644 1806 quidquid

2049 1819 2153 1875 tale
2177 1836 2280 1874 non
2304 1830 2406 1887 est,
2434 1831 2620 1891 putent
2643 1823 2859 1876 omnino
2877 1838 2980 1877 non
3003 1837 3145 1878 esse.
3163 1823 3442 1892 Sapientes
3462 1836 3642 1882 autem

2054 1910 2124 1964 ita
2152 1920 2277 1964 sunt
2306 1911 2356 1966 in
2385 1911 2466 1964 his
2493 1909 2856 1984 Corporalibns
2891 1913 3038 1978 visis,
3069 1921 3123 1968 ut
3151 1916 3391 1983 quamvis
3418 1930 3476 1969 ca
3511 1933 3648 1985 prur-

2049 2001 2284 2055 sentiora
2312 2001 2628 2066 videantur,
2671 2001 2926 2058 certiores
2955 2003 3059 2058 sint
3091 2014 3264 2060 tamen
3306 2006 3356 2059 in
3389 2007 3490 2062 illis
3524 2024 3646 2078 qua:

2055 2099 2252 2162 praeter
2273 2095 2513 2162 corporis
2539 2094 2767 2164 speciem
2811 2104 3106 2165 przetcrqnc
3133 2101 3373 2168 corporis
3397 2099 3646 2154 similitu-

2045 2185 2223 2239 dinem
2249 2181 2592 2255 int‘elligcndo
2618 2196 2903 2259 utcumque
2933 2188 3289 2258 perspiciunt;
3322 2190 3562 2260 quamvis
3581 2207 3645 2246 ea

2046 2292 2150 2332 non
2183 2279 2398 2334 valeant
2424 2280 2493 2334 ita
2537 2289 2715 2336 mente
2744 2282 3074 2351 conspicere,
3108 2292 3164 2338 ut
3194 2285 3305 2340 lucc
3339 2300 3496 2340 sensu
3521 2301 3644 2342 cor-

2049 2369 2193 2437 poris
2217 2370 2507 2425 intuentur.
2531 2372 2712 2428 Sancti
2742 2388 2869 2428 vero
2890 2374 3075 2443 Angcli
3097 2382 3150 2430 et
3170 2374 3254 2430 his
3273 2378 3645 2445 corporalibus

2037 2463 2344 2532 judicandis
2369 2474 2525 2535 atque
2547 2465 2982 2523 administrandis
3008 2478 3262 2536 praesunt,
3294 2485 3392 2525 nec
3413 2471 3490 2526 eis
3527 2480 3646 2528 tan-

2043 2573 2200 2626 quam
2225 2559 2654 2626 praesentioribus
2679 2559 2988 2614 familiarius
3006 2561 3326 2616 inclinantur
3347 2579 3362 2629 ;
3385 2571 3643 2620 eteorum

2042 2647 2416 2716 signiﬁcativas
2451 2649 2824 2705 similitudines
2868 2651 2919 2704 in
2954 2651 3141 2719 spiritu
3179 2653 3249 2708 ita
3299 2654 3640 2724 discernunt,

2041 2748 2095 2790 et
2125 2747 2268 2792 tanta
2313 2740 2546 2808 potentia
2577 2741 2968 2811 quodammodo
3006 2751 3264 2808 tractant,
3300 2756 3356 2802 ut
3383 2762 3476 2802 eas
3513 2764 3644 2819 pos-

2045 2828 2152 2881 sint
2181 2829 2338 2883 ctiam
2370 2829 2643 2886 hominum
2681 2833 2955 2903 spiritibus
2983 2836 3271 2892 revelando
3300 2839 3557 2906 miscere;
3587 2847 3646 2898 et

2041 2919 2182 2973 illam
2222 2921 2704 2978 incommutabilem
2732 2925 3082 2981 snbstantiam
3108 2930 3373 2984 Creatoris
3410 2929 3479 2986 ita
3511 2947 3643 2988 con-

2040 3009 2350 3079 s'piciunt,ut
2365 3013 2569 3068 visione
2583 3022 2740 3085 atque
2757 3030 2938 3071 amore
2955 3025 3007 3070 et
3020 3033 3134 3072 eam
3151 3032 3460 3090 praeponam
3474 3025 3645 3079 omni-

2040 3101 2160 3164 bus,
2183 3111 2237 3157 et
2253 3103 2544 3158 secundum
2566 3119 2680 3158 eam
2704 3104 2942 3176 judicent
2964 3107 3031 3164 de
3051 3110 3316 3178 omnibus,
3355 3120 3410 3166 ct
3438 3113 3488 3167 in
3517 3122 3641 3169 eam

2039 3191 2332 3264 dirigantur
2349 3203 2406 3248 ut
2422 3203 2664 3266 agantur,
2683 3207 2737 3252 et
2760 3213 2827 3254 ex
2851 3213 2913 3253 ea
2929 3199 3157 3270 dirigant
3173 3201 3427 3273 quidquid
3447 3213 3638 3273 agunt.

2040 3281 2277 3353 Denique
2305 3286 2548 3353 quamvis
2585 3287 2805 3357 abrepto
2842 3288 3097 3357 Apostolo
3123 3306 3152 3345 a
3183 3293 3356 3347 carnis
3392 3294 3645 3352 sensibus

2039 3371 2093 3426 in
2118 3374 2328 3428 tertium
2350 3375 2545 3430 oculum
2568 3385 2621 3432 et
2641 3377 2965 3447 paradisum,
2991 3379 3092 3436 hoc
3115 3381 3284 3450 ipsum
3306 3394 3449 3439 certe
3469 3383 3643 3442 defuit

2038 3463 2104 3517 ad
2131 3465 2337 3533 plenam
2365 3466 2759 3538 perfectamque
2779 3470 3130 3540 cognitionem
3160 3488 3357 3540 rerum,
3382 3490 3500 3546 quae
3525 3478 3638 3532 An-

2037 3555 2171 3623 gelis
2217 3557 2394 3620 inest,
2438 3558 2578 3628 quod
2609 3559 2718 3613 sive
2758 3560 2809 3613 in
2849 3575 3075 3631 corpore
3113 3562 3226 3618 sive
3255 3567 3408 3620 extra
3439 3581 3638 3636 corpus

2038 3654 2201 3712 esset,
2231 3648 2522 3704 nesciebat.
2558 3649 2670 3706 lloc
2692 3653 2874 3721 utique
2905 3669 3010 3707 non
3033 3654 3222 3722 deerit,
3249 3672 3369 3712 cum
3398 3660 3633 3728 receptis

2039 3742 2356 3810 corporibus
2401 3743 2452 3796 in
2498 3746 2884 3800 resurrectione
2914 3756 3244 3810 mortuorum
3287 3751 3637 3821 corruptibile

2038 3829 2140 3886 hoc
2168 3831 2413 3888 inductnr
2439 3834 2864 3906 incorruptione,
2896 3847 2950 3891 ct
2990 3839 3212 3894 mortale
3243 3840 3344 3896 hoc
3383 3839 3637 3898 induetur

2038 3924 2435 3981 immortalitate
2461 3925 2515 3997 (Ι
2541 3924 2658 3981 Cor.
2695 3944 2788 3989 xv,
2819 3926 2946 4000 55).
2978 3928 3164 3985 Omnia
3191 3931 3333 3986 enim
3362 3933 3630 3991 evidentia

2037 4026 2195 4072 erunt
2223 4017 2338 4071 sine
2365 4017 2470 4072 ulla
2501 4016 2750 4085 falsitate,
2783 4021 2895 4074 sine
2921 4015 3023 4074 ulla
3057 4022 3370 4091 ignorantia,
3400 4025 3510 4079 suis
3537 4040 3634 4080 or-

2041 4107 2256 4167 diuibus
2281 4108 2564 4164 distributa
2592 4119 2647 4166 et
2671 4112 2965 4180 corporalia
2994 4122 3048 4168 ct
3075 4114 3367 4186 spiritualia
3393 4127 3445 4174 ct
3471 4117 3635 4174 intel-

2037 4201 2306 4268 lectualis,
2338 4204 2389 4256 in
2420 4211 2604 4258 natura
2636 4203 2839 4275 integra
2869 4217 2923 4260 et
2948 4205 3199 4262 beatitate
3226 4207 3478 4278 perfecta.

2069 4292 2294 4349 CAPUT
2320 4291 2584 4348 XXXV”.
2607 4324 2678 4334 —
2714 4295 2976 4351 Sententia
3001 4298 3336 4367 quorumdam
3356 4300 3424 4356 de
3444 4302 3586 4357 tertio

2751 4387 2894 4443 cwlo.

2107 4477 2194 4532 70.
2233 4476 2354 4532 Scio
2382 4477 2594 4548 quidem
2635 4479 2917 4534 nonnullos
2959 4495 3144 4536 eorum
3193 4484 3280 4553 qui
3321 4475 3628 4556 Scriptura:

2034 4577 2247 4624 sanctas
2274 4577 2400 4625 ante
2425 4585 2525 4624 nos
2548 4571 2602 4625 in
2630 4571 2732 4628 fide
2752 4572 3011 4628 catholica
3038 4583 3292 4634 tractasse
3315 4577 3620 4650 laudantur,

2032 4662 2193 4718 etiam
2217 4661 2296 4718 sic
2322 4664 2634 4734 exposuisse
2662 4664 2802 4734 quod
2829 4665 2903 4720 ait
2925 4668 3231 4737 Apostolus,
3266 4671 3476 4727 tertium
3501 4687 3623 4731 cce-

2033 4753 2141 4808 lnm
2167 4795 2184 4821 ,
2228 4761 2284 4810 ut
2305 4755 2598 4828 corporalis
2623 4766 2678 4812 et
2704 4757 2944 4818 animalis
2982 4767 3035 4814 ei.
3075 4761 3360 4830 Spiritnalis
3389 4764 3622 4824 hominis

2035 4843 2120 4900 hie
2147 4844 2478 4901 diil‘erentias
2505 4847 2672 4918 accipi
2703 4847 2916 4914 vellent,
2942 4860 3097 4921 atque
3121 4851 3186 4908 ad
3215 4845 3344 4908 illud
3376 4854 3622 4928 incorpo-

2034 4951 2248 4992 rearum
2270 4953 2450 4994 rerum
2477 4954 2646 5010 genus
2665 4941 2946 4998 excellenti
2973 4943 3234 5000 evidentia
3262 4950 3621 5020 contemptam

2033 5029 2159 5083 dum
2190 5045 2309 5085 esse
2335 5030 2646 5101 Apostolum
2680 5045 2886 5103 raptum
2919 5054 2932 5090 :
2961 5035 3100 5107 quod
3147 5053 3315 5110 genus
3359 5041 3514 5095 etiam
3559 5033 3616 5096 in

2031 5121 2132 5176 hac
2147 5121 2254 5176 vita
2266 5121 2565 5192 spirituales
2586 5122 2829 5181 homines
2846 5142 2952 5196 pra:
2973 5129 3178 5183 caeteris
3195 5129 3353 5186 rebus
3369 5131 3608 5202 diligunt,

2030 5227 2200 5282 coque
2224 5212 2421 5284 perfrui
2449 5216 2848 5286 ctmcupiscunt.
2877 5217 2989 5288 Ego
3018 5228 3191 5274 autem
3215 5235 3309 5276 our
3337 5215 3612 5278 maluerint

2026 5305 2304 5376 spirituale
2346 5315 2400 5360 et
2448 5306 2802 5366 intellectuale
2848 5309 3056 5374 dicere,
3099 5313 3239 5382 quod
3282 5314 3356 5369 illi
3391 5311 3614 5372 fortasse

2027 5396 2258 5452 animale
2285 5406 2340 5454 et
2379 5399 2653 5470 spirituale
2681 5400 2960 5467 dixerunt,
3000 5411 3058 5458 ut
3084 5407 3387 5462 earut‘ndem
3432 5424 3612 5464 rerum

2031 5489 2132 5543 alia
2160 5491 2525 5546 tantummodo
2554 5494 2765 5549 nonuina
2791 5510 3066 5566 ponerem,
3092 5496 3200 5566 jam
3233 5499 3282 5553 in
3310 5501 3494 5571 primis
3514 5498 3614 5555 hu-

2026 5583 2114 5651 jus
2134 5583 2256 5638 libri
2281 5585 2626 5654 psrtilrusm
2651 5585 2963 5643 disseruisse
2987 5589 3272 5646 suffecerit.
3294 5592 3422 5657 Qum
3441 5594 3486 5648 si
3513 5593 3616 5650 rite

2099 5740 2112 5771 ί
2140 5739 2274 5799 Fditi,
2297 5739 2586 5802 perfruetur.
2614 5751 2668 5794 At
2690 5750 2794 5794 Mss.
2815 5755 3003 5808 Otones,
