3902 6360
298 384 429 447 κιετ
1095 383 1104 391 ’
1140 376 1576 437 LOCUTIONUM
1614 378 1673 433 S.
1714 371 2075 432 AUGUSTINI
2116 369 2182 428 IN
2221 366 2784 429 HEPTATEUCHUM
3494 363 3599 425 488

329 499 512 559 nescio
534 506 713 555 utrum
740 493 1022 551 locutionis
1047 492 1138 559 sit,
1163 500 1218 548 et
1244 508 1350 547 non
1380 492 1546 564 magis
1566 497 1770 545 certum
1792 502 1905 541 sen-

329 611 449 653 sum
477 596 711 665 aliquem
738 590 989 646 insinuet.

406 687 506 760 [lb.
539 683 650 758 l6.]
678 682 827 752 Quod
852 681 1049 736 habent
1068 679 1215 735 latini
1244 676 1476 743 codices,
1504 675 1589 731 Ea:
1615 674 1751 729 omni
1776 673 1912 743 ligno

331 778 465 850 quod
492 785 564 831 est
583 776 636 829 in
657 773 918 847 paradiso,
942 786 1068 824 escis
1090 770 1206 823 edes
1229 784 1247 823 :
1278 784 1406 835 non,
1426 767 1481 820 in
1503 765 1739 837 paradiso
1764 778 1911 827 escw,

333 866 762 939 distinguendum
783 874 898 926 est;
931 861 1043 927 sed,
1066 875 1192 915 escte
1211 861 1325 913 edes
1349 874 1367 912 :
1389 874 1508 912 nam
1540 874 1651 911 esca
1678 857 1790 923 edes
1810 852 1914 909 dici

335 961 566 1017 admittit
598 960 756 1014 latina
782 955 998 1019 locutio,
1029 954 1276 1024 quoniam
1307 967 1402 1021 pro
1425 949 1604 1004 dativo
1630 963 1756 1004 casu
1784 960 1919 1016 grte-

335 1069 421 1119 co,
446 1052 733 1107 ablativqu
751 1047 834 1102 vel
857 1062 1014 1116 quem
1038 1043 1308 1114 appellant
1326 1043 1630 1112 septimum,
1656 1040 1705 1092 iu
1729 1036 1915 1105 hujus-

335 1144 480 1200 modi
504 1139 858 1197 locutionibus
884 1137 1060 1190 solent
1086 1149 1303 1204 ponere.
1331 1135 1433 1187 Aut
1452 1138 1598 1186 certe
1634 1129 1767 1184 ordo
1795 1141 1918 1181 vcr-

337 1236 529 1291 borum
557 1241 658 1298 est,
689 1229 773 1285 Ea:
801 1229 937 1282 omni
963 1228 1101 1298 ligno
1122 1240 1267 1279 escis.

412 1328 507 1402 [lb.
543 1344 622 1391 ιιι,
651 1323 727 1397 1.]
757 1324 975 1393 Serpens
1002 1328 1108 1374 erat
1142 1317 1557 1388 prudentissimus
1585 1312 1808 1367 omnium
1833 1309 1921 1365 be-

339 1424 570 1487 stiarum,
602 1417 743 1489 quod
773 1414 925 1470 multi
953 1413 1101 1466 latini
1131 1410 1363 1475 habent;
1390 1410 1443 1463 in
1473 1419 1649 1478 gratco
1667 1403 1923 1473 scriptum

341 1524 423 1570 est
450 1520 793 1584 φρονιμώτατος
825 1509 865 1574 ⁸,
897 1522 1000 1563 non
1030 1513 1303 1577 σοφότατος.

418 1582 520 1675 [lb.
553 1599 630 1672 7.]
648 1598 802 1667 Quod
832 1596 1086 1666 scriptum
1114 1601 1197 1646 est
1222 1592 1290 1645 de
1317 1588 1486 1644 Adam
1515 1596 1568 1641 et
1596 1585 1725 1651 Eva,
1752 1582 1928 1654 Aperti

341 1705 461 1751 sunt
482 1692 618 1748 oculi
635 1706 829 1755 eorum;
849 1704 967 1744 cum
986 1684 1215 1741 absurde
1234 1682 1479 1737 credatur
1497 1694 1590 1735 eos
1612 1679 1662 1732 in
1686 1675 1930 1747 paradiso

345 1802 537 1852 caecos,
584 1785 669 1840 vel
708 1784 877 1839 oculis
916 1778 1109 1835 clausis
1140 1778 1285 1848 prius
1311 1777 1614 1837 oberrasse,
1649 1769 1932 1826 locutionis

346 1889 449 1948 est,
476 1894 578 1950 qua
608 1879 768 1934 etiam
796 1876 864 1930 de
888 1876 1032 1944 Agar
1057 1873 1313 1941 scriptum
1353 1876 1464 1933 est,
1507 1864 1714 1937 Aperuit
1758 1862 1933 1917 oculos

348 1988 489 2038 suos,
513 1979 559 2025 et
578 1970 701 2024 vidit
722 1976 926 2037 puteum
954 1962 1105 2035 (Gen.
1136 1978 1245 2026 XXI,
1277 1960 1367 2030 19)
1390 1976 1404 2025 ;
1433 1973 1605 2028 neque
1622 1957 1760 2011 enim
1785 1954 1932 2009 clau—

348 2066 424 2121 sis
453 2066 598 2135 prius
621 2063 787 2118 oculis
821 2059 1079 2115 sedebat:
1105 2065 1159 2111 et
1195 2052 1337 2124 quod
1384 2054 1435 2107 in
1478 2051 1738 2106 fractione
1784 2046 1936 2118 panis

349 2156 520 2227 aperti
564 2162 687 2208 sunt
727 2150 866 2207 oculi
903 2164 1091 2204 eorum
1133 2147 1225 2217 qui
1261 2150 1627 2214 cognoverunt
1656 2140 1936 2194 Dominum

351 2258 476 2320 post
498 2245 946 2303 resurrectionem
976 2239 1125 2313 (Luc.
1148 2254 1294 2302 xxiv,
1327 2235 1416 2305 5|)
1443 2252 1458 2299 ;
1488 2248 1661 2303 neque
1680 2232 1823 2288 enim
1844 2245 1939 2302 per

357 2339 494 2393 viam
524 2351 645 2392 cum
672 2335 762 2389 illo
786 2332 981 2388 clausis
1009 2330 1177 2385 oculis
1206 2328 1565 2383 ambulabant.

427 2427 537 2502 [lb.
571 2424 683 2498 15.]
722 2424 874 2493 Quod
904 2422 1101 2476 habent
1130 2420 1281 2474 multi
1323 2417 1571 2482 codices,
1613 2412 1942 2468 Inimicitiam

360 2534 547 2590 ponam
568 2518 696 2571 inter
719 2526 766 2569 te
788 2525 835 2569 et
855 2514 1147 2576 mulierem;
1169 2510 1329 2582 δι’πεί
1360 2509 1575 2574 habent,
1606 2508 1659 2560 in
1685 2504 1848 2559 medio
1869 2504 1942 2557 tui

358 2621 405 2665 et
433 2613 487 2665 in
524 2609 687 2663 medio
730 2607 952 2661 mulieris
976 2620 994 2659 :
1018 2603 1159 2674 quod
1189 2601 1468 2656 locutionis
1498 2606 1614 2664 est;
1660 2613 1782 2652 nam
1823 2606 1943 2650 tan-

361 2701 595 2757 tumdem
626 2699 767 2754 valet
791 2706 1047 2767 quantum
1075 2711 1195 2750 cum
1216 2693 1432 2758 dicitur,
1463 2692 1591 2744 inter
1616 2698 1664 2743 te
1684 2696 1731 2742 et
1761 2687 1941 2740 mulie-

358 2809 507 2849 rem:
537 2794 639 2848 hoc
662 2802 716 2847 et
741 2791 793 2845 in
820 2805 885 2844 eo
913 2789 1055 2860 quod
1084 2787 1342 2857 sequitur,
1367 2786 1417 2839 in
1443 2782 1606 2841 medio
1626 2781 1829 2837 seminis
1849 2779 1942 2845 tui,

361 2898 407 2941 at
434 2887 485 2941 in
520 2885 683 2940 medio
706 2883 911 2938 seminis
934 2884 1062 2953 ejus.

437 2977 536 3052 [lb.
566 2974 678 3048 17.]
703 2974 856 3044 Quod
888 2973 1086 3028 habent
1101 2970 1250 3025 multi
1274 2969 1417 3023 latini
1449 2966 1679 3029 codices,
1704 2964 1837 3028 Quia
1856 2978 1950 3014 aus

363 3069 483 3123 disti
503 3083 669 3123 vocem
694 3064 918 3119 mulieris
941 3074 1060 3129 tuae,
1091 3071 1135 3115 et
1160 3060 1305 3114 edisti
1327 3060 1390 3112 de
1410 3059 1544 3129 ligno
1566 3056 1628 3109 de
1646 3071 1743 3126 quo
1764 3069 1949 3125 praece-

365 3176 539 3234 peram
565 3158 675 3225 tibi,
701 3157 765 3211 de
792 3172 849 3211 eo
877 3156 985 3210 solo
1008 3170 1109 3207 non
1135 3152 1282 3206 edere
1298 3168 1317 3217 ;
1358 3150 1515 3221 graeci
1558 3148 1772 3209 habent,
1806 3144 1950 3199 edisti

365 3251 431 3307 de
457 3250 595 3324 ligno
620 3251 683 3304 de
707 3264 805 3318 quo
830 3261 1167 3320 praceperam
1191 3243 1309 3310 tibi,
1341 3258 1398 3296 eo
1423 3240 1530 3294 solo
1570 3256 1671 3292 non
1709 3238 1855 3291 edere
1891 3250 1953 3288 ea:

366 3360 425 3400 eo
448 3358 468 3398 :
494 3342 583 3397 alii
606 3350 783 3396 autem
810 3338 1123 3408 interpretes
1146 3335 1304 3405 graeci
1341 3332 1573 3397 habent,
1617 3327 1950 3392 manducasti,

366 3434 452 3490 vel
471 3432 653 3496 edisti;
684 3440 742 3485 ut
767 3432 838 3484 ita
862 3429 930 3483 sit
959 3442 1148 3483 sensus
1174 3424 1466 3481 secundum
1497 3424 1661 3491 ipsos,
1694 3420 1827 3487 Quia
1854 3434 1954 3472 au-

370 3526 497 3583 disti
527 3539 708 3580 vocem
735 3521 975 3577 mulieris
996 3531 1128 3584 tum,
1162 3527 1217 3573 et
1251 3515 1408 3572 edisti
1450 3514 1517 3569 de
1557 3514 1698 3584 ligno
1745 3512 1813 3565 de
1850 3524 1956 3580 quo

374 3629 733 3690 przeceperam
760 3614 852 3668 tibi
878 3627 943 3667 eo
964 3612 1079 3666 solo
1105 3626 1209 3664 non
1238 3608 1419 3674 edere,
1446 3623 1513 3662 ex
1542 3621 1609 3660 eo
1635 3605 1811 3660 edisti.

448 3708 547 3785 [lb.
569 3725 639 3775 tv,
667 3705 748 3780 2.]
777 3705 842 3760 Et
869 3704 1102 3776 apposuit
1132 3717 1308 3773 parere
1336 3700 1543 3769 fratrem
1568 3698 1679 3770 ejus
1706 3696 1863 3750 Abel:
1883 3695 1959 3749 lo-

370 3804 516 3859 cutio
541 3808 623 3856 est
651 3799 901 3869 frequens
924 3798 976 3851 in
1006 3794 1316 3864 Scripturis,
1347 3793 1583 3864 apposuit
1607 3791 1790 3845 dicere.

444 3894 544 3970 [lb.
572 3890 651 3965 8.]
672 3892 738 3947 Et
751 3896 941 3963 factum
967 3897 1058 3955 est,
1077 3889 1200 3940 dum
1218 3894 1377 3941 essent
1398 3887 1451 3938 in
1470 3901 1666 3955 campo,
1686 3879 1961 3936 ittsurreasit

372 3984 501 4045 Cain
527 4000 679 4056 super
703 3981 846 4048 Abel,
872 3989 919 4035 et
945 3978 1126 4033 occidit
1146 3994 1261 4031 eum
1288 3991 1305 4029 :
1335 3976 1530 4029 locutio
1566 3984 1677 4040 est;
1712 3989 1831 4027 nam
1862 3972 1963 4027 etsi

375 4091 484 4133 non
505 4073 744 4139 haberet,
768 4069 834 4124 Et
855 4073 1044 4142 factum
1067 4077 1160 4132 est,
1188 4075 1366 4136 posset
1389 4065 1592 4136 integer
1614 4079 1803 4119 sensus
1821 4077 1960 4130 esse,

377 4176 425 4223 et
442 4181 559 4221 cum
577 4173 739 4218 essent
762 4163 815 4216 in
834 4175 1033 4231 campo.

453 4256 552 4332 [lb.
575 4271 652 4321 vr,
682 4252 761 4328 6.]
790 4251 942 4322 Quod
970 4250 1231 4323 scriptum
1258 4258 1343 4306 est
1362 4250 1415 4305 in
1445 4248 1761 4321 quibusdam
1789 4249 1967 4304 latinis

378 4348 671 4412 codicibus,
700 4345 767 4401 Et
792 4344 1043 4418 paenituit,
1069 4349 1117 4398 et
1140 4341 1267 4397 dixit
1290 4340 1442 4407 Deus,
1468 4340 1672 4395 Deleam
1693 4342 1964 4409 hominem,

380 4459 525 4516 quem
559 4441 655 4513 feci
684 4456 714 4494 a
740 4439 870 4511 facie
898 4447 1083 4503 terra;
1121 4436 1175 4492 in
1219 4452 1394 4508 graeco
1432 4434 1700 4491 invenitur
1734 4440 1965 4501 διενοήθη,

382 4535 525 4606 quod
550 4533 718 4604 magis
744 4530 1055 4602 recogitabit,
1074 4542 1231 4600 quam
1254 4527 1505 4599 paenituit,
1529 4526 1829 4598 significare
1850 4543 1970 4598 per-

386 4625 638 4681 hibetur:
668 4621 811 4693 quod
839 4622 1059 4676 verbum
1088 4620 1249 4675 etiam
1293 4617 1529 4674 nonnulli
1572 4617 1719 4673 latini
1757 4617 1970 4674 codices

387 4714 607 4772 habent.

464 4805 572 4881 [lb.
600 4803 710 4877 14η]
736 4802 887 4872 Quod
914 4803 1111 4858 habent
1137 4801 1283 4858 latini
1311 4803 1521 4859 codices
1550 4802 1783 4873 plurimi,
1806 4801 1971 4861 Nidos

387 4901 546 4973 [acies
575 4899 627 4953 in
656 4913 828 4951 arcam
844 4912 864 4962 ;
891 4911 1010 4951 cum
1043 4895 1202 4950 latina
1232 4895 1432 4951 locutio
1456 4897 1525 4949 sit
1552 4911 1656 4950 non
1684 4895 1740 4951 ln
1768 4912 1969 4965 arcam,

385 4994 482 5050 sed
514 4992 567 5046 In
594 5005 717 5046 arca
749 5007 761 5043 :
793 4989 955 5060 graeci
978 5003 1078 5044 nec
1100 4987 1155 5042 ln
1177 5003 1379 5049 arcam.
1404 5004 1503 5045 nec
1529 4989 1582 5043 In
1607 5004 1727 5044 arca
1756 4989 1971 5057 habent;

386 5084 502 5144 sed,
529 5082 694 5138 Nidos
711 5082 863 5155 facies
882 5096 1091 5147 arcam;
1119 5078 1263 5150 quod
1285 5079 1618 5152 intelligitur,
1645 5091 1701 5136 ut
1720 5081 1833 5152 ipsa
1850 5095 1973 5136 arca

388 5178 499 5236 uidi
529 5186 724 5232 essent.

470 5270 579 5345 [lb.
628 5267 741 5343 16.]
771 5266 926 5337 Quod
966 5266 1164 5324 habent
1205 5267 1443 5337 plerique
1488 5266 1737 5335 codices,
1795 5265 1974 5323 Facies

389 5365 572 5420 ostium
592 5378 726 5418 arca
747 5380 781 5417 a
804 5362 1002 5427 latere;
1028 5359 1266 5416 nonnulli
1300 5358 1530 5425 habent,
1561 5375 1623 5413 ea:
1650 5369 1929 5415 transverso
1954 5376 1975 5415 :

390 5456 469 5513 sic
507 5458 648 5512 enim
686 5454 969 5512 voluerunt
1005 5451 1344 5525 interpretari
1377 5450 1520 5522 quod
1558 5466 1733 5522 graece
1760 5452 1973 5521 dicitur,

389 5554 441 5606 dx
471 5558 698 5618 πλαγίων.

465 5640 566 5715 [11).
597 5656 702 5709 vn,
728 5637 810 5715 4.]
834 5637 989 5711 Quod
1015 5639 1272 5714 scriptum
1301 5648 1405 5707 est,
1432 5638 1611 5695 Adhuc
1634 5640 1767 5697 enim
1790 5649 1975 5715 septem

391 5733 530 5799 dies,
570 5750 660 5805 ego
688 5734 930 5789 inducam
963 5732 1212 5789 diluvium
1237 5749 1384 5804 aqua:
1407 5750 1563 5805 super
1587 5743 1801 5802 terram,
1831 5734 1975 5808 quod

377 5926 381 5934 .
459 5849 475 5880 ⁸
498 5854 677 5900 Omnes
687 5852 819 5912 In,
848 5848 1081 5914 scriptum
1096 5853 1183 5912 est,
1208 5846 1519 5911 δορὴν-αωοβ.

2019 484 2256 541 nonnulli
2278 485 2423 539 latini
2444 485 2655 540 codices
2672 484 2900 550 habent,
2928 482 2981 539 in
3004 496 3179 557 graeco
3199 480 3487 549 invenitur,
3509 498 3598 552 ego

2015 578 2251 632 inducam
2276 578 2497 648 pluviam
2525 594 2677 647 super
2704 586 2890 631 terram
2915 592 2933 630 :
2958 591 3133 648 graeca
3174 575 3369 630 locutio
3407 574 3602 646 geniti—

2017 686 2140 725 vum
2168 686 2349 725 casum
2382 670 2563 737 habet,
2590 685 2695 724 non
2721 669 3106 735 accusativum,
3136 675 3193 722 ut
3213 668 3256 722 si
3287 668 3388 722 hoc
3415 670 3466 720 in
3488 665 3608 720 lati-

2022 778 2148 816 num
2188 761 2584 831 exprimamus,
2632 760 2703 814 ita
2738 758 2978 825 dicatur,
3023 758 3212 815 Adhuc
3232 759 3375 815 enim
3400 766 3607 829 septem

2022 853 2228 908 dierum
2257 853 2502 908 inducam
2535 851 2766 922 pluviam
2792 866 2953 923 super
2979 861 3195 906 terram.

2095 945 2194 1020 [lb.
2218 944 2296 1017 5.]
2326 944 2477 1013 Quod
2505 945 2759 1014 scriptum
2780 953 2881 1009 est,
2916 943 2979 997 Et
3009 946 3124 1017 fecit
3148 944 3262 1000 Noe
3278 944 3448 1000 omnia
3470 960 3613 1015 quin-

2024 1053 2236 1106 cumque
2262 1036 2498 1107 prtecepit
2527 1035 2603 1089 illi
2630 1034 2879 1089 Dominus
2908 1034 3079 1099 Deus,
3115 1036 3188 1090 sic
3216 1036 3333 1108 fecit
3352 1076 3368 1103 ,
3412 1036 3615 1092 locutio

2026 1139 2109 1185 est
2135 1130 2323 1184 similis
2346 1130 2395 1184 ei
2421 1128 2567 1200 quod
2590 1130 2643 1183 in
2658 1129 2965 1184 conditione
2984 1139 3245 1184 creatura:
3267 1139 3615 1200 posteaquam

2027 1226 2243 1291 dicitur,
2275 1224 2341 1278 Et
2370 1224 2442 1278 sic
2466 1233 2537 1279 est
2562 1225 2775 1294 factum,
2800 1222 3034 1288 additur,
3066 1221 3131 1275 Et
3156 1224 3271 1294 fecit
3298 1221 3455 1276 Deus.

2103 1316 2211 1391 [lb.
2240 1315 2321 1389 4.]
2350 1316 2502 1384 Quod
2531 1316 2783 1386 scriptum
2811 1325 2895 1372 est
2912 1356 2928 1381 ,
2957 1314 3144 1370 Delebo
3172 1332 3371 1371 omnem
3396 1316 3615 1370 διαί-ἰω-

2030 1413 2235 1477 tionem,
2269 1425 2374 1465 non
2400 1410 2723 1465 creationem
2749 1409 2942 1464 dictam
2960 1406 3249 1463 notandum
3269 1416 3354 1462 est
3375 1411 3621 1463 Ξάνάσταο

2032 1531 2105 1560 σιν
2128 1506 2269 1561 enim
2295 1519 2470 1575 grasce
2497 1504 2753 1573 scriptum
2794 1512 2911 1569 est,
2943 1500 3085 1573 quod
3113 1516 3307 1558 nomen
3336 1500 3495 1557 etiam
3526 1517 3620 1556 re-

2034 1599 2383 1654 surrectionis
2405 1597 2617 1653 assidue
2646 1596 2858 1667 ponitur
2886 1596 2941 1650 in
2966 1596 3243 1667 scripturis
3261 1592 3470 1665 grzecis,
3493 1609 3619 1649 cum

2035 1700 2219 1762 posset
2235 1697 2541 1756 ἐξανάστασις
2566 1687 2671 1743 dici
2690 1728 2705 1753 ,
2733 1696 2794 1743 ut
2816 1687 3091 1743 suscitatio
3118 1688 3188 1742 sit
3210 1688 3465 1747 ἀνάστασις
3483 1726 3499 1752 ,
3527 1700 3621 1740 re-

2037 1783 2300 1840 surrectio
2320 1789 2644 1850 ιεοινάστασις.
2670 1782 2787 1850 Quo
2807 1781 2970 1837 verbo
2989 1789 3041 1835 et
3060 1780 3344 1851 Apostolus
3366 1793 3492 1834 usus
3514 1789 3621 1845 est,

2040 1878 2101 1934 Si
2140 1894 2238 1949 quo
2276 1876 2425 1931 modo
2466 1892 2728 1930 occurram
2762 1875 2816 1930 in
2857 1874 3268 1929 resurrectionem
3308 1883 3628 1928 mortuorum

2042 1968 2299 2043 (Philipp.
2330 1984 2407 2033 ιιι,
2439 1966 2527 2040 ll)
2554 1986 2567 2021 :
2602 1967 2672 2022 ibi
2700 1966 2846 2023 enim
2870 1964 3039 2023 Graeci
3064 1980 3173 2021 non
3208 1968 3492 2030 ἀνάστασιν,
3525 1962 3625 2018 sed

2040 2067 2346 2128 ἐξανάστασιν
2367 2059 2580 2115 habent.

2118 2150 2217 2226 [lb.
2254 2149 2365 2222 14.]
2381 2149 2534 2219 Quod
2559 2150 2813 2221 scriptum
2844 2158 2945 2215 est,
2980 2148 3042 2203 Et
3065 2165 3235 2203 omnes
3259 2148 3425 2203 bestia:
3451 2163 3631 2202 secun-

2046 2237 2375 2314 dum'genus,
2407 2251 2453 2295 et
2489 2243 2657 2295 omnia
2686 2258 2864 2311 pecora
2890 2239 3164 2296 secundum
3190 2257 3347 2311 genus
3366 2281 3380 2306 ,
3410 2249 3456 2294 et
3482 2254 3633 2293 omne

2045 2352 2223 2407 repens
2246 2334 2385 2407 quod
2413 2344 2637 2388 monetur
2662 2350 2816 2403 super
2840 2343 3023 2386 terram
3049 2333 3323 2386 secundum
3360 2347 3515 2402 genus
3535 2372 3553 2397 ,
3583 2339 3633 2385 et

2047 2442 2196 2480 omne
2220 2425 2425 2479 volatile
2448 2424 2721 2479 secundum
2751 2440 2906 2495 genus
2932 2422 3185 2477 intrarunt
3214 2422 3283 2476 ad
3316 2421 3432 2476 Noe
3458 2423 3513 2475 in
3537 2438 3628 2476 ar-

2048 2538 2159 2576 cam
2180 2562 2194 2587 ,
2238 2520 2354 2575 bina
2379 2520 2441 2573 ab
2467 2520 2603 2573 onmi
2627 2535 2779 2573 carne
2800 2520 2853 2571 in
2880 2534 2979 2588 quo
3011 2526 3081 2570 est
3109 2518 3317 2587 spiritus
3346 2516 3495 2581 vitta;
3525 2530 3636 2571 non

2049 2614 2281 2670 refertur
2302 2613 2353 2687 in
2376 2629 2501 2687 quo,
2535 2612 2636 2665 nisi
2665 2626 2821 2681 genus
2847 2606 3154 2675 subaudias,
3184 2608 3236 2663 id
3267 2616 3349 2663 est
3372 2650 3388 2675 ,
3431 2608 3483 2661 in
3527 2621 3636 2677 quo

2049 2722 2285 2777 genere:
2319 2721 2441 2759 nam
2470 2705 2515 2759 si
2541 2720 2695 2758 carne
2723 2702 3131 2758 subaudiremus
3153 2744 3169 2770 ,
3217 2701 3273 2755 In
3319 2718 3421 2773 qua
3465 2700 3639 2756 fuerat

2051 2799 2369 2863 dicendum;
2400 2796 2540 2867 quod
2568 2796 2715 2851 solus
2744 2796 3009 2865 interpres
3026 2794 3379 2866 Symmachus
3408 2792 3561 2849 dixit.

2125 2889 2233 2963 [lb.
2264 2886 2381 2960 25.]
2409 2888 2561 2957 Quod
2601 2887 2791 2942 iterum
2822 2887 3075 2955 scriptum
3121 2894 3205 2941 est
3224 2925 3239 2949 ,
3271 2883 3339 2938 Et
3368 2883 3530 2938 deleta
3556 2892 3630 2939 est

2055 2984 2218 3038 omnis
2240 2982 2519 3047 suscitatio,
2555 2979 2843 3034 notandum
2871 2979 3151 3034 locutionis
3177 2993 3318 3041 esse,
3354 2992 3450 3048 pro
3480 2993 3545 3032 eo
3574 2992 3639 3031 ac

2055 3075 2099 3128 si
2140 3073 2381 3138 diceret,
2426 3070 2784 3126 conditionem
2826 3070 2907 3125 vel
2949 3080 3247 3124 creaturam
3278 3068 3475 3123 carnis.
3503 3067 3643 3123 Cum

2056 3164 2297 3227 dixisset,
2328 3162 2393 3217 Et
2419 3162 2580 3216 deleta
2616 3172 2687 3217 est
2714 3162 2876 3216 omnis
2898 3161 3155 3215 suscitatio
3198 3177 3309 3229 qua:
3346 3170 3451 3213 erat
3488 3176 3646 3229 super

2059 3257 2239 3327 facient
2268 3254 2429 3309 omnis
2459 3264 2606 3307 terra:
2625 3295 2639 3321 ,
2684 3252 2745 3307 ab
2784 3253 2985 3306 homine
3013 3267 3170 3325 usque
3194 3252 3260 3303 ad
3287 3249 3562 3320 pecudem‘
3596 3258 3647 3302 et

2058 3350 2338 3419 repentium
2366 3356 2412 3402 et
2446 3347 2725 3401 volatilium
2752 3346 2885 3410 cali,
2912 3344 3103 3399 deinde
3138 3343 3369 3413 addidit,
3389 3341 3455 3396 Et
3480 3341 3648 3395 deleta

2060 3452 2176 3494 sunt
2203 3438 2266 3492 de
2293 3448 2458 3499 terra;
2488 3437 2810 3492 locutionem
2836 3437 2978 3491 illam
3009 3450 3129 3489 esse
3159 3433 3511 3504 repetitionis,
3535 3448 3645 3503 qua

2063 3530 2395 3586 familiariter
2421 3530 2583 3583 utitur
2607 3530 2629 3560 ³
2658 3528 2954 3597 Scriptura,
2987 3525 3277 3581 notandum
3306 3532 3407 3580 est.

2137 3624 2237 3699 [lb.
2267 3640 2381 3688 vin,
2412 3623 2466 3689 6,
2498 3621 2576 3697 7.]
2606 3622 2759 3690 Quod
2785 3622 3038 3692 scriptum
3074 3631 3176 3686 est,
3209 3619 3411 3674 Dimisit
3438 3633 3644 3673 corvum

2064 3718 2232 3773 videre
2273 3718 2315 3771 si
2356 3717 2561 3771 cessavit
2609 3733 2774 3787 aqua,
2830 3726 2876 3770 et
2922 3716 3092 3770 exiens
3136 3731 3359 3769 reversus
3398 3730 3497 3768 non
3537 3714 3647 3781 est,

2067 3812 2224 3866 donec
2250 3811 2455 3865 siccavit
2480 3826 2611 3880 aqua
2640 3826 2671 3861 a
2696 3819 2847 3875 terra,
2880 3808 3076 3863 locutio
3104 3817 3185 3864 est
3204 3809 3394 3863 usitata
3421 3808 3470 3863 in
3501 3805 3653 3863 εει-ἱ-

2069 3904 2271 3974 pluris,
2318 3918 2436 3973 qua:
2469 3903 2579 3971 jam
2622 3916 2763 3956 nunc
2804 3901 3019 3970 incipiat
3061 3900 3263 3957 adverti
3300 3917 3315 3954 :
3351 3915 3456 3955 non
3501 3898 3653 3955 enim

2069 4005 2254 4066 postea
2304 4009 2549 4049 reversus
2576 4003 2657 4048 est
2682 4033 2697 4060 ,
2740 3993 2862 4063 quia
2889 3991 3089 4048 dictum
3116 4001 3200 4049 est
3235 4007 3344 4048 non
3370 4006 3651 4048 reversum

2070 4086 2241 4141 donec
2262 4085 2478 4140 siccavit
2505 4100 2660 4155 aqua.

2143 4176 2253 4251 [lb.
2301 4175 2380 4250 9.]
2410 4177 2560 4244 Quod
2608 4176 2863 4247 scriptum
2908 4186 3026 4242 est,
3070 4174 3139 4230 Et
3180 4176 3397 4232 extendit
3440 4193 3653 4231 manum

2071 4285 2246 4335 suam,
2291 4268 2482 4340 accepit
2518 4284 2629 4321 eam
2649 4310 2663 4335 ,
2705 4276 2755 4321 et
2792 4267 2993 4321 induxit
3022 4284 3130 4322 eam
3159 4268 3227 4321 ad
3250 4268 3565 4341 semetipsum
3593 4268 3659 4323 in

2072 4377 2266 4427 arcam,
2299 4360 2498 4415 locutio
2523 4369 2602 4416 est
2624 4400 2639 4425 ,
2681 4375 2836 4430 quam
2880 4368 3159 4430 propterea
3201 4360 3465 4417 hebrazam
3499 4368 3658 4431 puto,

2073 4454 2193 4524 quia
2211 4462 2264 4507 et
2291 4452 2495 4522 punicae
2518 4452 2707 4522 linguae
2728 4450 3134 4507 familiarissima
3159 4460 3260 4518 est,
3286 4453 3336 4507 in
3361 4468 3465 4524 qua
3485 4452 3661 4507 multa

2076 4544 2379 4600 invenimus
2423 4544 2652 4599 hebraeis
2687 4543 2864 4599 verbis
2910 4545 3256 4599 consonantia
3282 4567 3304 4619 ι.
3326 4546 3663 4613 natantique

2075 4635 2370 4702 sufﬁceret,
2399 4635 2462 4689 Et
2483 4635 2703 4690 extendit
2723 4652 2947 4700 manum,
2969 4636 3069 4691 etsi
3089 4651 3194 4690 non
3224 4636 3463 4704 adderet,
3486 4652 3660 4690 suam.

2074 4727 2202 4783 Tale
2231 4736 2316 4782 est
2347 4727 2508 4781 etiam
2547 4724 2688 4795 quod
2716 4727 2874 4796 paulo
2903 4734 3022 4796 post
3047 4726 3208 4793 dicit,
3258 4725 3485 4782 Habebat
3509 4727 3663 4782 oliva

2077 4818 2225 4890 folia,
2247 4820 2504 4872 surculum
2523 4817 2577 4871 in
2606 4833 2691 4871 ore
2717 4833 2828 4871 suo.

2149 4908 2258 4983 [lb.
2291 4906 2404 4981 12.]
2433 4908 2497 4961 Et
2526 4924 2627 4962 non
2656 4908 2893 4978 apposuit
2932 4910 3106 4964 reverti
3149 4910 3218 4964 ad
3242 4927 3356 4966 eum
3393 4910 3609 4982 amplius
3638 4926 3663 4967 :

2078 5000 2278 5057 locutio
2304 5008 2387 5053 est
2418 4998 2834 5053 familiarissima
2866 5000 2917 5054 in
2948 4999 3254 5070 Scripturis.

2151 5089 2253 5164 [lb.
2274 5088 2391 5161 2L]
2420 5089 2570 5157 Quod
2600 5090 2855 5159 scriptum
2884 5101 2985 5155 est.
3017 5091 3085 5146 Et
3112 5109 3212 5147 non
3239 5092 3477 5159 adiiciam
3494 5092 3664 5149 adhuc

2077 5180 2375 5236 maledicere
2394 5197 2546 5248 super
2569 5190 2754 5235 terram
2777 5222 2795 5249 ,
2820 5183 2993 5239 simile
3019 5194 3099 5240 est
3126 5186 3420 5255 superiori,
3458 5184 3523 5243 Et
3557 5202 3663 5242 non

2078 5273 2316 5345 apposuit
2338 5273 2513 5327 reverti
2532 5274 2601 5326 ad
2618 5290 2754 5329 eum.

2151 5366 2253 5441 [lb.
2282 5365 2398 5439 2L]
2439 5366 2504 5421 Et
2548 5384 2649 5422 non
2672 5368 2911 5434 adiiciam
2936 5380 3194 5441 percutere
3219 5389 3415 5428 omnem
3459 5390 3663 5428 carnem

2079 5459 2241 5515 vivam
2262 5473 2279 5512 :
2304 5458 2412 5528 ipsa
2442 5459 2635 5513 locutio
2663 5469 2765 5515 est.

2150 5548 2251 5623 [lb.
2279 5566 2359 5617 ιχ,
2382 5548 2460 5623 5.]
2490 5550 2687 5605 Etenim
2715 5552 3009 5624 sanguinem
3038 5565 3250 5611 vestrum
3270 5559 3548 5613 animarum
3576 5575 3663 5614 ue-

2144 5727 2162 5760 ι
2187 5724 2341 5798 βψω,
2368 5724 2624 5790 pecudum.
2661 5728 3331 5794 Atuss.,pecudem:juxta
3360 5746 3507 5798 giae.
3532 5739 3663 5797 LXV,

2453 5850 2601 5912 Lugd.
2629 5859 2744 5902 Ven.
2768 5859 2876 5902 Lov.
2902 5859 2951 5903 Β.
2972 5852 3174 5912 habent.
3197 5859 3373 5907 ιιωιισ.
3420 5866 3458 5908 Μ
