3902 6322
300 212 415 270 ιεθ

298 416 610 487 sanguinem
637 417 921 471 animan
950 426 1248 473 vestrarum.

379 508 481 582 [lb.
513 507 625 583 12.]
651 508 766 564 Hoc
789 511 989 581 signum
1017 515 1299 568 testamenti
1329 514 1464 586 quod
1491 532 1584 586 ego
1612 531 1799 587 ponam
1821 517 1898 573 in-

298 611 381 655 ter
419 600 644 655 mediunt
672 617 840 658 meum
868 611 916 657 et
942 612 1190 670 vestrum;
1227 605 1369 676 quod
1412 615 1513 675 est,
1558 606 1694 662 inter
1730 623 1817 664 me
1845 617 1899 665 et

299 708 423 749 vos.
762 766 765 769 _

379 786 479 859 [lb.
509 802 566 854 x,
593 785 671 860 9.]
699 786 800 843 Hic
828 797 936 844 erat
969 791 1112 862 gigas
1131 795 1147 823 ⁸
1174 801 1379 846 venator
1420 801 1597 859 contra
1619 792 1898 857 Dominum

295 876 504 944 Deam,-
531 879 793 935 incertum
836 890 919 935 est
962 891 1139 937 utrum
1166 884 1332 953 possit
1357 885 1546 955 accipi,
1574 900 1755 942 coram
1786 888 1895 942 Do-

295 972 453 1028 mino
481 972 617 1037 Deo;
650 973 773 1043 quia
795 982 851 1028 et
870 972 949 1028 sic
977 974 1113 1030 solet
1141 975 1361 1047 intelligi
1388 976 1532 1048 quod
1557 992 1732 1048 graece
1757 976 1893 1034 dici-

296 1074 411 1128 llll‘,
429 1070 652 1119 ἔναντίον.

375 1156 474 1229 [11).
500 1156 611 1231 14.]
637 1156 787 1214 Unde
810 1158 930 1213 exiit
948 1159 1065 1215 inde
1090 1159 1435 1228 Philistltiint;
1455 1178 1578 1219 cum
1598 1163 1890 1234 sufﬁceret,

298 1247 455 1305 Unde
482 1251 599 1305 exiit
628 1248 965 1305 Philisthiim.

374 1361 473 1435 [lb.
498 1379 583 1428 ιι,
614 1360 690 1436 1.]
733 1362 799 1417 Et
826 1373 936 1419 erat
960 1367 1121 1420 omnis
1158 1375 1293 1422 terra
1315 1368 1506 1422 labium
1529 1385 1721 1437 unum;
1749 1370 1891 1441 quod

294 1434 495 1509 usitate
520 1468 617 1508 nos
641 1434 888 1520 dicimus,
911 1455 1088 1527 lingua
1115 1473 1239 1512 una.
1266 1458 1331 1512 Et
1356 1468 1463 1514 erat
1482 1461 1643 1515 omnis
1662 1470 1797 1515 terra
1815 1461 1892 1516 la-

290 1546 437 1599 bium
480 1561 666 1612 unum;
707 1546 1021 1615 notandum,
1068 1563 1283 1605 omnem
1332 1559 1527 1606 terram
1568 1554 1887 1624 appellatam

289 1652 489 1694 omnes
516 1637 762 1695 homines
789 1640 880 1711 qui
906 1647 1031 1695 tunc
1074 1650 1246 1706 erant,
1278 1644 1521 1713 quamvis
1565 1644 1801 1702 nondum
1831 1647 1885 1703 in

288 1728 443 1783 omni
471 1738 631 1783 terra.

371 1818 471 1894 [lb.
502 1818 581 1893 5.]
620 1820 688 1874 Et
706 1822 833 1894 facti
856 1831 973 1877 sunt
997 1823 1101 1878 illis
1124 1824 1306 1880 lateres
1330 1843 1423 1897 pro
1446 1826 1652 1898 lapide:
1679 1845 1885 1900 graecus

288 1914 477 1980 habet,
500 1912 570 1968 Et
596 1915 720 1985 facti
740 1924 858 1971 sunt
884 1915 985 1970 illis
1016 1916 1195 1971 lateres
1221 1918 1275 1971 in
1298 1917 1552 1991 lapidem;
1576 1921 1716 1991 quod
1737 1922 1781 1977 si
1804 1922 1885 1977 1a-

288 2005 408 2060 tine
436 2004 724 2072 diceretur,
753 2005 949 2062 locutio
975 2008 1152 2062 minus
1175 2008 1576 2079 intelligeretur.

368 2096 468 2169 [lb.
497 2095 577 2170 4.]
607 2096 801 2166 Venite,
827 2100 1134 2169 wdi/icemus
1169 2102 1311 2156 nobis
1335 2102 1581 2158 civitatem
1600 2114 1647 2159 et
1670 2107 1880 2175 turrim,

287 2190 441 2260 cujus
464 2197 617 2259 caput
637 2191 729 2244 erit
754 2206 909 2261 usque
928 2191 996 2244 ad
1014 2191 1191 2246 caelum
1205 2208 1227 2257 ;
1243 2198 1534 2248 secundum
1551 2196 1883 2268 hyperbolen

286 2278 493 2333 dictum
523 2288 626 2347 est,
658 2280 702 2335 si
735 2279 1015 2335 locutionis
1051 2296 1221 2351 genus
1248 2282 1334 2338 hic
1362 2284 1730 2354 accipiendum
1760 2296 1878 2344 est:

284 2371 333 2424 si
366 2380 564 2436 autem,
595 2386 753 2440 usque
780 2370 848 2423 ad
871 2371 1077 2437 ctelum,
1106 2374 1323 2444 proprie
1362 2374 1560 2431 dictum
1600 2377 1877 2449 accipitur,

284 2462 431 2518 inter
456 2464 775 2534 quiestiones
801 2463 1186 2520 consideretur.

362 2552 461 2626 [lb.
496 2552 607 2626 10.]
647 2553 798 2620 Quod
820 2554 1034 2625 quidam
1068 2556 1219 2611 latini
1260 2558 1472 2616 codices
1496 2559 1715 2630 habent,
1755 2562 1881 2619 Sent

285 2647 429 2716 ﬁlius
456 2644 571 2700 Noe
593 2656 700 2701 erat
723 2662 974 2701 annorum
1002 2657 1203 2701 centum
1231 2665 1346 2703 cum
1372 2652 1546 2721 genuit
1572 2651 1878 2723 Arphaxad;

284 2740 447 2809 graeci
494 2738 709 2805 habent,
743 2736 865 2794 Sent
890 2739 1029 2809 ﬁlius
1057 2750 1259 2795 centum
1284 2758 1533 2797 annorum
1562 2761 1677 2799 cum
1704 2747 1877 2818 genuit

280 2830 567 2899 Arphaxad
599 2828 726 2884 :ubi
752 2828 951 2900 ellipsis
976 2839 1076 2896 est,
1099 2833 1222 2903 quia
1249 2834 1399 2890 deest
1441 2846 1568 2893 erat.
1602 2837 1707 2893 Sed
1732 2839 1876 2910 quod

278 2936 393 2977 non
436 2920 635 2977 habent
658 2920 798 2991 ﬁlius
825 2918 959 2989 Noe,
988 2923 1083 2978 sed
1111 2924 1251 2992 ﬁlius
1283 2934 1506 2994 tantum,
1542 2943 1680 2984 nova
1721 2930 1874 2988 locu-

282 3014 361 3067 tio
384 3022 487 3069 est.

357 3103 459 3177 [lb.
485 3105 597 3178 30.]
622 3105 687 3160 Et
715 3116 821 3161 erat
848 3107 984 3163 Sara
1007 3109 1213 3175 sterilis,
1244 3116 1293 3164 et
1313 3128 1413 3165 non
1427 3116 1695 3183 generabat
1709 3132 1729 3180 ,'
1749 3132 1871 3173 cum

278 3204 466 3266 posset
489 3193 756 3263 sufficere,
789 3195 856 3251 Et
875 3207 980 3253 erat
1002 3197 1138 3254 Sara
1157 3200 1359 3255 sterilis.

357 3285 457 3361 [lb.
490 3303 585 3354 xn,
618 3287 727 3362 12.]
766 3288 883 3344 Erit
910 3308 1028 3362 ergo
1049 3308 1164 3346 cum
1185 3302 1232 3347 te
1254 3292 1468 3349 viderint
1502 3296 1760 3369 Egyptii,
1788 3300 1871 3356 di-

277 3388 415 3443 cent,
464 3378 595 3445 Quia
638 3397 766 3435 uxor
803 3382 940 3437 illius
985 3383 1093 3437 [nec
1113 3399 1132 3437 :
1154 3399 1349 3454 genere
1378 3385 1660 3445 locutionis
1683 3392 1871 3462 adjun-

276 3481 425 3525 ctum
453 3481 555 3539 est,
588 3471 751 3537 Quia;
776 3486 897 3528 nam
925 3472 1171 3530 sufﬁcere
1199 3476 1388 3546 potuit,
1418 3494 1546 3533 uxor
1572 3481 1712 3539 illius
1740 3484 1869 3541 htec.

358 3559 456 3633 [lb.
486 3558 596 3633 14.]
619 3562 770 3629 Quod
796 3563 868 3617 ait
896 3564 1189 3635 Scriptura,
1218 3565 1433 3621 Factum
1461 3580 1534 3623 est
1561 3582 1727 3627 autent
1759 3584 1869 3629 sta-

276 3654 371 3706 tim
392 3663 447 3707 ut
477 3655 679 3709 intravit
707 3654 892 3710 Abram
920 3657 973 3711 in
1009 3656 1333 3729 AEgyptum;
1360 3661 1646 3732 sufﬁceret,
1682 3665 1871 3724 Statim

275 3754 450 3799 autem
475 3755 528 3799 ut
547 3747 748 3800 intravit
772 3747 957 3802 Abram
983 3749 1036 3802 in
1062 3748 1368 3820 zEgyptunt.

357 3835 458 3909 [lb.
491 3836 603 3909 18.]
645 3836 781 3903 Quid
808 3838 901 3892 hoc
925 3841 1087 3911 fecisti
1116 3841 1259 3909 mihi,
1288 3846 1407 3913 quia
1429 3860 1530 3899 non
1558 3851 1868 3906 annuntiasti

276 3928 540 3999 mihiquid
562 3944 689 3983 uxor
716 3938 803 3982 tua
825 3930 935 3983 est?
962 3945 1080 3984 cum
1104 3930 1393 4000 sufﬁceret,
1413 3952 1514 3989 non
1530 3941 1863 3996 annuntiasti.

276 4019 351 4075 Et
371 4019 564 4090 ipsum,
586 4020 919 4088 annuntiasti,
951 4037 1100 4077 more
1129 4022 1519 4093 Scripturarum
1540 4028 1739 4085 dictum
1755 4042 1863 4102 est;

277 4124 406 4165 nam
433 4110 580 4164 latini
609 4109 806 4164 habent
838 4112 1093 4181 plerique,
1124 4130 1225 4168 non
1253 4115 1445 4171 dixisti.

352 4199 453 4272 [lb.
482 4216 598 4267 xui,
628 4198 705 4272 1.]
725 4200 962 4255 Ascendit
987 4212 1153 4257 autent
1176 4204 1363 4260 Abram
1389 4209 1452 4263 de
1480 4210 1730 4284 ﬁgi/pta,
1759 4216 1867 4288 ipse

272 4301 327 4346 et
352 4306 483 4345 uxor
508 4292 617 4361 ejus
640 4301 686 4346 et
711 4292 879 4345 omnia
899 4294 1026 4363 ejus,
1051 4304 1097 4348 et
1127 4294 1258 4351 Lotlt
1282 4315 1396 4353 cum
1421 4318 1477 4356 eo
1501 4302 1553 4356 in
1582 4304 1865 4375 desertum;

273 4380 608 4447 subauditur,
637 4382 1025 4439 ascenderunt:
1053 4400 1153 4441 nec
1192 4397 1365 4444 tamen
1412 4394 1626 4464 proprie
1671 4396 1865 4454 dicitur

270 4472 583 4528 ascendisse
610 4487 731 4527 cum
761 4487 826 4528 eo
854 4474 995 4544 quod
1024 4476 1254 4534 habebat
1281 4483 1543 4551 exanime,
1589 4487 1729 4544 sicut
1768 4505 1865 4547 au-

271 4579 397 4620 rum
426 4573 481 4619 et
508 4573 785 4636 argentum
816 4574 872 4621 et
895 4567 1068 4623 omnis
1107 4571 1373 4640 supellex;
1406 4590 1468 4631 ac
1508 4593 1607 4649 per
1646 4579 1749 4638 hoc
1778 4585 1861 4638 in-

269 4655 531 4726 telligitur
576 4656 662 4712 hic
688 4657 903 4724 locutio,
934 4674 1054 4729 qua:
1083 4674 1303 4718 vocatur
1346 4682 1518 4737 graece
1551 4681 1731 4740 ζεῦγμα
1753 4678 1861 4731 κατ’

266 4755 492 4818 ιλλιιφιν.

347 4862 447 4936 [11).
476 4862 553 4937 7.]
575 4864 642 4920 Et
666 4866 804 4936 facta
823 4877 897 4923 est
914 4868 1027 4923 rixa
1044 4870 1175 4924 inter
1194 4871 1412 4927 medium
1433 4886 1691 4946 pastorum
1711 4898 1860 4952 peco-

266 4972 385 5010 rum
413 4956 599 5010 Abram
622 4966 667 5011 et
688 4975 925 5029 pecorum
953 4958 1085 5015 Loth
1107 4977 1127 5015 :
1146 4962 1288 5018 unde
1316 4963 1462 5020 latini
1486 4968 1698 5026 codices
1725 4989 1860 5043 pene

267 5060 463 5102 omnes
488 5062 591 5101 non
618 5048 999 5104 transtulerunt
1025 5052 1179 5106 istam
1203 5052 1540 5124 locutionem,
1571 5061 1665 5117 sed
1682 5062 1754 5118 ita
1780 5065 1859 5119 lo-

267 5146 509 5206 quuntur
530 5146 587 5192 ut
605 5140 932 5194 consuetudo
952 5151 1133 5196 nostra
1150 5142 1330 5212 habet,
1360 5154 1414 5202 et
1434 5148 1588 5205 nobis
1609 5150 1858 5225 deinceps

266 5242 392 5282 eam
430 5237 613 5284 notare
654 5244 758 5284 non
786 5231 1012 5301 placuit;
1051 5233 1163 5302 ipsa
1201 5246 1283 5292 est
1307 5238 1449 5294 enim
1475 5256 1571 5310 per
1597 5246 1774 5302 omnia
1803 5250 1855 5304 in

265 5334 443 5390 grieca
471 5319 753 5391 scriptura,
782 5322 868 5378 ubi
894 5322 997 5378 tale
1022 5324 1221 5395 aliquid
1246 5326 1456 5385 dicitur.

344 5408 444 5483 [lb.
468 5410 546 5485 8.]
572 5413 822 5478 Quoniam
846 5415 1071 5470 homines
1096 5417 1279 5487 fratres
1305 5438 1395 5477 nos
1431 5441 1625 5495 sumus,
1658 5431 1853 5488 Abram

259 5502 406 5559 dixit
428 5505 495 5559 ad
518 5505 688 5561 Loth:
713 5506 852 5562 unde
873 5508 1181 5581 intelligitur
1206 5528 1409 5571 morem
1431 5533 1549 5574 esse
1565 5520 1853 5593 Scripturae

255 5596 333 5653 ita
380 5595 546 5666 loqui,
591 5606 648 5651 ut
688 5595 877 5652 fratres
923 5601 1259 5670 appellentur
1305 5608 1460 5666 unius
1499 5614 1848 5684 cognationis,

324 5710 345 5745 ι
361 5716 415 5761 ιη
434 5712 645 5774 antiquis
666 5709 910 5761 codicibus
929 5721 1225 5781 constanter,
1247 5718 1416 5786 gigans

502 5797 734 5864 ωσι.
766 5796 945 5861 Auuu
985 5797 1091 5859 ill.

1697 212 1905 271 LIBER
1941 214 2217 276 PRIMUS.
2372 234 2377 239 '
2414 232 2423 237 '
2578 234 2584 241 ‘
3311 286 3317 295 ,
3361 298 3379 307 ν,

299 334 560 391 stratum;
600 336 721 379 cum
754 306 1029 381 sufﬁceret
1067 331 1160 380 aut
1195 303 1769 396 sanguinem'rvgtrum,
1810 335 1903 383 aut
2011 329 2221 385 etiamsi
2247 311 2718 405 gradulsa‘nguinis
2742 322 3021 408 diﬂ'erahﬁt,
3036 324 3248 402 uthalter
3269 348 3339 405 sit
3356 349 3411 405 in
3440 311 3605 424 si};

3487 240 3608 335 eo

2009 423 2174 489 riore,
2201 424 2341 480 alter
2367 425 2422 481 in
2453 426 2726 499 inferiore,
2761 433 2900 489 sicut
2926 434 3027 492 hoc
3056 436 3204 505 loco;
3230 456 3353 497 nam
3376 423 3601 514 patruus

2009 513 2160 584 ejus‘
2192 523 2307 569 erat
2334 515 2553 573 Abram.

2092 604 2195 679 [lb.
2227 623 2345 675 xxv,
2380 608 2458 682 1.]
2498 609 2718 669 Factum
2739 626 2813 671 est
2851 627 3020 675 autem
3045 622 3100 676 in
3140 639 3295 695 regno
3322 626 3605 699 Amarphal

2007 699 2140 770 regis
2160 700 2428 773 Sennaar;
2454 710 2748 766 secundum
2780 723 2977 769 nostra:
3005 716 3287 774 locutionis
3313 734 3603 780 consuetu-

2006 790 2185 849 dinem
2206 795 2285 851 sic
2299 797 2535 870 incipere
2555 802 2847 871 sufﬁceret,
2870 807 2923 861 in
2938 824 3092 879 regno
3109 821 3278 866 autem
3292 814 3603 885 Amarpltal:

2004 894 2133 953 ergo
2170 885 2313 955 quod
2353 888 2429 944 ait
2453 889 2748 964 Scriptura,
2774 894 2993 953 Factum
3017 910 3090 955 est
3112 912 3300 971 autent,
3327 922 3477 962 more
3500 924 3601 965 suo

2003 970 2182 1029 locuta
2214 986 2317 1033 est.

2078 1065 2184 1140 [lb.
2213 1068 2294 1145 5.]
2319 1072 2514 1138 Quarto
2537 1076 2730 1133 decimo
2755 1090 2923 1135 autem
2947 1099 3083 1139 anno
3106 1084 3532 1162 Chodollogomor
3553 1103 3602 1149 et

1958 1202 1961 1207 .
1999 1171 2141 1227 reges
2154 1160 2242 1230 qui
2259 1178 2372 1218 cum
2392 1181 2484 1230 eo;
2509 1167 2841 1239 subauditur,
2859 1183 3013 1229 erant
3032 1194 3045 1229 :
3071 1176 3211 1234 unde
3231 1195 3261 1234 a
3277 1160 3599 1252 quibusdam

1999 1247 2179 1305 latinis
2206 1252 2365 1309 etiam
2384 1256 2622 1313 additum
2650 1270 2752 1315 est.

2070 1338 2256 1416 [lb.6.]
2280 1342 2349 1399 Et
2369 1344 2635 1406 Chorrazos
2649 1353 2737 1423 qui
2756 1354 2808 1408 in
2824 1357 3075 1413 montibus
3094 1358 3213 1416 Seir
3222 1378 3245 1429 ;
3260 1363 3596 1437 subauditur,

1997 1440 2168 1488 erant.

2066 1523 2168 1598 [lb.
2196 1527 2308 1602 15.]
2348 1531 2631 1589 Adveniens
2669 1546 2839 1593 autem
2872 1558 3047 1597 eorum
3081 1547 3168 1616 qui
3204 1562 3466 1607 evaserunt
3487 1555 3593 1626 qui.

1993 1616 2134 1685 dam,
2157 1622 2404 1677 nuntiavit
2422 1624 2612 1680 Abram
2635 1631 2992 1701 transﬂuvialt',
3012 1636 3122 1706 ipse
3141 1650 3310 1695 autem
3330 1616 3588 1702 habitabat

1992 1708 2063 1761 ad
2078 1724 2320 1781 quercum
2340 1712 2595 1784 Humbre,
2619 1718 2885 1775 Amorrhis
2907 1727 3084 1792 fratris
3110 1727 3318 1797 Eschol,
3346 1744 3393 1788 et
3419 1738 3594 1807 fratris

1989 1795 2209 1865 Aunan;
2236 1803 2322 1872 qui
2348 1814 2488 1859 erant
2514 1808 2770 1878 conjurati
2797 1810 3022 1879 Abram;
3067 1795 3352 1876 obscurum
3391 1795 3591 1895 hyper-

1990 1886 2151 1944 baton
2172 1908 2185 1943 :
2208 1892 2343 1948 ordo
2363 1905 2447 1951 est
2469 1898 2633 1965 enim,
2667 1900 2977 1959 Adveniens
2993 1920 3181 1963 eorum
3197 1914 3286 1980 qui
3306 1928 3593 1976 evaserunt

1991 1979 2205 2049 quidam
2230 1984 2511 2043 Amorrhis
2534 1987 2715 2045 fratris
2742 1990 2938 2049 Eschol
2977 2006 3031 2051 et
3063 1979 3242 2055 fratris
3270 2003 3477 2072 Aunan,
3498 2010 3592 2078 qui

1988 2079 2143 2125 erant
2183 2074 2467 2145 coniurati,
2513 2080 2779 2137 nuntiavit
2821 2084 3018 2140 Abram
3061 2089 3440 2159 transiiuviali;
3472 2074 3589 2166 ipse

1986 2166 2165 2215 autem
2195 2161 2466 2221 habitabat
2488 2168 2555 2223 ad
2583 2184 2861 2240 quercum.
2886 2174 3000 2231 Hoc
3020 2172 3352 2249 hyperbaton
3386 2161 3585 2242 obscu-

1986 2249 2100 2306 rius
2140 2252 2199 2307 ﬁt
2236 2255 2398 2312 etiam
2436 2273 2533 2328 per
2559 2262 2805 2333 ellipsin:
2828 2281 2951 2321 cum
2993 2270 3137 2325 enim
3179 2271 3379 2330 dictum
3420 2289 3584 2348 esset,

1984 2342 2191 2413 quidam
2213 2346 2477 2406 Amorrhis
2497 2352 2676 2421 fratris
2706 2356 2926 2427 Auuan;
2955 2376 3063 2417 non
3090 2362 3289 2422 dictum
3320 2380 3422 2436 est,
3456 2342 3584 2444 quid

1983 2430 2185 2501 fratris,
2214 2438 2309 2494 sed
2338 2440 2675 2514 intelligitur,
2703 2446 2879 2505 ﬁlius:
2903 2453 3041 2509 sicut
3066 2470 3187 2511 cum
3214 2430 3582 2522 dicitur'Jaco-

1982 2522 2083 2580 bus
2104 2526 2318 2597 Alphei,
2351 2535 2598 2602 quamvis
2620 2552 2731 2593 non
2751 2538 2962 2597 dicatur
2992 2545 3149 2611 ﬁlius,
3176 2550 3310 2605 nihil
3334 2555 3476 2610 aliud
3497 2557 3581 2612 in-

1982 2614 2262 2687 telligitur;
2294 2628 2348 2675 et
2367 2622 2550 2679 multa:
2576 2637 2700 2683 sunt
2718 2628 2851 2686 tales
2867 2631 3168 2694 locutiones
3183 2638 3579 2713 Scripturarum

1981 2708 2074 2765 ubi
2100 2709 2239 2769 ﬁlius
2262 2722 2466 2772 tacetur
2491 2728 2545 2774 et
2574 2720 2911 2794 intelligitur.
3306 2708 3321 2713 “
3528 2770 3533 2776 .

2054 2800 2153 2874 [lb.
2174 2803 2288 2877 22.]
2310 2806 2466 2875 Quod
2481 2809 2681 2868 habent
2696 2815 2910 2885 quidam
2936 2818 3084 2875 latini
3102 2823 3334 2895 codices,
3358 2828 3427 2883 Et
3448 2832 3577 2888 dixit

1980 2891 2171 2948 Abram
2194 2896 2263 2950 ad
2288 2915 2457 2970 regem
2492 2902 2865 2979 Sodomorum,
2906 2909 3136 2968 Extendo
3179 2891 3387 2974 martum
3415 2939 3577 2979 meam

1979 2982 2049 3037 ad
2070 2981 2238 3041 Deum
2265 2988 2589 3061 altissimum,
2635 2998 2721 3067 qui
2749 3002 2933 3056 ereavit
2962 3006 3143 3060 caelum
3165 3018 3213 3061 et
3236 3018 3441 3079 terram,
3471 3016 3518 3069 si
3544 3034 3577 3071 a

1978 3086 2153 3145 sparto
2173 3096 2331 3152 usque
2344 3084 2412 3136 ad
2434 3087 2701 3157 corrigiam
2722 3090 3077 3161 calceamenti;
3102 3097 3288 3156 fefellit
3308 3104 3577 3176 interpre-

1977 3174 2108 3235 tem,
2142 3171 2283 3240 quod
2309 3188 2517 3243 graecus
2544 3176 2706 3234 habet
2729 3189 2983 3253 σπαρτίου,
3025 3188 3167 3257 quod
3208 3191 3371 3250 latine
3404 3171 3573 3253 lilium

1977 3256 2306 3333 intelligitur,
2329 3274 2387 3321 ut
2411 3265 2512 3323 ista
2540 3268 2934 3341 Scripturarum
2964 3256 3161 3336 locutio
3194 3283 3284 3349 sit,
3323 3285 3571 3345 Extendo

1975 3364 2192 3407 manum
2231 3369 2407 3411 meam
2449 3358 2516 3413 ad
2548 3360 2714 3416 Deum
2754 3364 3095 3434 altissimum,
3122 3374 3211 3442 qui
3236 3379 3571 3436 creavitcte-

1974 3437 2086 3495 lum
2112 3451 2167 3497 et
2188 3452 2403 3515 terram,
2428 3449 2473 3503 si
2498 3451 2755 3523 accipiam
2802 3455 2871 3511 de
2906 3460 3155 3516 omnibus
3186 3464 3322 3520 tuis:
3349 3469 3396 3522 si
3426 3471 3571 3528 enim

1974 3545 2072 3603 pro
2094 3548 2160 3589 eo
2185 3535 2334 3604 dixit,
2378 3538 2614 3597 Extendo
2646 3561 2851 3600 manum
2886 3566 3048 3604 meam
3080 3554 3148 3607 ad
3179 3554 3345 3613 Deum
3384 3562 3570 3618 altissi-

1973 3642 2214 3694 ntum,ac
2238 3633 2280 3685 si
2310 3632 2532 3702 diceret,
2558 3634 2703 3706 juro,
2736 3655 2843 3694 non
2869 3651 2952 3696 est
2981 3644 3032 3698 in
3066 3646 3230 3703 latino
3257 3652 3446 3707 usitata
3484 3656 3568 3711 lo-

1973 3718 2136 3782 cutio,
2159 3719 2261 3775 nisi
2283 3721 2353 3776 ita
2380 3722 2609 3792 dicatur,
2634 3727 2878 3785 Exteudo
2895 3748 3106 3789 manum
3125 3753 3295 3793 meam
3314 3742 3380 3796 ad
3399 3743 3567 3801 Deum

1972 3807 2309 3878 altissimum,
2341 3829 2425 3868 me
2450 3830 2555 3869 non
2587 3818 2830 3888 accipere
2859 3822 2927 3878 de
2952 3827 3211 3884 omnibus
3235 3833 3358 3887 tuis.

2045 3897 2143 3971 [lb.
2162 3915 2252 3966 xv,
2278 3900 2390 3975 15.]
2410 3903 2629 3961 Sciendo
2654 3910 2781 3965 scies
2802 3913 2921 3983 quia
2942 3920 3259 3989 peregrinum
3281 3926 3372 3978 erit
3396 3944 3565 3985 semen

1972 3996 2112 4044 tuum
2134 3991 2186 4045 in
2215 4001 2347 4047 terra
2367 4011 2385 4048 :
2412 3996 2608 4054 locutio
2636 4001 2848 4072 quidem
2870 4004 3263 4077 Scripturarum
3285 4026 3367 4070 est
3392 4019 3563 4075 usita-

1972 4079 2202 4148 tissima;
2250 4084 2345 4139 sed
2389 4089 2551 4157 graeci
2600 4090 2814 4159 habent,
2867 4094 3047 4152 Sciens
3075 4102 3217 4170 scies,
3246 4106 3389 4175 quod
3419 4124 3553 4178 pene

1973 4173 2299 4229 tantumdem
2331 4186 2432 4231 est.

2041 4284 2139 4358 [lb.
2169 4304 2276 4354 xw,
2311 4288 2388 4362 5.]
2411 4289 2478 4345 Et
2494 4293 2629 4347 dedit
2650 4312 2760 4349 eam
2784 4299 2971 4353 Abram
2988 4302 3092 4356 viro
3108 4320 3200 4359 suo
3218 4306 3316 4376 ipsi
3329 4325 3563 4367 uxorent'

1967 4374 2085 4445 plus
2107 4375 2284 4442 habet,
2306 4379 2427 4448 ipsi.

2040 4465 2141 4539 [lb.
2174 4466 2253 4540 4.]
2284 4468 2410 4523 Cum
2433 4481 2596 4526 autem
2622 4476 2745 4529 vidit
2766 4493 2819 4531 se
2842 4491 3135 4551 conceptum
3161 4484 3361 4557 habere,
3393 4504 3560 4563 spreta

1965 4572 2077 4610 sum
2115 4573 2285 4611 coram
2323 4559 2624 4632 illa:graeci
2665 4564 2862 4622 habent
2906 4569 3006 4626 hoc
3049 4573 3168 4631 loco
3197 4559 3556 4656 participium,

1965 4646 2107 4717 quod
2136 4649 2294 4703 latina
2324 4650 2499 4723 lingua
2527 4670 2629 4709 non
2658 4655 2837 4725 habet,
2870 4660 2972 4717 hoc
2998 4674 3079 4720 est
3100 4646 3265 4724 ticam
3287 4690 3300 4727 :
3325 4646 3418 4730 sed
3436 4646 3559 4734 tan:-

1964 4753 2123 4807 quam
2172 4740 2217 4793 si
2254 4740 2540 4811 diceretur,
2573 4745 2771 4804 Videas
2799 4762 2977 4808 autem
3004 4770 3061 4812 se
3104 4773 3418 4835 conceptum
3451 4770 3546 4825 hae

1963 4829 2110 4896 bere,
2143 4841 2319 4901 spreta
2347 4848 2463 4889 sum
2491 4852 2671 4893 coram
2690 4840 2811 4908 illa;
2841 4847 2989 4913 quasi
3017 4829 3353 4911 soloecismus
3377 4870 3554 4918 sonat:

1964 4922 2041 4977 sic
2065 4924 2224 4978 etiam
2249 4940 2342 4995 per
2362 4928 2488 4983 illud
2507 4932 2845 5003 participium
2865 4939 3006 5007 quod
3026 4941 3224 4999 dictum
3245 4956 3347 5015 est,
3365 4955 3553 5023 ἰδοῦσα,

1964 5028 2062 5084 pro
2085 5030 2191 5085 quo
2218 5032 2316 5073 nos
2341 5018 2585 5087 dicimus,
2619 5022 2839 5082 Videas.

2035 5105 2133 5178 [lb.
2167 5124 2297 5176 xvii,
2326 5109 2404 5183 6.]
2444 5112 2595 5181 Quod
2642 5116 2789 5171 latini
2817 5119 3033 5190 habent,
3080 5126 3304 5195 Augeam
3328 5139 3376 5183 te
3402 5134 3554 5191 nimis

1962 5196 2107 5250 valde
2127 5215 2144 5263 ;
2164 5200 2325 5269 graeci
2346 5201 2561 5270 habent,
2594 5206 2740 5261 valde
2768 5210 2930 5263 valde.

2034 5286 2129 5360 [lb.
2155 5288 2232 5362 8.]
2254 5290 2321 5344 Et
2347 5292 2476 5347 dabo
2522 5296 2611 5349 tibi
2644 5307 2689 5349 et
2723 5300 2900 5352 semini
2936 5308 3022 5354 tuo
3058 5315 3173 5373 post
3202 5315 3249 5361 te
3272 5318 3460 5367 terram
3496 5318 3553 5372 in

1959 5395 2060 5448 qua
2097 5380 2310 5448 habitas,
2352 5400 2551 5439 omnem
2595 5396 2781 5441 terram
2818 5388 3061 5446 Chanaan
3100 5395 3155 5449 in
3183 5403 3549 5468 possessionem

1958 5481 2195 5525 (sternam
2219 5489 2238 5526 :
2254 5473 2536 5529 videndum
2567 5486 2745 5530 utrum
2772 5478 2968 5534 locutio
2984 5483 3053 5537 sit
3070 5486 3213 5555 quod
3233 5488 3380 5557 dicit,
3398 5504 3547 5550 atter-

1960 5579 2096 5629 nam,
2126 5564 2286 5632 graeci
2328 5564 2525 5621 habent
2551 5574 2774 5621 αίώνιονε
2803 5579 2856 5625 et
2885 5573 3025 5642 quod
3052 5577 3143 5640 ait,
3179 5590 3226 5634 et
3254 5586 3435 5640 semini
3458 5596 3548 5643 luo

2021 5675 2034 5745 ξ
2065 5681 2112 5721 In
2151 5673 2295 5754 editis
2332 5677 2932 5754 omissumufuerataejus
2963 5697 2980 5735 :
3004 5688 3133 5750 quod
3166 5704 3231 5740 ex
3268 5697 3548 5754 Corbeiemn

1957 5733 2158 5797 aliisque
2192 5736 2387 5798 Optimae
2410 5746 2537 5790 nota:
2558 5748 2659 5793 Mss.
2686 5733 3001 5799 resiittiimus.

3071 5833 3341 5917 (δοίη.)
