3902 6318
287 226 412 284 ⁴95

292 337 692 409 Scripturarmn
728 340 888 398 etiam
926 352 1118 399 extera
1156 359 1339 401 earum
1384 342 1499 401 loca
1535 343 1878 412 indicabunt;

293 433 422 502 quia
460 433 643 488 dextra
675 436 977 490 nominatur
1016 437 1065 489 in
1093 436 1339 491 omnibus
1364 436 1550 499 bonis,
1576 436 1792 491 sinistra
1823 438 1877 493 in

290 524 476 589 malis,
502 524 616 578 sive
652 524 875 580 felicitas
896 535 951 581 ct
987 527 1284 595 infelicitas,
1320 529 1436 582 sive
1462 528 1663 597 justitia
1696 536 1756 583 et
1792 529 1877 582 iu-
1913 582 1916 585 .

180 586 183 587 ν
280 586 517 684 justitia,
546 625 602 670 et
652 617 936 688 aliquando
985 618 1170 674 dextra
1217 586 1281 675 in,
1312 586 1552 685 azterriis,
1576 620 1792 676 sinislra
1822 620 1874 674 in

180 756 183 757 ν
286 706 695 775 temporalibus.

366 794 464 867 [11).
496 813 637 860 xxv,
669 796 781 872 15.]
806 798 934 854 Ila'c
964 810 1081 855 sunt
1105 802 1306 857 nomina
1336 802 1559 871 filiorum
1582 801 1770 858 Isaiae!
1794 821 1875 859 se-

285 887 513 939 cundum
535 888 738 942 nomina
749 893 1126 961 generationum
1140 909 1310 947 eorum
1326 910 1346 949 :
1362 903 1485 963 tonq
1492 910 1611 948 nam
1627 894 1868 962 dixisset,

282 976 583 1032 secundum
610 994 732 1050 qua:
755 982 967 1036 nomina
994 984 1366 1056 generationes
1388 1001 1576 1042 eorum
1593 987 1871 1057 appellata:

281 1076 431 1121 sunt.

370 1162 466 1232 [lb.
498 1160 617 1234 ΞΟΠ]
666 1162 866 1233 Accepit
898 1162 1171 1219 Rebeccam
1210 1166 1375 1236 ﬁliam
1406 1165 1622 1223 Buthucl
1651 1168 1773 1240 Syri
1800 1169 1865 1224 de

274 1256 657 1326 .Hesopotamia
682 1296 701 1321 ,
727 1272 948 1310 sororem
984 1256 1156 1311 Labun
1197 1258 1323 1328 Syri
1346 1297 1361 1322 ,
1406 1259 1503 1313 sibi
1539 1261 1590 1312 in
1622 1276 1827 1314 uxorem
1845 1275 1866 1315 :

277 1363 409 1403 cum
442 1356 624 1419 posset
640 1348 745 1403 dici
770 1348 1158 1415 tantummodo,
1184 1366 1391 1404 uxorein
1405 1366 1427 1416 ,°
1450 1361 1545 1405 aut
1565 1391 1584 1419 ,
1608 1352 1703 1406 sibi
1730 1369 1863 1407 uso-

262 1455 409 1494 rem.

355 1528 457 1601 [lb.
477 1526 592 1602 ει]
612 1526 677 1583 Et
704 1528 753 1584 ei
769 1538 913 1583 erant
933 1530 1119 1602 gemini
1140 1530 1191 1584 in
1216 1540 1357 1585 utero
1380 1533 1519 1604 ejus;
1540 1547 1661 1589 cum
1682 1544 1861 1605 posset

273 1635 391 1676 non
421 1621 541 1676 addi
562 1620 701 1690 (ιιιυά
720 1621 918 1676 ι11ειιιιιι
943 1632 1046 1686 εει,
1067 1624 1198 1694 ejus.

354 1711 453 1784 [lb.
478 1712 591 1784 27.]
607 1712 873 1767 Crercrunt
893 1724 1061 1767 autem
1068 1716 1298 1785 juvenes.
1324 1715 1415 1771 Est
1438 1716 1559 1771 talis
1582 1716 1779 1773 lorutio
1803 1727 1859 1774 ct

266 1804 419 1874 apud
441 1814 685 1860 auctores
709 1806 1012 1873 s'cciilares,
1035 1808 1187 1862 siculi
1217 1815 1296 1862 est
1316 1848 1335 1874 ,
1382 1806 1448 1862 Et
1473 1818 1614 1862 scuta
1643 1810 1855 1865 latentia

267 1894 501 1947 condunt
539 1892 712 1965 (Virg.
739 1893 955 1949 £ueid.
982 1897 1070 1950 lib.
1101 1898 1167 1957 5.
1189 1912 1236 1951 υ.
1275 1897 1404 1969 237)
1431 1916 1444 1951 :
1473 1899 1524 1953 id
1567 1909 1649 1955 est
1668 1938 1686 1966 ,
1724 1916 1855 1957 eon-

271 1980 453 2038 dendn
482 1985 692 2039 latentia
720 1987 938 2040 iaciunt.
965 1986 1053 2042 Sic
1089 1997 1143 2043 et
1179 1988 1297 2055 hic,
1326 1987 1596 2044 Creucrunt
1618 1992 1848 2061 juvenes,

270 2090 395 2129 cum
421 2076 645 2133 infantes
670 2089 871 2145 essent,
899 2079 1229 2151 intelligitur,
1249 2082 1542 2137 crescendo
1569 2081 1694 2138 facti
1723 2093 1851 2140 sunt

262 2165 513 2235 juvenes.

338 2254 443 2329 [11).
467 2254 583 2330 51
609 2255 774 2313 Jacoh
791 2256 857 2312 ad
877 2258 1037 2327 Esau,
1052 2259 1222 2315 Vende
1240 2263 1364 2317 mihi
1378 2262 1527 2319 hodie
1542 2265 1847 2337 primogeni-

264 2357 325 2401 ta
346 2359 433 2401 tua
453 2350 612 2405 mihi:
636 2350 714 2404 sic
733 2350 873 2404 enim
901 2348 1095 2406 habent
1119 2352 1329 2408 codices
1351 2356 1529 2424 grzeci.

340 2436 442 2512 [lb.
474 2456 617 2510 xxvi,
641 2440 759 2516 28.]
810 2441 1039 2498 Videntes
1077 2444 1292 2500 vidimus
1335 2447 1454 2516 quia
1480 2455 1555 2502 est
1596 2446 1845 2504 Dominus

263 2537 449 2583 tecum.

336 2619 439 2693 [11).
469 2620 586 2694 28.]
615 2621 683 2677 Et
709 2622 1031 2695 disponemus
1052 2635 1212 2681 tecum
1237 2637 1584 2684 testamentum
1613 2646 1631 2685 :
1658 2640 1842 2687 amant

263 2706 555 2780 Scriptura:
611 2728 707 2781 pro
757 2726 910 2784 pacto
956 2732 1152 2787 ponere
1204 2728 1599 2788 testamentum,
1652 2723 1702 2776 id
1759 2732 1841 2778 est

261 2805 509 2863 διαθήκην.
567 2804 716 2872 Quod
759 2806 902 2860 latini
947 2806 1163 2872 habent,
1210 2808 1277 2863 Et
1321 2812 1640 2881 disponemus
1679 2824 1839 2868 tecum

258 2903 608 2949 testamentum
627 2913 691 2951 ne
714 2899 1144 2969 faciasnobiscum
1170 2902 1359 2956 malum
1382 2918 1401 2956 :
1423 2913 1667 2973 tanquam
1693 2904 1838 2960 dice-

256 2994 427 3048 retur,
458 2995 514 3040 nt
544 2987 827 3055 paciscaris
849 3004 956 3043 non
987 2989 1161 3046 facere
1185 2992 1457 3048 nobisequ
1485 2995 1705 3049 malum.

332 3074 347 3145 [
361 3075 432 3128 Ib.
452 3090 622 3139 xxvu,
648 3075 724 3149 l.]
744 3076 807 3131 Et
836 3080 1023 3133 vocavit
1048 3082 1210 3150 ﬁlium
1228 3100 1373 3137 suum
1392 3087 1634 3140 seniorem
1658 3086 1795 3142 Esau
1816 3130 1831 3153 ,

253 3174 302 3218 et
330 3166 458 3218 dixit
478 3183 496 3219 :
522 3166 621 3221 hoc
651 3166 767 3222 loco
803 3170 1030 3224 senioris
1062 3187 1254 3228 nimico
1293 3189 1396 3228 non
1424 3175 1681 3246 signillcat
1703 3186 1835 3233 aeta-

254 3264 367 3311 tetu
396 3272 631 3327 gravent,
655 3260 749 3315 sed
768 3276 833 3315 ex
855 3261 1253 3333 comparatione
1279 3266 1557 3333 majorem.

328 3336 429 3419 [11).
455 3343 535 3421 5.]
563 3347 718 3404 Nunc
757 3367 874 3422 ergo
915 3368 1059 3406 sume
1087 3369 1171 3406 vas
1208 3362 1353 3427 tuum
1377 3347 1833 3426 pharetramque'et

184 3429 189 3433 ’
251 3444 430 3493 arcum
457 3454 477 3494 :
506 3456 609 3495 non
648 3440 780 3495 dixit
812 3458 972 3510 vasa,
1012 3444 1104 3497 sed
1133 3460 1218 3498 vas
1245 3459 1265 3499 :
1289 3445 1431 3515 quod
1464 3456 1641 3501 autem
1673 3450 1829 3503 intel-

252 3520 345 3599 ligi
378 3532 560 3595 voluit,
593 3545 698 3585 non
725 3542 965 3603 apparet,
998 3533 1097 3588 nisi
1130 3533 1267 3590 forte
1287 3534 1482 3589 locutio
1509 3545 1625 3603 est,
1658 3551 1713 3590 ιιι
1738 3553 1830 3594 vas

250 3620 555 3699 pharetram
581 3621 807 3677 voluerit
832 3624 1072 3695 intelligi,
1099 3633 1152 3680 et
1176 3626 1488 3696 exponendo
1518 3627 1641 3696 quid
1678 3630 1827 3683 dixe-

248 3713 322 3768 rit
361 3727 489 3781 vas,
518 3712 815 3783 adjunxerit
858 3716 1238 3787 pharetramque
1263 3728 1307 3771 tt
1344 3734 1545 3784 arcum,
1582 3729 1827 3790 tanquam

248 3792 463 3870 dixerit,
493 3820 643 3861 sume
672 3821 762 3861 vas
792 3815 937 3861 tuum
966 3818 1020 3863 et
1049 3808 1348 3879 pharetram
1372 3826 1388 3876 ;
1415 3813 1572 3867 veluti
1606 3814 1650 3867 si
1680 3814 1827 3869 dice-

247 3906 354 3955 ret,
382 3911 533 3951 sume
555 3910 649 3950 vas
677 3906 842 3962 tuum,
875 3898 927 3952 id
960 3908 1040 3954 est
1073 3899 1369 3968 pharetram
1400 3920 1415 3958 :
1441 3902 1633 3959 deinde
1660 3905 1822 3971 aliud,

246 3996 303 4042 et
330 4003 509 4043 arcum
530 4030 545 4055 ,
588 3990 729 4061 quod
758 4007 861 4044 non
895 3991 960 4046 ad
991 3992 1116 4047 illud
1145 4008 1238 4049 vas
1270 3995 1554 4064 pertineret
1576 3997 1719 4067 quod
1744 4006 1827 4053 est

245 4077 503 4149 pharetra
543 4097 557 4134 :
595 4089 687 4135 aut
723 4088 868 4136 certe
902 4081 1207 4153 pharetram
1245 4093 1300 4139 et
1334 4100 1514 4141 arcum
1543 4103 1636 4143 vas
1661 4089 1826 4145 voluit

244 4172 552 4242 appellare,
583 4172 901 4243 singularem
931 4189 1132 4243 ponens
1169 4192 1446 4232 numerum
1479 4195 1573 4249 pro
1599 4180 1818 4251 plurali;

243 4268 499 4331 tanquam
526 4263 570 4317 si
598 4263 818 4331 diceret,
848 4265 1028 4335 accipe
1056 4276 1254 4322 vestem
1281 4276 1444 4335 tuam,
1469 4285 1577 4341 quo
1607 4274 1822 4330 nomine

241 4354 658 4423 intelligereuins
686 4356 862 4425 plures
893 4368 1102 4425 vestes,
1138 4360 1290 4415 sicuti
1320 4361 1660 4435 intelligimus
1683 4366 1820 4421 mili-

242 4454 352 4503 tem
382 4462 479 4516 pro
508 4447 781 4514 militibus,
814 4458 867 4503 et
897 4450 1060 4504 multa
1088 4461 1212 4506 sunt
1237 4453 1378 4507 talia.

316 4538 417 4612 [11).
446 4538 527 4613 5.]
555 4540 655 4594 Exi
683 4542 732 4595 in
756 4558 1013 4612 campum,
1042 4553 1088 4597 et
1110 4561 1288 4599 venare
1311 4546 1435 4600 ntihi
1461 4551 1789 4605 venationem.

313 4627 412 4702 [11).
444 4628 522 4701 9.]
553 4630 617 4684 Et
654 4630 777 4685 vade
812 4631 880 4685 ad
904 4648 1053 4697 ores,
1097 4643 1145 4688 et
1170 4650 1311 4689 sume
1346 4637 1469 4691 mihi
1500 4638 1625 4693 duos
1648 4642 1817 4695 [tardas

237 4730 437 4774 teneros
481 4728 526 4773 et
572 4718 727 4776 bonos
755 4737 774 4776 :
804 4722 1017 4777 nomine
1066 4723 1244 4780 ovium
1289 4726 1562 4797 utriusque
1608 4730 1815 4799 pecoris

233 4823 407 4878 genus
454 4807 808 4880 signiﬁcavit,
857 4812 1001 4884 quod
1046 4812 1103 4869 in
1148 4813 1351 4872 eisdem
1402 4818 1611 4887 pascuis
1659 4820 1812 4876 simul

231 4908 411 4957 eranl.

310 4988 411 5061 [lb.
443 5006 644 5059 xxvut,
680 4992 761 5068 4.]
805 4995 870 5049 Et
905 4996 986 5052 det
1023 4998 1110 5053 tibi
1138 4996 1526 5057 benedictionem
1552 5006 1711 5075 patris
1741 5009 1814 5062 tui

233 5084 493 5139 Abraham
524 5100 543 5141 :
572 5085 717 5142 Isaac
745 5089 873 5143 dicit
900 5089 1007 5145 lilio
1033 5106 1130 5146 suo
1154 5093 1221 5148 de
1248 5110 1348 5150 avo
1373 5096 1487 5167 ejus
1514 5109 1663 5167 patre
1689 5116 1807 5157 suo.

308 5169 404 5245 [lb.
434 5174 512 5249 5.]
546 5174 611 5231 Et
640 5179 759 5233 exiit
787 5181 838 5234 in
864 5178 1277 5252 Mesopotamiam
1306 5186 1675 5261 Syriamuasi
1704 5192 1811 5247 Me-

230 5271 525 5336 sonotamia
552 5272 758 5328 dicatur
799 5274 898 5329 nisi
937 5275 1138 5344 Syriaz,
1184 5279 1424 5348 quamvis
1453 5280 1553 5337 hoc
1581 5283 1805 5354 Septua-

226 5359 374 5430 ginta
403 5377 506 5417 non
544 5363 738 5421 habere
766 5366 1141 5437 perhibeantur
1167 5369 1371 5443 Syriis,
1399 5374 1491 5429 sed
1520 5392 1641 5432 cum
1664 5388 1808 5436 aste-

226 5453 372 5508 risco
396 5457 649 5525 scriptum
669 5465 769 5512 est.

300 5543 541 5619 [Ι1).15.]
567 5546 704 5602 Deus
730 5548 797 5603 ad
824 5548 1015 5617 Iacob,
1044 5549 1165 5607 Non
1192 5554 1532 5629 derelinquam
1555 5568 1621 5626 te,
1648 5560 1808 5618 dcuec

646 5638 1313 5711 “missionum
1330 5664 1352 5706 :
1373 5650 1524 5722 quasi
1554 5644 1809 5746 dimissu-

1670 226 1879 287 ηεξ-,ιι
1904 230 2187 293 russus.

3450 262 3562 327 491

1982 362 2099 413 rus,
2124 365 2247 405 cum
2268 350 2618 421 ieceritmon
2645 359 2849 430 utique,
2873 364 2968 421 sed
2990 365 3317 429 ιοοοιῦοεει.

2050 438 2155 536 [11).
2179 458 2380 536 ssvm,
2410 444 2521 536 id]
2550 447 2782 507 Smen't
2824 452 2987 511 Iacob
3018 457 3085 514 de
3122 471 3304 520 mune
3340 482 3458 536 suo,
3508 480 3556 527 et

1980 529 2128 630 dixit,
2322 544 2394 590 est
2412 534 2663 594 Dominus
2684 541 2873 601 inloco
2896 546 3009 614 hoc,
3031 566 3132 622 ego
3156 564 3326 613 autem
3349 529 3552 630 ignora-

1980 621 2095 719 bam
2122 622 2351 719 emeatus
2377 640 2569 686 sensus
2598 640 2718 699 est,
2744 635 2849 691 etsi
2888 652 2998 695 non
3044 621 3267 713 habeat,
3293 621 3432 719 quia.
3464 652 3553 709 Est

1981 706 2227 766 υοηιειιω
2252 714 2303 769 in
2320 713 2435 771 loco
2457 718 2590 786 hoc;
2610 735 2676 777 ac
2698 723 2744 777 si
2767 724 2988 791 diceret,
3002 740 3092 786 est
3115 730 3204 792 hic
3216 706 3549 797 uinosi...

1981 800 2056 854 tio
2080 801 2285 858 Domini
2315 823 2329 860 :
2361 823 2464 861 non
2488 812 2632 865 cutim
2659 812 2915 871 Dominus
2940 818 2992 873 in
3014 820 3133 875 loco
3157 833 3259 878 est.

2044 889 2148 963 [11).
2198 911 2357 964 ssix,
2389 898 2467 973 5.]
2498 901 2664 959 Jaeob
2689 905 3020 979 interrogans
3054 914 3197 983 quod
3223 916 3330 983 ait,
3375 918 3550 977 Nostis

1973 980 2151 1072 Labori
2176 987 2340 1050 ﬁlium
2368 987 2613 1046 Nachor?
2634 1008 2754 1048 eum
2782 1009 2926 1053 esset
2955 980 3093 1056 lilins
3119 980 3374 1072 Bathnel;
3402 1010 3548 1066 intel-

1970 1071 2239 1144 ligendum
2268 1088 2351 1134 Cal
2380 1081 2691 1138 nobiliorem
2719 1084 2878 1142 fuisse
2905 1087 3130 1157 Nachor,
3161 1104 3212 1149 et
3245 1099 3433 1154 merito
3456 1101 3545 1156 di-

1967 1166 2182 1235 gnitatis
2232 1169 2347 1237 ejus
2395 1170 2588 1227 laetum
2642 1189 2762 1230 esse
2804 1185 2864 1232 ut
2912 1178 2979 1234 de
3022 1180 3137 1249 ipso
3178 1184 3542 1257 interrogaret.

1968 1253 2163 1311 Filium
2189 1269 2364 1314 autem
2386 1260 2488 1317 dici
2513 1272 2567 1317 et
2589 1266 2671 1319 avi
2692 1275 2746 1322 et
2772 1270 2954 1338 proavi
2978 1280 3032 1326 ει
3055 1274 3189 1329 ultra
3216 1253 3432 1346 major—is
3455 1282 3543 1338 ali-

1965 1346 2117 1415 cujus
2148 1363 2268 1403 eum
2304 1351 2393 1420 qui
2431 1368 2496 1407 es
2535 1354 2627 1409 illo
2672 1370 3022 1429 propagatur,
3066 1364 3420 1424 usitatissimm
3459 1372 3540 1426 lo-

1964 1438 2193 1493 cutionis
2243 1449 2344 1494 cst.
2396 1442 2531 1499 lline
2579 1455 2663 1500 cst
2709 1449 2851 1519 quod
2898 1460 2955 1506 et
3004 1451 3149 1510 Isaac
3188 1467 3394 1526 patrem
3447 1462 3539 1521 lilii

1961 1529 2045 1584 sui
2090 1533 2376 1601 appellavit
2411 1536 2714 1608 Abraham,
2759 1540 2898 1597 sicut
2934 1545 3094 1614 paulo
3135 1559 3259 1604 ante
3299 1564 3537 1610 comme-

1959 1624 2185 1680 moravi.

2029 1711 2130 1786 [lb.
2152 1712 2231 1787 7.]
2261 1715 2441 1771 Adhuc
2472 1728 2546 1774 est
2567 1720 2676 1777 dies
2702 1721 2897 1794 aurita,
2919 1727 3143 1783 nondum
3168 1741 3244 1786 est
3264 1732 3389 1789 hora
3408 1751 3533 1793 cott-

1952 1804 2198 1876 gregandi
2224 1822 2426 1877 pecora.

2024 1893 2123 1968 [11).
2144 1911 2276 1965 xxx,
2307 1896 2387 1972 4.]
2417 1897 2482 1954 Et
2504 1901 2641 1956 dedit
2676 1904 2753 1958 illi
2776 1903 2977 1962 Ballam
3001 1912 3240 1968 ancillam
3265 1932 3411 1973 suam
3436 1920 3531 1992 ipsi

1953 2006 2164 2046 uxorem
2190 2008 2209 2046 :
2232 1995 2445 2061 plenum
2471 2006 2633 2062 esset,
2661 2002 2761 2053 etsi
2789 2001 2889 2071 ipsi
2914 2018 3019 2058 non
3046 2004 3351 2064 adderetur.

2025 2079 2125 2155 [lb.
2154 2082 2359 2154 27.]ISi
2382 2086 2547 2140 inveni
2574 2091 2788 2156 gratiam
2815 2102 2933 2146 ante
2960 2103 3025 2158 te,
3044 2109 3317 2167 auguratus
3341 2117 3531 2169 essem,-

1951 2169 2200 2225 beuedixit
2225 2174 2357 2228 enim
2400 2192 2481 2230 me
2517 2174 2655 2232 Deus
2692 2180 2746 2233 in
2789 2181 2995 2236 introitu
3037 2194 3121 2240 tuo
3148 2202 3298 2243 :rnon
3330 2190 3529 2249 videtur

1948 2276 2301 2334 consequens;
2316 2267 2439 2336 quia
2460 2267 2545 2323 hic
2566 2269 2846 2327 dicendum
2864 2266 2981 2340 fuit,
3000 2274 3057 2331 Si
3080 2277 3397 2336 invenissem
3412 2298 3531 2353 gra.

1948 2356 2075 2411 tiam
2109 2369 2232 2413 ante
2260 2369 2331 2426 te,
2350 2372 2637 2435 auguratus
2656 2379 2862 2432 essem;
2885 2384 3028 2425 nunc
3049 2380 3225 2426 autem
3248 2373 3310 2429 Si
3328 2375 3530 2433 iuvent:

1945 2447 2079 2502 ordo
2106 2457 2209 2514 est,
2239 2450 2296 2506 Si
2324 2450 2502 2506 inveni
2522 2455 2744 2523 gratiam
2771 2466 2900 2513 ante
2928 2467 3012 2527 te,
3054 2465 3299 2530 permitte
3321 2480 3409 2522 me
3430 2481 3529 2522 au-

1941 2540 2154 2609 gurari;
2184 2540 2255 2594 ita
2280 2540 2423 2595 enim
2452 2542 2620 2610 dixit,
2649 2557 2926 2614 auguratus
2954 2565 3109 2604 essem
3128 2591 3146 2618 ,
3177 2561 3425 2623 tanquam
3444 2555 3526 2612 di-

1943 2637 2108 2695 ceret,
2137 2645 2170 2684 o
2195 2631 2237 2683 si
2268 2642 2557 2699 auguratus
2585 2649 2759 2689 essem
2785 2637 2800 2691 l
2832 2637 2884 2691 id
2909 2647 3013 2705 est,
3042 2641 3113 2695 ad
3135 2641 3333 2699 bonum
3359 2659 3526 2717 augu-

1896 2761 1899 2765 .
1945 2717 2078 2772 rium
2109 2727 2157 2773 te
2185 2719 2236 2773 iu
2266 2720 2424 2775 domo
2445 2737 2561 2777 mea
2593 2722 2864 2780 haberem.

2014 2807 2112 2881 [lb.
2141 2809 2258 2883 55.]
2286 2811 2354 2865 Et
2373 2814 2607 2869 exaudiet
2632 2832 2710 2870 me
2722 2817 2926 2887 justitia
2948 2836 3058 2877 mea
3081 2816 3135 2878 in
3159 2823 3243 2879 die
3263 2826 3521 2886 crastino:

1941 2897 1994 2953 id
2018 2909 2120 2966 est,
2146 2901 2384 2957 exaudiri
2427 2919 2512 2958 me
2537 2906 2711 2960 faciet.

2009 2987 2113 3062 [11).
2143 3007 2285 3057 sui,
2315 2991 2397 3066 2.]
2426 2990 2490 3047 Et
2527 2994 2827 3053 viditlacob
2864 3000 3046 3072 [aciem
3078 3002 3252 3060 Laban
3274 3047 3290 3073 ,
3323 3016 3373 3062 et
3412 3025 3522 3065 ecce

1938 3095 2037 3134 non
2062 3082 2258 3135 eratad
2293 3099 2408 3138 eum
2439 3084 2566 3140 sicut
2605 3087 2836 3144 hesterna
2870 3099 2919 3144 et
2954 3092 3358 3151 nudiustertiana
3398 3100 3521 3155 die:

1939 3172 2346 3249 laiiiiliarissima
2388 3177 2439 3232 in
2470 3178 2761 3251 Scripturis
2802 3181 3034 3252 locutio,
3065 3184 3311 3244 hesterna
3340 3199 3392 3246 et
3417 3205 3521 3249 nu-

1936 3261 2281 3339 diustertiana
2308 3266 2415 3331 die,
2446 3283 2541 3338 pro
2577 3280 2815 3340 tempore
2852 3277 3121 3343 prmterito
3146 3281 3342 3348 posuit.

2005 3352 2248 3431 [11).10.]
2282 3357 2345 3412 Et
2381 3360 2482 3413 vidi
2503 3363 2661 3415 oculis
2688 3364 2809 3419 meis
2846 3364 2899 3420 iu
2936 3382 3149 3436 sonmo;
3189 3387 3310 3429 eum
3351 3375 3518 3435 clausi

1934 3444 2037 3500 sint
2068 3445 2119 3499 in
2146 3449 2502 3505 somno‘oculi
2531 3450 2792 3521 corporis.

2001 3534 2104 3609 [11).
2136 3536 2249 3611 {5.]
2269 3537 2376 3609 Ego
2407 3556 2519 3595 sum
2541 3539 2697 3604 Deus,
2724 3544 2813 3614 qui
2837 3548 3055 3617 apparui
3073 3548 3162 3603 tibi
3186 3548 3239 3605 in
3266 3553 3375 3608 loco
3398 3553 3514 3626 Dei,

1935 3625 2130 3682 locutio
2155 3641 2239 3683 est
2270 3646 2284 3684 :
2314 3644 2383 3684 an
2417 3630 2556 3684 Dens
2580 3632 2633 3685 in
2661 3632 2779 3689 loco
2806 3632 2899 3692 Dei
2918 3637 2997 3691 sic
3021 3641 3383 3710 accipiendum
3408 3655 3513 3714 est,

1930 3717 2226 3785 quomodo,
2276 3717 2421 3772 I’lult
2450 3718 2696 3778 Dominus
2730 3739 2766 3777 a
2804 3722 3024 3782 Domino
3058 3727 3210 3801 (Gen.
3231 3746 3356 3800 nx,
3383 3726 3510 3808 24).

1930 3805 2098 3862 Filius
2127 3822 2155 3859 a
2184 3807 2383 3865 Patre?
3182 3862 3209 3883 ,

2000 3895 2097 3969 [11).
2124 3895 2588 3970 51.]Ilespondms
2625 3912 2793 3957 autem
2829 3892 2991 3961 Iacob
3032 3907 3161 3963 dixit
3192 3900 3262 3965 ad
3302 3902 3508 3981 Laban,

1925 3985 2051 4042 Dixi
2081 3988 2216 4043 enim
2255 4004 2318 4045 ne
2352 3993 2483 4062 forte
2508 3995 2713 4065 auferas
2738 3994 2877 4065 ﬁlias
2909 4005 3025 4054 tuas
3051 4014 3084 4053 a
3121 4015 3235 4069 me,
3265 4011 3313 4056 et
3339 4005 3509 4061 omnia

1925 4094 2055 4132 mea.

1994 4166 2094 4243 [lb.
2268 4167 2485 4224 Intravit
2504 4180 2670 4227 autem
2696 4168 2874 4229 Labori
2911 4184 2960 4230 et
2997 4176 3303 4235 inscrutatus
3348 4193 3421 4238 est
3453 4178 3506 4240 in

1923 4262 2071 4317 domo
2098 4261 2206 4317 Lia:
2233 4278 2254 4319 :
2278 4264 2659 4320 advertendum
2685 4274 2768 4321 est
2795 4264 3060 4338 quomodo
3085 4270 3289 4328 dicatur
3314 4268 3504 4334 domus

1923 4355 2137 4422 uxoris,
2178 4370 2299 4410 cum
2337 4354 2391 4410 in
2430 4355 2620 4412 itinere
2659 4356 3026 4429 comprehensi
3064 4363 3171 4417 sint
3212 4379 3244 4419 a
3282 4360 3499 4434 Lilian;

1920 4446 2022 4501 nisi
2053 4446 2190 4500 forte
2213 4446 2539 4502 consuetudo
2576 4434 2964 4521 Scripturarum
2996 4450 3126 4508 dicit
3152 4452 3367 4512 domum
3405 4475 3501 4530 pro

1918 4537 2163 4591 cubiculo
2189 4536 2273 4593 vel
2308 4537 2556 4608 tentorio,
2586 4540 2852 4611 quomodo
2880 4542 3042 4600 etiam
3067 4546 3377 4606 ancillarum
3402 4544 3501 4608 do-

1917 4641 2035 4682 mos
2057 4627 2204 4682 dicit.

1988 4717 2087 4793 [lb.
2114 4716 2229 4794 '57.]
2254 4717 2416 4775 Iacob
2456 4719 2577 4778 dicit
2620 4723 2688 4778 ad
2730 4721 2942 4793 Laberi,
2985 4726 3116 4799 Quia
3154 4742 3407 4791 scrutatus
3442 4754 3497 4794 es

1915 4814 2085 4867 omnia
2126 4829 2246 4868 vasa
2284 4812 2463 4869 domus
2499 4830 2623 4871 mea!
2649 4830 2670 4871 :
2694 4831 2836 4875 nunc
2872 4834 3029 4875 unam
3071 4822 3285 4880 domum
3330 4827 3492 4896 dicit,

1914 4900 2066 4975 cujus
2100 4904 2333 4961 membra
2360 4916 2512 4961 erant
2547 4907 2737 4964 domus
2762 4925 2983 4967 uxorum
3017 4915 3133 4983 ejus
3157 4926 3210 4971 et
3238 4920 3492 4974 concubi-

1916 5009 2140 5061 narum;
2183 5004 2243 5050 ut
2287 4996 2608 5068 intelligatur
2652 4997 2839 5055 domos
2878 5003 3202 5071 appellatas,
3239 5021 3358 5061 cum
3398 5022 3492 5063 cs-

1914 5096 2035 5144 sent
2078 5086 2322 5143 cubicula
2362 5095 2457 5144 aut
2502 5090 2764 5157 tentoria,
2812 5108 2946 5162 quos
2991 5095 3150 5150 etiam
3198 5097 3491 5167 papiliones

1912 5186 2123 5235 vocant.

1980 5268 2079 5345 [lb.
2097 5268 2212 5343 42.]
2232 5269 2349 5326 Nisi
2368 5270 2503 5328 Deus
2527 5274 2686 5343 patris
2704 5275 2801 5329 mei
2825 5274 3079 5331 Abraham
3098 5287 3145 5331 et
3171 5277 3318 5334 timor
3338 5276 3489 5339 [satis

1910 5362 2154 5433 adfuisset
2181 5364 2196 5396 ¹
2228 5364 2351 5417 mihi
2377 5380 2398 5420 :
2424 5374 2625 5435 patrem
2660 5379 2813 5419 suum
2842 5366 3071 5435 appellat
3104 5382 3258 5423 avum
3295 5378 3483 5442 Suum,

1910 5455 2048 5511 sicut
2070 5455 2118 5510 ei
2146 5455 2347 5509 dixerat
2376 5456 2517 5510 lsaac
2545 5464 2690 5523 pater
2714 5456 2846 5524 ejus.

1981 5547 2082 5624 [lb.
2110 5564 2291 5614 xxxii,
2322 5545 2466 5618 δοες]
2500 5546 2636 5600 Misit
2664 5557 2830 5601 autem
2865 5543 3026 5604 Iacob
3058 5548 3258 5612 nuntios
3281 5565 3396 5615 ante
3431 5575 3486 5616 se

1974 5660 3114 5745 inhumata-summum“.
