3902 6298
472 237 580 295 495

477 350 548 405 ad
568 347 707 403 Esau
727 352 936 420 fratrem
956 359 1105 400 suum
1121 343 1175 398 in
1197 351 1382 399 terram
1401 344 1519 400 Seir
1531 344 1584 398 in
1602 343 1856 415 regionem
1873 341 2060 412 Edam,

481 441 740 496 mandauit
780 438 884 493 illis
921 436 1125 501 dicens,
1172 433 1261 490 Sic
1296 435 1467 491 dicetis
1509 435 1712 490 domino
1748 451 1857 489 meo
1891 433 2062 501 Esau,

481 534 572 589 Sic
597 533 720 586 dicit
744 548 868 602 puer
889 540 1006 584 tuus
1027 527 1211 593 Iacob,
1245 544 1360 582 cum
1380 527 1552 583 Laban
1584 527 1802 582 habitaui
1821 537 1866 582 et
1893 527 2067 581 demo-

479 636 622 678 ratus
648 639 759 678 sum
789 637 945 691 usque
969 619 1120 675 modo
1141 659 1156 686 ,
1184 627 1230 672 et
1256 622 1380 690 facti
1405 628 1518 672 sunt
1547 618 1672 672 mihi
1698 619 1840 673 boues
1866 627 1911 672 et
1935 617 2067 671 asini

477 725 526 768 et
556 730 668 769 oues
691 723 736 768 et
771 711 913 782 pueri
932 721 977 766 et
1012 711 1224 781 puellm,
1250 720 1296 763 et
1320 710 1434 763 misi
1461 711 1697 764 nuntiare
1723 710 1926 764 domino
1955 724 2064 763 meo

479 802 622 858 Esau
653 817 674 857 :
701 817 806 857 non
833 801 984 865 dixit,
1016 801 1135 855 misi
1163 799 1404 854 nuntiare
1432 800 1544 854 tibi.

553 893 652 968 [lb.
696 878 872 959 xxxu,
913 890 1025 964 17.]
1054 891 1116 946 Si
1163 891 1541 961 interrogauerit
1593 901 1639 944 te
1675 890 1812 946 Esau
1867 891 2062 956 dicens,

479 987 640 1059 Cujus
655 1003 706 1042 es
717 987 744 1042 2
755 996 804 1040 et
830 1001 928 1054 quo
956 985 1134 1038 uadis?
1163 993 1210 1038 et
1233 985 1376 1054 cujus
1398 984 1504 1037 lucc
1523 1000 1636 1054 qua:
1653 983 1952 1038 antecedunt
1980 993 2027 1038 te
2042 983 2068 1037 ἵ

476 1089 524 1134 et
545 1081 682 1135 dices
700 1120 716 1146 ,
752 1078 905 1133 Pueri
934 1078 1006 1132 tui
1033 1075 1194 1130 Jacob
1221 1092 1241 1130 :
1270 1076 1484 1146 plenum
1514 1085 1658 1132 esset
1684 1086 1737 1131 et
1765 1077 2027 1147 integrum
2047 1116 2064 1143 ,

477 1175 636 1228 etiam
667 1173 712 1227 si
739 1180 786 1226 et
811 1185 919 1226 non
955 1169 1194 1225 haberet.

548 1267 646 1340 [lb.
681 1263 792 1339 18.]
813 1264 1028 1319 Munera
1055 1263 1191 1317 misit
1216 1262 1421 1317 domino
1441 1279 1550 1317 meo
1578 1261 1736 1324 Esau,
1761 1270 1808 1315 et
1828 1276 1938 1314 ecce
1961 1261 2069 1330 ipse

474 1368 587 1428 post
626 1371 763 1411 nos:
791 1355 1075 1412 dicendum
1116 1363 1293 1408 autem
1330 1353 1500 1408 fuerat
1529 1353 1719 1407 usitata
1756 1352 2063 1418 locutione,

472 1451 690 1507 domino
717 1464 838 1504 meo
863 1448 979 1513 tibi,
1008 1455 1120 1514 aut,
1149 1445 1368 1502 domino
1389 1459 1488 1500 suo
1517 1445 1634 1500 tibi.

547 1540 645 1614 [lb.
689 1537 822 1612 22.]
849 1539 1082 1595 Surrexit
1105 1547 1273 1590 autem
1293 1536 1467 1591 eadem
1489 1544 1652 1600 nocte,
1671 1542 1718 1588 et
1737 1533 1925 1603 accepit
1950 1548 2069 1586 uxo-

471 1650 552 1688 res
581 1632 709 1686 duas
735 1640 782 1686 et
811 1631 940 1684 duas
967 1629 1182 1684 ancillas
1211 1643 1229 1682 :
1258 1627 1345 1681 hic
1374 1627 1768 1696 distinguuntur
1791 1623 1860 1677 ab
1886 1623 2067 1678 uxori-

470 1725 595 1791 bus,
628 1738 762 1795 quas
789 1723 936 1793 prius
962 1734 1160 1776 uxores
1192 1718 1468 1788 Scriptura
1506 1716 1732 1771 dixerat.
1785 1713 1848 1768 Et
1874 1713 2068 1783 accepit

472 1817 600 1871 duas
629 1831 814 1870 uxores
842 1824 888 1868 et
924 1815 1051 1867 duas
1091 1811 1304 1865 ancillas
1331 1826 1350 1864 :
1379 1808 1668 1865 notandum
1696 1817 1778 1863 est
1815 1804 2070 1877 quemad-

471 1909 688 1965 modum
714 1907 923 1962 dicatur
960 1903 1343 1960 consuetudine
1373 1901 1767 1971 Scripturarum
1793 1941 1806 1962 ,
1839 1898 2068 1968 accepit;

470 2014 581 2056 non
625 1999 770 2055 enim
809 2007 936 2053 tunc
977 2010 1070 2052 eas
1105 1994 1259 2050 duxit
1281 2035 1295 2060 ,
1328 2003 1420 2048 aut
1450 2003 1574 2048 tunc
1616 2007 1646 2046 a
1685 2004 1873 2046 socero
1912 2004 2067 2044 acce-

475 2091 577 2162 pit.

544 2181 658 2256 [lb.
684 2195 877 2247 xxxtu,
901 2175 1029 2251 l5.]
1056 2176 1208 2245 Quod
1231 2174 1428 2230 habent
1449 2173 1596 2228 latini
1620 2171 1933 2242 codices,!Et
1957 2186 2069 2224 oves

474 2284 520 2330 et
553 2275 696 2328 boves
726 2273 980 2342 fetantur;
1004 2268 1162 2340 ει·ωοί
1205 2267 1440 2332 habent,
1487 2267 1707 2335 fetantur
1747 2278 1899 2332 super
1943 2276 2069 2316 me:

478 2363 621 2436 quod
647 2377 711 2420 ea
735 2360 1124 2432 signiﬁcatione
1162 2357 1361 2413 dictum
1388 2364 1490 2423 est,
1522 2363 1579 2409 ut
1600 2353 1944 2423 intelligatur,
1973 2365 2068 2406 su-

470 2474 572 2532 per
596 2454 1010 2514 sollicitudinem
1050 2452 1134 2507 vel
1173 2465 1356 2506 curam
1385 2462 1592 2512 meam;
1621 2445 1894 2516 quomodo
1926 2445 2066 2500 sole-

473 2563 594 2607 mus
619 2548 784 2620 loqui,
808 2561 928 2602 cum
953 2543 1182 2599 dicimus
1206 2555 1366 2610 super
1386 2547 1542 2608 caput
1565 2546 1948 2592 nostrumesse
1970 2534 2069 2589 ali-

473 2640 625 2712 quid,
655 2638 808 2708 cujus
839 2635 1123 2692 maximam
1154 2646 1337 2688 curam
1365 2631 1618 2700 gerimus.

547 2733 659 2806 [lb.
685 2747 873 2796 xxxnv,
904 2725 996 2800 7.]
1025 2727 1092 2781 Et
1116 2725 1214 2795 ﬁlii
1248 2722 1408 2776 Jacob
1435 2729 1671 2776 uenerunt
1697 2720 1759 2773 de
1790 2734 1989 2789 campo,
2020 2725 2070 2772 et

473 2842 588 2880 cum
619 2824 899 2887 audissent,
939 2817 1224 2888 compuncti
1257 2823 1372 2869 sunt
1400 2814 1522 2877 viri,
1560 2823 1606 2866 et
1647 2813 1786 2865 triste
1828 2820 1933 2865 erat
1965 2809 2070 2864 illis

475 2914 621 2969 ualde
642 2913 778 2983 quod
807 2921 953 2980 turpe
981 2913 1166 2979 fecerat
1192 2905 1244 2957 in
1277 2902 1463 2968 Israel,
1502 2901 1636 2973 quod
1666 2901 1926 2955 dormisset
1954 2915 2070 2952 cum

476 3005 587 3075 filia
612 3003 794 3067 Iacob,
825 3010 873 3055 et
901 3016 1002 3054 non
1030 2999 1100 3052 sic
1131 2997 1224 3051 erit
1254 3011 1271 3049 :
1301 2993 1518 3048 difﬁcile
1547 2993 1666 3046 talis
1695 2991 1890 3045 locutio
1911 3005 2067 3060 repe-

479 3095 616 3149 ritur
653 3094 706 3148 in
747 3089 1055 3161 Scripturis,
1096 3103 1202 3142 non
1230 3084 1440 3140 inducta
1483 3098 1711 3154 persona
1738 3082 2068 3152 loquentium

476 3188 795 3258 scriptorem
821 3183 987 3238 verba
1016 3195 1201 3236 eorum
1227 3176 1608 3246 interposuisse
1633 3193 1646 3228 :
1677 3189 1783 3228 non
1805 3174 1948 3228 enim
1971 3173 2065 3241 ait,

477 3271 840 3344 ct'dixcrunt;
872 3275 967 3332 sed
997 3274 1101 3329 boc
1141 3271 1300 3328 tacito
1326 3270 1490 3325 verba
1518 3268 1651 3323 dixit
1687 3282 1870 3322 eorum
1902 3283 1916 3321 :
1943 3280 2067 3321 nam

477 3374 569 3444 qui
591 3372 680 3427 alii
719 3371 902 3426 dicere
927 3371 1234 3438 potuerunt,
1263 3370 1310 3416 et
1339 3377 1439 3415 non
1467 3359 1540 3415 sic
1559 3358 1673 3426 erit,
1705 3357 1807 3412 nisi
1835 3356 1923 3427 qui
1942 3369 2067 3426 gra-

477 3467 616 3520 viter
646 3461 902 3532 indignati
928 3457 1215 3514 vindictam
1238 3451 1628 3510 moliebantur?

547 3555 660 3629 [ω.
677 3551 766 3626 8.]
783 3548 1081 3607 Notandum
1108 3545 1250 3618 quod
1270 3544 1491 3599 Emmor
1513 3541 1735 3611 loquens
1757 3538 1824 3594 de
1848 3537 1978 3629 pina
2000 3537 2071 3629 ad

477 3626 644 3704 Jacob
668 3654 721 3701 et
746 3645 884 3699 ﬁlios
908 3641 1044 3712 ejus,
1077 3638 1240 3708 ﬁliam
1264 3633 1390 3690 dicit
1415 3641 1665 3696 vestram;
1694 3636 1802 3685 non
1830 3626 2068 3699 dicit,.ﬁ-

476 3740 600 3796 liam
626 3746 790 3800 tuam,
819 3747 1058 3790 sororem
1080 3732 1324 3786 istorum.

551 3827 663 3902 [lb.
697 3826 784 3892 i9,
815 3821 928 3896 i6.]
958 3821 1025 3876 In
1054 3821 1148 3874 hoc
1171 3819 1360 3874 similes
1395 3816 1580 3870 erimus
1606 3813 1762 3880 vobis,
1795 3821 1840 3866 et
1867 3810 2067 3864 habita-

477 3922 640 3975 bimus
664 3919 716 3972 in
742 3915 876 3971 vobis
908 3929 926 3968 :
958 3911 1010 3967 id
1037 3917 1139 3974 est,
1167 3910 1304 3963 inter
1330 3921 1443 3961 vos.

553 4009 653 4083 [lb.
678 4006 792 4079 19.]
813 4005 1086 4078 Appositus
1103 4002 1234 4056 enim
1255 4009 1359 4054 erat
1378 3998 1501 4068 ﬁlia:
1520 3995 1712 4050 Jacob:
1734 3993 1786 4050 id
1807 4003 1908 4063 est,
1930 4008 2068 4049 ama-

478 4103 570 4157 bat
594 4114 734 4156 eam.

471 4218 477 4225 -
557 4190 657 4266 [lb.
689 4188 806 4262 2ϐ.]
829 4187 896 4242 Et
930 4187 1096 4258 filium
1130 4185 1240 4252 eius
1278 4181 1482 4238 Sichcm
1507 4181 1860 4251 interfecerunt
1881 4179 1957 4249 in:
1982 4195 2067 4234 ore

478 4288 636 4359 gladii
661 4303 678 4341 :
707 4299 770 4340 ac
797 4282 841 4337 si
866 4281 1085 4345 diceret,
1113 4275 1308 4348 gladio.

549 4377 571 4452 [
595 4378 672 4434 Ib.
697 4377 789 4444 28,
806 4370 920 4443 29.]
945 4369 1073 4438 Quae
1093 4365 1427 4423 abstulerunt
1455 4362 1548 4416 ﬁlii
1575 4361 1738 4418 Jacob
1766 4360 1832 4416 de
1853 4361 2067 4418 civitate

475 4471 835 4529 Sichimorum
866 4463 1068 4528 Salem,
1096 4474 1218 4515 cum
1247 4471 1364 4512 eam
1395 4462 1805 4525 expugnassent,
1836 4454 1914 4509 sic
1934 4469 2068 4509 enu-

461 4561 755 4617 merantur
792 4574 805 4610 :
843 4553 971 4609 Oves
1014 4566 1205 4617 eorum,
1234 4557 1280 4602 et
1308 4547 1453 4602 boves
1476 4561 1665 4610 eorum,
1696 4555 1745 4598 et
1773 4545 1941 4599 asinos
1978 4561 2064 4599 eo-

476 4668 613 4715 rum,
643 4661 966 4720 qutecumque
991 4650 1134 4698 erant
1161 4642 1214 4696 in
1244 4640 1460 4704 ciuitate,
1503 4649 1550 4693 et
1576 4653 1901 4708 quotcumque
1923 4647 2066 4691 erant

476 4746 531 4798 in
574 4755 754 4812 campo
797 4738 1050 4800 tulerunt;
1087 4741 1134 4787 et
1155 4732 1321 4786 omnia
1349 4743 1562 4800 corpora
1589 4743 1760 4781 eorum
1781 4727 2064 4796 captivave-

465 4843 615 4898 ‘runt,
639 4843 687 4887 et
706 4829 1023 4898 diripuerunt
1041 4837 1364 4897 quwcumque
1386 4829 1528 4874 erant
1546 4819 1600 4872 in
1621 4818 1838 4886 civitate,
1866 4825 1914 4871 et
1937 4832 2067 4886 quee-

463 4923 869 4996 'cumgue'erant
897 4921 952 4973 in
989 4916 1238 4972 domibus.
1281 4913 1425 4968 Inter
1451 4912 1568 4967 haec
1591 4911 1770 4966 omnia
1804 4925 1909 4965 non
1936 4909 2066 4964 satis

477 5018 792 5089 intelligitur
817 5010 950 5084 quid»
974 5009 1126 5072 dixit,
1158 5016 1204 5061 et
1244 5020 1456 5076 corpora
1485 5019 1657 5058 eorum
1685 5019 1704 5056 :
1729 5017 1900 5072 neque
1923 5003 2064 5055 enim

478 5106 856 5182 suspicandum
892 5110 1006 5166 est,
1037 5097 1177 5171 quod
1221 5111 1443 5167 corpora
1485 5094 1816 5149 abstulerunt
1856 5107 2067 5162 perem-

481 5216 696 5277 ptorum
723 5216 738 5267 ;
767 5196 862 5254 sed
905 5208 1085 5251 rerum
1123 5187 1465 5260 intelligenda
1489 5193 1631 5252 sunt,
1664 5200 1783 5255 quae
1810 5198 2063 5254 corpora-

474 5275 601 5353 liter
631 5292 969 5366 possidentur
997 5305 1010 5341 :
1043 5295 1097 5340 ut
1121 5295 1305 5338 eorum
1333 5279 1402 5334 sit
1428 5277 1699 5333 exsecutio
1726 5275 1867 5346 quod
1890 5275 2066 5344 sequi-

472 5399 587 5456 tur,
619 5395 664 5440 et
701 5379 1080 5453 supellectilem,
1117 5381 1173 5430 et
1199 5379 1415 5436 caetera,
1455 5368 1592 5423 sicut
1629 5368 1684 5420 in
1718 5366 1836 5436 jure
1871 5366 2065 5420 dicitur

480 5479 697 5538 traditio
737 5484 1058 5542 corporum;
1100 5478 1398 5537 quanquam
1424 5461 1582 5532 graeci
1621 5465 1839 5528 σωμάτια
1881 5471 2064 5512 servos

483 5569 756 5643 appellant
782 5561 1126 5619 usitatissima
1154 5555 1440 5618 locutione,
1473 5551 1568 5607 sed
1609 5551 1731 5622 quia
1769 5563 1873 5604 non
1903 5557 2064 5617 σωμά·
2146 5567 2150 5570 ·

483 5684 588 5726 τισι,
629 5655 722 5717 sed
763 5660 967 5723 σώματι
987 5647 1076 5706 hic
1101 5646 1297 5704 dictum
1327 5652 1428 5711 est,
1463 5658 1565 5702 non
1595 5651 1677 5699 est
1705 5650 1906 5698 temere
1929 5655 2061 5695 con-

1287 225 1724 286 LOCUTIONUM
1762 225 1820 283 S.
1860 221 2229 284 AUGUSTINI
2266 225 2337 285 ΙΝ
2377 226 2932 289 HEPTATEUCHUM

2175 343 2516 413 ﬁrmandum,
2539 361 2723 403 servos
2743 346 3067 417 signiﬁcatos
3091 364 3104 403 :
3130 346 3243 404 ﬁeri
3263 355 3440 405 tamen
3461 357 3630 421 potest
3656 390 3675 420 ,
3703 362 3767 409 ut

2176 434 2277 492 hoc
2304 437 2470 509 magis
2499 439 2589 494 sit.

2248 528 2346 602 [lb.
2365 546 2564 595 xxxvi,
2586 529 2701 604 40.]
2721 531 2854 586 Cum
2882 535 3096 602 gentem
3114 532 3305 601 Edom,
3331 535 3382 590 id
3404 545 3486 591 est
3505 535 3769 594 Idumaeo-

2176 635 2317 687 rum,
2345 633 2730 677 commemoret
2755 623 3049 693 Scriptura,
3073 635 3125 680 et
3149 628 3236 696 qui
3259 627 3309 680 in
3339 642 3399 682 ea
3430 640 3769 699 regnassent,

2175 723 2360 782 postea
2406 713 2561 778 dicit,
2590 712 2716 768 Hcce
2745 715 2950 768 nomina
2991 717 3278 785 principum
3303 716 3460 782 Esau,
3492 721 3770 774 secundum

2176 805 2286 858 loca
2314 821 2488 858 eorum
2527 805 2578 858 in
2607 806 2893 876 regionibus
2917 822 3109 871 eorum,
3145 817 3188 861 et
3216 809 3268 862 in
3299 810 3528 880 gentibus
3551 827 3730 865 eorum
3753 825 3771 867 :

2173 907 2361 966 gentes
2414 896 2690 966 appellans
2737 897 2892 952 unius
2946 898 3148 969 gentis,
3191 911 3409 970 pr0pter
3447 901 3770 958 familiarum

2176 986 2553 1056 multiplicatus
2575 988 2964 1058 generationes,
2997 1004 3114 1044 cum
3145 989 3306 1046 etiam
3336 992 3448 1063 ipse
3479 991 3646 1048 Edom
3677 1010 3766 1048 vo-

2175 1085 2387 1131 caretur
2412 1093 2427 1143 ;
2458 1077 2598 1133 unde
2627 1087 2680 1134 et
2702 1093 2834 1149 gens
2869 1095 3027 1150 quam
3053 1083 3362 1154 propagavit
3384 1085 3762 1155 cognominata

2176 1177 2278 1233 est,
2310 1169 2460 1238 cujus
2489 1171 2671 1241 utique
2703 1180 2858 1242 pater
2886 1170 3002 1226 fuit.

2249 1258 2348 1332 [lb.
2373 1275 2581 1324 xxxv",
2610 1258 2728 1332 21.]
2757 1259 2886 1316 Cum
2910 1262 3129 1317 audisset
3157 1271 3325 1318 autem
3354 1263 3549 1330 Ruben,
3580 1265 3772 1319 libera-

2176 1351 2244 1404 uit
2273 1367 2386 1404 eum
2415 1351 2479 1404 de
2502 1351 2732 1405 manibus
2757 1367 2948 1418 eorum,
2982 1362 3027 1406 et
3052 1353 3198 1419 dixit,
3233 1352 3354 1408 Non
3388 1354 3626 1425 feriamus
3653 1373 3770 1410 eum

2175 1443 2231 1494 in
2253 1441 2497 1495 animum.
2528 1441 2644 1497 Non
2667 1457 2794 1513 ergo
2818 1442 3062 1499 liberavit
3079 1460 3223 1512 eum,
3251 1455 3306 1501 et
3327 1446 3450 1502 inde
3474 1445 3575 1502 hoc
3598 1447 3768 1513 dixit;

2175 1531 2270 1586 sed
2300 1531 2401 1587 hoc
2424 1533 2648 1589 dicendo
2673 1549 2795 1589 eum
2817 1533 3078 1592 liberavit.
3113 1537 3268 1592 Prius
3295 1552 3422 1607 ergo
3447 1538 3599 1607 dixit,
3633 1539 3766 1594 libe-

2174 1625 2303 1677 ravit
2339 1641 2486 1690 eum,
2533 1635 2589 1680 et
2616 1625 2810 1683 deinde
2837 1627 2986 1685 brevi
3031 1629 3470 1701 recapitulatione
3496 1632 3771 1703 quomodo

2176 1728 2296 1768 eum
2325 1714 2649 1782 liberaverit,
2678 1718 2930 1774 insinuat.

2245 1802 2270 1876 [
2289 1804 2366 1858 Ib.
2393 1804 2511 1879 22.]
2536 1805 2656 1862 Non
2684 1809 2930 1879 feriamus
2963 1826 3077 1864 eum
3112 1811 3167 1865 in
3207 1812 3428 1865 animum
3466 1829 3484 1866 :
3518 1812 3625 1868 hoc
3653 1811 3770 1868 loco

2177 1896 2394 1951 nomine
2427 1897 2618 1954 animae
2647 1898 2807 1954 vitam
2837 1901 3076 1971 corporis
3112 1901 3332 1956 animati
3361 1901 3643 1972 signiﬁcat,
3677 1918 3769 1974 per

2175 1988 2495 2045 efﬁcientem
2544 1990 2598 2046 id
2638 1992 2782 2062 quod
2819 1991 3068 2048 efﬁcitur.
3111 1992 3414 2050 Secundum
3454 1995 3556 2050 hoc
3599 1994 3770 2051 videri

2177 2091 2351 2151 potest
2380 2083 2540 2138 etiam
2578 2083 2646 2138 ad
2687 2083 2956 2140 diabolum
2985 2085 3185 2141 dictum
3231 2101 3351 2142 esse
3375 2086 3443 2142 de
3481 2086 3606 2154 Job,
3640 2089 3770 2142 Ani-

2176 2188 2313 2225 mam
2339 2174 2448 2244 ejus
2480 2190 2544 2228 ne
2583 2183 2761 2245 tangas
2787 2173 2920 2246 (Job
2945 2192 3018 2242 tt,
3061 2175 3168 2248 6);
3212 2176 3266 2231 id
3304 2186 3419 2242 est,
3462 2193 3529 2233 ne
3554 2178 3770 2233 occidas

2177 2278 2320 2318 eum.
2347 2263 2477 2319 Nam
2501 2266 2791 2321 secundum
2815 2267 2960 2322 illam
2986 2267 3422 2338 signiﬁcationem
3446 2284 3551 2340 qua
3579 2279 3768 2324 natura

2176 2354 2369 2408 animas
2390 2365 2861 2424 commemoratur,
2886 2357 3017 2414 illud
3037 2373 3066 2411 a
3087 2358 3312 2413 Domino
3335 2357 3526 2414 dicitur
3549 2376 3565 2415 :
3592 2357 3652 2412 Ν
3655 2360 3768 2413 olitt

2177 2446 2352 2501 timere
2375 2463 2458 2502 eos
2485 2448 2573 2518 qui
2596 2465 2780 2520 corpus
2803 2451 3054 2518 occidunt,
3083 2452 3305 2506 animam
3331 2461 3498 2506 autem
3520 2467 3628 2506 non
3651 2469 3768 2525 pos-

2176 2547 2292 2591 sunt
2317 2539 2544 2594 occidere
2570 2539 2781 2614 (Matth.
2812 2556 2871 2608 x,
2891 2540 3020 2614 28).

2248 2627 2346 2700 [11).
2371 2627 2486 2701 27.]
2515 2629 2665 2696 Quod
2692 2630 2856 2686 Judas
2875 2630 3021 2698 dicit,
3055 2631 3240 2687 Manus
3266 2643 3434 2688 autem
3458 2643 3655 2690 nostra:
3671 2651 3768 2690 non

2175 2721 2274 2774 sint
2301 2736 2452 2790 super
2474 2737 2605 2787 eum,
2630 2721 2730 2777 hoc
2757 2732 2840 2778 est
2867 2722 3008 2793 quod
3031 2723 3134 2779 dici
3159 2739 3188 2778 a
3214 2724 3368 2781 nobis
3392 2726 3547 2795 solet,
3569 2727 3762 2783 Manus

2175 2811 2224 2866 ei
2254 2827 2358 2866 non
2385 2811 2692 2868 inferamus.
3715 2875 3728 2885 _

2249 2899 2347 2972 [lb.
2375 2899 2503 2973 27.]
2541 2901 2792 2968 Quoniam
2817 2907 2972 2974 frater
2999 2915 3167 2959 noster
3195 2915 3242 2960 et
3277 2923 3395 2960 caro
3439 2916 3614 2963 nostra
3647 2917 3721 2962 est
3748 2921 3768 2966 :

2177 3008 2282 3048 non
2305 2992 2469 3058 aliud,
2498 2993 2592 3049 sed
2623 2993 2702 3048 bis
2725 2993 2826 3050 hoc
2852 2995 2990 3050 idem
3018 2995 3219 3052 dictum
3245 3005 3346 3065 est,
3375 3006 3631 3069 tanquam
3671 3014 3767 3057 αι·

2177 3086 2422 3158 ponendo
2461 3087 2588 3158 quid
2628 3087 2697 3143 sit
2733 3086 2898 3144 frater
2926 3098 3128 3156 noster,
3168 3089 3221 3146 id
3263 3099 3346 3147 est
3379 3106 3504 3147 caro
3547 3102 3765 3165 nostra,

2175 3179 2315 3249 quod
2343 3195 2407 3234 ex
2433 3179 2619 3235 eadem
2639 3195 2801 3236 carne
2826 3179 3037 3237 fuerant
3061 3184 3347 3254 procreati.

2249 3268 2347 3343 [lb.
2371 3267 2496 3343 51.]
2520 3268 2824 3325 Occiderunt
2846 3271 3044 3326 fundum
3069 3289 3339 3344 caprarum
3370 3289 3390 3327 .°
3415 3275 3493 3331 sic
3519 3276 3667 3332 solet
3697 3274 3768 3332 lo-

2178 3363 2267 3433 qui
2313 3361 2608 3432 Scriptura,
2635 3361 3083 3433 quemadmodum
3112 3365 3164 3418 in
3201 3364 3436 3433 Psalmo,
3466 3363 3632 3421 Sicut
3652 3383 3764 3439 agni

2177 3455 2340 3508 ovium
2377 3453 2556 3526 (Psal.
2586 3469 2735 3521 exin,
2765 3455 2831 3526 4)
2863 3497 2874 3509 .
2913 3457 3062 3526 quasi
3099 3457 3268 3526 possit
3297 3471 3416 3513 esse
3453 3465 3546 3513 aut
3579 3458 3764 3516 haedus

2176 3547 2277 3602 nisi
2317 3562 2616 3618 caprarum,
2642 3557 2732 3602 aut
2759 3549 2878 3618 agni
2909 3548 3010 3603 nisi
3034 3549 3237 3604 ovium.

2251 3637 2348 3709 [lb.
2381 3653 2596 3692 xxxviii
2622 3681 2635 3704 ,
2670 3636 2791 3710 15.]
2825 3638 2893 3691 Et
2919 3639 3204 3693 nuntiatum
3229 3649 3300 3695 est
3320 3641 3468 3694 nurui
3494 3641 3607 3711 ejus
3635 3640 3765 3696 Tha:

2179 3745 2290 3782 mar
2319 3727 2539 3783 dicentes
2568 3744 2586 3782 :
2615 3728 2895 3783 dicendum
2920 3737 3096 3784 autem
3121 3729 3238 3794 fuit,
3263 3729 3656 3786 Nuntiavcrunt
3683 3730 3762 3786 di-

2177 3829 2378 3874 centes.

2249 3909 2348 3982 [lb.
2388 3907 2501 3980 14.]
2532 3907 2599 3962 Et
2624 3909 2863 3981 depositis
2882 3910 3180 3965 uestimentis
3204 3911 3460 3966 uiduitatis
3490 3926 3596 3966 sua:
3621 3929 3657 3965 a
3675 3929 3761 3966 se:

2176 4002 2302 4072 quid
2330 4002 2504 4056 minus
2526 4011 2691 4067 esset,
2720 3999 2765 4056 si
2791 4015 2898 4056 non
2921 4000 3226 4069 adderetur,
3255 4017 3288 4054 a
3312 4003 3399 4057 se?

2249 4093 2347 4168 [lb.
2375 4092 2491 4167 26.]
2524 4092 2590 4147 Et
2616 4110 2717 4148 non
2736 4094 2972 4164 apposuit
2992 4095 3209 4166 amplius
3233 4096 3361 4150 scire
3395 4111 3504 4149 eam
3527 4112 3546 4151 :
3571 4112 3674 4166 pro
3701 4112 3760 4154 eo

2175 4185 2316 4257 quod
2345 4195 2429 4241 est
2455 4186 2664 4240 misceri
2695 4186 2768 4241 ei.
3475 4174 3480 4179 ’

2252 4277 2352 4349 [11).
2385 4293 2580 4342 xxxrx,
2613 4275 2691 4348 4.]
2725 4275 2795 4329 Et
2833 4277 3020 4330 inuenit
3058 4275 3252 4348 Ioseph
3281 4280 3496 4350 gratiam
3535 4280 3589 4332 in
3639 4297 3760 4334 con-

2173 4378 2344 4440 spectu
2382 4367 2574 4421 domini
2610 4368 2686 4421 sui
2729 4382 2747 4420 :
2791 4366 2905 4422 11ωο
2950 4367 3146 4423 locutio
3184 4368 3316 4424 nulli
3369 4378 3452 4425 est
3486 4370 3669 4441 ignqu
3711 4371 3761 4424 in

2172 4461 2480 4531 Scripturis.

2249 4551 2358 4624 [lb.
2384 4549 2464 4622 6.]
2491 4549 2558 4604 Et
2586 4550 2831 4604 nesciebat
2868 4551 3154 4621 quw'circa
3195 4567 3310 4606 eum
3339 4556 3499 4606 erant
3542 4553 3682 4608 nihil
3703 4556 3718 4586 ¹
3746 4572 3759 4608 :

2173 4644 2313 4715 apud
2340 4643 2555 4700 Graecos
2579 4643 2767 4698 usitata
2793 4652 2876 4699 est
2902 4644 3059 4714 vulgo
3080 4644 3296 4710 locutio,
3327 4645 3465 4715 apud
3491 4659 3586 4701 nos
3611 4657 3760 4702 recta

2173 4752 2279 4792 non
2304 4745 2419 4803 est;
2444 4737 2561 4803 sed,
2591 4736 2865 4792 nesciebat
2886 4735 3104 4806 aliquid,
3135 4735 3377 4792 dicimus.

2248 4829 2346 4902 [lb.
2378 4827 2456 4902 6.]
2486 4827 2681 4883 Praeter
2707 4843 2888 4898 panem
2911 4843 3056 4898 quem
3075 4827 3182 4898 ipse
3205 4827 3379 4882 edebat
3407 4844 3426 4883 :
3449 4841 3544 4900 per
3563 4843 3754 4900 panem

2175 4923 2355 4990 utique
2402 4919 2581 4974 omnia
2623 4917 2841 4988 intelligi
2885 4917 3052 4972 voluit
3091 4918 3158 4973 ad
3199 4917 3396 4973 victum
3439 4919 3555 4989 ejus
3594 4920 3749 4988 perti-

2173 5010 2351 5067 nentia
2377 5028 2392 5076 ;
2424 5009 2565 5064 unde
2596 5025 2692 5079 pro
2730 5008 3038 5079 quotidiano
3068 5010 3233 5078 victu,
3264 5010 3415 5080 panis
3443 5011 3584 5065 solus
3612 5011 3751 5081 posi-

2175 5113 2261 5159 tus
2283 5102 2593 5173 intelligitur
2625 5101 2678 5155 in
2707 5101 2948 5156 oratione
2970 5101 3242 5156 Dominica
3274 5101 3292 5172 (
3317 5099 3500 5156 Matth.
3532 5117 3607 5169 γι,
3638 5102 3750 5172 11).

2245 5196 2345 5270 [11).
2371 5194 2447 5268 7.]
2477 5194 2540 5248 Et
2562 5195 2693 5248 misit
2722 5211 2852 5248 uxor
2878 5192 3084 5248 Domini
3104 5195 3215 5264 ejus
3244 5194 3415 5248 oculos
3433 5209 3550 5248 suos
3571 5194 3620 5247 in
3647 5191 3748 5246 Jo-

2173 5292 2296 5362 seph
2325 5307 2344 5346 :
2372 5290 2506 5346 solet
2532 5298 2587 5345 et
2616 5288 2755 5359 apud
2797 5302 2896 5343 nos
2934 5289 3091 5359 vulgo
3129 5302 3253 5343 esse
3293 5276 3490 5342 usitata
3520 5284 3746 5348 locutio,

2171 5400 2270 5456 pro
2299 5399 2363 5439 eo
2391 5381 2530 5454 quod
2557 5389 2658 5448 est,
2689 5380 2897 5435 Amavit
2919 5387 3085 5435 eum.‘

2237 5524 2253 5554 ί
2279 5521 2396 5593 miti
2418 5534 2430 5569 =
2449 5528 2561 5580 ουω
2582 5516 2714 5593 eirea
2748 5529 2858 5593 sem
2883 5521 3064 5593 erm
3080 5529 3188 5593 μβοο
3207 5509 3742 5593 deuenisse"

2170 5574 2475 5692 reposqimus‘
2504 5594 2567 5630 ex
2593 5588 2696 5629 Mss.
2721 5580 2900 5642 quippe
2918 5591 3027 5652 cum
3044 5574 3192 5642 'hujus
3217 5579 3347 5628 vocis
3380 5574 3524 5646 causa
3545 5574 3743 5624 locutio-

2172 5658 2286 5692 nem
2310 5645 2341 5692 il
2361 5657 2438 5692 am
2459 5647 2806 5692 commemoret
2829 5651 3132 5692 unusunus.

2172 5645 2286 5696 ne’m
2310 5645 2438 5693 illam
2459 5647 2806 5694 commemoret
2829 5645 3132 5704 Augustinus.
