3902 6340
283 311 395 368 497

364 431 382 504 ι
408 430 482 485 11).
509 445 688 495 xxxu,
711 428 787 502 7.]
815 429 881 482 Et
903 431 995 495 ait,
1025 428 1201 484 Dormi
1228 445 1419 484 mecum
1444 443 1462 483 :
1486 440 1540 484 et
1561 429 1655 483 ista
1689 431 1877 485 usitata

281 531 375 577 est
403 522 618 584 locutio,
644 536 741 591 pro
762 538 825 576 eo
854 521 993 591 quod
1019 531 1119 588 est,
1150 522 1455 576 Coneumbe
1479 536 1708 576 mecum.

364 611 465 685 [lb.
483 610 599 684 22.]
626 612 690 665 Et
711 613 846 666 dedit
868 613 1081 666 carceris
1097 623 1262 666 custos
1289 629 1534 666 carcerem
1554 630 1643 683 per
1667 628 1877 666 manum

277 703 485 773 Joseph
516 720 534 757 :
560 719 657 774 pro
686 719 752 759 eo
780 704 918 774 quod
940 712 1039 771 est,
1067 703 1123 758 In
1154 719 1343 759 manus
1368 704 1561 774 loseph
1578 715 1710 774 {per
1734 703 1875 774 quod

278 796 576 866 signiﬁcat,
610 795 661 849 in
688 804 969 865 potestate.

360 885 476 959 [lb.
511 903 600 952 xc,
629 885 708 960 8.]
740 886 803 941 Et
846 888 1110 952 dixerunt,
1153 887 1420 942 Somnium
1446 887 1677 951 vidimus,
1702 896 1749 939 et
1773 902 1875 940 non

277 986 360 1032 est
396 978 484 1047 qui
511 978 866 1047 interpretetur
894 978 1024 1033 illud
1053 994 1073 1033 :
1100 994 1221 1033 cum
1248 981 1511 1033 somnium
1536 996 1688 1034 suum
1714 994 1875 1034 unus-

278 1071 512 1141 quisque
529 1070 770 1136 vidisset,
795 1086 901 1126 non
928 1071 1193 1136 dixerunt,
1219 1071 1435 1127 Somnia
1459 1071 1722 1139 vidimus;
1754 1070 1869 1137 sed,

276 1158 557 1215 Somnium
580 1160 814 1215 vidimus.

357 1250 475 1322 [11).
510 1250 629 1323 12.]
656 1250 781 1305 Tres
799 1252 966 1322 fundi,
1004 1260 1102 1306 tres
1130 1252 1236 1307 dies
1260 1261 1377 1306 sunt
1404 1268 1423 1306 :
1447 1266 1551 1307 non
1578 1251 1729 1317 dixit,
1760 1259 1869 1306 tres

228 1378 231 1381 »
279 1342 404 1397 dies
430 1342 750 1413 signiﬁcant.
788 1340 847 1395 Et
892 1344 1111 1397 multum
1140 1343 1254 1398 haec
1288 1334 1484 1398 loeutio
1509 1342 1735 1397 notanda
1763 1351 1865 1408 est,

275 1434 375 1489 ubi
404 1436 575 1506 aliqua
620 1418 969 1505 signiﬁcantia
995 1476 1009 1501 ,
1054 1450 1235 1489 earum
1272 1450 1447 1489 rerum
1491 1449 1622 1503 quas
1662 1432 1865 1503 signiﬁ-

272 1535 425 1592 cant,
451 1526 665 1581 nomine
691 1526 1027 1596 appellantur
1060 1544 1071 1579 :
1108 1525 1231 1580 inde
1268 1534 1350 1579 est
1376 1524 1514 1595 quod
1541 1524 1614 1577 ait
1634 1525 1865 1593 Aposto-

271 1615 383 1681 lus,
418 1615 574 1671 Petra
596 1608 763 1669 autem
789 1625 893 1670 erat
922 1615 1154 1671 Christus
1181 1615 1236 1689 (1
1262 1616 1378 1674 Cor.
1408 1632 1464 1683 Χ,
1492 1617 1590 1687 4);
1618 1630 1724 1671 non
1756 1615 1860 1681 ait,

269 1709 439 1765 Petra
468 1710 794 1779 signiﬁcabat
816 1708 1105 1763 Christum.

348 1802 462 1875 [11).
493 1800 605 1874 15]
632 1800 697 1855 Et
726 1802 868 1855 dabis
892 1803 1099 1855 calicem
1129 1799 1392 1854 Pharaoni
1408 1800 1462 1853 in
1482 1815 1685 1853 manum
1715 1800 1862 1870 ejus;

268 1910 400 1951 cum
430 1893 645 1964 plenum
670 1901 831 1961 esset,
876 1893 1082 1948 etiamsi
1112 1908 1217 1946 non
1244 1891 1547 1959 adderetur,
1578 1891 1631 1944 in
1654 1907 1863 1944 manum

268 1987 408 2056 ejus.
1486 1990 1489 1993 ’

346 2077 446 2150 [In
471 2075 583 2149 19.]
602 2075 667 2130 Et
687 2080 877 2149 auferet
893 2075 1099 2131 Pharao
1116 2085 1265 2148 caput
1286 2086 1425 2130 tuum
1444 2078 1531 2130 abs
1552 2084 1598 2129 te
1614 2091 1633 2131 :
1648 2077 1860 2147 plenum

269 2178 439 2232 esset,
463 2170 624 2223 etiam
647 2168 691 2223 si
714 2184 819 2223 non
850 2168 1090 2233 haberet,
1121 2167 1209 2223 abs
1236 2178 1302 2222 te.

345 2259 463 2333 [lb.
495 2258 606 2332 19.]
641 2259 703 2313 Et
738 2259 1108 2313 manducabunt
1138 2276 1251 2314 aves
1280 2260 1391 2313 coeli
1413 2276 1588 2314 carnes
1626 2266 1737 2314 tuas
1772 2260 1861 2315 abs

268 2361 317 2404 te
348 2367 367 2404 :
396 2350 585 2404 similis
613 2350 874 2419 superiori
896 2349 1165 2404 locutioni.

342 2442 353 2514 |
377 2440 573 2507 lb.xu,
600 2440 674 2514 1.]
700 2440 764 2495 Et
780 2442 966 2510 factum
983 2450 1053 2495 est
1075 2451 1185 2512 post
1210 2441 1457 2495 biennium
1480 2443 1673 2497 dierum
1697 2460 1714 2497 :
1734 2443 1859 2515 quid

270 2534 455 2610 minus
476 2541 618 2587 esset
648 2533 691 2586 si
721 2547 824 2586 non
856 2532 1097 2598 haberet,
1128 2532 1367 2585 dierum?

340 2625 461 2698 [lb.
494 2624 571 2697 7.]
601 2624 833 2680 Surrexit
861 2635 1027 2679 autem
1062 2623 1303 2690 Pharao,
1336 2634 1381 2677 et
1409 2634 1513 2677 erat
1561 2626 1813 2679 somnium
1838 2644 1858 2681 :

269 2726 455 2772 amant
481 2718 772 2786 Scriptura:
794 2717 871 2770 sic
894 2714 1038 2785 loqui
1067 2715 1132 2770 de
1158 2716 1396 2778 somniis,
1426 2731 1544 2771 cum
1574 2716 1729 2771 fuerit
1749 2717 1858 2773 evi-

269 2809 510 2879 gilatum,
535 2816 782 2877 tanquam
812 2806 1015 2862 reddita
1043 2807 1241 2861 homini
1267 2808 1487 2862 veritate
1508 2807 1853 2877 vigilantium,

269 2909 400 2956 tunc
430 2900 559 2956 illud
603 2910 857 2969 appareat
899 2899 1195 2964 somnium,
1228 2898 1369 2969 quod
1406 2914 1526 2953 cum
1566 2899 1851 2966 videretur,

269 2993 423 3062 quasi
456 2990 649 3045 veritas
676 2990 795 3044 fuit.

342 3081 443 3155 [lb.
473 3080 551 3154 9.]
582 3080 851 3135 Peccatum
885 3098 1050 3135 meum
1075 3082 1309 3135 recordor
1327 3081 1493 3135 hodie.
1522 3080 1729 3137 Pharao
1754 3083 1857 3136 ira-

266 3181 347 3226 tus
379 3173 474 3242 fuit
496 3172 663 3241 pueris
682 3173 805 3239 suis,
834 3180 880 3224 et
910 3172 1074 3240 posuit
1098 3189 1188 3226 nos
1215 3172 1267 3225 in
1301 3188 1497 3225 carcere
1526 3187 1544 3225 :
1572 3172 1643 3228 illi
1669 3172 1855 3244 loque-

265 3260 426 3317 batur
452 3272 699 3332 tanquam
729 3262 794 3316 de
821 3263 1006 3316 altero.

341 3354 458 3428 [lb.
491 3353 600 3426 11.]
640 3353 706 3407 Et
735 3354 948 3408 vidimus
986 3354 1233 3407 somnium
1270 3355 1415 3409 ambo
1444 3363 1588 3409 nocte
1615 3371 1734 3420 una,
1763 3372 1852 3426 ego
1882 3386 1887 3389 -

263 3456 311 3501 et
343 3446 430 3499 ille
458 3462 474 3498 :
500 3446 649 3516 quasi
690 3460 792 3498 non
821 3444 1108 3508 sufﬁceret,
1140 3444 1280 3514 quod
1318 3446 1461 3499 ambo
1494 3446 1718 3501 dixerat.
1750 3446 1852 3501 De-

264 3536 393 3591 inde
437 3546 487 3591 et
537 3536 647 3601 hic,
679 3536 892 3589 vidimus
935 3536 1184 3589 somnium
1230 3536 1383 3600 dicit;
1429 3551 1572 3601 non,
1626 3537 1852 3593 vidimus

263 3627 473 3682 somnia
500 3645 512 3679 :
548 3637 791 3696 tanquam
821 3642 983 3681 unum
1010 3627 1166 3681 ambo
1188 3626 1459 3682 vidissent.

338 3718 439 3791 [lb.
473 3706 587 3791 15.]
617 3717 834 3772 Factum
860 3728 936 3773 est
965 3727 1133 3772 autem
1170 3720 1298 3772 sicut
1340 3722 1645 3790 comparavit
1688 3723 1848 3791 nobis,

156 3864 177 3876 ,
261 3811 337 3864 ita
364 3820 407 3866 et
448 3812 672 3879 contigit.
708 3810 924 3865 Factum
966 3821 1038 3865 est
1077 3823 1280 3877 autem;
1306 3812 1382 3867 sic
1421 3814 1556 3868 solet
1583 3814 1851 3884 Scriptura

260 3917 502 3975 ponere:
534 3919 653 3957 nam
685 3904 897 3973 plenum
919 3913 1080 3972 esset,
1108 3906 1236 3959 sicut
1264 3906 1393 3960 enim
1431 3908 1737 3977 comparavit
1762 3924 1853 3961 no-

259 3997 359 4061 bis,
387 3996 457 4049 ita
486 4006 531 4049 et
554 3996 779 4067 contigit.
1586 3984 1591 3991 ’

337 4086 441 4158 [11).
474 4086 583 4159 19.]
611 4087 794 4151 Quales
820 4103 1077 4158 nunquam
1102 4088 1201 4140 vidi
1228 4087 1437 4142 tales~in
1462 4097 1566 4143 tota
1590 4100 1721 4144 terra
1748 4090 1852 4144 1E-

256 4179 404 4250 gypti
426 4179 673 4248 turpiores
696 4194 714 4231 :
734 4177 837 4232 dici
860 4188 1033 4232 autem
1055 4188 1236 4249 posset
1255 4194 1402 4234 more
1426 4189 1631 4247 nostro,
1659 4182 1851 4251 quibus

257 4286 531 4341 nunquam
564 4270 668 4325 vidi
707 4270 1005 4340 turpiores;
1035 4278 1157 4337 aut,
1190 4271 1373 4340 quales
1408 4288 1677 4341 nunquam
1704 4273 1844 4339 vidi;

256 4374 374 4432 aut,
419 4379 683 4433 nunquam
717 4363 824 4417 vidi
868 4363 1022 4417 tales.
1056 4362 1350 4433 Exsurgens
1379 4373 1544 4418 autem
1573 4364 1802 4419 dormivit
1831 4380 1850 4419 :

256 4472 538 4525 exsurgens
567 4455 659 4520 ait,
690 4468 785 4523 pro
813 4453 1203 4523 expergiscens.

332 4548 433 4621 [lb.
459 4547 576 4620 25.]
605 4548 805 4612 Quanta
831 4546 967 4602 Deus
994 4548 1136 4617 facit,
1160 4548 1373 4600 ostendit
1395 4547 1655 4602 Pharaoni
1684 4564 1703 4602 .'
1726 4564 1847 4604 cum

255 4641 335 4695 illi
366 4641 695 4709 loqueretur,
727 4649 973 4709 tanquam
1000 4640 1066 4693 de
1088 4638 1255 4693 altero
1278 4639 1422 4693 dicit.

334 4731 432 4803 [lb.
452 4729 566 4803 30.]
590 4730 685 4784 Etc
700 4740 924 4785 onsumet
945 4734 1104 4801 fames
1127 4738 1307 4783 terram
1323 4746 1341 4783 :
1356 4746 1472 4799 pro,
1496 4730 1739 4787 homines
1759 4733 1847 4803 qui

255 4832 384 4879 sunt
415 4822 467 4877 in
497 4832 657 4877 terra.

332 4914 443 4988 [lb.
460 4910 574 4985 '55.]
599 4912 751 4967 Nunc
776 4929 892 4985 ergo
920 4913 1031 4968 vide
1051 4913 1300 4967 hominem
1330 4914 1622 4983 prudentem
1646 4922 1691 4966 et
1711 4915 1851 4969 intel-

257 5008 517 5079 ligentem,
549 5015 596 5061 et
617 5007 862 5061 constitue
890 5023 1001 5059 eum
1029 5022 1180 5076 super
1204 5015 1387 5060 terram
1415 5005 1633 5078 Egypti
1648 5024 1668 5073 ;
1697 5018 1743 5061 et
1768 5009 1849 5078 fa-

255 5098 359 5152 ciat
392 5097 601 5152 Pharao
633 5107 679 5152 et
711 5098 981 5151 constituat
1015 5098 1237 5151 locorum
1269 5099 1519 5168 principes
1553 5115 1706 5168 super
1744 5108 1844 5154 ter-

253 5204 410 5242 ram:
440 5189 589 5259 quasi
616 5189 751 5243 alius
780 5189 849 5243 sit
872 5188 954 5242 cui
980 5188 1132 5252 dixit,
1178 5186 1397 5242 Provide
1422 5190 1672 5244 hominem
1720 5208 1844 5257 pru-

254 5280 476 5346 dentem,
509 5289 562 5336 et
580 5280 714 5334 alius
736 5280 805 5336 de
831 5295 936 5350 quo
965 5279 1125 5343 dixit,
1155 5280 1425 5333 constituat
1454 5279 1677 5335 Pharao.

338 5368 426 5442 [1n
445 5369 559 5443 55.]
583 5370 649 5424 Et
667 5378 990 5443 congregetur
1009 5369 1223 5423 triticum
1242 5370 1331 5424 sub
1351 5387 1501 5424 manu
1522 5371 1807 5427 Pharaonis
1827 5390 1845 5427 :

257 5467 313 5522 id
336 5476 433 5530 est,
463 5465 561 5520 sub
587 5472 868 5534 potestate.

336 5556 447 5630 [11).
481 5553 599 5629 40.]
631 5554 820 5609 Tamen
850 5554 1085 5608 thronum
1113 5552 1390 5623 prwcedcm
1417 5554 1488 5607 tui
1516 5570 1607 5626 ego
1641 5570 1658 5608 :
1686 5555 1764 5609 sic
1786 5570 1845 5612 se

260 5649 466 5706 habent
494 5648 657 5705 verba
688 5647 741 5701 in
769 5662 963 5717 graeco,
991 5661 1111 5717 qua:
1150 5645 1283 5702 dixit
1310 5646 1517 5701 Pharao
1537 5646 1603 5701 ad
1623 5645 1845 5716 Joseph.‘

254 5743 367 5803 Sed
406 5740 692 5815 praecedam
722 5739 794 5795 tui
813 5780 828 5809 ,
859 5739 1048 5797 usitata
1074 5747 1157 5797 est
1190 5738 1329 5811 apud
1368 5738 1583 5799 Graecos
1609 5738 1839 5809 locutio,

1614 297 1835 369 "nam
1872 302 2141 372 minus.

3462 328 3570 386 498

1988 429 2130 499 apud
2162 445 2258 485 nos
2288 440 2463 487 autem
2504 433 2715 501 dicitur,
2759 435 3053 504 praecedam
3103 448 3194 494 te:
3234 440 3358 497 illud
3408 458 3564 511 vero,

1986 522 2281 592 prtecedam
2310 531 2361 578 te
2385 523 2655 590 thronum,
2689 541 2787 580 nec
2812 526 2950 596 apud
2978 526 3193 583 Graecos
3219 532 3409 586 usitata
3437 549 3561 602 per-

1984 613 2215 683 hibetur,
2239 616 2355 683 sed,
2380 616 2674 686 praecedam
2700 627 2751 672 te
2771 619 2982 686 throno,
3006 620 3057 675 id
3078 630 3158 675 est
3179 620 3379 679 honore
3397 626 3562 691 sedis;

1980 705 2122 773 quod
2148 705 2486 778 intelligitur,
2515 708 2811 777 praecedam
2840 716 2891 764 te
2910 726 3094 781 regno,
3123 710 3225 768 hoc
3247 713 3389 768 enim
3410 714 3487 769 illi
3509 725 3566 771 et

1978 806 2161 865 postea
2190 797 2337 853 dicit.

2051 887 2149 962 [lb.
2164 898 2277 957 xu,‘
2288 888 2402 963 44]
2417 890 2529 962 Ego
2543 892 2902 957 Pharao;sine
2913 902 2959 947 te
2976 910 3121 949 nemo
3138 895 3339 949 extollet
3357 913 3564 953 manum

1975 995 2120 1033 suam
2148 996 2302 1049 super
2329 997 2526 1035 omnem
2557 990 2743 1045 terram
2768 982 2988 1054 .«Egypti
3016 1000 3035 1037 :
3063 993 3311 1054 tanquam
3336 987 3557 1055 diceret,

1975 1082 2076 1139 ego
2104 1085 2221 1123 sum
2252 1086 2367 1135 rex,
2396 1080 2450 1126 tu
2472 1081 2647 1127 autem
2675 1074 2921 1143 princeps
2944 1075 3026 1129 vel
3057 1078 3371 1147 prmpositus
3388 1079 3558 1151 Egy-

1972 1163 2070 1230 pti.
2099 1162 2305 1217 Pharao
2330 1166 2526 1234 quippe
2546 1180 2651 1221 non
2674 1165 2906 1221 hominis
2930 1182 3125 1223 nomen
3152 1177 3251 1233 est,
3280 1170 3375 1226 sed
3400 1173 3559 1243 regite

1973 1256 2267 1323 potestatis.

2046 1342 2141 1414 [lb.
2160 1345 2347 1411 an,1,
2360 1343 2439 1416 2.]
2470 1343 2657 1400 Videas
2676 1356 2843 1401 autem
2856 1344 3016 1401 Jacob
3035 1349 3154 1418 quia
3172 1357 3246 1404 est
3265 1352 3479 1406 venditio
3499 1354 3556 1408 in

1972 1431 2204 1504 Egypto
2232 1476 2247 1501 ,
2298 1436 2425 1489 dixit
2466 1436 2586 1504 ﬁliis
2632 1437 2770 1503 suis,
2818 1437 2986 1503 Quare
3026 1454 3199 1509 segnes
3236 1441 3392 1494 estis?
3423 1440 3556 1499 Ecce

1971 1526 2141 1578 audivi
2168 1526 2302 1595 quod
2327 1538 2400 1580 est
2438 1528 2654 1581 venditio
2697 1529 2750 1581 in
2787 1528 3016 1600 zEggpto
3059 1546 3076 1583 :
3114 1531 3402 1586 notandum
3430 1535 3553 1605 quia

1970 1612 2024 1667 id
2070 1616 2212 1685 quod
2246 1616 2459 1672 audisse
2497 1632 2555 1672 se
2590 1618 2745 1686 dicit,
2790 1618 2987 1674 vidisse
3015 1634 3139 1675 eum
3168 1621 3439 1692 Scriptura
3466 1624 3550 1679 di-

1968 1716 2137 1761 xerat.

2039 1798 2139 1873 [lb.
2160 1799 2240 1873 2.]
2264 1801 2451 1856 Emitte
2468 1803 2610 1856 nobis
2626 1803 2835 1873 pusillas
2854 1820 3012 1868 escas,
3039 1814 3093 1858 ut
3117 1806 3362 1871 vivamus,
3383 1816 3429 1861 et
3450 1824 3552 1862 non

1968 1892 2244 1946 moriamur
2264 1908 2283 1947 :
2301 1908 2462 1947 unum
2490 1891 2680 1948 horum
2706 1893 2993 1963 sufﬁceret,
3032 1905 3143 1963 aut,
3173 1897 3415 1966 vivamus,
3437 1908 3547 1966 aut,

1966 1998 2067 2036 non
2086 1983 2380 2038 moriamur.
2982 2040 2989 2053 ,

2037 2071 2136 2146 [11).
2154 2072 2266 2146 11.]
2299 2073 2478 2128 Pacati
2503 2090 2709 2140 sumus;
2728 2091 2829 2129 non
2854 2084 2971 2132 sunt
2996 2076 3141 2146 pueri
3160 2078 3233 2130 tui
3261 2076 3551 2148 explorato-

1965 2182 2045 2220 res
2062 2183 2081 2221 :
2105 2166 2256 2237 quasi
2281 2166 2347 2222 de
2366 2167 2485 2221 aliis
2504 2166 2755 2233 dixerint,
2783 2184 2883 2222 non
2908 2178 3023 2222 sunt
3045 2169 3187 2239 pueri
3210 2171 3285 2223 tui
3304 2171 3546 2240 explora-

1966 2266 2116 2325 tores,
2139 2273 2257 2314 cum
2287 2268 2503 2328 possent
2528 2259 2726 2325 dicere,
2761 2276 2868 2313 non
2889 2274 3072 2315 sumus
3096 2260 3547 2319 :honoriﬁcentiae

1963 2360 2139 2405 autem
2167 2365 2318 2405 more
2346 2351 2577 2405 maxime
2598 2352 2670 2405 ita
2699 2351 3069 2421 loquebantur.

2036 2437 2133 2511 [lb.
2164 2437 2276 2511 15.]
2319 2439 2601 2493 Duodecim
2628 2457 2800 2495 sumus
2848 2443 2991 2511 pueri
3027 2443 3102 2496 tui
3129 2445 3311 2512 fratres
3330 2443 3384 2499 in
3410 2453 3545 2500 terra

1964 2528 2207 2585 Chanaan
2228 2548 2245 2584 :
2269 2545 2390 2585 cum
2411 2531 2679 2600 posterius
2697 2532 2895 2598 dicant,
2919 2534 3059 2602 quod
3082 2549 3221 2588 unus
3235 2550 3420 2590 eorum
3438 2553 3544 2593 non

1962 2621 2050 2687 sit,
2080 2621 2253 2690 ipsum
2290 2620 2491 2675 scilicet
2528 2620 2724 2690 Joseph
2766 2637 2874 2677 non
2916 2638 3036 2679 esse
3074 2625 3459 2693 existimantes,
3492 2628 3544 2683 id

1962 2722 2065 2781 est,
2094 2714 2335 2783 periisse.
2367 2713 2477 2768 Hac
2506 2713 2771 2768 locutione
2792 2713 2991 2769 dictum
3007 2725 3088 2770 est
3117 2717 3274 2771 etiam
3302 2718 3449 2781 illud,
3472 2719 3526 2773 H

1962 2804 2059 2875 ﬁlii
2076 2804 2237 2859 Jacob
2252 2806 2337 2875 qui
2355 2806 2477 2877 facti
2491 2814 2606 2859 sunt
2623 2805 2677 2859 in
2699 2805 3063 2877 Mesopotamia
3080 2805 3229 2878 (Gen.
3256 2825 3414 2876 xxxv,
3428 2810 3543 2881 26);

1960 2915 2081 2955 cum
2112 2900 2184 2955 ibi
2214 2916 2318 2955 non
2350 2899 2507 2955 fuerit
2544 2909 2703 2953 natus
2739 2899 3036 2970 Benjatnin.
3066 2902 3219 2970 Quod
3255 2913 3433 2960 autem
3458 2908 3545 2962 di-

1960 3001 2174 3058 xerunt,
2206 3008 2380 3046 sumus
2414 2991 2468 3044 in
2496 2999 2630 3045 terra
2650 2988 2919 3058 Chanaan,
2941 3007 3062 3047 cum
3089 3007 3156 3048 eo
3183 3002 3419 3064 tempore
3438 3013 3544 3067 quo

1958 3083 2333 3165 loquebantur,
2377 3083 2429 3137 in
2471 3082 2706 3154 IEgypto
2750 3091 2951 3150 essent,
2984 3100 3158 3139 sumus
3199 3085 3397 3141 dictum
3439 3096 3542 3155 est,

1957 3190 2056 3247 pro
2089 3175 2385 3230 habitamus
2414 3193 2427 3229 :
2453 3175 2577 3231 inde
2608 3175 2750 3232 enim
2787 3183 3046 3231 venerant
3100 3176 3241 3233 illico
3297 3178 3539 3248 redituri,

1958 3267 2030 3321 ibi
2052 3276 2465 3323 eommorantes.

2032 3358 2132 3432 [lb.
2158 3357 2270 3431 14.]
2299 3357 2414 3412 Hoc
2439 3368 2510 3413 est
2535 3360 2672 3431 quod
2694 3358 2804 3413 dixi
2830 3358 2985 3420 vobis.
3019 3358 3188 3414 dicens
3209 3361 3344 3431 quod
3366 3363 3541 3431 explo-

1957 3458 2149 3502 ratores
2172 3449 2287 3502 estis
2313 3463 2330 3502 :
2352 3448 2476 3518 quid
2502 3448 2729 3514 deesset,
2763 3449 2923 3504 etiam
2962 3449 3005 3502 si
3046 3462 3153 3503 non
3187 3449 3426 3519 adderet,
3457 3452 3541 3505 di-

1957 3554 2072 3592 cens
2092 3540 2117 3591 ?

2032 3628 2129 3702 [lb.
2162 3628 2271 3701 19.]
2295 3628 2405 3699 Ipsi
2440 3645 2552 3681 vero
2594 3630 2662 3682 ite
2695 3637 2743 3682 et
2768 3629 2937 3682 ducite
2958 3630 3255 3697 emptionem
3283 3631 3435 3684 tritici
3458 3647 3541 3684 ve-

1956 3721 2086 3774 stri:
2111 3720 2295 3783 ducite,
2323 3734 2417 3788 pro
2448 3733 2512 3773 eo
2542 3717 2681 3787 quod
2706 3727 2807 3780 est,
2834 3717 2997 3783 ferte;
3025 3718 3145 3787 quia
3170 3718 3312 3772 enim
3336 3718 3542 3774 ducun-

1958 3819 2042 3864 tur
2061 3814 2299 3880 jumenta
2331 3810 2383 3864 in
2413 3810 2605 3879 quibus
2641 3808 2829 3874 fertur,
2852 3810 3013 3864 etiam
3048 3808 3153 3865 hoc
3190 3809 3312 3864 duci
3338 3809 3539 3865 dictum

1956 3910 2055 3957 est.
3210 3896 3237 3921 °

2029 3991 2125 4064 [lb.
2152 3990 2266 4064 22.]
2299 3990 2483 4045 Nonne
2502 3991 2699 4045 locutus
2725 4008 2838 4045 sum
2868 3991 3021 4056 vobis,
3046 3994 3236 4059 dicens,
3260 3991 3345 4050 Ne
3359 4009 3539 4049 nocea-

1959 4086 2022 4140 tis
2044 4102 2219 4156 puero,
2238 4094 2285 4138 et
2305 4101 2403 4138 non
2423 4083 2697 4138 exaudistis
2712 4085 2815 4138 me?
2826 4083 3126 4139 Notandum
3143 4086 3535 4143 exauditionem

1958 4192 2066 4232 non
2091 4193 2206 4232 eam
2236 4176 2402 4231 solam
2429 4175 2532 4230 dici
2558 4190 2660 4245 qua
2689 4175 2910 4230 exaudit
2940 4176 3098 4230 Deus.

2030 4269 2130 4343 [lb.
2294 4268 2405 4338 Ipsi
2427 4278 2597 4321 autem
2639 4267 2937 4338 ignorabant
2973 4269 3090 4338 quia
3130 4270 3272 4321 audit
3297 4268 3490 4339 Ioseph
3517 4286 3537 4322 :

1955 4363 2118 4429 audit,
2168 4375 2266 4431 pro
2320 4358 2590 4427 intelligit;
2638 4372 2760 4411 nam
2803 4372 2962 4412 voces
3003 4357 3148 4410 audit
3182 4358 3362 4427 utique
3407 4374 3536 4413 aure

1957 4453 2117 4507 etiam
2145 4452 2233 4520 qui
2265 4464 2369 4503 non
2391 4447 2904 4517 intelligitlinguam.
2926 4446 3309 4516 Repetiturilla
3338 4448 3535 4503 locutio

1954 4542 2164 4614 quando
2190 4548 2407 4594 narrant
2437 4538 2573 4608 patri
2609 4553 2706 4591 suo
2735 4537 2862 4606 quid
2905 4537 2982 4591 eis
3014 4537 3266 4593 acciderit
3295 4539 3347 4592 in
3369 4538 3536 4610 Egy-

1953 4644 2067 4706 pto,
2098 4642 2152 4687 et
2179 4631 2305 4702 quid
2330 4630 2560 4684 dixerint
2582 4628 2648 4683 ad
2674 4628 2891 4699 Joseph.

2028 4727 2125 4800 [11).
2150 4722 2263 4796 32.]
2294 4723 2575 4777 Duodecim
2592 4739 2765 4776 sumus
2805 4726 2985 4793 fratres
3014 4722 3110 4792 ﬁlii
3148 4726 3305 4793 patris
3340 4728 3497 4780 nostri
3517 4744 3536 4781 :

1952 4838 2086 4876 unus
2116 4836 2215 4874 non
2242 4826 2334 4882 est,
2369 4816 2584 4888 pusillus
2605 4825 2774 4869 autem
2807 4832 2921 4870 cum
2951 4824 3094 4885 patre
3116 4826 3286 4871 nostro
3313 4818 3461 4871 hodie
3480 4820 3533 4873 in

1954 4922 2085 4966 terra
2111 4909 2375 4964 Chanaan.
2397 4906 2560 4961 Multa
2586 4907 2639 4961 in
2661 4906 2744 4960 his
2766 4906 2947 4975 paucis
2968 4906 3144 4960 verbis
3167 4922 3361 4977 genera
3388 4909 3535 4961 locu-

1954 5003 2159 5056 tionum
2184 5007 2328 5065 sunt,
2359 5004 2414 5053 et
2438 4997 2567 5052 illud
2589 4996 2729 5067 quod
2749 4997 2908 5067 paulo
2932 5004 3055 5051 ante
3079 4998 3385 5063 memoravi,
3406 4997 3507 5049 duo

1954 5092 2113 5145 decim
2137 5107 2329 5157 sumus,
2360 5105 2479 5144 cum
2520 5088 2618 5158 ipsi
2659 5088 2858 5155 dicant,
2887 5104 3019 5140 unus
3064 5104 3165 5140 non
3206 5096 3407 5150 est:et,
3436 5088 3532 5155 ﬁlii

1954 5202 2126 5239 sumus
2154 5184 2311 5255 patris
2342 5182 2520 5248 nostri,
2545 5180 2694 5251 quasi
2718 5186 2937 5249 possent
2969 5192 3088 5231 esse
3113 5176 3204 5230 ﬁlii
3236 5191 3338 5230 non
3367 5179 3533 5245 patris

1952 5277 2055 5333 sui.
2100 5274 2331 5330 Pusillus
2367 5284 2532 5327 autem
2571 5288 2683 5325 cum
2729 5279 2872 5340 patre
2908 5276 3077 5321 nostro
3123 5266 3270 5320 hodie
3306 5266 3359 5320 in
3398 5277 3531 5322 terra

1951 5368 2215 5429 Chanaan,
2242 5379 2341 5421 nec
2382 5364 2651 5427 dixerunt,
2689 5369 2790 5425 est,
2830 5366 2921 5412 aut
2965 5355 3163 5426 aliquid
3203 5356 3525 5425 huiusmodi.
3576 5366 3583 5383 ‘

1952 5461 2153 5518 Deinde
2180 5458 2471 5515 notandum
2496 5463 2597 5521 est,
2630 5452 2774 5522 quod
2803 5450 3035 5505 maxime
3062 5449 3420 5504 necessarium
3444 5452 3526 5504 vi-

1950 5554 2105 5609 detur
2140 5560 2355 5622 propter
2389 5545 2845 5615 Evangelistarum
2878 5540 3231 5609 uenationes,
3257 5544 3526 5612 quomodo

1950 5659 2072 5700 cum
2106 5657 2168 5697 ea
2212 5655 2330 5710 quae
2373 5638 2512 5693 dicta
2559 5641 2702 5700 sunt,
2733 5632 2873 5689 dicta
2915 5646 3033 5688 esse
3076 5640 3376 5701 narrantur,
3418 5650 3525 5691 non

1953 5733 2169 5792 omnino
2192 5729 2380 5787 eodem
2403 5728 2561 5786 modo
2580 5733 3047 5805 repetuntur.cum
3070 5732 3247 5784 tamen
3270 5725 3320 5783 in
3343 5725 3521 5793 diver-
