3902 6298
442 121 549 178 503

437 234 544 288 hoc
563 232 789 287 verbum
812 232 1058 301 pertinet,
1082 232 1164 289 vel
1186 234 1360 303 potius
1386 234 1451 289 ad
1471 235 1675 307 aliquas
1696 238 1771 293 rei
1794 238 2012 296 familia-

434 326 510 381 ris
531 326 751 381 idoneas
772 324 1093 382 facultates?
1116 326 1247 382 Huic
1268 328 1409 383 enim
1432 330 1605 387 simile
1625 331 1855 398 videtur,
1872 334 2014 404 quod

433 418 508 472 ait
550 419 708 472 etiam
746 418 912 474 Jacob
953 429 1074 491 post
1110 421 1508 490 quatuor-decim
1542 438 1709 481 annos
1746 426 2013 482 servitutis

431 526 543 567 suae
572 526 760 565 socero
786 526 884 566 suo
910 511 1106 567 volenti
1148 528 1269 568 eum
1309 515 1481 571 adhuc
1514 517 1651 587 apud
1694 534 1753 574 se
1788 528 2006 576 tenere:

430 604 585 660 Nunc
612 622 729 676 ergo
755 606 956 673 quando
976 608 1159 677 faciam
1188 618 1235 662 et
1261 626 1350 680 ego
1378 611 1499 664 milii
1528 612 1768 669 domum?
1797 615 2013 672 Dixerat

427 699 569 754 enim
613 699 754 769 quod
788 700 1058 755 creverint
1098 716 1283 771 pecora
1315 703 1492 758 Laban
1520 704 1620 760 sub
1645 705 1767 771 illo;
1795 707 1933 763 sicut
1957 717 2010 764 et

425 788 540 859 ipse
560 787 739 845 Laban
765 789 1043 847 confessus
1070 790 1242 847 fuerat
1270 794 1472 860 dicens,
1495 792 1759 852 Benedixit
1778 815 1856 853 me
1872 798 2009 854 Deus

424 882 475 936 in
515 882 723 936 introitu
761 890 846 937 tuo
884 882 1035 955 (Gen.
1078 900 1218 950 xxx,
1253 886 1450 958 29-31)
1485 905 1499 942 :
1531 904 1651 944 cum
1692 905 1817 961 ergo
1855 891 2005 959 dicit,

423 976 628 1047 quando
656 978 840 1047 faciam
867 986 915 1032 et
936 995 1027 1051 ego
1052 979 1175 1032 mihi
1196 980 1397 1035 domum
1414 982 1442 1036 2
1461 982 2007 1055 subintelligitur,sic—

422 1077 480 1125 ut
510 1078 565 1124 et
594 1079 667 1123 tu.
696 1070 807 1125 Hoc
826 1070 1034 1126 videtur
1058 1073 1200 1127 enim
1229 1074 1403 1129 valere
1427 1076 1569 1147 quod
1598 1077 1700 1143 ait,
1723 1088 1769 1133 et
1790 1095 1880 1150 ego
1900 1119 1915 1145 ,
1946 1088 2006 1135 ut

421 1162 489 1217 ad
536 1162 704 1233 ipsam
731 1162 945 1218 domum
986 1162 1282 1221 faciendam
1308 1167 1545 1223 videatur
1571 1170 1836 1238 pertinere
1860 1170 2003 1242 quod

420 1263 810 1325 consequenter
832 1254 898 1309 ad
922 1254 1101 1310 Laban
1128 1244 1337 1312 merces
1368 1258 1481 1328 ipsa
1505 1259 1783 1316 statuenda
1808 1276 2004 1333 propo-

418 1346 579 1400 nitur.

490 1435 588 1509 [lb.
621 1453 659 1503 ι,
698 1435 815 1509 22.]
840 1435 905 1490 Et
930 1454 1075 1491 omne
1108 1439 1403 1509 femininum
1445 1442 1694 1511 viviﬁcate
1729 1444 1860 1499 illud
1883 1446 1999 1502 :sic

416 1528 554 1583 enim
587 1527 784 1582 habent
809 1530 1003 1598 graeci;
1031 1530 1180 1584 latini
1210 1546 1314 1585 non
1342 1531 1566 1599 habent,
1600 1534 1748 1589 illud.

483 1617 579 1691 [lb.
604 1633 661 1683 ιι,
685 1615 759 1689 1.]
776 1616 899 1670 Erat
923 1630 1091 1674 autem
1111 1620 1316 1689 quidam
1334 1622 1397 1676 de
1420 1624 1549 1677 tribu
1563 1622 1702 1692 Levi,
1721 1635 1768 1680 et
1785 1632 1998 1698 sumpsit

414 1709 508 1763 sibi
532 1708 594 1761 de
617 1707 819 1775 filiabus
839 1707 958 1762 Levi
981 1725 1000 1762 :
1020 1708 1327 1781 intelligitur
1352 1728 1594 1781 uxorem,
1617 1716 1759 1786 quod
1779 1718 1995 1789 quidam

413 1799 559 1854 latini
585 1799 901 1869 interpretes
930 1799 1089 1856 etiam
1116 1802 1417 1858 addendum
1443 1814 1791 1876 putaverunt;
1814 1814 1996 1883 sequi-

412 1898 498 1944 tur
524 1898 723 1954 autem,
750 1889 814 1944 Et
837 1889 1011 1946 habuit
1031 1909 1162 1959 eam,
1185 1901 1232 1947 et
1253 1896 1498 1967 concepit.

482 1981 581 2058 [lb.
604 1982 682 2056 3.]
709 1983 845 2053 Quid
871 1985 941 2039 sit
968 1986 1146 2051 thibin,
1165 1986 1285 2041 ideo
1316 1987 1531 2045 diflicile
1559 1999 1643 2047 est
1666 2008 1840 2061 nosse,
1868 1996 1990 2066 quia

409 2092 507 2131 nec
528 2091 731 2146 grmcus
758 2075 1022 2147 interpres
1051 2093 1115 2131 ex
1136 2076 1371 2142 hcbraeo,
1396 2095 1495 2135 nec
1519 2082 1715 2137 latinus
1734 2099 1796 2139 ex
1818 2101 1991 2156 graeco

408 2167 568 2223 vertit
597 2166 698 2221 hoc
720 2181 935 2230 nomen,
959 2167 1051 2222 sed
1078 2168 1155 2222 sic
1181 2170 1445 2224 transtulit
1474 2180 1530 2225 ut
1559 2172 1775 2229 invenit.

477 2256 707 2331 [11).14.]
732 2258 917 2312 Timuit
941 2268 1109 2314 autem
1134 2258 1338 2332 Moyses
1360 2273 1404 2317 et
1426 2263 1575 2329 dixit,
1592 2264 1655 2321 Si
1676 2268 1748 2321 sic
1766 2268 1990 2341 divulga-

409 2357 517 2403 tum
545 2359 615 2403 est
649 2348 850 2403 verbum
883 2350 997 2405 hoc.
1022 2351 1135 2404 Duo
1164 2362 1289 2406 sunt
1315 2353 1365 2407 in
1392 2352 1492 2409 hac
1520 2355 1786 2413 locutione
1812 2368 1988 2415 atten-

405 2439 577 2495 denda
604 2458 617 2491 :
652 2444 841 2509 primo,
874 2441 994 2510 quia
1025 2441 1221 2514 pendet
1243 2448 1506 2500 sententia
1527 2488 1541 2511 ,
1577 2457 1632 2503 et
1666 2450 1742 2505 sic
1770 2452 1985 2508 dimissa

400 2540 510 2596 est;
535 2530 744 2596 deinde,
763 2531 881 2600 quia
912 2531 1128 2585 verbum
1154 2548 1248 2605 pro
1274 2534 1411 2588 facto
1439 2538 1635 2604 posuit.

474 2621 570 2695 [lb.
588 2622 704 2696 25.]
728 2623 790 2677 Et
811 2626 1023 2693 respexit
1048 2626 1183 2694 ﬁlios
1209 2625 1395 2694 Israel,
1418 2638 1464 2682 et
1489 2630 1706 2687 innotuit
1727 2635 1828 2691 illis
1850 2653 1869 2690 .'
1889 2653 1984 2708 pro

399 2729 465 2769 eo
487 2716 715 2784 positum
748 2725 829 2771 est
855 2716 1107 2782 innotuit,
1134 2719 1275 2789 quod
1305 2721 1413 2790 egit
1451 2721 1503 2776 in
1531 2724 1641 2791 eis,
1666 2727 1856 2795 quibus
1887 2730 1982 2784 Dei

398 2820 576 2860 curam
608 2822 730 2876 erga
758 2823 817 2863 se
847 2808 1218 2877 intelligerent.

470 2895 568 2967 [lb.
586 2913 663 2964 tu,
686 2896 765 2970 7.]
798 2895 983 2953 Videns
1006 2898 1109 2952 vidi
1132 2902 1442 2957 vexationem
1462 2906 1639 2977 papuli
1665 2910 1778 2975 mei,
1804 2912 1889 2981 qui
1911 2923 1983 2968 est

396 2986 448 3039 in
470 2986 719 3058 IEgypto.

468 3076 564 3151 [lb.
594 3079 681 3142 11,
708 3076 818 3150 12.]
849 3078 912 3132 Et
955 3080 1085 3133 dixit
1123 3080 1328 3153 Moyses
1366 3085 1435 3139 ad
1462 3084 1659 3157 Deum,
1693 3092 1818 3158 Quis
1843 3111 1976 3162 sum,

393 3168 509 3238 quia
546 3168 625 3222 ibo
660 3170 727 3223 ad
762 3168 1085 3226 Pharaonem
1116 3190 1281 3245 regem
1303 3174 1543 3247 ﬁgypti,
1566 3188 1611 3232 et
1635 3182 1753 3250 quia
1772 3184 1981 3241 educam

393 3260 528 3330 ﬁlios
548 3258 712 3313 Israel
729 3260 791 3313 de
811 3271 945 3315 terra
968 3262 1226 3335 Egypti?
1250 3265 1389 3320 Dixit
1412 3278 1596 3336 autem,
1623 3270 1873 3336 Quoniam
1893 3291 1979 3331 ero

393 3361 555 3404 tecum
580 3366 599 3405 :
620 3351 695 3405 sic
726 3351 884 3407 habet
914 3369 1153 3425 grazcus;
1178 3356 1373 3413 latinus
1402 3370 1610 3425 autem,
1637 3362 1700 3417 Et
1723 3367 1836 3436 quis
1864 3384 1976 3438 ego,

392 3443 527 3498 dixit
557 3461 571 3497 :
599 3452 652 3497 et
678 3458 779 3498 non
808 3443 974 3512 dixit,
998 3448 1115 3517 quia
1143 3447 1253 3512 ibo,
1286 3459 1333 3502 ct
1365 3452 1485 3520 quia
1510 3453 1750 3520 educam;
1771 3458 1895 3525 sed,
1923 3469 1978 3513 ut

392 3552 523 3600 eam,
548 3546 595 3590 et
622 3536 853 3590 educam.
877 3537 945 3593 Et
969 3540 1110 3609 quod
1142 3543 1192 3594 in
1219 3556 1393 3611 graeco
1416 3543 1591 3609 habet,
1620 3546 1758 3601 Dixit
1784 3560 1973 3617 autem,

393 3628 510 3696 quia
543 3643 629 3682 ero
670 3638 869 3696 tecum,
912 3630 1220 3701 intelligitur
1264 3635 1445 3703 utique
1489 3637 1629 3706 quod
1673 3639 1866 3696 dixerit
1909 3644 1975 3698 ad

394 3718 607 3792 Moysen
641 3738 652 3774 ε
685 3730 851 3776 totum
900 3732 1076 3778 autem
1123 3724 1224 3780 hoc
1274 3726 1467 3783 latinus
1510 3729 1737 3799 addidit,
1781 3742 1835 3788 et
1878 3736 1972 3803 ait,

394 3811 536 3866 Dixit
563 3823 727 3867 autem
754 3813 894 3870 Deus
921 3815 988 3868 ad
1017 3815 1247 3887 Moysen.

466 3902 563 3975 [lb.
586 3903 697 3976 16.]
727 3905 865 3959 Deus
894 3905 1019 3960 dicit
1048 3906 1189 3977 quod
1218 3908 1360 3964 dicat
1387 3910 1594 3983 Moyses
1636 3915 1758 3973 ﬁliis
1786 3917 1970 3990 Israel,

398 3991 620 4048 Visitans
644 3994 838 4048 visitavi
861 4012 968 4064 vos,
990 4006 1038 4051 et
1060 4014 1381 4070 quiecuntque
1406 4005 1720 4075 contigerunt
1751 4010 1886 4067 vobis
1919 4012 1975 4067 in

392 4080 626 4153 Egypto
650 4098 889 4153 :grazcus
920 4085 1093 4151 habet,
1127 4087 1419 4145 Visitatione
1440 4092 1633 4148 visitavi
1652 4111 1756 4152 vos.

462 4171 563 4246 [lb.
584 4171 697 4247 18.]
726 4174 865 4230 Deus
885 4176 1013 4231 dicit
1038 4178 1103 4233 ad
1125 4179 1339 4252 Moysen
1366 4182 1430 4237 de
1462 4183 1583 4238 filiis
1603 4185 1782 4256 Israel,
1803 4190 1871 4245 Et
1889 4209 1973 4248 au-

388 4267 527 4322 dient
562 4284 729 4322 vocem
767 4277 904 4322 tuam
928 4285 947 4324 :
967 4285 1172 4341 gratcus
1199 4272 1387 4339 habet,
1417 4275 1483 4329 Et
1512 4281 1778 4335 exaudient
1802 4299 1972 4340 vocem

389 4370 548 4427 tuam,
571 4362 692 4431 quia
718 4370 771 4415 et
796 4362 1060 4417 exauditio
1080 4363 1276 4419 dicitur
1296 4364 1545 4422 hominis.

467 4451 567 4523 [lb.
597 4451 712 4525 22.]
734 4452 887 4520 Quod
916 4454 1075 4509 habet
1102 4456 1311 4519 latinus,
1339 4456 1516 4513 Poscet
1545 4462 1965 4533 mulieravicina,

387 4552 435 4595 et
476 4541 536 4594 ab
574 4542 820 4613 inquilina
860 4561 953 4598 sua
991 4560 1109 4600 vasa
1142 4558 1377 4617 argentea
1415 4559 1459 4603 et
1498 4567 1652 4607 aurea
1680 4565 1727 4609 et
1753 4570 1968 4624 vestem;

386 4647 593 4702 graecus
621 4633 781 4687 habet
808 4651 839 4687 a
863 4635 1215 4691 coltabitatrice
1251 4655 1345 4693 sua
1365 4683 1380 4706 ,
1428 4641 1527 4696 hoc
1560 4652 1643 4698 est
1670 4660 1891 4708 συσκήνου
1922 4652 1960 4716 ί,

386 4721 530 4792 quod
558 4722 705 4777 latini
738 4724 898 4794 aliqui
951 4727 1279 4797 interpretati
1310 4740 1449 4794 sunt.
1471 4749 1502 4785 a
1525 4737 1826 4793 concellaria
1850 4758 1964 4796 sua.

460 4813 558 4888 [lb.
581 4830 652 4881 tv,
674 4812 751 4887 1.]
775 4815 982 4888 Moyses
996 4818 1141 4885 dicit,
1165 4819 1300 4887 Quid
1317 4822 1362 4877 si
1381 4841 1480 4880 non
1499 4829 1798 4887 crediderint
1818 4835 1961 4901 mihi,

384 4922 543 4977 neque
567 4907 879 4963 exaudierint
902 4925 1069 4965 vocem
1089 4929 1251 4968 meam
1273 4930 1293 4969 :
1312 4917 1452 4985 quod
1477 4918 1690 4989 latinus,
1711 4925 1965 4983 audierint

382 4999 760 5071 interpretatus
787 5011 887 5057 est.

456 5092 556 5165 [lb.
572 5091 651 5167 4.]
667 5092 897 5150 Extende
919 5112 1144 5165 manum,
1166 5107 1215 5154 et
1234 5103 1555 5172 apprehende
1571 5110 1806 5177 caudam,
1826 5127 1963 5183 grat-

379 5200 476 5242 cus
521 5186 681 5243 habet
713 5206 725 5242 :
758 5187 950 5245 latinus
987 5202 1161 5248 autem
1183 5235 1198 5260 ,
1238 5211 1443 5251 manum
1484 5208 1622 5254 tuam
1659 5212 1708 5256 et
1745 5205 1961 5260 caudam

380 5279 510 5346 ejus,
534 5279 909 5351 interpretatus
933 5292 1035 5338 est.
1062 5283 1129 5339 Et
1153 5287 1420 5344 extendens
1446 5307 1653 5347 manum
1678 5297 1961 5367 apprehen-

381 5367 455 5421 dit
474 5370 709 5437 caudam,
733 5382 779 5426 et
803 5374 938 5443 facta
964 5383 1033 5431 est
1051 5378 1191 5449 virga
1216 5379 1267 5433 in
1297 5397 1450 5435 manu
1476 5384 1602 5453 ejus.

453 5458 549 5530 [1b.
578 5459 656 5533 5.]
682 5462 746 5516 Et
772 5464 901 5519 dixit
923 5468 1000 5523 illi
1029 5484 1046 5520 :
1090 5469 1158 5525 Ut
1182 5472 1387 5527 credant
1415 5475 1501 5529 tibi
1534 5478 1771 5547 quoniam
1794 5497 1957 5554 appa-

352 5521 360 5624 ἶ
443 5521 617 5621 ἰωή,
907 5566 962 5614 At
981 5568 1089 5615 uss.
1105 5564 1177 5615 uti
1196 5566 1321 5637 apud
1339 5574 1468 5622 LXX.
1490 5521 1739 5625 salttum.

1266 119 1698 180 LOCUTIONUM
1734 121 1793 181 S.
1836 125 2202 186 AUGUSTIN!
2242 130 2310 187 ΙΝ
2348 132 2906 201 HEPTATEUCHUM

2125 244 2226 297 ruit
2267 246 2357 301 tibi
2397 249 2644 308 Dominus
2669 254 2806 313 Deus
2834 267 3034 330 patrum
3076 262 3301 331 ipsorum
3329 283 3350 324 :
3370 284 3575 342 greces
3602 293 3711 338 non

2122 334 2299 403 habet,
2328 338 2396 393 Et
2424 342 2552 397 dixit
2574 344 2690 412 illi;
2718 348 2812 404 sed
2840 354 3094 409 continuo
3120 334 3399 428 adjunxit:
3418 373 3471 418 ut
3495 334 3707 426 credant

2121 427 2249 495 tibi;
2278 431 2331 486 id
2354 443 2454 497 est,
2485 437 2642 492 verba
2670 438 2787 507 Dei,
2834 454 2953 512 post
2983 446 3107 502 illud
3138 451 3330 507 factum
3364 457 3702 523 miraculum:

2122 527 2366 591 tanquam
2392 526 2564 582 adhuc
2608 531 2930 600 loqueretur,
2959 546 3015 593 et
3052 539 3212 598 mede
3234 550 3549 607 sententiam
3576 571 3703 613 ver-

2119 610 2304 669 borum
2334 616 2650 688 impleverit.
2682 622 2815 680 Nam
2843 628 2978 684 ordo
3002 641 3084 686 est
3110 636 3416 704 verborum,
3460 643 3701 707 Extende

2118 718 2332 762 manum
2370 717 2425 763 et
2459 712 2799 782 apprehende
2836 720 3080 788 caudam,
3111 734 3169 779 ut
3192 728 3411 786 credant
3440 734 3531 790 tibi
3567 756 3579 791 :
3609 742 3702 797 sed

2117 790 2426 864 interposita
2464 808 2549 855 est
2585 800 2708 859 facti
2736 808 2990 876 narratio,
3030 822 3085 867 et
3109 824 3293 883 postea
3321 821 3608 892 redditum,
3652 841 3701 883 ut

2112 885 2318 942 credant
2345 889 2453 944 tibi.

2187 975 2285 1049 [lb.
2301 995 2371 1045 tv,
2387 979 2466 1054 6.]
2482 982 2633 1050 Quod
2650 986 2843 1045 latinus
2868 990 3045 1060 habet,
3068 995 3136 1050 Et
3148 1002 3371 1069 factaest
3384 1021 3563 1063 manus
3587 1014 3696 1083 ejus

2112 1066 2311 1137 leprosa
2349 1079 2587 1144 tanquam
2624 1078 2754 1145 nix;
2778 1097 2985 1152 graecus
3011 1101 3117 1143 non
3145 1066 3306 1149 habet
3344 1097 3566 1170 leprosa,

2111 1163 2333 1227 tantum,
2360 1167 2496 1234 facta
2523 1176 2594 1222 est
2619 1179 2856 1236 tanquam
2884 1177 2992 1233 nix.

2180 1247 2279 1321 [lb.
2301 1252 2379 1325 8.]
2423 1255 2571 1321 Quod
2594 1260 2639 1313 si
2683 1278 2786 1317 non
2827 1267 3079 1324 audierint
3126 1288 3293 1330 vocem
3324 1278 3456 1350 signi
3502 1286 3692 1353 primi;

2106 1353 2310 1408 grzecus
2338 1345 2415 1399 sic
2457 1346 2663 1405 habet:
2695 1352 2889 1411 latinus
2931 1369 3131 1426 autem,
3178 1381 3348 1422 vocem
3368 1345 3516 1426 tuam

2106 1433 2299 1501 primi;
2340 1438 2418 1494 sic
2446 1448 2501 1495 et
2539 1444 2795 1514 sequitur,
2836 1451 3036 1508 credent
3065 1454 3154 1511 tibi
3179 1458 3233 1512 in
3269 1476 3389 1517 voce
3433 1466 3566 1537 signi
3606 1433 3685 1525 use-

2102 1527 2315 1593 quentis.

2175 1614 2275 1688 [lb.
2306 1618 2384 1693 9.]
2410 1621 2473 1675 Et
2492 1626 2584 1679 erit
2605 1643 2757 1699 aqua,
2782 1648 2934 1702 quant
2960 1652 3125 1693 sumes
3148 1641 3213 1695 de
3228 1644 3459 1713 ﬂumine,
3481 1657 3684 1722 sanguis

2100 1722 2253 1778 super
2279 1711 2477 1766 aridam
2508 1733 2527 1768 :
2550 1718 2635 1773 vel
2676 1722 2850 1788 potius
2876 1741 3027 1796 super
3063 1711 3283 1797 aridum,
3314 1735 3365 1790 id
3391 1711 3494 1804 est,
3525 1711 3681 1812 Stipet

2101 1795 2153 1851 id
2182 1801 2320 1868 quod
2346 1803 2552 1861 aridum
2578 1818 2660 1865 est
2684 1827 2698 1876 ;
2723 1814 2862 1883 quod
2903 1795 3096 1876 latinus
3119 1795 3276 1893 dixit,
3299 1795 3509 1898 sanguis
3533 1795 3680 1905 tu};

2098 1895 2304 1945 terram.

2169 1980 2269 2055 [lb.
2302 1986 2410 2060 10.]
2450 1989 2657 2061 Moyses
2698 1995 2827 2052 dicit
2857 2016 2872 2054 :
2905 1999 3112 2073 Precor,
3158 2005 3395 2079 Domine,
3432 2031 3537 2071 non
3567 2035 3677 2073 sum

2096 2090 2329 2143 nequem
2358 2088 2475 2132 ante
2501 2080 2781 2139 hesternam
2806 2098 2852 2142 et
2878 2093 3329 2155 nudiustertianam
3370 2103 3525 2160 diem.

2168 2162 2266 2236 [lb.
2298 2166 2408 2241 17.]
2450 2169 2515 2223 Et
2533 2173 2726 2244 virgam
2750 2177 2881 2232 hanc
2922 2197 3087 2239 sumes
3112 2186 3167 2240 in
3191 2206 3398 2246 manum
3435 2204 3597 2264 tuam,
3626 2201 3678 2256 in

2093 2270 2191 2323 qua
2221 2257 2377 2326 facies
2404 2260 2457 2314 in
2485 2278 2544 2316 ea
2570 2264 2758 2335 signa;
2793 2283 2913 2324 cum
2955 2272 3057 2329 dici
3084 2291 3283 2348 posset,
3307 2282 3358 2336 in
3385 2300 3489 2354 qua
3516 2287 3675 2347 facies

2092 2347 2241 2418 signa
2264 2366 2278 2413 ;
2301 2360 2394 2406 aut
2413 2363 2578 2423 certe,
2604 2356 2816 2430 Virgam
2835 2361 2970 2419 hanc
2989 2381 3170 2425 sumes
3192 2372 3245 2427 in
3267 2347 3478 2432 manum
3507 2388 3673 2451 tuam,

2091 2445 2146 2491 et
2170 2438 2331 2495 facies
2359 2441 2409 2496 in
2435 2459 2498 2498 ea
2523 2446 2672 2516 signa
2701 2466 2714 2502 :
2750 2466 2890 2507 nunc
2912 2470 3040 2511 vero
3069 2468 3351 2533 utrumque
3369 2465 3574 2525 dictum
3595 2482 3674 2528 est

2089 2526 2245 2581 solita
2274 2528 2542 2589 locutione
2568 2536 2983 2608 Seripturarum.

2164 2616 2264 2690 [lb.
2290 2620 2377 2684 18,
2412 2622 2523 2696 19.]
2565 2626 2691 2682 Post
2717 2630 2826 2685 dies
2865 2644 3033 2690 autem
3054 2638 3170 2696 illos
3197 2645 3402 2714 multos,
3447 2662 3673 2713 mortuus

2088 2717 2159 2761 est
2200 2726 2291 2763 rex
2328 2711 2551 2785 ὥρῃρεί
2580 2733 2600 2771 :
2628 2720 2755 2774 dixit
2792 2733 2959 2780 autem
2996 2728 3243 2789 Dominus
3281 2739 3352 2791 ad
3377 2711 3595 2813 Moysen
3622 2711 3671 2802 in

2088 2797 2325 2869 Madian,
2378 2802 2534 2871 Vade,
2583 2827 2733 2883 perge
2758 2814 2811 2869 in
2840 2816 3147 2890 zquptum,
3187 2831 3370 2884 mortui
3397 2797 3513 2889 sunt
3542 2797 3671 2896 enim

2087 2906 2259 2945 omnes
2276 2894 2365 2964 qui
2388 2900 2673 2965 quaerebant
2696 2905 2917 2961 animam
2946 2919 3103 2966 tuam.
3134 2914 3289 2972 Multa
3314 2920 3365 2975 in
3390 2922 3475 2978 his
3493 2930 3671 2985 verbis

2084 2996 2278 3051 genera
2306 2985 2631 3047 locutionum
2659 2998 2887 3055 notanda
2907 3011 3069 3058 sunt:
3096 3008 3286 3076 primo,
3327 3010 3489 3083 Vade,
3521 3037 3672 3094 perge

2085 3074 2138 3128 in
2168 3076 2474 3149 ngyptum,
2509 3093 2754 3156 tanquam
2797 3106 2901 3148 non
2942 3074 3209 3157 sufﬁceret
3239 3074 3443 3163 tantum
3477 3074 3669 3182 Vati;

2085 3169 2167 3223 vel
2194 3178 2395 3226 tantum
2424 3192 2616 3247 perge;
2643 3178 2855 3250 deinde,
2884 3190 3067 3243 mortui
3084 3204 3201 3246 sunt
3225 3211 3398 3253 omnes
3415 3202 3503 3271 qui
3526 3169 3669 3274 qua:

2083 3261 2258 3317 rebant
2284 3266 2507 3321 animam
2535 3278 2693 3338 tuam,
2723 3288 2844 3329 cum
2875 3278 3045 3335 solum
3083 3298 3259 3354 regem
3282 3261 3493 3360 Egypti
3528 3261 3670 3351 ἐςτί-

2083 3360 2237 3423 plura
2263 3355 2455 3413 dixerit
2476 3371 2762 3431 mortuum,
2795 3377 2848 3422 et
2870 3369 2938 3424 de
2964 3374 3081 3428 solo
3104 3386 3257 3433 antea
3279 3355 3476 3437 dictum
3508 3385 3668 3449 fuerit

2082 3444 2225 3511 quod
2251 3446 2465 3519 Moysen
2494 3455 2766 3521 quaerebat
2794 3460 3055 3517 occidere.
3104 3467 3187 3520 An
3232 3469 3344 3538 ipse
3385 3482 3505 3541 post
3534 3444 3666 3535 alios

2083 3534 2328 3593 inimicos
2374 3541 2589 3599 ultimus
2634 3558 2872 3604 mortuus
2898 3554 3013 3607 est?
3042 3555 3193 3623 Quod
3237 3562 3279 3614 si
3322 3563 3391 3617 ita
3421 3575 3526 3633 est,
3564 3584 3663 3626 non

2083 3622 2299 3694 locutio,
2331 3630 2426 3685 sed
2464 3647 2654 3691 sensus
2680 3646 2781 3691 est.
2828 3640 2981 3709 Item,
3013 3647 3099 3714 qui
3126 3653 3412 3717 quwrebant
3439 3658 3663 3714 animum

2082 3723 2241 3785 tuam,
2266 3735 2368 3776 non
2396 3722 2446 3776 in
2476 3725 2615 3780 man
2638 3734 2863 3795 tantum,
2892 3733 2988 3788 sed
3016 3737 3172 3791 etiam
3193 3739 3243 3794 in
3278 3741 3416 3799 bono
3441 3746 3550 3802 dici
3579 3765 3662 3805 so-

2079 3807 2155 3863 let
2177 3810 2229 3864 in
2258 3811 2546 3884 Scripturis
2575 3834 2587 3871 :
2621 3834 2742 3874 nam
2786 3822 2927 3878 sicut
2957 3825 3062 3893 hic,
3089 3828 3141 3882 in
3185 3832 3325 3887 malo
3350 3834 3555 3893 dictum
3585 3851 3661 3898 est

2080 3898 2239 3954 etiam
2291 3902 2343 3956 in
2392 3903 2645 3974 Psalmis,
2697 3908 3084 3982 Confundantur
3124 3929 3171 3973 et
3212 3937 3530 3982 reuereantur
3580 3934 3659 4001 qui

2077 4002 2308 4062 quierunt
2335 3995 2557 4051 animam
2585 4016 2743 4054 meam
2774 4001 2945 4072 (Psal.
2994 4023 3187 4074 χχχιι,
3222 4012 3349 4086 15);
3377 4016 3430 4071 in
3476 3995 3658 4088 bono,

2080 4082 2238 4153 Periit
2263 4090 2385 4159 fuga
2408 4106 2439 4142 α
2462 4106 2559 4155 me,
2589 4102 2634 4146 et
2663 4110 2763 4148 non
2786 4107 2860 4150 est
2887 4100 2974 4166 qui
2997 4104 3217 4171 requirat
3242 4108 3463 4164 animam
3494 4130 3657 4171 meum

2077 4172 2248 4243 (Psal.
2280 4191 2423 4244 cxu,
2453 4178 2509 4252 5)
2541 4197 2555 4233 :
2582 4180 2682 4237 nisi
2710 4181 2844 4239 forte
2863 4186 3060 4257 aliquid
3087 4191 3287 4249 distare
3307 4196 3499 4254 dicitur
3520 4202 3652 4260 inter

2075 4277 2376 4336 quaerentes
2395 4279 2447 4324 et
2467 4271 2816 4341 requirentes,
2839 4285 2896 4330 ut
2915 4278 3042 4334 illud
3060 4281 3111 4336 in
3132 4284 3294 4351 malo,
3316 4287 3489 4345 hocin
3509 4292 3645 4350 bona

2074 4356 2476 4429 intelligendum
2504 4362 2592 4416 sit.

2146 4446 2245 4519 [lb.
2274 4464 2330 4516 ν,
2377 4448 2487 4522 10.]
2527 4450 2594 4504 Et
2617 4452 2843 4510 dicebant
2869 4459 2940 4513 ad
2966 4464 3209 4534 populum
3254 4469 3493 4540 dicentes,
3528 4475 3645 4530 Har.

2072 4538 2191 4591 dicit
2220 4539 2425 4595 Pharao
2455 4557 2653 4614 :quam
2681 4545 2997 4606 locutionem
3024 4554 3187 4626 piguit
3232 4558 3453 4618 latinum
3480 4538 3645 4622 interc

2071 4636 2289 4703 pretari.
3212 4674 3213 4677 η

2143 4724 2241 4798 [11).
2266 4727 2379 4802 21.]
2412 4727 2586 4785 Videat
2605 4730 2745 4788 Deus
2768 4750 2853 4790 vos
2873 4745 2917 4789 et
2927 4737 3140 4808 judicet,
3162 4745 3399 4813 quoniam
3417 4763 3643 4805 exsecra-

2070 4818 2215 4873 bilem
2244 4822 2432 4893 fecistis
2468 4824 2672 4879 odorem
2700 4836 2924 4883 nostrum
2952 4832 3123 4901 palam
3153 4832 3444 4908 Pharaone,
3475 4851 3524 4896 et
3548 4861 3641 4915 pa-

2070 4908 2171 4964 lam
2194 4914 2346 4967 servis
2374 4914 2499 4985 ejus,
2528 4914 2651 4969 dare
2672 4917 2896 4987 gladium
2922 4921 2975 4975 in
3001 4939 3177 4980 manus
3205 4928 3334 4997 ejus,
3367 4940 3423 4984 ut
3451 4908 3639 4988 occidat

2067 5018 2199 5070 nos;
2223 5003 2300 5059 sic
2328 5005 2468 5060 enim
2498 5005 2655 5062 habet
2676 5023 2880 5079 graecus
2910 5031 2922 5067 :
2946 5013 3139 5070 latinus
3163 5028 3338 5075 autem
3364 5024 3457 5089 ait,
3486 5042 3635 5097 quem

2065 5109 2163 5166 pro
2188 5095 2386 5167 optimo
2414 5096 2740 5168 legebamus,
2771 5110 2827 5156 ut
2850 5102 3036 5160 daretis
3070 5106 3298 5178 gladium
3322 5112 3375 5166 in
3414 5095 3633 5170 manibus

2066 5187 2215 5257 ejus;
2243 5186 2332 5257 qui
2373 5189 2724 5258 soloecismus,
2758 5194 2899 5249 nulla
2925 5195 3377 5268 interpretationis
3404 5206 3630 5262 necessi-

2066 5287 2173 5335 tate
2201 5280 2371 5337 factus
2398 5290 2502 5351 est,
2528 5285 2650 5354 quia
2680 5285 2730 5340 in
2754 5301 2927 5356 grzeoo
2950 5303 3055 5345 non
3085 5299 3187 5347 est.

2137 5390 2237 5467 [lb.
2261 5409 2336 5460 vr,
2364 5391 2442 5467 4.]
2484 5393 2654 5449 Statui
2673 5404 3020 5454 testamentum
3046 5404 3305 5459 meum-ad
3330 5407 3463 5477 illos,
3489 5410 3555 5463 ita
3581 5417 3629 5464 ut

2064 5483 2239 5538 darem
2264 5484 2366 5539 illis
2404 5494 2587 5539 terram
2623 5485 3043 5558 Chanantsorum,
3073 5499 3120 5545 et
3148 5501 3335 5551 tenam
3375 5514 3522 5568 quam
3545 5498 3623 5552 in-

2065 5574 2343 5645 coluerunt,
2369 5576 2421 5631 in
2444 5592 2545 5648 qua
2565 5585 2615 5633 et
2652 5576 2969 5639 incoluerunt
2985 5580 3045 5639 in
3073 5597 3136 5639 ea
3160 5597 3184 5640 .'
3206 5582 3288 5643 dc
3307 5586 3450 5645 enim
3472 5586 3622 5651 liabet
