3902 6344
217 311 454 372 graecus,
477 295 618 367 quod
648 295 826 366 utique
850 303 906 352 et
924 294 977 349 in
1002 308 1176 365 graeca
1204 292 1379 363 lingua
1408 291 1636 349 absurde
1659 294 1806 350 vide-

219 399 314 444 tur
338 403 559 452 sonare;
593 393 646 441 et
675 398 848 441 tamen
879 383 1223 455 Septuaginta
1252 385 1597 454 interpretum
1623 393 1808 439 aucto.

218 483 358 537 ritas
390 488 531 535 tanta
555 487 657 544 est,
690 493 824 549 quos
849 478 920 532 ita
945 477 1088 546 loqui
1117 492 1220 531 non
1246 476 1428 545 piguit.
1470 475 1606 541 Quid
1627 476 1808 530 enim?

217 583 275 630 et
305 586 498 629 sensus
541 570 629 624 hic
654 570 818 624 latet?
863 569 1015 636 Quod
1042 569 1085 622 si
1113 569 1290 623 nullus
1316 577 1419 632 est,
1466 568 1578 638 ipsa
1610 569 1808 625 locutio

218 666 456 722 notanda
496 677 598 730 est,
643 680 708 719 ne
735 664 858 719 alibi
899 664 1114 718 inventa
1145 678 1359 718 sensum
1401 662 1674 731 impediat,
1721 663 1807 718 vel

218 761 422 832 aliquid
452 774 693 830 quaerere
727 756 814 813 ubi
853 756 1194 827 quterendum
1223 770 1327 811 non
1367 764 1477 822 est,
1504 755 1804 826 compellat.

297 853 396 927 [lb.
421 867 493 916 γι,
512 850 592 924 5.]
613 849 767 919 Quod
796 848 954 904 habet
976 849 1192 914 latinus,
1221 847 1470 902 Exaudivi
1489 847 1724 917 gemitum
1752 846 1808 915 ﬁ-

219 947 409 1000 liorum
433 943 626 1005 Israel,
657 939 1078 1011 quemadmodum
1106 938 1343 1009 ﬁgyptii
1370 939 1654 1010 afﬂigerent
1677 954 1762 993 eos
1788 954 1808 1002 ;

217 1051 428 1107 graecus
452 1035 614 1090 habet
631 1036 1051 1096 καταδουλοῦνται,
1073 1029 1213 1100 quod
1239 1029 1576 1100 interpretari
1605 1036 1802 1099 posset,

219 1131 273 1183 in
303 1128 589 1182 servitutem
608 1125 843 1196 redigunt
864 1139 947 1177 eos
976 1139 995 1177 :
1020 1138 1141 1177 nam
1164 1137 1268 1176 uno
1294 1122 1461 1178 verbo
1481 1137 1584 1176 non
1611 1131 1805 1191 potest.

295 1218 395 1293 [lb.
429 1217 506 1291 9.]
545 1217 613 1271 Et
636 1219 828 1271 locutus
857 1224 927 1269 est
958 1214 1160 1285 Moyses
1186 1215 1258 1267 sic
1289 1213 1357 1266 ad
1382 1213 1518 1282 ﬁlios
1547 1211 1731 1278 Israel,
1763 1219 1810 1266 et

221 1329 327 1367 non
355 1310 685 1366 exaudierunt
715 1306 927 1377 Moysen
951 1323 982 1358 tt
1007 1305 1280 1376 defectione
1303 1303 1460 1357 animi
1484 1312 1529 1356 et
1552 1302 1613 1355 ab
1639 1303 1807 1372 operi-

221 1405 315 1457 bus
343 1402 486 1456 duris
513 1416 530 1454 :
559 1399 892 1454 exaudierunt
917 1397 1010 1458 ait,
1038 1409 1162 1459 non,
1197 1393 1496 1448 audierunt.

296 1495 399 1568 [lb.
435 1491 545 1565 12.]
587 1491 697 1561 Ego
723 1491 852 1544 enim
874 1487 1162 1554 ineloquens
1189 1502 1321 1551 sum,
1346 1484 1488 1555 quod
1513 1484 1586 1539 ait
1603 1483 1810 1556 Moyses

220 1587 288 1641 ad
324 1586 626 1649 Dominum,
676 1589 840 1648 ἄλογος
885 1580 1017 1634 dixit
1055 1592 1280 1649 graecus,
1312 1592 1439 1643 non,
1489 1575 1762 1645 imperitus
1791 1617 1805 1642 ,

221 1682 375 1754 quasi
405 1683 590 1747 ἀμαθὴς
620 1677 704 1732 vel
731 1679 1029 1734 ἀπαίδευτος.

297 1773 400 1845 [11).
429 1769 548 1842 26]
589 1769 660 1822 Hi
689 1777 805 1823 sunt
829 1767 998 1820 Aaron
1022 1774 1069 1819 et
1103 1761 1326 1834 Moyses,
1353 1761 1531 1832 quibus
1572 1761 1701 1816 dixit
1740 1761 1810 1814 eis

225 1865 366 1919 Deus
391 1871 444 1915 ut
468 1863 680 1915 educant
703 1860 836 1928 ﬁlios
855 1857 1021 1912 Israel
1044 1856 1107 1909 de
1127 1863 1261 1908 terra
1281 1852 1500 1924 zEgypti
1528 1869 1546 1906 :
1570 1853 1648 1907 sic
1667 1852 1809 1907 enim

225 1956 389 2010 habet
417 1967 642 2023 graecus.

299 2048 398 2122 [11).
422 2045 532 2120 50]
575 2045 707 2099 Ecce
734 2061 824 2115 ego
848 2042 1028 2114 gracili
1051 2056 1168 2096 voce
1206 2056 1337 2106 sum,
1365 2048 1412 2092 et
1439 2035 1690 2108 quomodo
1719 2051 1808 2088 ex-

221 2143 396 2195 audiet
412 2156 489 2194 me
514 2137 722 2191 Pharao
737 2137 764 2190 .9
784 2133 1084 2190 Notandum
1106 2131 1246 2203 quod
1258 2130 1489 2185 exaudiet
1501 2128 1654 2193 dixit,
1679 2141 1807 2193 non,

222 2233 425 2289 audiet.

300 2322 400 2395 [lb.
426 2336 516 2383 vn,
544 2319 622 2390 6.]
653 2318 794 2373 Fecit
822 2326 990 2373 autem
1016 2315 1219 2387 Moyses
1243 2323 1291 2369 et
1308 2313 1499 2379 Aaron,
1530 2313 1659 2366 sicut
1681 2325 1810 2379 pra:-

223 2415 357 2484 cepit
379 2413 480 2466 illis
509 2411 775 2476 Dominus,
815 2409 888 2463 ita
928 2412 1153 2481 fecerunt
1176 2420 1196 2461 :
1220 2405 1349 2475 quid
1373 2404 1599 2469 deesset,
1634 2403 1678 2457 si
1704 2417 1809 2456 non

223 2506 516 2566 diceretur,
544 2502 616 2556 ita
646 2500 908 2572 fecerunt?

299 2593 399 2666 [lb.
431 2591 507 2664 9.]
537 2591 598 2646 Si
631 2592 857 2659 loquetur
880 2589 1016 2644 vobis
1043 2587 1250 2642 Pharao
1292 2586 1479 2650 dicens,
1513 2583 1643 2637 Date
1670 2584 1810 2636 nobis

225 2686 426 2756 signum
453 2692 541 2736 aut
567 2689 871 2752 portentum,
917 2689 964 2734 et
989 2679 1122 2732 dices
1152 2678 1323 2730 Aaron
1351 2675 1498 2746 fratri
1524 2684 1629 2738 tuo,
1656 2674 1813 2727 Sume

226 2777 420 2845 virgam
445 2789 464 2827 :
488 2787 667 2828 nonne
696 2770 977 2825 locutionis
997 2778 1193 2824 nostra:
1211 2765 1540 2822 consuetudo
1562 2764 1812 2835 poscebat

225 2873 276 2917 et
300 2862 543 2933 quaedam
564 2861 681 2931 ejus
701 2860 994 2931 integritas,
1013 2866 1072 2912 ut
1092 2857 1161 2912 ita
1178 2856 1467 2921 diceretur,
1493 2854 1549 2909 Si
1569 2855 1811 2923 loquetur

226 2952 379 3006 vobis
410 2950 616 3006 Pharao
645 2950 851 3016 dicens,
882 2949 1013 3003 Date
1040 2947 1194 3002 nobis
1225 2947 1434 3016 signum
1465 2953 1556 2998 aut
1595 2952 1812 3012 porten-

228 3055 363 3111 tum,
395 3045 543 3099 dices
567 3042 742 3097 Aaron
765 3040 912 3095 fratri
943 3048 1054 3105 tuo,
1085 3036 1247 3094 Sume
1271 3035 1513 3107 virgam?
1540 3034 1663 3105 quid
1684 3048 1812 3103 ergo

225 3135 300 3189 ibi
333 3133 566 3187 additum
613 3139 712 3196 est,
747 3141 812 3196 et,
845 3129 948 3185 nisi
977 3129 1152 3198 aliqua
1181 3129 1503 3198 proprietate
1531 3125 1811 3181 locutionis

228 3223 537 3280 hebraicte?
562 3238 685 3278 nam
711 3236 882 3292 neque
909 3234 1080 3292 graeca
1107 3232 1226 3273 esse
1246 3217 1573 3289 perhibetur.

302 3314 402 3387 [lb.
438 3312 548 3386 11.]
588 3312 701 3366 Non
723 3311 852 3366 mihi
888 3310 1135 3365 videntur
1163 3309 1294 3364 satis
1334 3305 1614 3362 commode
1643 3306 1810 3360 inter-

229 3405 424 3475 pretati
448 3404 595 3458 latini
619 3410 835 3475 σοφιστὰς
861 3400 1176 3465 Pharaonis,
1197 3409 1256 3454 ut
1276 3399 1516 3454 dicerent
1541 3398 1812 3468 sapientes:

228 3509 360 3571 «ipsi
404 3495 546 3551 enim
588 3496 854 3564 sapientes
897 3493 1163 3549 dicuntur.
1213 3492 1385 3546 Potuit
1432 3492 1573 3546 enim
1621 3491 1812 3545 latinus

228 3591 496 3657 interpres
522 3586 789 3655 sophistas
811 3584 1008 3649 dicere,
1043 3583 1291 3654 quoniam
1317 3597 1422 3637 non
1453 3591 1535 3636 est
1561 3583 1815 3652 quemad-

229 3679 450 3733 modum
467 3678 517 3732 id
534 3678 698 3733 latine
712 3677 948 3743 dicatur;
971 3685 1024 3731 et
1050 3675 1170 3730 ideo
1188 3675 1290 3730 isto
1307 3674 1468 3729 verbo
1488 3674 1598 3744 jam
1615 3675 1812 3728 utimur

229 3787 331 3842 pro
379 3770 563 3835 latino,
612 3769 750 3823 sicut
800 3768 1189 3838 philosomtiam
1237 3767 1462 3822 dicimus
1503 3782 1606 3822 non
1638 3767 1812 3821 solum

227 3877 422 3933 grzece,
466 3876 648 3915 verum
692 3862 851 3915 etiam
881 3859 1080 3913 latine:
1132 3858 1397 3928 sophistas
1435 3858 1810 3928 appellarunt‘

229 3953 518 4008 latinarum
545 3952 842 4007 litterarum
885 3949 1305 4020 eloquentissimi
1334 3957 1596 4005 auctores.

303 4045 402 4117 [lb.
432 4043 544 4117 12.]
569 4043 633 4098 Et
662 4044 915 4098 absorbuit
962 4044 1103 4114 virga
1148 4042 1317 4096 Aaron
1345 4042 1509 4113 virgas
1555 4043 1763 4097 illarum
1793 4060 1812 4101 :

226 4152 291 4191 ac
324 4137 366 4190 si
397 4136 615 4200 diceret,
650 4135 812 4190 draco
841 4136 1036 4189 Aaron.

304 4224 404 4298 [lb.
438 4225 549 4298 15.]
579 4225 731 4292 Quod
769 4225 968 4279 dictum
996 4232 1080 4279 est
1107 4223 1176 4280 de
1201 4223 1500 4291 Pharaone,
1543 4222 1676 4279 Ecce
1705 4225 1813 4294 ipse

227 4319 351 4373 exiit
379 4318 446 4370 ad
475 4332 695 4387 aquam;
721 4331 926 4386 graecus
953 4315 1131 4381 habet,
1161 4333 1313 4385 super
1339 4332 1541 4385 aquam.

308 4409 406 4483 [lb.
435 4409 544 4482 16.]
588 4410 793 4464 Dimitte
823 4408 1064 4481 populant
1091 4425 1255 4462 meum
1283 4417 1335 4462 ut
1372 4409 1553 4462 serviat
1595 4408 1719 4462 mihi
1759 4410 1813 4463 in

231 4502 448 4566 deserto,
477 4510 523 4554 et
547 4518 657 4555 ecce
682 4518 780 4554 non
804 4500 1055 4554 exaudisti
1085 4517 1241 4568 usque
1262 4500 1428 4553 adhuc
1456 4516 1475 4555 :
1499 4501 1710 4571 quoties
1733 4501 1813 4556 di-

229 4593 374 4647 citur
403 4592 667 4656 exaudisti,
699 4606 818 4646 cum
850 4591 1052 4645 homini
1081 4589 1321 4644 dicatur?

313 4683 549 4756 [Ib.22.]
590 4683 841 4738 Fecerunt
891 4695 1060 4737 autem
1108 4682 1335 4735 similiter
1383 4691 1428 4736 et
1481 4685 1813 4739 incantatores

230 4775 309 4832 1E
313 4777 598 4848 gyptiorum
619 4776 868 4843 veneﬁciis
903 4776 1027 4829 suis.
1060 4774 1127 4828 Et
1152 4775 1442 4828 induratum
1467 4783 1538 4830 est
1558 4791 1643 4830 cor
1667 4774 1812 4829 Pha-

227 4867 426 4932 raonis,
456 4876 504 4920 et
525 4883 624 4921 non
659 4866 910 4921 exaudivit
936 4883 1041 4934 eos,
1072 4867 1198 4920 sicut
1225 4864 1353 4919 dixit
1369 4864 1615 4919 Dominus
1648 4881 1666 4920 :
1692 4867 1813 4937 quia

229 4959 283 5013 in
313 4973 414 5014 usu
434 4958 722 5028 Scriptura:
746 4968 848 5025 est,
879 4959 1149 5021 exaudivit,
1177 4971 1299 5011 eum
1326 4957 1484 5012 etiam
1507 4957 1575 5013 de
1597 4957 1812 5012 homine

232 5049 488 5119 loquitur.

306 5139 406 5213 [lb.
436 5140 550 5207 vnt,
583 5139 659 5214 1.]
681 5141 890 5196 Dimitte
909 5143 1148 5211 pupulum
1167 5158 1332 5196 meum
1355 5152 1410 5196 ut
1428 5143 1642 5197 serviant
1669 5143 1812 5208 mihi;

229 5248 363 5300 non,
393 5241 451 5287 ut
489 5234 686 5288 serviat
717 5251 731 5287 :
759 5233 848 5303 qui
879 5233 1128 5302 loquendi
1159 5234 1346 5288 modus
1373 5248 1475 5288 non
1521 5232 1633 5289 fere
1662 5235 1812 5289 inve-

228 5325 378 5379 nitur
423 5324 524 5380 nisi
566 5325 656 5381 ubi
696 5339 784 5381 res
823 5325 937 5396 ipsa
980 5326 1262 5396 singularis
1306 5326 1542 5397 pluribus
1585 5334 1811 5382 constat.

227 5414 470 5487 Populus
493 5418 635 5473 enim
674 5417 927 5489 singulari
972 5418 1188 5474 nomine
1216 5418 1428 5486 dicitur,
1472 5417 1564 5474 sed
1611 5428 1818 5475 constat

223 5527 302 5568 ex
331 5514 533 5568 multis.
559 5510 651 5569 Sic
674 5514 832 5568 etiam
857 5524 959 5580 est,
991 5512 1170 5568 Omnis
1195 5521 1330 5566 terra
1347 5512 1556 5568 adorent
1577 5522 1624 5565 te
1646 5511 1814 5582 (Psal.

295 5615 315 5648 ³
339 5613 538 5666 siem.
561 5617 618 5665 At
641 5612 778 5674 editi.
802 5611 1022 5678 «phiae
1041 5617 1204 5666 autem
1223 5611 1539 5680 appellantur.

1548 172 1753 231 LIBER
1788 174 2162 237 SECUNDUS.

3386 194 3492 251 506

1915 312 2040 359 va,
2068 296 2161 367 4):
2193 296 2314 368 quia
2343 299 2516 354 omnis
2543 308 2680 355 terra
2705 300 2904 357 dictum
2926 311 3028 367 est,
3061 317 3156 373 pro
3184 303 3486 363 hominibus

1913 390 2003 461 qui
2029 400 2152 445 sunt
2181 391 2232 444 in
2257 401 2418 446 terra.

1985 480 2084 554 [lb.
2109 498 2222 548 vni,
2253 481 2332 555 2.]
2371 483 2504 538 Ecce
2521 501 2612 555 ego
2658 486 2784 555 ferio
2810 502 2980 540 omnes
3007 478 3132 555 ﬁnes
3158 495 3266 544 tuos
3295 493 3436 546 ranis
3466 509 3486 548 :

1912 577 1991 631 sic
2005 577 2144 630 enim
2165 578 2323 632 habet
2335 592 2541 645 grarcus
2557 578 2945 648 elegantissima
2965 580 3250 647 locutione,
3275 591 3332 636 ut
3348 598 3491 639 rana:

1914 667 2064 736 ipsat,
2094 668 2242 737 plaga
2269 667 2609 736 intelligatur,
2637 683 2740 738 qua
2767 670 2950 723 feritur
2977 680 3115 728 terra
3142 669 3382 742 Egypti.

1989 757 2088 831 [lb.
2111 760 2163 823 5,
2193 757 2270 830 4.]
2311 758 2377 812 Et
2420 759 2660 813 eructabit
2682 762 2872 830 ﬂumen
2898 777 3070 827 ranas,
3096 771 3142 815 et
3171 763 3494 819 ascendentes

1913 848 2172 902 intrabunt
2199 849 2250 902 in
2277 848 2450 902 domos
2475 859 2587 904 tuas
2609 859 2656 904 et
2680 851 2734 902 in
2774 852 3122 920 promptuaria
3148 852 3490 908 cubiculorunt

1915 949 2112 994 tuorum
2136 956 2286 1009 super
2306 939 2455 994 lectos
2481 950 2610 1005 tuos,
2642 951 2688 994 et
2713 940 2764 994 in
2793 941 2968 996 domos
2990 959 3245 996 servorum
3269 953 3489 1010 tuorum,

1915 1042 1963 1086 et
1991 1033 2166 1103 populi
2193 1033 2284 1100 tui,
2330 1042 2373 1086 et
2407 1034 2458 1086 in
2487 1034 2764 1102 conspersis
2803 1036 2922 1102 tuis,
2952 1045 2999 1089 et
3025 1037 3079 1088 in
3114 1036 3324 1091 clibanis
3351 1038 3491 1105 tuis;

1915 1133 1962 1178 et
1986 1141 2136 1194 super
2161 1134 2207 1178 te
2232 1133 2280 1179 et
2302 1141 2452 1194 super
2477 1124 2720 1196 populant
2760 1136 2900 1180 tuum
2924 1137 2972 1182 et
2995 1145 3146 1199 super
3188 1146 3353 1185 servos
3383 1141 3495 1187 tuos

1915 1213 2182 1268 ascendent
2221 1230 2379 1268 rauce.
2411 1214 2708 1270 Notandum
2738 1216 2878 1286 quod
2915 1218 2969 1271 in
2996 1221 3187 1284 domos,
3220 1230 3324 1274 etc.
3371 1237 3492 1277 cum

1915 1305 2153 1371 dixisset,
2187 1307 2547 1361 accusativum
2575 1323 2754 1362 casum
2785 1309 2948 1363 tenuit
2975 1325 2989 1374 ;
3022 1318 3067 1362 et
3106 1328 3257 1380 super
3300 1312 3452 1367 lectos
3476 1355 3491 1379 ,

1916 1406 2042 1462 etc.,
2069 1397 2160 1452 ubi
2186 1397 2342 1465 dixit,
2374 1415 2542 1470 super,
2577 1400 2932 1454 accusativum
2962 1401 3204 1457 similiter
3227 1405 3492 1470 servavit;

1914 1488 1967 1541 in
2014 1490 2292 1559 conspersis
2333 1500 2510 1545 autem
2557 1500 2611 1545 et
2656 1491 2709 1545 in
2751 1492 2958 1545 clibanis
3002 1493 3068 1547 ad
3110 1494 3396 1550 ablativum
3436 1511 3494 1551 se

1916 1580 2225 1635 transtulit:
2257 1597 2378 1636 nam
2417 1590 2472 1636 et
2513 1597 2714 1652 grzecus
2758 1585 2980 1638 mutavit
3023 1588 3446 1654 praepositionem
3474 1629 3490 1652 ,

1916 1687 2072 1742 quam
2100 1688 2202 1727 non
2224 1682 2393 1728 mutat
2413 1674 2624 1729 latinus.
2651 1673 2743 1729 Ille
2766 1675 2906 1730 enim
2924 1675 3084 1731 habet
3105 1688 3168 1738 si;
3189 1687 3292 1740 τοὺς
3319 1689 3493 1746 οἴκους,

1915 1765 1968 1819 in
1997 1765 2212 1831 domos;
2241 1766 2294 1819 in
2332 1767 2611 1834 conspersis
2638 1776 2815 1823 autem
2841 1774 2886 1821 εν
2931 1785 3027 1829 τοῖς
3068 1777 3330 1841 φυράμασιν
3361 1790 3374 1826 :
3407 1772 3494 1828 ubi

1916 1855 2107 1909 mirum
2139 1855 2183 1909 si
2229 1870 2334 1910 non
2375 1856 2534 1912 etiam
2578 1870 2766 1911 sensus
2794 1865 2895 1924 est,
2946 1873 3051 1912 non
3081 1858 3296 1925 locutio,
3342 1869 3400 1915 ut
3439 1861 3494 1918 in

1915 1947 2382 2016 conspersionibus
2416 1956 2470 2002 et
2502 1947 2555 2001 in
2586 1948 2806 2004 clibanis
2831 1959 3041 2004 exortas
3079 1964 3236 2005 ranas
3278 1951 3494 2012 forsitan

1917 2038 2042 2093 velit
2063 2037 2301 2110 intelligi,
2331 2054 2437 2095 non
2455 2041 2792 2096 extrinsecus
2816 2042 3120 2098 ascendisse
3142 2043 3226 2098 vel
3252 2043 3490 2114 irruisse,

1915 2137 1970 2184 et
1983 2132 2104 2200 quia
2125 2147 2216 2188 eas
2236 2133 2451 2189 ﬂuvium
2466 2143 2826 2190 eructaturum
2848 2136 3106 2205 prazdicit,
3129 2136 3252 2192 inde
3272 2138 3492 2210 implere

1915 2235 2114 2275 Olllllla.

1988 2309 2088 2383 [lb.
2120 2311 2196 2383 6.]
2225 2313 2286 2366 Et
2315 2313 2534 2368 extendit
2556 2312 2726 2368 Aaron
2746 2331 2950 2369 manum
2968 2332 3119 2385 super
3143 2333 3299 2385 aquas
3323 2316 3492 2390 zEgyo

1918 2406 1990 2475 pti
2015 2415 2061 2460 et
2080 2407 2251 2460 eduxit
2274 2423 2446 2472 ranas,
2477 2417 2521 2461 et
2541 2409 2717 2462 educta
2740 2418 2810 2463 est
2835 2426 2962 2463 rana
2985 2418 3030 2463 et
3059 2411 3252 2480 operuit
3274 2421 3487 2464 terram:

1917 2495 2160 2565 repetitio
2189 2511 2220 2549 a
2249 2497 2436 2566 plurali
2481 2497 2545 2550 ad
2590 2498 2912 2567 singularem.
2955 2513 3234 2553 numerum
3279 2500 3493 2569 trajecta

1917 2600 2033 2651 est;
2061 2603 2182 2641 nam
2211 2588 2390 2658 utique
2415 2603 2562 2652 rana,
2591 2603 2686 2657 pro
2716 2588 3052 2644 multitudine
3075 2604 3320 2644 ranarum
3351 2591 3492 2659 posi-

1919 2686 2030 2732 tum
2067 2687 2184 2741 est;
2218 2678 2396 2732 nescio
2439 2693 2544 2746 quo
2570 2686 2744 2732 autem
2775 2678 2935 2733 modo
2960 2694 3056 2749 per
3086 2679 3334 2749 loquendi
3362 2695 3493 2735 con-

1917 2766 2250 2822 suetudinem
2300 2767 2514 2821 imbutis
2558 2767 2802 2821 sensibus
2847 2768 3139 2834 hominum,
3190 2783 3333 2838 sznpe
3375 2771 3492 2838 plus

1918 2859 2125 2914 videtur
2149 2858 2289 2929 quod
2316 2858 2670 2928 singulariter,
2702 2875 2858 2929 quam
2888 2859 3029 2930 quod
3066 2859 3333 2930 pluraliter
3359 2862 3493 2918 dici-

1919 2957 2005 3002 tur
2032 2966 2047 3003 :
2075 2964 2194 3002 nam
2222 2948 2340 3018 plus
2365 2949 2620 3017 accipitur
2647 2964 2766 3003 cum
2793 2949 3002 3014 dicitur,
3033 2950 3183 3005 verbi
3208 2966 3387 3014 causa,
3411 2960 3493 3008 est

1918 3038 2026 3093 illic
2062 3038 2244 3101 miles,
2281 3054 2438 3108 quam
2467 3047 2590 3092 sunt
2633 3039 2740 3093 illic
2767 3040 2999 3104 milites;
3044 3050 3127 3095 est
3155 3041 3264 3096 illic
3289 3043 3447 3110 piscis
3478 3084 3492 3109 ,

1917 3143 2075 3198 quam
2102 3137 2226 3182 sunt
2255 3128 2360 3181 illic
2386 3128 2578 3197 pisces.

1991 3217 2088 3291 [lb.
2123 3217 2234 3290 14.]
2258 3217 2326 3271 Et
2350 3219 2648 3288 colligebant
2667 3236 2750 3274 eas
2775 3236 2975 3275 acervos
2998 3236 3198 3276 acervos
3230 3237 3249 3275 :
3278 3221 3390 3277 haec
3411 3237 3493 3278 re-

1919 3312 2100 3380 petitio
2118 3311 2506 3366 multitudinem
2522 3327 2829 3367 acervorum
2846 3313 3126 3382 signiﬁcat,
3141 3325 3194 3369 et
3208 3315 3494 3384 Scripturis

1920 3413 2000 3459 est
2034 3403 2328 3458 familiaris.

1992 3492 2091 3565 [lb.
2125 3493 2235 3565 16.]
2275 3494 2426 3561 Quod
2457 3493 2652 3550 habent
2673 3495 2840 3558 latini,
2871 3495 3100 3551 Extende
3127 3512 3279 3548 manu
3306 3498 3494 3564 virgam

1921 3598 2076 3651 tuam,
2115 3597 2161 3642 et
2189 3597 2385 3657 percute
2435 3598 2607 3652 terra;
2639 3603 2765 3649 non,
2812 3597 3030 3656 percute
3075 3595 3268 3640 terram
3304 3605 3315 3639 :
3354 3603 3492 3655 grac-

1920 3694 2012 3733 cus
2039 3678 2195 3733 habet
2221 3695 2449 3748 aggerem
2471 3688 2632 3740 teme,
2660 3679 2704 3731 si
2738 3688 2909 3732 tamen
2935 3677 3035 3731 hoc
3052 3677 3214 3731 verbo
3241 3686 3383 3730 recte
3410 3677 3491 3730 in-

1921 3777 2239 3838 terpretatur
2277 3767 2416 3837 quod
2443 3767 2642 3829 dictum
2678 3777 2760 3822 est
2784 3777 2838 3822 τὸ
2867 3777 3007 3835 χῶμα
3031 3783 3113 3829 τῆς
3137 3783 3240 3833 γῆς.

1992 3856 2089 3929 [11).
2121 3856 2229 3928 18]
2251 3857 2498 3912 Fecerunt
2529 3869 2694 3911 autent
2721 3857 2951 3912 similiter
2977 3869 3026 3911 et
3054 3859 3388 3912 incantatores
3412 3875 3494 3913 ve-

1919 3950 2108 4018 neﬁciis
2151 3950 2270 4015 suis,
2323 3959 2376 4002 ut
2419 3950 2679 4003 educerent
2723 3949 2979 4019 cynipltes,
3026 3959 3073 4002 et
3114 3966 3214 4003 non
3245 3960 3473 4017 poterant

1918 4041 2217 4097 Notandum
2245 4050 2344 4105 est,
2374 4045 2594 4111 fecerunt
2622 4041 2818 4095 dictum
2865 4057 2959 4110 pro
2985 4056 3049 4095 eo
3092 4043 3232 4111 quod
3257 4051 3358 4106 est,
3405 4058 3495 4096 co-

1921 4134 2027 4187 nati
2055 4141 2177 4187 sunt
2216 4133 2407 4186 facere.
2455 4132 2586 4187 Nam
2629 4133 2806 4201 utique
2849 4133 2895 4186 si
2923 4132 3159 4187 fecerunt
3201 4132 3447 4187 similiter
3475 4175 3490 4199 ,

1919 4226 2103 4295 procul
2140 4226 2303 4281 dubio
2327 4226 2621 4280 eduxerunt
2648 4225 2903 4295 cyniphes
2929 4243 2941 4278 :
2971 4225 3064 4278 sed
3090 4225 3208 4294 quia
3235 4224 3490 4294 sequitur,

1919 4328 1975 4372 ut
1999 4299 2282 4384 educerent,
2314 4328 2359 4372 et
2386 4335 2483 4371 non
2511 4326 2736 4387 poterant
2757 4334 2777 4382 ;
2804 4332 2904 4370 non
2936 4333 3063 4386 ergo
3087 4316 3330 4371 similiter
3356 4317 3495 4370 fece-

1920 4420 2063 4475 runt,
2091 4410 2184 4464 sed
2224 4411 2467 4463 similiter
2495 4409 2662 4462 facere
2692 4410 2863 4461 conati
2894 4419 3035 4462 sunt.
3071 4411 3174 4462 Ant
3199 4410 3242 4462 si
3282 4411 3413 4463 forte
3441 4419 3494 4464 et

1920 4502 2022 4572 ipsi
2047 4502 2286 4571 quamvis
2324 4499 2591 4555 veneﬁciis
2623 4508 2862 4568 agerent,
2889 4499 3074 4554 eadem
3105 4510 3279 4554 tamen
3308 4501 3494 4568 agendi

1920 4591 2097 4662 specie
2141 4592 2340 4660 virgam
2370 4590 2742 4655 extendebant,
2787 4591 2925 4660 quod
2954 4591 3223 4660 Scriptura
3267 4607 3374 4646 non
3404 4609 3496 4648 ex-

1920 4683 2132 4752 pressit,
2164 4681 2228 4736 ad
2256 4682 2357 4736 hoc
2384 4681 2719 4736 referendum
2746 4692 2847 4747 est,
2880 4685 3102 4753 fecerunt
3129 4683 3378 4737 similiter.

1992 4773 2090 4846 [lb.
2112 4772 2201 4839 21,
2229 4771 2343 4844 22]
2369 4773 2432 4826 Et
2448 4774 2500 4826 in
2520 4783 2704 4826 terram
2722 4789 3038 4844 superquam
3059 4783 3174 4828 sunt
3195 4791 3343 4843 super
3362 4791 3492 4827 eam.

1921 4866 1988 4919 Et
2016 4866 2286 4936 gloriosam
2323 4864 2508 4934 faciam
2537 4864 2589 4916 in
2616 4863 2698 4918 die
2736 4863 2830 4917 illa
2858 4874 3042 4917 terram
3072 4863 3272 4929 Gessen,
3317 4865 3370 4914 in
3399 4879 3496 4930 qua

1922 4961 2137 5030 populus
2162 4977 2299 5014 meus
2322 4961 2449 5014 inest
2475 4976 2624 5028 super
2649 4976 2780 5014 eam.

1992 5050 2087 5122 [lb.
2119 5049 2234 5122 29.]
2276 5049 2342 5103 Et
2379 5051 2506 5104 dixit
2531 5049 2752 5121 Moyses,
2784 5049 2896 5121 Ego
2922 5066 3095 5104 exeam
3119 5058 3240 5114 ate,
3271 5055 3315 5100 et
3343 5047 3495 5100 orabo

1921 5143 1988 5195 ad
2010 5141 2191 5208 Deum,
2220 5151 2266 5194 et
2284 5141 2433 5195 exibit
2453 5142 2717 5212 cynomyia
2744 5157 2776 5193 a
2797 5140 3068 5193 Pharaone
3080 5147 3126 5192 et
3146 5156 3175 5220 ᾳ
3194 5139 3345 5192 servis
3367 5137 3500 5206 ejus:

1920 5235 2073 5306 quasi
2102 5235 2254 5289 alteri
2281 5233 2481 5289 diceret
2505 5241 2559 5288 et
2587 5249 2760 5287 exeam
2783 5249 2815 5285 a
2847 5241 2912 5299 te,
2940 5239 2993 5286 et
3016 5230 3083 5285 de
3107 5230 3277 5284 altero
3299 5229 3497 5284 Phara-

1922 5341 2030 5381 one
2049 5325 2459 5395 subsequeretur
2480 5339 2510 5377 a
2539 5338 2646 5394 quo
2671 5331 2813 5378 esset
2835 5322 3039 5377 exitura
3068 5321 3369 5392 cynomyia.

1995 5418 2093 5492 [lb.
2121 5434 2198 5484 ιι,
2251 5416 2327 5489 1.]
2368 5417 2574 5471 Dimitte
2616 5415 2861 5486 populum
2915 5430 3080 5467 meum
3119 5421 3174 5466 ut
3222 5414 3346 5467 mihi
3389 5431 3490 5468 ser-

1923 5512 2080 5566 ciant.

1993 5601 2093 5674 [lb.
2118 5603 2204 5672 18,
2231 5599 2346 5672 24.]
2387 5598 2516 5654 Ecce
2539 5614 2628 5671 ego
2653 5597 2825 5670 pluunt
2864 5599 2993 5656 hanc
3018 5599 3195 5659 horam
3226 5598 3496 5655 crastinam
