3902 6298
377 262 472 335 tu

378 390 483 463 jam
525 388 595 445 ad
635 384 889 460 populum
938 384 1113 453 ipsum
1158 388 1351 434 cratera
1400 376 1648 435 dicuntur
1697 373 1847 443 quasi
1892 369 1960 425 ad

379 483 630 555 Moysen,
665 481 727 535 Si
768 476 943 532 emeris
986 489 1183 529 servum
1211 469 1502 525 Hebrteum.
1533 467 1649 523 Non
1674 466 1819 521 enim
1859 464 1963 519 hoc

380 573 545 644 Moysi
584 571 783 626 dictum
816 577 927 633 est,
956 565 1051 623 sed
1074 562 1217 635 quod
1246 561 1441 634 populo
1466 560 1709 625 diceret,
1756 566 1961 612 tantum

381 666 479 737 ipsi
510 663 705 735 populo
725 660 957 717 dicebat.
1312 672 1325 684 ο

451 756 549 830 [11).
573 770 693 820 xxx,
714 751 791 825 6.]
814 750 1090 806 Pertundet
1106 750 1149 804 ei
1166 746 1413 802 Dominus
1431 744 1712 799 auriculam
1731 743 1793 796 de
1811 741 1964 796 subu-

383 851 455 915 la,
483 858 529 902 et
559 848 734 903 serviet
759 848 805 901 ei
831 847 886 899 in
912 844 1289 914 smpiternam,
1322 840 1403 894 vel
1429 840 1482 892 in
1506 848 1748 893 teternum
1773 851 1791 889 :
1821 832 1961 904 quod

386 954 589 1013 grmcus
611 938 791 1003 habet,
817 946 883 998 si;
898 947 975 991 τὸν
993 946 1162 989 «tam.
1188 934 1324 989 Ecce
1347 928 1794 1001 quemadmodum
1816 926 1963 983 Scri-

381 1044 536 1104 ptura
568 1031 748 1086 multis
774 1030 905 1085 locis
952 1028 1081 1083 dicit
1117 1025 1408 1081 secundum
1454 1023 1555 1077 hoc
1581 1022 1801 1077 verbum
1831 1034 1966 1090 grte-

381 1142 502 1182 cum
529 1168 544 1193 ,
571 1114 961 1195 sempiternum,
996 1120 1077 1175 vel
1104 1128 1363 1174 internum.
1399 1115 1495 1171 Ubi
1523 1130 1628 1170 non
1659 1112 1966 1183 intelligitur

380 1218 651 1274 aeternitas
680 1216 765 1271 illa
785 1255 801 1281 ,
834 1212 1124 1269 secundum
1147 1225 1305 1281 quam
1335 1208 1489 1263 nobis
1518 1216 1716 1261 aeterna
1745 1202 1966 1275 promit-

381 1319 589 1373 tuntur,
622 1308 704 1362 vel
731 1305 1023 1361 secundum
1064 1317 1221 1372 quam
1261 1316 1292 1354 a
1320 1298 1591 1355 contrario
1614 1298 1737 1367 igne
1764 1304 1966 1349 :etcrno

379 1400 507 1457 mali
534 1398 907 1454 cremabantur
934 1412 948 1449 :
981 1408 1153 1463 neque
1173 1392 1313 1447 enim
1345 1404 1531 1444 servus
1550 1389 1651 1443 iste
1674 1387 1764 1457 qui
1788 1386 1967 1440 vivere

380 1491 435 1546 in
462 1502 717 1544 aeternum
745 1502 850 1540 non
890 1493 1100 1555 posset,
1129 1490 1311 1553 posset
1338 1479 1538 1535 servire
1585 1478 1637 1532 in
1667 1486 1963 1542 aeternum;

379 1580 477 1638 sed
503 1578 811 1648 intelligitur
835 1586 1077 1631 reternum
1106 1572 1306 1627 dictum
1331 1611 1347 1636 ,
1373 1570 1527 1639 cujus
1553 1568 1805 1639 temporis
1846 1566 1968 1621 ﬁnis

380 1687 491 1729 non
510 1680 626 1734 est;
658 1677 749 1722 aut
770 1678 914 1722 certe
936 1662 1135 1735 aliquid
1165 1664 1267 1718 hoc
1288 1670 1623 1717 sacramento
1643 1658 1970 1730 signiﬁcatur

382 1771 664 1817 aeternum.

454 1849 554 1924 [lb.
581 1846 690 1922 15.]
735 1846 882 1902 Dabo
902 1847 990 1901 tibi
1020 1846 1208 1912 locum,
1235 1844 1289 1897 in
1317 1858 1463 1913 quem
1491 1840 1653 1913 fugiat
1687 1840 1756 1895 ibi
1781 1841 1867 1911 qui
1886 1856 1969 1895 oc-

381 1941 575 1996 ciderit.

455 2032 553 2105 [lb.
571 2029 687 2103 20.]
707 2030 768 2086 Si
792 2030 901 2100 quis
925 2026 1220 2099 percusserit
1246 2040 1442 2080 servum
1460 2039 1607 2078 suum
1626 2030 1711 2076 aut
1732 2021 1970 2075 ancillam

382 2139 528 2178 suam
548 2123 599 2175 in
628 2122 770 2192 virga
794 2136 812 2174 :
837 2117 977 2189 quod
1005 2127 1111 2182 est,
1143 2116 1209 2171 de
1234 2116 1400 2186 virga.

461 2212 560 2287 [lb.
588 2210 704 2284 28.]
735 2208 1012 2281 Lapidibus
1040 2206 1347 2278 lapidabitur
1386 2214 1561 2260 taurus
1584 2221 1603 2259 :
1627 2204 1776 2276 quasi
1805 2204 1973 2274 possit

385 2304 609 2376 lapidari
636 2304 734 2358 nisi
778 2299 1061 2373 lapidibus.
1094 2299 1281 2354 Diﬁ'ert
1308 2297 1504 2368 aliquid
1542 2298 1641 2353 ista
1681 2298 1876 2352 locutio
1904 2298 1971 2352 ab

385 2395 474 2450 illa
516 2409 616 2465 qua
647 2392 851 2448 diceret
874 2406 1023 2446 more
1052 2389 1443 2460 Scripturarum
1466 2428 1481 2453 ,
1513 2387 1821 2458 lapidatione
1840 2387 1972 2458 lapi-

384 2487 605 2550 dabitur.
635 2485 727 2541 sed
752 2495 926 2539 tamen
958 2483 1146 2538 similis
1172 2491 1273 2537 est.

459 2576 558 2651 [lb.
583 2574 697 2650 29.]
730 2577 789 2631 Si
810 2585 976 2629 autem
997 2584 1173 2628 taurus
1203 2580 1479 2640 cornupeta
1507 2579 1615 2626 erat
1639 2578 1755 2623 ante
1776 2568 1967 2623 hester-

385 2686 505 2724 nam
532 2678 577 2723 et
604 2666 1056 2722 nudiustertianam
1081 2680 1100 2719 :
1122 2678 1217 2734 pro
1243 2672 1484 2733 tempore
1504 2661 1773 2731 praeterito
1794 2659 1973 2731 posuit

384 2769 591 2831 partem
620 2774 718 2830 pro
744 2766 884 2825 toto,
912 2765 1400 2827 quantumcumque
1424 2750 1553 2806 illud
1573 2750 1791 2816 fuisset,
1821 2764 1972 2805 more

385 2850 796 2921 Scripturarum.

461 2942 562 3013 [lb.
587 2939 699 3011 55.]
719 2939 779 2994 Si
816 2938 927 3010 quis
946 2948 1114 2991 autem
1134 2936 1385 3007 aperuerit
1410 2935 1608 2999 lacum,
1629 2943 1717 2986 aut
1736 2932 1973 2986 exciderit

386 3034 589 3096 lacum,
625 3041 670 3084 et
701 3048 803 3084 non
828 3029 1079 3099 aperuerit
1110 3044 1222 3081 eum
1243 3070 1258 3094 ,
1288 3036 1332 3082 et
1370 3026 1602 3080 ceciderit
1639 3025 1761 3079 illuc
1788 3024 1973 3080 vitulus

386 3134 474 3179 aut
493 3126 695 3188 asinus,
720 3122 952 3175 dominus
980 3121 1079 3174 laci
1096 3120 1288 3173 reddet.
1319 3118 1384 3173 Et
1405 3118 1520 3172 hmc
1544 3117 1743 3171 locutio
1768 3132 1797 3170 a
1823 3124 1975 3186 parte

390 3223 558 3271 totum
604 3210 944 3281 intelligenda
973 3219 1092 3265 est:
1125 3225 1231 3265 non
1260 3208 1403 3265 enim
1446 3207 1490 3262 si
1517 3222 1689 3276 equus
1724 3206 1977 3262 ceciderit

390 3305 445 3361 in
466 3305 634 3359 lacum
660 3312 753 3357 aut
778 3302 913 3369 ovis,
939 3302 1058 3358 ideo
1075 3316 1180 3357 non
1208 3300 1426 3367 reddet,
1454 3299 1576 3370 quia
1598 3298 1699 3354 hoc
1722 3298 1975 3369 scriptum

388 3414 495 3454 non
520 3406 623 3452 85L

460 3490 559 3565 [lb.
579 3486 693 3563 54.]
727 3488 878 3556 Quod
895 3497 1061 3543 autem
1086 3495 1341 3543 mortuum
1363 3485 1539 3556 fuerit,
1569 3484 1671 3555 ipsi
1696 3485 1825 3539 erit:
1854 3498 1972 3554 pro,

387 3584 554 3657 ipsius
580 3585 700 3639 erit.

462 3675 559 3751 [lb.
578 3692 711 3739 xxu,
732 3673 808 3748 5.]
824 3673 881 3731 Si
898 3684 1064 3729 autem
1079 3672 1454 3745 depaveritquis
1465 3687 1642 3743 agrum
1657 3679 1745 3725 aut
1757 3670 1974 3737 vineam,

390 3780 438 3825 et
465 3768 724 3824 admiserit
744 3785 896 3841 pecus
914 3784 1061 3824 suum
1083 3767 1351 3839 depascere
1373 3782 1552 3837 agrum
1575 3766 1768 3832 alium;
1790 3763 1844 3821 id
1872 3774 1974 3834 est,

604 3878 639 3914 ι.

388 3862 714 4025 ειιῖῐηῢιῖηὲϐ]
745 3949 804 4004 Si
848 3958 1013 4003 autem
1040 3949 1221 4019 pignus
1248 3949 1500 4018 acceperis
1525 3958 1707 4002 vestem
1736 3948 1974 4019 proximi,

390 4054 507 4098 ante
528 4042 651 4097 solis
678 4056 913 4096 occasum
936 4040 1114 4094 reddes
1138 4041 1181 4093 ei
1204 4057 1223 4093 :
1249 4053 1417 4110 genus
1445 4053 1542 4109 pro
1562 4040 1740 4109 specie
1768 4040 1973 4109 posuit;

392 4135 469 4190 sic
492 4134 631 4188 enim
670 4132 871 4188 dictum
909 4141 1023 4195 est,
1056 4144 1117 4183 ac
1144 4129 1188 4183 si
1209 4129 1277 4184 de
1320 4130 1465 4184 omni
1498 4138 1643 4185 veste
1673 4130 1860 4200 pignus
1879 4130 1976 4185 de-

392 4224 563 4289 derit,
594 4237 713 4278 cum
744 4222 811 4277 de
836 4222 928 4276 illo
957 4219 1258 4293 specialiter
1277 4234 1335 4274 se
1355 4219 1534 4274 dicere
1554 4234 1619 4274 ex
1648 4234 1978 4290 consequen-

389 4319 531 4375 tibus
557 4318 828 4388 Scriptura
858 4324 1109 4380 testetur,
1154 4314 1245 4384 qui
1274 4330 1377 4368 non
1408 4311 1568 4368 habet
1594 4312 1696 4368 nisi
1721 4327 1838 4368 eam
1884 4327 1979 4369 ve-

390 4420 527 4465 stem
554 4409 694 4463 unde
720 4423 777 4461 se
806 4418 962 4461 nocte
991 4406 1282 4474 cooperiat.

462 4498 562 4572 [lb.
585 4514 742 4564 χιιι),
763 4498 853 4562 20,
875 4495 991 4569 21.]
1015 4496 1142 4550 Ecce
1160 4511 1250 4566 ego
1267 4494 1405 4549 mitto
1422 4494 1653 4565 angelum
1677 4492 1977 4565 meumzante

389 4590 570 4659 [aciem
599 4597 756 4655 tuam,
787 4598 837 4641 ut
877 4597 1035 4642 servet
1058 4597 1103 4641 te
1129 4587 1181 4640 in
1209 4587 1309 4651 via,
1338 4595 1384 4639 et
1410 4585 1616 4639 inducat
1640 4592 1689 4640 te
1710 4585 1763 4639 in
1792 4594 1976 4639 terram

388 4697 542 4749 quam
569 4680 743 4751 paravi
772 4680 878 4733 tibi.
926 4679 1056 4733 Ante
1084 4687 1130 4733 te
1153 4678 1243 4731 ibit
1273 4678 1289 4709 ι
1307 4718 1323 4743 ,
1353 4684 1400 4730 et
1428 4676 1611 4730 exaudi
1632 4692 1768 4730 eum.
1801 4676 1974 4745 Ange-

388 4774 500 4829 lum
525 4786 677 4827 suum
702 4770 851 4840 jubet
890 4771 1031 4824 Deus
1062 4768 1298 4825 exaudiri
1335 4784 1365 4821 a
1394 4768 1623 4838 populo,
1654 4783 1763 4822 non
1793 4768 1974 4838 utique

389 4874 658 4938 petentem
683 4905 698 4931 ,
744 4864 836 4920 sed
858 4864 1157 4933 jubentem.

462 4959 562 5034 [lb.
581 4956 697 5031 28.]
727 4957 793 5011 Et
821 4957 1014 5011 mittam
1044 4973 1217 5025 vespas
1243 4964 1358 5009 ante
1382 4964 1427 5011 te
1446 4996 1460 5021 ,
1508 4964 1556 5011 et
1598 4956 1760 5026 ejiciet
1786 4955 1971 5010 Amor-

388 5054 553 5109 rltteos
577 5068 594 5106 :
615 5069 641 5105 a
668 5050 853 5122 plurali
874 5049 941 5105 ad
958 5049 1275 5121 singularem
1303 5064 1585 5104 numerum
1610 5064 1667 5105 se
1687 5050 1965 5105 convertit.

390 5146 707 5215 lntclligitur
754 5153 928 5200 autem
953 5186 967 5209 ,
1016 5143 1207 5213 Ejiciet
1236 5142 1575 5197 Amorrhzeos
1604 5158 1793 5213 vespa,
1835 5143 1971 5199 sicut

388 5254 518 5294 rana
540 5282 554 5307 ,
584 5240 720 5294 sicut
748 5240 951 5296 locusta
972 5279 988 5305 ,
1016 5254 1121 5294 non
1151 5238 1292 5310 quod
1317 5253 1419 5293 una
1448 5239 1550 5306 sit,
1582 5238 1675 5293 sed
1705 5238 1844 5309 quod
1876 5254 1969 5309 per

386 5334 710 5405 singularem
737 5334 961 5404 pluralis
991 5348 1242 5389 numerus
1268 5332 1612 5402 intelligatur.

466 5425 565 5500 [lb.
593 5424 710 5499 50.]
739 5424 840 5481 Per
866 5435 1031 5497 partes
1056 5426 1251 5499 ejiciam
1276 5423 1392 5480 illos
1417 5441 1448 5477 a
1476 5434 1539 5478 te.

452 5539 470 5571 ι
495 5544 645 5589 vetus
664 5538 820 5589 codex
842 5539 1150 5602 Corbciensis
1170 5541 1363 5602 optima:
1386 5544 1532 5600 notas,
1559 5541 1669 5589 ante
1706 5538 1774 5590 ibi
1801 5552 1818 5589 :
1843 5538 1968 5592 forte
2008 5526 2009 5531 “

383 5600 635 5675 laterem
655 5602 886 5675 tum
903 5599 1693 5675 1939?".Wb.‘k€i.-.NP“9W9
1711 5602 1837 5675 διιειᾴ
1858 5608 1967 5654 LXX

383 5659 614 5772 ligetur,
635 5659 863 5727 pros'ecltc
885 5659 1051 5714 sedata
1093 5659 1293 5715 Attende
1443 5670 1495 5717 tn
1516 5659 1971 5729 vulgata,'observa

1175 257 1614 321 LOCUTIONUM
1651 255 1708 314 S.
1748 253 2117 314 AUGUSTINI
2157 258 2225 316 IN
2262 260 2826 321 HEPTATEUCHUM

3552 264 3661 326 δη

2144 372 2239 447 [11).
2258 391 2407 442 xxm,
2422 376 2510 442 52,
2531 376 2643 449 55.]
2666 376 2783 431 Non
2799 377 3035 448 disponas
3055 378 3157 433 illis
3183 386 3229 433 et
3256 380 3353 435 diis
3375 396 3625 454 eorumpa
3641 411 3653 422 -
3710 406 3715 411 ο

2071 475 2240 533 clunt;
2260 478 2304 522 et
2334 485 2433 523 non
2466 471 2722 524 consident
2748 470 2799 524 in
2828 479 2961 524 terra
2988 480 3074 525 tua
3088 512 3109 536 7,
3143 488 3207 527 ne
3248 489 3454 543 peccare
3481 483 3526 529 te
3561 481 3648 546 fa-

2070 558 2206 611 ciant
2232 559 2301 611 ad
2324 576 2403 613 me
2430 576 2448 614 :
2477 576 2581 615 non
2608 560 2759 626 dixit,
2793 562 2845 615 in
2871 577 2977 627 me,
2998 560 3137 617 idem
3161 572 3337 618 tamen
3365 563 3648 635 signiﬁcat.

2144 650 2223 725 [In
2251 668 2414 721 xxiv,
2446 653 2524 727 5.]
2568 654 2847 725 Respondit
2888 664 3059 710 autem
3081 656 3243 709 omnis
3288 657 3509 727 populus
3536 644 3653 715 voce

2070 760 2173 798 una
2192 785 2206 810 ,
2236 745 2474 800 dicentes.

2144 834 2243 908 [lb.
2262 834 2375 907 10.]
2394 834 2458 890 Et
2487 837 2711 891 viderunt
2729 838 2894 891 locum
2907 837 2992 891 ubi
3010 845 3209 892 steterat
3224 837 3293 891 ibi
3313 837 3449 893 Deus
3461 837 3623 895 Israel
3640 853 3659 901 ἶ

2070 928 2157 981 ubi
2184 937 2418 994 steterat,
2452 938 2630 999 posset
2660 929 2944 998 sufﬁcere,
2993 930 3088 986 sed
3122 928 3384 987 hebraica:
3406 930 3657 988 dicuntur

2071 1019 2186 1075 istae
2224 1021 2538 1075 locutiones.

2144 1110 2241 1183 [lb.
2264 1127 2394 1177 xxv,
2429 1110 2539 1183 152]
2570 1110 2634 1165 Et
2666 1113 2923 1166 inaurabis
2937 1111 3031 1166 illa
3050 1128 3178 1167 auro
3207 1128 3225 1167 :
3254 1113 3442 1169 similis
3467 1122 3549 1169 est
3572 1115 3651 1169 lo-

2071 1202 2215 1256 cutio
2236 1244 2251 1267 ,
2286 1203 2548 1272 lapidibus
2579 1203 2917 1274 lapidabitur.

2146 1292 2244 1365 [lb.
2265 1292 2382 1366 29.]
2412 1294 2628 1364 Cyathos
2654 1295 2707 1347 in
2734 1294 2912 1365 quibus
2932 1294 3263 1348 immorabunt
3286 1295 3339 1349 in
3365 1296 3456 1349 eis.

2146 1383 2243 1457 [lb.
2296 1401 2451 1453 xxvr,
2486 1383 2597 1457 19.]
2629 1384 2769 1438 Duas
2805 1385 2946 1440 bases
2981 1386 3228 1440 columnae
3266 1387 3355 1439 uni
3405 1388 3456 1440 in
3481 1388 3657 1442 ambas

2074 1486 2239 1547 partes
2262 1478 2398 1546 ejus,
2427 1485 2473 1529 et
2496 1476 2623 1530 duas
2660 1476 2800 1530 bases
2823 1477 3070 1531 columna:
3096 1478 3183 1530 uni
3210 1478 3260 1530 in
3286 1478 3460 1532 ambas
3485 1489 3657 1548 partes

2075 1569 2203 1638 ejus.
2255 1567 2333 1623 Ne
2358 1567 2423 1623 de
2448 1568 2697 1623 omnibus
2725 1568 2959 1633 diceret,
3002 1569 3069 1623 de
3094 1569 3298 1624 duabus
3338 1570 3466 1625 dicit
3504 1585 3659 1627 more

2074 1677 2173 1717 suo
2200 1662 2521 1732 geminando
2548 1679 2562 1717 :
2592 1661 2729 1715 sicut
2774 1671 2959 1732 puteos
3002 1670 3221 1733 puteos,
3261 1677 3479 1717 awrvos
3502 1678 3659 1719 acer-

2076 1767 2169 1806 vos
2189 1793 2204 1818 ,
2232 1753 2603 1821 generationes
2630 1762 2681 1806 et
2709 1753 3081 1822 generationes
3099 1793 3114 1818 ,
3144 1762 3199 1807 et
3232 1753 3445 1808 similia.

2148 1842 2246 1915 [lb.
2274 1842 2389 1914 29.]
2422 1842 2487 1895 Et
2518 1842 2775 1897 columnas
2822 1844 3079 1897 inaurabis
3126 1860 3250 1897 auro
3269 1885 3283 1909 ,
3329 1852 3375 1897 et
3404 1843 3662 1898 inaurabis

2074 1950 2213 1989 σεται
2246 1950 2389 1988 auro.

2147 2023 2247 2096 [lb.
2265 2041 2431 2091 xxv",
2449 2024 2526 2098 6.]
2562 2025 2622 2079 Et
2644 2026 2879 2080 inaarabis
2900 2042 2958 2080 ea
2977 2036 3247 2082 atramento
3272 2043 3290 2081 :
3319 2027 3437 2083 talis
3463 2028 3665 2084 locutio

2076 2124 2159 2173 est
2181 2157 2195 2180 ,
2227 2116 2495 2171 inaurabis
2525 2132 2675 2171 auro.
2972 2166 2975 2169 .

2150 2204 2244 2279 [lb.
2276 2204 2391 2279 21.]
2417 2206 2580 2262 Extra
2605 2209 2798 2277 velum,
2828 2210 2962 2279 quod
2987 2218 3059 2264 est
3094 2226 3244 2281 super
3270 2220 3625 2266 testamentum
3650 2230 3667 2267 :

2076 2298 2145 2355 de
2173 2299 2385 2354 lucerna
2436 2300 2775 2355 accendenda
2818 2316 2938 2355 cum
2968 2300 3198 2369 diceret,
3228 2303 3328 2356 hoc
3362 2302 3469 2367 ait,
3500 2303 3553 2357 id
3587 2315 3671 2359 est

2077 2392 2218 2463 quod
2261 2392 2392 2448 foris
2419 2393 2803 2448 accenderetur
2840 2393 2928 2448 ubi
2961 2401 3042 2448 est
3070 2403 3308 2448 sanctum
3332 2438 3346 2459 ,
3389 2411 3495 2449 non
3526 2396 3671 2450 intra

2076 2484 2319 2539 velamen
2348 2484 2489 2555 quod
2518 2492 2600 2539 est
2626 2500 2785 2553 super
2817 2492 3189 2540 testamentum
3212 2527 3227 2551 ,
3263 2486 3363 2540 hoc
3405 2496 3487 2541 est
3525 2486 3670 2542 San-

2078 2585 2221 2630 etum
2253 2584 2580 2630 sanctorum.
2615 2576 2756 2646 Ergo
2780 2593 2932 2646 super
2961 2591 3064 2630 non
3092 2576 3170 2630 sic
3188 2577 3280 2643 ait,
3314 2586 3561 2648 tanquam
3590 2588 3675 2633 est

2079 2676 2273 2722 tectum
2292 2708 2307 2733 ,
2341 2668 2423 2723 vel
2457 2682 2689 2733 camera,
2718 2666 2800 2721 vel
2828 2666 3217 2721 ﬁrmamentum
3240 2667 3361 2722 cmli
3382 2710 3396 2734 ,
3429 2668 3510 2723 vel
3528 2683 3673 2724 arca:

2078 2758 2488 2827 cooperculum;
2545 2756 2638 2812 sed
2666 2757 2825 2811 etiam
2875 2757 3016 2828 quod
3058 2759 3175 2813 vice
3206 2758 3422 2829 parietis
3450 2760 3674 2830 opposi-

2080 2859 2191 2904 tum
2241 2857 2417 2916 esset,
2470 2865 2621 2918 super
2667 2848 2845 2903 dixit:
2880 2850 3014 2903 sicut
3059 2849 3285 2905 dicimus
3333 2851 3669 2921 superiorem

2080 2939 2416 2995 discumbere
2445 2949 2537 2994 aut
2563 2949 2738 3007 stare,
2769 2955 2874 2994 non
2912 2941 3091 3011 utique
3122 2941 3345 2995 alterum
3376 2943 3574 3011 portari
3607 2945 3676 2999 ab

2080 3030 2269 3084 altero.

2080 3134 2085 3157 ι
2153 3120 2252 3194 [11).
2270 3120 2386 3193 21.]
2410 3121 2707 3193 Legitimum
2731 3122 3083 3194 sempiternum
3104 3124 3155 3176 in
3178 3124 3438 3196 progenies
3452 3135 3676 3181 vestras:

2081 3227 2146 3266 eo
2183 3213 2341 3267 modo
2366 3216 2750 3282 sempiternum
2776 3255 2789 3277 ,
2818 3229 2923 3283 quo
2952 3214 3114 3268 multa
3143 3217 3388 3286 superius
3414 3216 3673 3275 diximus.

2155 3302 2254 3376 [lb.
2278 3319 2471 3370 xxvm,
2491 3303 2561 3357 22
2588 3302 2710 3376 (0).]
2749 3303 2810 3357 Et
2832 3314 2993 3358 sumet
3016 3305 3183 3359 Aaron
3206 3308 3411 3361 nomina
3446 3309 3677 3377 ﬁliorum

2081 3395 2247 3451 Israel
2296 3414 2445 3465 super
2490 3398 2739 3450 rationale
2766 3398 2952 3465 judicii
2998 3415 3149 3468 super
3184 3410 3352 3470 pectus
3399 3400 3678 3456 introeunti

2082 3496 2310 3541 sanctum
2340 3488 2378 3540 ⁸.
2413 3486 2759 3557 Consequens
2800 3497 2915 3542 erat
2961 3498 3018 3543 ut
3060 3490 3294 3554 diceret,
3337 3491 3579 3548 introiens
3624 3497 3677 3549 in

2082 3586 2347 3641 sanctum,
2381 3578 2481 3630 hoc
2512 3587 2593 3631 est
2620 3587 2793 3631 sumet
2822 3579 2999 3632 Aaron
3030 3580 3307 3645 introiens,
3339 3581 3479 3652 quod
3502 3583 3675 3656 aliqui

2084 3668 2270 3735 latini,
2319 3668 2679 3721 solmcismnm
2707 3668 2969 3733 vitantes,
3004 3669 3330 3739 interpretati
3378 3680 3517 3727 sunt.
3558 3673 3674 3731 Sed

2083 3762 2204 3829 quia
2230 3770 2284 3815 et
2313 3776 2518 3829 graecus
2549 3761 2823 3814 introeunti
2853 3760 3096 3826 liabet,et
3122 3762 3266 3817 latini
3290 3763 3449 3834 aliqui
3475 3780 3676 3821 conso-

2084 3860 2245 3919 nant,
2295 3850 2615 3907 locutionem
2674 3852 2846 3921 potius
2894 3852 3180 3907 notandam
3229 3853 3459 3921 credidi,
3505 3872 3674 3927 quam

2082 3943 2472 4014 corrigendum.
2988 3988 2992 3993 ,

2155 4035 2255 4107 [11).
2286 4036 2356 4089 24
2382 4033 2501 4107 (b).]
2534 4034 2601 4089 Et
2626 4050 2781 4106 pones
2800 4052 2952 4106 super
2980 4036 3227 4090 rationale
3237 4036 3423 4109 judicii
3440 4039 3672 4107 ﬁmbrias

2080 4138 2330 4184 catenata.
2352 4129 2415 4182 Et
2444 4129 2530 4182 hic
2558 4127 2706 4182 latini
2734 4128 2975 4182 nonnulli
3002 4127 3363 4183 solmcismum
3390 4139 3668 4197 caventes,

2083 4223 2311 4292 ﬁmbrias
2345 4230 2599 4276 catenatas
2620 4264 2633 4287 ,
2682 4221 3015 4291 interpretati
3062 4231 3215 4288 sunt;
3244 4238 3448 4294 graecus
3483 4234 3668 4282 autem

2083 4312 2264 4379 habet,
2285 4320 2391 4373 τοὺς
2418 4318 2649 4383 κρωσσοὺς
2667 4315 2728 4366 τά
2741 4316 3028 4367 ἀλυσιδωτά.
3050 4311 3197 4367 Hanc
3222 4313 3455 4368 solemus
3483 4315 3670 4373 dicere

2080 4405 2382 4460 absolutam
2404 4405 2724 4459 locutionem
2752 4445 2766 4469 ,
2793 4418 2913 4459 cum
2935 4404 3115 4474 generi
3144 4404 3435 4460 masculino
3460 4408 3540 4461 vel
3579 4408 3666 4464 fe-

2080 4497 2284 4552 minino
2304 4505 2550 4552 neutrum
2572 4496 2820 4563 infertur;
2852 4496 3299 4567 quemadmodum
3324 4498 3369 4552 si
3395 4498 3662 4566 dicamus,

2080 4590 2307 4646 Justitia:
2334 4599 2561 4644 terrena:
2591 4605 2695 4643 non
2718 4571 2841 4644 sunt
2868 4589 3093 4644 stabilia.

2153 4681 2250 4757 [lb.
2284 4682 2397 4756 55.]
2429 4682 2493 4736 Et
2533 4681 2705 4736 Aaron
2750 4699 2864 4736 cum
2916 4682 3117 4754 cmperit
3157 4682 3296 4752 fungi
3339 4683 3618 4738 sacerdotio
3646 4728 3659 4749 ,

2079 4777 2313 4831 audietur
2340 4793 2436 4831 vox
2463 4777 2569 4847 ejus
2594 4775 2802 4830 intranti
2838 4775 2889 4828 in
2924 4786 3151 4829 sanctum
3183 4775 3235 4827 in
3260 4785 3526 4846 conspectu
3554 4776 3663 4830 Do-

2078 4870 2227 4935 mini,
2271 4879 2315 4922 et
2341 4868 2561 4923 exeunti.
2592 4868 2785 4923 Vocem
2829 4867 2945 4937 ejus
2986 4882 3048 4921 ex
3088 4867 3451 4922 tintinnabulis
3487 4867 3657 4933 dixit,

2077 4962 2164 5033 qui
2211 4962 2378 5031 magis
2419 4974 2584 5013 sonus
2612 4966 2693 5013 est
2721 4958 2853 5025 ejus.
2884 4956 3106 5012 Intranti
3134 4966 3179 5012 et
3208 4958 3426 5025 exeunti,
3455 4974 3551 5029 pro
3579 4964 3661 5015 in-

2076 5052 2267 5108 trantis
2296 5059 2349 5106 et
2374 5051 2636 5117 exeuntis,
2670 5050 2844 5120 posuit
2872 5049 3102 5104 dativum
3130 5064 3227 5121 pro
3250 5050 3499 5120 genitivo.

2148 5145 2248 5219 [lb.
2267 5159 2414 5209 xxix,
2434 5140 2545 5214 15.]
2572 5141 2635 5196 Et
2656 5142 2781 5195 duos
2798 5158 2938 5196 renes
2958 5153 3003 5197 et
3024 5142 3223 5211 adipem
3247 5159 3360 5216 qua:
3384 5158 3531 5213 super
3550 5159 3653 5197 σοι·

2074 5236 2410 5301 subauditur,
2433 5242 2533 5300 est,
2559 5232 2702 5305 quod
2724 5234 2961 5287 nonnulli
2985 5234 3299 5305 interpretes
3318 5233 3649 5291 addiderunt.

2148 5327 2246 5402 [lb.
2273 5323 2391 5399 26.]
2425 5324 2490 5379 Et
2519 5323 2774 5395 separabis
2802 5323 2935 5378 illud
2962 5326 3297 5395 separatione.

2140 5418 2244 5486 [11).
2274 5432 2406 5484 xxx,
2437 5413 2514 5489 8.]
2557 5413 2623 5469 Et
2659 5432 2773 5469 cum
2793 5416 3026 5470 accendet
3053 5414 3224 5472 Aaron
3255 5418 3483 5473 lucernas
3502 5460 3515 5483 ,
3543 5436 3649 5473 sera

2138 5540 2155 5570 ί
2181 5537 2251 5586 Sic
2273 5532 2488 5583 melioris
2510 5536 2637 5580 nota:
2658 5535 2767 5578 Mss.
2790 5534 2845 5579 At
2867 5532 3053 5593 excusi,
3076 5530 3331 5585 introeunti
3359 5531 3410 5585 in
3430 5538 3649 5590 sulcata.

2072 5601 2218 5657 rium,
2243 5596 2437 5657 hocgest,
2464 5599 2557 5643 etc.

2157 5652 2216 5722 a)'
2230 5656 2362 5722 Apud
2382 5662 2508 5704 Lxx.
2533 5661 2584 5703 tn
2607 5652 2809 5722 vulgata
2830 5668 2879 5705 v.
2902 5654 2979 5722 ξιξ.

2135 5662 2209 5787 [αέ
2230 5662 2360 5722 Apud
2382 5662 2508 5704 Lxx.
2533 5662 2584 5703 tn
2607 5662 2809 5715 vulgata
2830 5668 2879 5705 v.
2902 5662 2979 5704 ut.

2160 5722 2187 5774 b
2235 5717 2365 5784 Apud
2386 5722 2514 5767 LXX.
2539 5722 2591 5766 tu
2611 5714 2813 5780 Vulgata
2833 5729 2882 5768 v.
2904 5716 2984 5769 50.
