3902 6308
305 232 422 297 513

302 352 547 411 incendet
570 365 723 421 super
752 344 883 402 illud
911 362 931 401 :
960 359 1070 399 sero
1099 340 1231 398 dixit
1260 352 1358 411 pro
1399 349 1627 407 vespere
1650 374 1665 399 ,
1698 342 1753 387 et
1780 330 1902 386 ideo

306 443 548 501 notanda
574 441 774 498 locutio
799 448 912 505 est;
958 442 1040 506 aut
1068 434 1264 506 quippe
1292 442 1505 503 graecus
1541 426 1719 482 habet.
1770 424 1906 479 Sero

305 544 491 593 autem
520 532 735 605 proprie
758 544 865 586 non
891 528 1034 584 solet
1063 526 1191 593 dici,
1225 523 1325 579 nisi
1351 536 1472 577 cum
1497 529 1707 589 tempus
1735 526 1906 572 trans-

307 629 439 685 ierit
459 642 565 697 quo
584 625 697 681 ﬁeri
718 620 903 678 debuit
921 661 937 687 ,
966 617 1110 690 quod
1137 631 1260 673 sero
1282 615 1477 671 dicitur
1506 611 1724 667 factum.

389 718 489 793 [lb.
504 713 745 782 xxx,12,
765 710 879 784 13.]
902 711 963 767 Si
977 708 1228 780 acceperis
1248 704 1668 777 computationem
1682 699 1907 793 ﬁliorum

308 791 484 867 Israel
506 809 560 863 in
585 805 869 861 visitatione
888 818 1063 857 eorum
1082 841 1096 866 ,
1123 808 1171 855 et
1186 798 1372 852 dabunt
1392 794 1579 866 singuli
1605 791 1908 861 redemptio-

309 920 431 957 nem
448 900 635 955 animw
652 912 761 953 sua:
778 894 1020 960 Domino,
1047 901 1093 947 et
1119 908 1221 945 non
1250 889 1344 945 erit
1372 889 1425 941 in
1452 887 1521 940 eis
1542 885 1689 939 ruina
1708 883 1761 937 in
1791 881 1907 935 visi-

309 996 505 1049 tatione
526 1007 697 1047 eorum
718 1031 733 1056 ,
783 996 828 1043 et
855 987 949 1041 Itoc
968 996 1039 1040 est
1058 983 1193 1056 quod
1212 982 1401 1037 dabunt
1428 980 1534 1034 tibi.
1574 976 1780 1034 Pendet
1808 977 1908 1030 ista

309 1085 517 1141 locutio
539 1127 555 1151 ,
600 1082 720 1154 quia
752 1078 1062 1150 interposita
1110 1088 1194 1132 est
1238 1073 1545 1146 conjunctio
1573 1068 1866 1142 copulativa
1888 1108 1905 1134 ,

311 1195 437 1250 quae
462 1178 509 1233 si
535 1192 643 1233 non
668 1177 1133 1245 interponeretur,
1160 1184 1265 1225 non
1288 1167 1565 1240 penderet.
1595 1164 1788 1219 Tribus
1816 1176 1911 1216 au-

317 1283 431 1326 tem
468 1270 601 1325 locis
626 1277 708 1323 est
734 1267 903 1337 posita
933 1279 1158 1337 quorum
1185 1261 1461 1317 undelibet
1487 1258 1723 1312 detracta
1748 1298 1763 1322 ,
1793 1254 1908 1324 ple-

317 1379 447 1417 nam
474 1362 599 1417 facit
627 1374 747 1416 esse
771 1358 1110 1414 sententiam.
1141 1353 1347 1408 Rursus
1384 1350 1472 1405 ubi
1494 1348 1692 1403 dictum
1722 1356 1823 1409 est,
1848 1344 1913 1399 Si

320 1454 578 1525 acceperis
616 1450 1039 1521 computationem
1076 1447 1299 1515 ﬁliorum
1341 1441 1509 1497 Israel
1543 1441 1595 1495 in
1632 1438 1913 1493 visitatione

316 1560 517 1609 eorum,
546 1553 592 1597 et
627 1542 815 1595 dabunt
842 1538 1029 1610 singuli
1057 1536 1451 1606 redemptionem
1477 1534 1662 1587 anima:
1685 1546 1788 1585 sua:
1814 1529 1911 1582 Do-

314 1636 454 1689 mino
474 1650 490 1687 :
511 1634 555 1689 si
576 1633 716 1689 enim
735 1647 838 1687 non
861 1629 1102 1694 dixisset,
1127 1636 1173 1681 et
1194 1626 1407 1691 dabunt,
1426 1624 1520 1680 sed
1545 1620 1910 1678 tantummodo

323 1726 573 1791 dixisset,
601 1722 809 1786 dabunt,
842 1721 1090 1776 ﬁniretur
1111 1721 1375 1775 sententia
1392 1731 1491 1772 nec
1515 1715 1803 1786 penderet;
1838 1714 1910 1767 ita

320 1820 465 1873 enim
494 1817 795 1882 diceretur,
846 1813 908 1870 Si
935 1812 1185 1883 acceperis
1227 1810 1645 1881 computationem
1688 1807 1912 1874 ﬁliorum

318 1908 489 1964 Israel
513 1910 566 1962 in
596 1906 879 1962 visitatione
902 1920 1077 1960 eorum
1097 1946 1111 1967 ,
1144 1902 1334 1956 dabunt
1372 1897 1562 1970 singuli
1607 1897 1911 1967 redemptio-

316 2020 433 2057 nem
457 2003 642 2057 animle
680 2016 789 2056 sua:
814 1999 1051 2054 Domino.
1081 1997 1137 2055 Si
1182 2007 1359 2052 autem
1404 1996 1490 2050 hic
1533 1994 1747 2065 ponitur
1796 1991 1913 2046 haec

318 2092 666 2164 coniunctio,
697 2090 951 2147 deorsum
980 2088 1209 2144 tollenda
1240 2096 1353 2153 est,
1388 2094 1446 2141 ut
1480 2086 1551 2139 ita
1581 2084 1819 2148 dicatur,
1850 2081 1912 2137 Si

314 2183 569 2254 acceperis
614 2181 1043 2253 computationem
1092 2179 1317 2248 ﬁliorum
1361 2175 1526 2231 Israel
1550 2176 1604 2229 in
1634 2174 1913 2227 visitatione

322 2292 517 2341 eorum,
548 2285 595 2329 et
617 2275 809 2328 dabunt
833 2272 1020 2344 singuli
1048 2270 1440 2341 redemptionem
1470 2268 1652 2321 animle
1674 2281 1780 2320 sum
1804 2264 1909 2319 Do-

322 2369 460 2422 mino
476 2407 492 2431 ,
521 2376 567 2420 et
601 2383 702 2420 non
726 2366 819 2419 erit
843 2365 897 2419 in
929 2366 998 2418 eis
1023 2364 1173 2418 ruina
1196 2363 1248 2415 in
1271 2360 1551 2415 visitatione
1575 2375 1744 2412 eorum
1763 2398 1779 2423 ,
1818 2358 1912 2411 hoc

326 2469 398 2515 est
427 2459 566 2532 quod
592 2458 801 2512 dabunt.
828 2458 934 2512 Aut
978 2467 1123 2512 certe
1162 2455 1216 2509 in
1252 2452 1429 2508 medio
1456 2450 1543 2507 ubi
1575 2450 1770 2505 dictum
1798 2456 1908 2515 est,

320 2562 370 2606 et
396 2568 495 2605 non
537 2552 627 2605 erit
654 2550 709 2604 in
748 2550 820 2604 eis
866 2549 1049 2614 ruina,
1094 2546 1138 2600 si
1166 2545 1417 2600 detrahas
1443 2542 1907 2611 conjunctionem,

320 2659 428 2699 non
458 2641 715 2713 pendebit
742 2640 1005 2698 sententia
1040 2657 1053 2693 :
1084 2638 1188 2693 erit
1235 2635 1377 2691 enim
1408 2648 1631 2701 sensus,
1666 2632 1727 2693 Si
1764 2647 1911 2685 acce-

322 2739 460 2807 peris
480 2735 900 2805 computationem
925 2730 1147 2801 ﬁliorum
1169 2728 1331 2783 Israel
1350 2728 1403 2781 in
1423 2726 1701 2780 visitatione
1717 2738 1906 2787 eorum,

326 2840 375 2885 et
408 2829 599 2883 dabunt
625 2826 811 2899 singuli
852 2824 1245 2896 redemptionem
1283 2821 1468 2875 animae
1511 2834 1619 2873 sua!
1657 2815 1907 2880 Domino,

318 2937 425 2975 non
452 2921 544 2974 erit
572 2920 625 2973 in
661 2919 732 2972 eis
760 2918 934 2971 ruina.
973 2913 1107 2970 Cum
1134 2928 1261 2968 vero
1288 2911 1483 2981 ubique
1510 2908 1683 2982 posita
1712 2915 1793 2960 est
1816 2919 1910 2959 ea-

313 3012 442 3067 dem
469 3010 789 3082 conjunctio,
820 3008 1055 3079 pendere
1094 3006 1221 3061 facit
1249 3003 1571 3060 locutionem
1600 3018 1615 3057 :
1645 3000 1766 3055 ideo
1789 3013 1910 3053 eam

314 3104 618 3160 notandam
649 3101 966 3173 putavimus.

392 3194 495 3267 [lb.
519 3209 695 3260 xxxu,
718 3191 793 3264 1.]
819 3190 1142 3247 Consurrexit
1168 3190 1383 3261 papulas
1406 3189 1459 3242 in
1476 3188 1669 3253 Aaron,
1692 3194 1740 3239 et
1765 3185 1910 3238 dixe-

322 3297 447 3341 runt
472 3286 516 3341 ei
546 3284 781 3340 :usitata
825 3283 1020 3339 locutio
1046 3292 1161 3347 est,
1213 3280 1334 3352 quia
1364 3296 1425 3335 ex
1458 3279 1639 3333 multis
1686 3276 1909 3347 populus

316 3385 550 3433 constat.
574 3374 775 3431 Deinde
806 3373 1118 3439 notandum,
1149 3380 1316 3426 totum
1344 3385 1440 3442 pro
1465 3378 1615 3439 parte
1658 3369 1905 3437 positum.

317 3466 614 3537 Apostolus
636 3464 799 3530 enim,
831 3465 970 3519 sicut
1017 3477 1203 3518 revera
1246 3468 1381 3527 erat,
1432 3458 1690 3529 quosdam
1721 3472 1907 3511 eorttm

318 3557 457 3611 dixit
482 3556 583 3611 hoc
612 3555 822 3622 fecisse,
852 3570 957 3610 non
989 3563 1156 3608 totum
1182 3552 1457 3623 populum,
1488 3550 1575 3605 ubi
1605 3549 1699 3615 ait,
1736 3548 1911 3620 Neque

318 3649 475 3703 idolis
496 3649 793 3715 serviamus,
819 3631 948 3702 3icut
964 3646 1168 3718 quidam
1196 3645 1400 3699 illorum
1431 3642 1474 3716 (1
1500 3640 1617 3699 Cor.
1648 3659 1705 3708 x,
1722 3640 1799 3713 7).

395 3738 496 3812 [lb.
526 3737 610 3813 1.]
642 3737 828 3811 Surge,
874 3748 921 3793 et
954 3739 1038 3807 [ac
1063 3736 1202 3791 nobis
1227 3736 1345 3791 deos
1374 3736 1459 3807 qui
1480 3752 1571 3790 nos
1602 3732 1905 3805 praecedant.

316 3830 537 3888 Sedenti
576 3830 964 3902 loquebantur?
992 3846 1058 3885 an
1096 3830 1272 3900 potius
1316 3829 1514 3885 locutio
1550 3837 1632 3883 est
1653 3825 1905 3893 notanda,

318 3932 541 3994 prOpter
568 3922 709 3994 quod
739 3937 883 3993 saepe
911 3922 1124 3990 dicitur,
1156 3920 1417 3994 Exsurge,
1476 3921 1691 3975 Domine
1736 3918 1905 3993 (Psal.

318 4029 471 4081 thtt,
504 4012 638 4086 26);
689 4022 801 4082 aut,
835 4013 1023 4086 Surge,
1056 4012 1228 4083 Deus,
1270 4014 1451 4086 judica
1496 4023 1681 4066 terram
1734 4011 1905 4084 (Psal.

320 4119 516 4167 ωαχ),
540 4103 641 4174 8)?

393 4192 493 4265 [lb.
530 4190 645 4266 10.]
674 4192 738 4246 Et
779 4210 913 4247 nunc
950 4195 1057 4249 sine
1083 4210 1181 4261 me,
1211 4204 1255 4248 et
1282 4195 1441 4247 iratus
1467 4194 1579 4260 ira;
1599 4192 1905 4264 :qttomodo,

320 4295 495 4340 morte
523 4284 817 4339 morietur:
852 4276 996 4340 amat
1021 4286 1091 4341 ita
1122 4286 1265 4357 loqui
1297 4286 1591 4355 Scriptura.

394 4376 496 4449 [lb.
531 4376 648 4450 24.]
670 4376 773 4433 Cui
829 4386 944 4432 sunt
990 4394 1142 4432 aurea
1167 4377 1347 4433 demite
1395 4393 1414 4431 :
1459 4392 1562 4432 non
1608 4377 1739 4431 dixit
1781 4376 1907 4446 quid

320 4484 515 4535 aurea,
568 4468 708 4525 unde
760 4469 910 4524 latini
941 4470 1259 4540 interpretes
1307 4470 1598 4539 dixerunt,
1633 4470 1720 4541 qui
1762 4470 1910 4523 habet

320 4578 501 4615 aurum
530 4562 718 4616 demat.

392 4651 496 4724 [lb.
527 4651 644 4725 26.]
690 4651 814 4718 Quis
847 4653 915 4706 ad
942 4652 1235 4717 Dominum,
1263 4653 1429 4706 veniat
1452 4652 1520 4706 ad
1548 4670 1645 4708 me.

396 4743 498 4815 [lb.
520 4744 633 4817 '51.]
663 4744 912 4802 Fecerunt
937 4746 1035 4801 sibi
1060 4747 1179 4800 deos
1203 4761 1380 4800 aureos
1404 4763 1422 4800 :
1450 4746 1516 4801 de
1551 4762 1655 4800 uno
1681 4745 1906 4812 virtulo;

320 4838 583 4908 pluralem
608 4854 735 4909 ergo
764 4855 1046 4895 numerum
1073 4855 1168 4909 pro
1195 4839 1447 4910 singulari
1467 4840 1662 4908 posuit.
1690 4838 1813 4895 Inde
1830 4848 1912 4895 est

319 4939 370 4981 ct
414 4927 565 4995 illttd,
612 4927 688 4982 Hi
740 4930 813 4983 dii
844 4931 916 4983 tui
948 4929 1112 4984 Israel
1143 4931 1227 4999 qui
1273 4930 1552 4984 eduxerunt
1594 4941 1639 4985 te
1670 4931 1733 4985 de
1780 4941 1912 4986 terra

322 5020 567 5092 Egypti.
625 5021 741 5077 Non
775 5038 904 5077 sane
961 5023 1253 5080 locutiones
1297 5027 1411 5078 ista:
1442 5024 1778 5093 reperiuntur
1821 5026 1913 5082 ubi

323 5114 547 5183 pluralis
574 5128 667 5183 pro
697 5114 951 5185 singulari
972 5116 1201 5185 ponitur,
1220 5116 1321 5170 nisi
1351 5116 1401 5170 in
1425 5132 1490 5170 eo
1514 5132 1690 5171 rerum
1717 5132 1912 5187 genere

323 5203 376 5256 in
408 5220 514 5272 quo
544 5205 702 5259 etiam
726 5205 793 5260 de
824 5204 1066 5275 pluribus
1095 5206 1207 5260 lieri
1227 5208 1307 5261 vel
1339 5207 1557 5279 intelligi
1577 5217 1767 5278 potest.
1795 5209 1910 5265 Non

325 5295 468 5348 enim
501 5296 624 5365 quia
675 5311 813 5349 unus
845 5295 933 5351 ille
961 5296 1155 5351 vitulus
1184 5306 1329 5365 erat,
1357 5296 1477 5354 ideo
1506 5315 1610 5355 non
1639 5310 1692 5355 et
1733 5301 1911 5371 plures

325 5386 443 5439 lieri
477 5396 740 5455 poterant,
770 5396 858 5442 aut
902 5388 1022 5443 ideo
1049 5404 1156 5443 non
1186 5389 1363 5444 multis
1390 5389 1542 5445 idolis
1567 5392 1755 5446 similis
1800 5392 1913 5448 fue-

324 5486 427 5533 rat.
464 5478 571 5533 Hac
596 5480 861 5535 locutione
887 5480 1084 5536 dictum
1113 5490 1195 5537 est
1226 5480 1458 5538 latrones
1499 5483 1780 5537 insultasse
1810 5484 1913 5538 Do-

324 5571 475 5625 mino
500 5568 713 5639 (Matth.
741 5587 911 5639 xxvu,
933 5573 1049 5645 44),
1087 5589 1207 5629 cum
1239 5573 1341 5630 hoc
1369 5591 1533 5630 unum
1563 5575 1749 5631 fecisse
1764 5576 1909 5631 Scri-

325 5672 483 5739 ptura
516 5660 913 5737 testetur(Luc.
946 5679 1101 5737 xxtn,
1126 5664 1239 5739 39),
1280 5665 1377 5723 sed
1422 5681 1529 5723 non
1559 5665 1703 5723 soius
1743 5668 1909 5727 fuerat

1624 212 1829 274 LIBER
1857 208 2235 271 SECUNDUS.
2409 222 2459 233 η
2523 225 2565 235 νυ

3494 223 3600 283 514

2013 327 2170 382 latro.
2194 327 2329 395 Quin
2350 331 2508 386 etiam
2536 320 2657 388 cum
2683 333 2781 388 ista
2804 332 2999 389 locutio
3022 333 3077 389 lit
3104 349 3199 404 per
3233 336 3444 392 nomina
3469 352 3597 409 pro-

2013 422 2147 490 pria,
2180 422 2407 491 qualiter
2430 438 2546 477 eam
2578 425 2629 479 in
2660 424 2950 495 Seripturis
2971 426 3161 481 factam
3184 429 3417 483 nondum
3440 444 3592 484 com-

2014 514 2269 585 perimus,
2300 514 2477 585 plures
2504 516 2610 571 illic
2654 516 3049 588 intelliguntur,
3082 518 3219 575 sicut
3249 520 3497 576 thndras
3542 531 3598 579 et

2014 604 2228 661 Medeas
2247 608 2466 677 quidam
2491 609 2772 675 dixerunt,
2801 625 2925 666 cum
2954 612 3111 667 fuerit
3139 628 3241 667 una
3274 613 3501 670 Phaedra
3543 624 3599 672 et

2016 712 2117 751 una
2161 698 2378 766 Medea,
2428 700 2521 755 sed
2552 700 2806 758 ledras
2858 712 2915 758 et
2957 703 3169 775 Medeas
3197 705 3599 775 appellaverunt

2014 803 2201 846 omnes
2226 791 2430 847 similes
2457 791 2694 849 Phaedra:
2714 804 2768 849 et
2795 794 3016 852 Medae.
3048 796 3121 851 Ita
3146 812 3256 867 non
3298 800 3413 855 sine
3440 815 3601 858 causa

2016 906 2113 946 nec
2136 901 2422 964 utcumque
2442 908 2504 947 ac
2521 894 2716 963 passim
2746 894 2884 950 sicut
2923 895 2989 951 ab
3019 896 3278 967 imperitis
3292 897 3478 953 vitiose
3504 897 3561 953 fit
3579 938 3596 964 ,

2015 982 2111 1039 sed
2137 995 2284 1039 certo
2300 984 2461 1040 modo
2482 986 2745 1057 certisque
2767 986 2964 1059 regulis
2988 987 3103 1043 ista:
3127 988 3421 1045 locutiones
3434 988 3601 1046 inter-

2016 1084 2301 1143 ponuntur.

2089 1165 2187 1238 [lb.
2205 1183 2398 1233 xxxttt,
2422 1168 2670 1241 1.]Vade,
2697 1172 2913 1227 ascende
2936 1173 3053 1227 hinc
3067 1182 3142 1240 tu,
3164 1183 3212 1229 et
3234 1176 3599 1246 populustuus,

2017 1274 2139 1325 quos
2178 1260 2399 1315 eduxiin
2425 1261 2489 1315 de
2514 1271 2646 1317 terra
2676 1261 2897 1335 AE'gypti
2918 1281 2937 1318 :
2962 1280 3090 1330 non,
3147 1281 3307 1337 quem
3350 1268 3599 1337 eduxisli,

2018 1349 2159 1419 quod
2186 1352 2255 1405 ita
2278 1352 2530 1407 usitatum
2562 1362 2643 1409 est
2667 1364 2724 1409 ut
2754 1356 2926 1411 rarius
2954 1356 3107 1412 aliter
3132 1356 3359 1415 dicatur.

2088 1439 2189 1513 [lb.
2220 1440 2297 1513 5.]
2338 1441 2404 1496 Et
2430 1444 2559 1499 dixit
2579 1444 2845 1513 Dominus,
2870 1448 3116 1519 Deponite
3141 1452 3295 1505 stolas
3321 1452 3600 1523 gloriarum

2018 1542 2297 1586 vestrarum
2319 1542 2365 1588 et
2390 1536 2603 1602 cultum,
2626 1547 2673 1591 et
2684 1540 2942 1593 ostendam
2968 1556 3081 1611 qua:
3107 1544 3331 1609 facturus
3356 1559 3466 1597 sum
3483 1546 3592 1598 tibi.

2018 1625 2062 1678 Α
2091 1624 2278 1693 plurali
2304 1626 2369 1681 ad
2391 1628 2714 1698 singularem
2741 1646 3023 1687 numerum
3061 1632 3381 1690 locutionem
3413 1637 3601 1691 termi-

2018 1715 2184 1782 navit,
2198 1717 2319 1787 quia
2339 1718 2489 1774 multi
2501 1730 2652 1775 erant
2664 1730 2717 1777 et
2737 1723 2964 1792 populus
2978 1733 3110 1789 erat,
3125 1725 3262 1780 sicut
3279 1726 3356 1780 eis
3371 1726 3599 1794 dixerat,

2032 1807 2127 1863 Vos
2143 1810 2361 1880 populus
2380 1811 2511 1866 dura
2538 1814 2726 1868 cervice
2756 1829 2776 1868 :
2794 1830 2903 1869 non
2928 1815 3093 1884 dixit,
3128 1826 3181 1872 tu
3206 1817 3453 1889 p0pulus,
3480 1818 3596 1885 sed,

2030 1897 2129 1954 Vos
2173 1902 2413 1972 papulas,
2460 1918 2580 1958 cum
2610 1919 2725 1971 vos,
2758 1906 2966 1961 numeri
2995 1908 3065 1962 sit
3087 1907 3329 1978 pluralis,
3372 1909 3601 1981 populus

2016 1997 2195 2045 autem
2224 1992 2429 2048 numeri
2456 1994 2760 2065 singularis.

2088 2080 2187 2154 [lb.
2218 2099 2405 2149 xxxtv,
2430 2085 2509 2158 9.]
2554 2087 2616 2141 Si
2641 2088 2807 2143 inveni
2839 2090 3058 2160 gratiam
3098 2090 3150 2144 in
3197 2100 3461 2162 conspectu
3491 2101 3599 2159 tuo,

2016 2175 2168 2229 simul
2203 2178 2419 2231 ambulet
2445 2178 2695 2234 Dominus
2736 2198 2876 2235 meus
2905 2182 3161 2236 nobiscum
3191 2198 3209 2237 :
3238 2192 3486 2253 tauquam
3532 2183 3602 2240 de

2018 2265 2123 2320 alio
2148 2265 2308 2322 dicat.
2342 2268 2587 2326 Assiduae
2617 2280 2740 2326 sunt
2781 2271 2865 2327 hae
2895 2272 3208 2338 locutiones,
3236 2273 3330 2329 sed
3356 2290 3477 2329 cum
3514 2275 3598 2332 di-

2016 2356 2153 2411 citur
2180 2357 2247 2412 ad
2276 2358 2461 2427 Deum,
2485 2369 2703 2429 putatur
2722 2361 2865 2417 Patri
2888 2362 2992 2417 dici
3010 2362 3077 2418 de
3100 2362 3252 2418 Filio.
3276 2362 3405 2419 Cum
3424 2374 3603 2420 autem

2017 2447 2139 2501 talia
2161 2446 2466 2504 dicerentur
2490 2450 2556 2505 ad
2581 2451 2911 2508 Pharaonem
2937 2462 2991 2508 et
3010 2453 3075 2508 ad
3096 2453 3290 2525 Joseplt
3310 2464 3364 2511 et
3378 2455 3445 2511 ad
3471 2455 3604 2511 alios

2018 2538 2199 2591 multis
2229 2537 2378 2605 locis,
2408 2555 2575 2610 genus
2600 2542 2881 2597 locutionis
2906 2544 3310 2614 intelligebatur.

2088 2625 2187 2699 [lb.
2218 2628 2330 2701 15.]
2354 2627 2639 2699 Nequando
2667 2648 2826 2702 ponas
2856 2642 3201 2687 testamentum
3234 2636 3297 2689 iis
3319 2635 3403 2705 qui
3428 2636 3603 2692 sedent

2016 2735 2167 2790 super
2192 2730 2375 2775 terram
2408 2737 2427 2776 :
2452 2737 2515 2777 ac
2546 2724 2591 2777 si
2618 2722 2838 2791 diceret,
2872 2725 3028 2781 sedes
3054 2724 3269 2793 habent,
3300 2727 3442 2798 quod
3484 2737 3596 2796 est,

2018 2812 2273 2868 habitant.

2090 2902 2186 2976 [lb.
2214 2903 2324 2977 17.]
2348 2904 2415 2959 Et
2442 2906 2560 2961 deos
2589 2908 2765 2979 fusiles
2797 2924 2859 2962 ne
2882 2911 3060 2981 feceris
3089 2910 3174 2964 tibi
3199 2925 3218 2965 :
3246 2910 3440 2967 locutio
3467 2920 3601 2969 esta

2021 3004 2169 3065 parte
2198 3004 2365 3051 totum
2395 2997 2734 3068 signiﬁcans;
2769 3014 2875 3054 non
2910 3000 3053 3054 enim
3097 3004 3219 3071 quia
3264 2999 3444 3056 fusiles
3483 3010 3601 3057 tan-

2016 3088 2290 3142 tummodo
2316 3088 2626 3155 nominavit,
2650 3089 2763 3144 ﬁeri
2788 3090 3079 3160 sculptiles,
3106 3091 3351 3159 ductiles,
3380 3091 3601 3148 ﬁctiles-

2016 3194 2119 3249 que
2139 3180 2397 3250 permisit,
2419 3181 2500 3236 vel
2524 3182 2686 3236 ullum
2712 3197 2879 3252 genus
2904 3184 3329 3255 simulacrorum,
3351 3193 3443 3240 aut
3466 3200 3600 3257 qua-

2016 3272 2374 3343 liumcumqne
2404 3274 2728 3329 factitiorum
2759 3274 3002 3329 deorum.

2088 3362 2310 3437 [lb.19.]
2338 3362 2500 3419 Omne
2524 3366 2821 3435 adapertens
2846 3366 3063 3434 vulvam,
3080 3368 3357 3422 masculina
3381 3384 3401 3422 :
3420 3367 3471 3424 id
3496 3377 3598 3436 est,

2016 3471 2174 3512 omne
2203 3457 2522 3528 adaperieus
2548 3458 2759 3514 vulvam
2797 3458 2926 3513 mihi
2955 3458 3077 3527 erit,
3114 3474 3179 3515 ex
3225 3460 3291 3515 iis
3319 3476 3437 3531 qua:
3474 3469 3599 3517 sunt

2014 3551 2324 3606 masculina.

2090 3640 2183 3712 [lb.
2206 3639 2321 3713 20.]
2362 3640 2685 3696 Primitivum
2711 3641 2993 3713 subjugalis
3012 3642 3223 3697 redimes
3248 3659 3335 3698 ove
3368 3658 3385 3697 :
3412 3652 3467 3699 et
3496 3658 3600 3700 noc

2018 3748 2046 3787 a
2072 3743 2219 3803 parte
2250 3740 2418 3787 totum
2453 3742 2566 3798 est;
2611 3748 2779 3803 neque
2816 3734 2958 3788 enim
3000 3735 3043 3788 si
3083 3733 3356 3805 subjugale
3393 3750 3497 3790 non
3530 3735 3602 3793 sit

2013 3824 2314 3893 jumentutu
2343 3824 2612 3896 quodlibet
2640 3867 2653 3892 ,
2680 3826 2832 3897 cujus
2878 3841 3005 3882 caro
3046 3835 3295 3898 tanquam
3328 3829 3601 3887 immunda

2016 3918 2303 3987 reSpuitur,
2321 3918 2440 3974 ideo
2461 3934 2568 3975 non
2588 3919 3071 3989 estredimendum,
3089 3930 3180 3977 aut
3199 3921 3303 3977 alio
3323 3938 3480 3994 quam
3501 3938 3601 3981 ove

2014 4008 2401 4063 redimendum.
2976 4014 2979 4015 ⁷

2091 4097 2190 4170 [11).
2217 4098 2333 4172 25.]
2380 4098 2501 4155 Non
2531 4102 2727 4157 occides
2769 4118 2920 4174 super
2958 4106 3259 4176 fermentum
3306 4108 3602 4179 sanguinem

2016 4192 2390 4246 immolatarum
2432 4211 2657 4248 meorum
2692 4210 2712 4249 :
2755 4194 2953 4251 locutio
2995 4206 3079 4251 est.
3126 4198 3345 4268 utique,
3387 4200 3599 4256 occides

2017 4284 2353 4353 sanguinem,
2387 4301 2481 4354 pro
2505 4300 2570 4339 eo
2597 4285 2737 4355 quod
2766 4296 2869 4353 est,
2892 4286 3183 4342 occidendo
3202 4288 3460 4345 eﬂ'uudes.

2088 4372 2186 4445 [lb.
2214 4372 2329 4445 25.]
2350 4372 2413 4426 Et
2443 4391 2543 4427 non
2566 4374 2777 4429 dormiet
2793 4393 2949 4446 usque
2972 4376 3023 4430 in
3049 4393 3197 4430 mane
3219 4378 3496 4433 immolatio
3511 4397 3600 4435 so-

2018 4465 2289 4518 lemnitatis
2321 4463 2535 4519 Pascha:
2556 4482 2574 4519 :
2602 4465 2815 4519 dormiet
2839 4467 2988 4529 dixit,
3017 4468 3284 4528 manebit:
3312 4486 3435 4525 nam
3475 4487 3600 4527 caro

2016 4557 2233 4627 pecudis
2250 4561 2441 4613 occisae
2470 4568 2524 4613 et
2545 4568 2710 4614 coctae
2727 4560 2992 4629 quomodo
3012 4560 3272 4615 dormiet?
3288 4562 3438 4631 Quod
3473 4580 3601 4636 ergo

2016 4648 2226 4715 dicitur,
2260 4648 2430 4715 Quare
2449 4649 2720 4716 obdormis,
2756 4649 2970 4706 Domine
2996 4650 3165 4725 (Psal.
3184 4669 3331 4721 thtt,
3354 4655 3469 4727 54),
3499 4656 3602 4712 hoc

2015 4754 2211 4809 genere
2237 4739 2517 4795 locutionis
2541 4740 2753 4810 dicitur,
2771 4751 2824 4797 et
2850 4742 3180 4815 intelligitur,
3204 4746 3379 4812 Quare
3401 4762 3599 4813 cessas,

2020 4831 2071 4886 id
2096 4840 2211 4898 est,
2244 4848 2348 4887 non
2378 4833 2632 4890 vindicas.

2091 4925 2318 5000 [lb.28.]
2339 4927 2413 4984 De
2436 4928 2780 4999 quadraginta
2810 4929 3015 4984 dierum
3035 4929 3239 5000 jejunio
3262 4931 3425 5001 Moysi
3454 4930 3603 4986 Scri-

2023 5028 2173 5090 ptura
2216 5019 2291 5073 sic
2329 5020 2588 5091 loquitur,
2615 5018 2811 5074 Panem
2839 5038 2939 5075 non
2960 5021 3299 5085 manducavit,
3340 5032 3385 5075 et
3414 5038 3599 5092 aquam

2025 5126 2124 5163 non
2153 5108 2270 5163 bibit
2295 5126 2311 5164 :
2333 5124 2363 5163 a
2395 5120 2544 5179 parte
2563 5119 2754 5178 totum,
2774 5126 2910 5181 pane
2930 5126 3143 5165 omnem
3173 5110 3371 5176 cibum,
3390 5122 3441 5165 et
3464 5126 3599 5180 aqua

2023 5218 2234 5257 omnem
2261 5211 2439 5271 potum
2462 5202 2782 5273 signiﬁcans.

2096 5296 2195 5369 [lb.
2231 5295 2306 5369 1.]
2335 5296 2524 5351 Excide
2574 5296 2662 5350 tibi
2705 5296 2831 5349 duas
2858 5294 3052 5348 tabulas
3074 5335 3090 5361 ,
3144 5295 3271 5347 sicut
3299 5302 3345 5347 et
3384 5294 3599 5365 primm:

2021 5389 2357 5454 subauditur,
2387 5391 2630 5454 luerunt;
2679 5388 2817 5442 unde
2844 5387 2947 5442 hoc
2989 5386 3207 5441 verbum
3238 5389 3403 5442 nostri
3434 5389 3599 5443 inter-

2019 5492 2201 5554 pretes
2226 5483 2384 5536 etiam
2411 5479 2707 5536 audendum
2724 5487 3057 5549 putaverunt,
3081 5479 3328 5549 quoniam
3354 5478 3601 5539 inusitata

2020 5584 2100 5631 est
2127 5576 2178 5629 in
2210 5574 2387 5645 lingua
2422 5575 2581 5629 latina
2600 5574 2716 5626 talis
2737 5570 2960 5644 ellipsis.

2092 5667 2191 5742 [lb.
2219 5684 2386 5736 xxxv,
2410 5667 2488 5741 4.]
2515 5667 2579 5723 Et
2606 5672 2677 5725 ait
2722 5674 2923 5749 Moyses
2962 5672 3032 5729 ad
3071 5683 3269 5725 omnem
3292 5680 3601 5739 synagogant
