3902 6310
209 209 320 281 517

280 319 397 395 [11).
420 334 511 385 xv,
538 314 651 391 l6.]
675 316 860 381 Anima
882 316 928 374 si
947 315 1147 377 latuerit
1173 330 1288 370 eum
1315 310 1577 374 oblivione.
1606 322 1650 366 et
1679 328 1798 381 pec-

206 412 396 464 caverit
428 408 603 462 nolens
626 422 645 461 :
671 423 775 460 non
802 406 894 471 ait,
922 405 968 460 si
994 405 1205 460 latuerit
1228 419 1367 469 eam,
1396 403 1645 473 quoniam
1677 401 1799 456 ani-

204 518 353 558 mam
379 516 474 573 pro
502 499 717 554 homine
740 499 910 575 ponit,
936 498 1075 567 sicut
1098 497 1221 553 facit
1245 506 1299 561 et
1321 500 1371 557 in
1394 496 1536 565 aliis,
1564 494 1649 551 ubi
1677 494 1794 549 ani-

202 582 350 650 mam
381 593 524 664 prius
548 591 710 663 dicit,
752 605 869 661 qua:
906 589 1124 673 generis
1165 587 1402 643 feminini
1450 595 1562 651 est,
1610 594 1791 659 postca

202 684 558 739 masculinum
605 679 764 734 infert
804 693 971 750 genus
997 677 1061 732 ad
1091 678 1355 731 hominem
1388 676 1643 731 referens.
1685 674 1789 733 Sed

201 778 293 831 hic
324 776 489 830 multo
512 783 596 828 est
616 773 731 828 haec
757 772 951 833 locutio
967 771 1218 850 pressior,
1246 769 1492 838 quoniam
1511 768 1791 825 Continua-

198 870 298 921 tim
328 878 612 935 utrumque
641 878 806 942 genus
832 863 1062 939 positum
1087 870 1188 919 cst.
1215 869 1271 915 ut
1291 860 1576 925 diceretur,
1605 859 1788 921 Anima

195 957 242 1011 si
271 958 477 1011 latuerit
498 971 632 1010 eum.
658 954 781 1008 ihec
804 952 997 1007 locutio
1025 951 1210 1007 terruit
1232 951 1549 1019 interpretes
1569 951 1783 1016 latinos,

194 1059 251 1105 et
278 1050 567 1104 noluerunt
593 1061 711 1101 eam
742 1043 1052 1109 transferre,
1085 1042 1177 1099 sed
1209 1044 1275 1097 ita
1307 1052 1595 1112 posuezunt
1621 1060 1634 1095 :
1665 1041 1787 1103 Ani-

194 1158 285 1194 ma
311 1140 354 1195 si
379 1155 475 1210 qna
506 1139 731 1201 latuerit,
755 1146 801 1189 et
824 1133 1100 1206 peccaverit
1130 1150 1228 1188 non
1256 1134 1424 1193 volens
1442 1174 1457 1199 ,
1497 1148 1617 1186 cum
1644 1132 1785 1186 aliud

196 1224 273 1287 Sit
301 1234 479 1300 utique
501 1230 542 1283 si
566 1228 741 1293 anima
764 1225 945 1290 lateat,
975 1226 1114 1280 aliud
1145 1226 1189 1279 si
1216 1225 1447 1289 animum
1469 1225 1626 1279 lateat
1648 1242 1662 1277 :
1686 1224 1786 1279 hoc

196 1331 381 1378 autem
407 1322 681 1389 Scriptura
720 1318 867 1382 dicit,
906 1318 950 1371 si
982 1316 1129 1370 lateat
1156 1332 1296 1381 eam;
1328 1332 1455 1380 non,
1487 1314 1530 1369 si
1562 1317 1672 1385 ipsa
1705 1315 1785 1369 Ia-

196 1423 327 1481 teat.
358 1412 415 1465 ln
441 1425 615 1485 gnsco
634 1419 807 1477 autem
836 1409 943 1462 alio
980 1408 1307 1471 invenimus,
1336 1407 1567 1460 Animam
1598 1408 1613 1439 ⁸
1641 1407 1684 1460 si
1709 1407 1786 1459 la-

198 1506 349 1558 tuerit
378 1520 437 1557 ea
476 1500 749 1564 oblivione;
777 1498 868 1553 sed
900 1502 1058 1552 etiam
1105 1498 1216 1567 ipse
1244 1498 1296 1551 in
1332 1498 1785 1567 consequentibus

198 1592 552 1648 masculinum
596 1589 770 1643 intulit
808 1587 992 1641 dicens
1011 1629 1026 1654 ,
1058 1585 1309 1641 Sacerdos
1334 1587 1556 1640 exorabit
1585 1603 1675 1658 pro
1701 1603 1779 1654 eo,

195 1682 242 1737 et
274 1683 551 1736 dimittetur
574 1680 671 1743 illi,
700 1678 838 1749 quod
879 1677 947 1732 ibi
981 1676 1139 1732 habet
1177 1682 1325 1746 αὐτῷ.
1372 1676 1523 1732 Unde
1564 1684 1784 1745 apparet

193 1774 511 1841 scriptorem
544 1769 783 1839 timuisse
808 1768 1194 1829 solmcismum,
1222 1781 1319 1821 nec
1344 1777 1515 1820 tamen
1542 1752 1783 1835 πιοτέρη-

194 1878 318 1917 rare
365 1862 597 1930 potuisse
640 1860 691 1914 in
734 1874 929 1930 genere
982 1858 1238 1913 feminino
1276 1858 1470 1912 victum
1516 1857 1780 1913 evidentia

192 1955 484 2023 Scriptum-
510 1953 903 2021 consequentis.

266 2042 375 2117 [11).
398 2060 469 2107 Vt,
506 2043 585 2115 9.]
616 2042 724 2097 Ista
750 2041 1110 2096 ltolocaustosis
1139 2057 1289 2110 super
1315 2040 1647 2094 incensionem
1670 2041 1778 2111 ejus

189 2152 348 2204 super
376 2134 537 2187 altare
562 2143 715 2187 totant
742 2140 934 2186 noctem
958 2146 1115 2203 usque
1138 2132 1188 2185 in
1217 2147 1383 2194 mane,
1410 2140 1454 2183 et
1484 2131 1617 2200 ignis
1640 2130 1775 2183 alta-

191 2229 265 2282 ris
292 2228 483 2280 ardebit
512 2242 662 2295 super
688 2224 819 2278 illud
850 2239 868 2278 :
892 2225 1056 2292 potuit
1086 2238 1187 2277 non
1217 2222 1410 2277 habere
1430 2232 1498 2286 et,
1526 2231 1681 2290 atque
1704 2222 1775 2277 ita

192 2320 319 2383 dici,
348 2330 498 2372 totam
526 2328 719 2371 noctem
746 2331 902 2386 usque
931 2316 983 2368 in
1013 2331 1160 2368 inane
1192 2314 1322 2384 ignis
1353 2315 1531 2367 altaris
1559 2314 1767 2367 ardebit.

191 2408 299 2465 Sed
337 2410 511 2463 addita
540 2409 636 2462 ista
663 2408 971 2475 eonjuuetio
1011 2394 1132 2460 facit
1161 2406 1542 2459 obscuritatem
1572 2404 1654 2459 his
1682 2405 1771 2475 qui

190 2501 243 2555 in
285 2501 474 2554 talibus
511 2499 913 2568 Scripturarum
954 2497 1309 2553 locutiouibus
1348 2513 1452 2550 non
1490 2496 1771 2551 assuefacti

189 2600 335 2646 sum.

212 2705 221 2708 έ
263 2680 371 2754 [11).
402 2678 512 2753 14.]
542 2679 653 2736 Ista
683 2681 763 2734 lex
797 2679 1059 2747 sacriﬁcii,
1078 2678 1213 2747 quod
1246 2676 1481 2743 oﬁ‘errent
1509 2679 1637 2732 illud
1674 2679 1771 2747 ﬁlii

190 2778 381 2842 Aaron,
414 2776 693 2830 sacerdotes
719 2787 834 2830 ante
862 2773 1138 2828 Dominum
1161 2788 1179 2827 :
1206 2772 1336 2827 nihil
1364 2773 1575 2828 deesset
1596 2772 1641 2827 si
1662 2787 1768 2826 non

189 2867 427 2931 haberet,
455 2868 606 2921 illud.

258 2958 501 3032 [11).17.]
533 2959 725 3013 Sancta
746 2965 1033 3012 sanctorum
1056 2963 1146 3010 est.
1176 2953 1263 3009 Sic
1292 2953 1445 3008 habet
1470 2963 1521 3007 et
1540 2969 1763 3024 grmeus,

186 3051 279 3106 sed
305 3066 473 3121 gneca
500 3049 694 3104 locutio
718 3058 819 3114 est,
851 3063 1009 3119 quam
1040 3047 1204 3100 nostri
1236 3045 1446 3115 quidam
1479 3044 1767 3100 transferre

185 3142 429 3198 nolentes
450 3142 715 3205 dixerunt,
748 3140 939 3195 Sancta
967 3147 1270 3194 sanctorum
1302 3146 1443 3191 sunt.

198 3250 215 3256 ’
254 3232 365 3306 [μυ.
389 3232 455 3287 52
478 3230 598 3305 (a).]
627 3231 864 3286 Occiderit
887 3232 1088 3284 arietem
1107 3230 1190 3299 qui
1214 3246 1304 3297 pro
1327 3229 1507 3281 delicto
1523 3240 1635 3282 tmte
1657 3227 1763 3282 Do-

184 3327 396 3382 minum.
426 3326 593 3379 Latini
615 3327 931 3393 interpretes
948 3322 1282 3384 addiderunt,
1308 3332 1408 3385 est,
1427 3330 1478 3374 ct
1497 3320 1760 3384 dixerunt,

184 3419 273 3487 qui
298 3434 389 3486 pro
415 3417 595 3470 delicto
617 3426 709 3480 est,
738 3414 876 3485 quod
905 3430 1109 3484 graecus
1134 3429 1237 3465 non
1271 3412 1447 3465 habet.

256 3506 357 3579 [11).
390 3523 457 3561 vn
476 3549 489 3572 ,
516 3509 548 3561 ϐ
576 3504 700 3578 (b).]
734 3505 798 3560 Et
827 3506 870 3560 si
900 3517 1066 3559 votum
1094 3515 1176 3557 aut
1204 3505 1538 3557 voluntarium
1564 3502 1763 3571 sacriﬁ-

183 3600 368 3652 caverit
412 3600 598 3650 donum
632 3613 776 3651 suum
799 3636 814 3661 ,
854 3611 1169 3667 quacumque
1193 3596 1274 3647 die
1300 3594 1529 3647 obtulerit
1568 3594 1765 3661 sacriﬁ-

184 3693 352 3753 cium,
397 3691 567 3744 aletur
594 3691 813 3744 crastina
847 3690 927 3742 die
954 3704 973 3743 :
1003 3704 1096 3757 pro
1122 3703 1186 3742 eo
1220 3686 1358 3756 quod
1398 3694 1507 3752 est,
1556 3694 1764 3756 postera

184 3784 304 3847 die;
341 3784 481 3838 unde
505 3784 614 3847 alii,
643 3783 804 3836 altera
829 3784 927 3849 die,
958 3782 1277 3849 interpretati
1310 3789 1453 3833 sunt.

256 3874 355 3949 [11).
375 3891 489 3941 vni,
522 3873 634 3947 3L]
662 3873 867 3941 Cor/uite
886 3889 1060 3927 carnes
1079 3876 1129 3925 in
1151 3873 1280 3924 atrio
1306 3870 1611 3925 tabernaculi
1631 3870 1765 3923 testi-

184 3969 341 4022 monii
369 3967 420 4020 iu
452 3966 560 4019 loco
583 3977 777 4027 sancto,
811 3974 855 4017 et
881 3966 947 4017 ibi
971 3964 1124 4016 edetis
1150 3979 1255 4025 eas,
1287 3972 1332 4014 et
1363 3978 1517 4030 panes
1545 3962 1630 4030 qui
1650 3969 1765 4014 sunt

182 4062 237 4116 in
274 4062 493 4115 canistro
537 4058 981 4113 consummationis
1004 4098 1017 4118 ,
1063 4056 1312 4125 quomodo
1355 4063 1653 4127 pra'ceptum
1693 4063 1765 4107 cst

185 4152 310 4205 milii
336 4152 503 4205 dicens
523 4192 537 4213 ,
570 4152 738 4203 Aaron
766 4160 809 4202 et
838 4150 932 4215 lilii
961 4150 1070 4217 ejus
1096 4148 1240 4200 edent
1268 4162 1398 4198 ettni.
1442 4145 1586 4199 Haiiu
1614 4144 1765 4198 locu-

186 4245 385 4299 timiem
427 4242 639 4312 quidam
672 4241 962 4296 tmnslerre
989 4242 1228 4294 uolentes
1251 4238 1495 4291 dixerunt
1519 4235 1767 4306 quomodo

186 4336 421 4406 pracepit
462 4335 583 4388 milii
624 4334 829 4398 dicens;
870 4332 989 4401 quia
1032 4332 1129 4385 hoc
1168 4331 1372 4384 videtur
1398 4342 1761 4396 consequens,

188 4427 278 4483 ille
315 4437 490 4481 autem
524 4426 574 4480 iu
606 4438 799 4480 nostra:
830 4422 1109 4477 locutionis
1146 4420 1527 4477 consuetudine
1552 4419 1765 4473 sola-ei-

185 4534 337 4574 smus
365 4528 463 4573 est.

261 4607 375 4682 [11).
402 4607 515 4682 55.]
560 4607 627 4662 Et
652 4607 721 4660 ad
755 4607 937 4660 ostium
979 4603 1282 4657 tabernaculi
1320 4602 1585 4656 testimonii
1621 4601 1765 4656 sede-

186 4703 305 4756 bitis
331 4708 516 4771 septem
556 4699 661 4753 dies
682 4741 695 4765 ,
736 4698 818 4751 die
856 4704 905 4751 et
947 4705 1089 4751 nocte
1109 4709 1129 4749 :
1160 4710 1253 4763 pro
1276 4709 1340 4749 eo
1364 4693 1505 4763 quod
1529 4703 1607 4747 est
1628 4732 1643 4759 ,
1675 4693 1768 4749 Ita-

186 4791 441 4847 bitabitis.

260 4882 362 4958 [11).
386 4897 463 4946 ix,
491 4879 569 4954 1.]
592 4881 656 4936 Et
674 4883 744 4936 ait
767 4881 968 4951 Moyses
987 4883 1055 4933 ad
1076 4880 1269 4942 Aaron,
1291 4876 1481 4930 Accede
1497 4876 1564 4929 ad
1583 4876 1762 4941 altare,

186 4986 235 5030 et
258 4974 345 5045 {ac
366 4977 501 5045 quod
533 4991 626 5046 pro
656 4982 857 5043 peccato
894 4982 981 5026 tuo
1000 5014 1014 5035 ,
1046 4981 1091 5026 et
1123 4970 1470 5024 holocaustum
1498 4982 1516 5021 :
1541 4978 1584 5021 et
1613 4983 1766 5021 exora

189 5084 283 5137 pro
312 5077 360 5120 te
383 5076 429 5120 et
458 5067 606 5120 domo
632 5076 737 5127 tua,
766 5051 913 5134 etij'ac
938 5064 1070 5117 dona
1096 5063 1292 5133 populi,
1320 5071 1366 5115 et
1392 5076 1542 5114 exora
1569 5077 1659 5129 pro
1696 5060 1767 5113 eis

187 5157 441 5229 quomodo
471 5156 706 5225 praeripit
736 5154 977 5208 Dominus
1004 5152 1187 5223 Moysi.
1220 5152 1329 5206 Non
1362 5152 1456 5214 ait,
1489 5150 1766 5217 Quomodo

188 5250 445 5321 pra-cepit
489 5249 742 5303 Dominus
773 5248 934 5313 mihi;
981 5247 1076 5302 sed
1124 5247 1193 5298 ita
1240 5246 1446 5298 loeutus
1485 5250 1585 5307 est,
1614 5242 1766 5311 quasi

188 5340 383 5397 fuisset
424 5341 558 5395 alter
599 5340 805 5412 Moyses
845 5340 928 5393 cui
969 5338 1221 5391 Dominus
1265 5336 1532 5406 praeepit,
1559 5343 1611 5389 et
1634 5335 1770 5388 alter

185 5434 294 5495 ipse
314 5434 402 5503 qui
428 5432 530 5487 hoe
557 5433 624 5486 ad
644 5432 820 5487 Aaron
848 5430 1176 5501 loquebatur.

254 5527 273 5561 ι
296 5525 370 5575 sic
388 5531 534 5577 vetns
554 5522 706 5573 codex
726 5520 1043 5572 t‘ovhciensis.
1068 5527 1122 5569 At
1141 5518 1488 5579 ttisterciensis,
1509 5515 1707 5578 Atina.)

271 5588 327 5715 ag
350 5586 481 5649 Apud
503 5592 613 5647 ιχχ
639 5600 650 5635 :
676 5592 724 5641 at
745 5586 797 5657 in
819 5584 1031 5658 Yilligata,
1050 5595 1153 5641 cap.
1180 5583 1227 5645 7,
1247 5595 1291 5637 ν.
1310 5579 1358 5635 9..

248 5588 1092 5719 zbspudmzattnwlgataﬁ.
1122 5642 1197 5694 10.

348 5642 482 5723 Apud
636 5660 652 5698 :
672 5654 724 5699 at
742 5647 795 5699 in
814 5642 1030 5711 Vulgata,
1048 5659 1092 5695 ν.
1122 5642 1197 5694 10.

1573 197 1780 257 LIBER
1816 195 2130 256 TERTIUS.

1972 309 2070 393 [11).
2091 328 2143 376 x,
2166 311 2220 373 8.
2243 310 2321 387 9.]
2346 312 2414 367 Et
2435 316 2627 371 locutus
2648 326 2718 373 est
2738 316 2985 383 Dominus
3004 321 3075 376 ad
3087 324 3252 379 Aaron
3275 318 3473 397 dicem,

1910 398 2092 454 Vinum
2117 412 2165 455 et
2188 406 2397 457 siceram
2424 422 2521 459 non
2547 407 2718 477 bibetis
2738 450 2754 475 ,
2795 419 2848 464 ct
2874 404 3089 466 Cretera.
3120 414 3287 483 Quam
3324 420 3471 476 locu-

1900 492 2098 547 tionem
2132 494 2334 550 Domini
2367 497 2432 551 ita
2460 501 2758 566 Concludit,
2790 501 2971 558 Omnia
3005 506 3229 579 legitima
3255 525 3364 579 qua:
3390 511 3477 567 lo-‘

1894 594 2042 638 cutus
2067 595 2138 639 est
2163 584 2413 643 Dominus
2439 590 2508 644 ad
2532 609 2615 653 eos
2642 610 2732 665 per
2760 609 2962 649 manum
2989 595 3156 667 Moysi
3180 614 3196 651 :
3221 613 3341 655 eum
3369 603 3460 657 Do-

1894 676 2068 730 minus
2093 675 2418 747 loqueretur,
2467 697 2573 736 uon
2613 683 2703 745 ait,
2747 684 2877 752 Qum
2906 676 3109 741 locutus
3139 702 3255 742 smn
3282 690 3346 743 ad
3374 706 3469 747 eos

1894 783 1989 837 per
2018 783 2228 824 manum
2259 770 2462 847 Moysi;
2491 776 2584 830 sed
2611 790 2672 831 ea
2706 775 2974 834 locutione
3001 793 3129 834 usus
3154 790 3235 835 est
3253 796 3353 851 qua
3374 797 3465 838 su-

1892 859 2069 929 perius
2099 860 2212 929 ipse
2234 861 2463 934 Moyses.

1962 948 2060 1022 [lb.
2093 949 2170 1024 9.]
2203 950 2500 1024 Legitimum
2523 965 2765 1010 veternum
2788 957 2842 1011 in
2866 960 3125 1031 progenies
3152 971 3337 1016 vestras
3356 962 3466 1016 dis-

1889 1040 2113 1110 tinguere
2140 1042 2268 1096 inter
2292 1044 2508 1098 medium
2530 1046 2831 1115 mundorum
2854 1058 2901 1102 et
2919 1053 3388 1119 contaminatorum,
3414 1066 3468 1110 es

1889 1142 2102 1188 cmtcra.
2152 1134 2449 1191 Notandum
2499 1142 2944 1208 quemadmodum
2985 1142 3159 1212 dicat,
3202 1156 3463 1215 tuternum,

1888 1224 2030 1294 quod
2061 1226 2239 1296 utique
2264 1244 2367 1282 non
2397 1229 2496 1282 erit
2518 1229 2633 1285 sine
2662 1232 2783 1284 iinc.
2862 1250 2865 1253 ν
3216 1292 3219 1293 ν

1961 1311 2060 1387 [11).
2085 1314 2193 1388 14.]
2220 1316 2427 1388 Moyses
2454 1319 2671 1389 loquens
2694 1319 2758 1374 ad
2782 1322 2978 1388 Aaron,
3001 1322 3223 1379 Eleazar
3246 1336 3299 1379 ct
3324 1328 3464 1383 itha-

1889 1417 2005 1456 mar
2036 1405 2169 1458 liiios
2198 1406 2334 1475 ejus,
2367 1408 2506 1463 inter
2533 1419 2723 1464 οιι·101·;ι
2751 1410 2908 1466 etiam
2938 1413 3041 1468 hoc
3064 1415 3158 1480 ait,
3202 1418 3239 1468 Α
3270 1419 3466 1488 sacriﬁ-

1888 1494 1980 1548 ciis
2006 1496 2302 1550 salutarium
2341 1499 2569 1566 ﬁliorum
2611 1498 2774 1555 Israel
2820 1503 3077 1556 brae/tium
3118 1505 3384 1563 oblationis
3419 1513 3467 1563 et

1886 1590 2225 1657 peetuscnlnm
2244 1593 2600 1662 segregationis
2620 1611 2769 1664 super
2789 1596 2978 1651 hostias
3002 1597 3208 1667 adipum
3232 1600 3461 1668 offerent,

1886 1681 2278 1748 segregationem
2303 1697 2563 1751 segregare
2582 1694 2699 1736 ante
2726 1682 2905 1739 Deum.
2940 1685 3005 1739 Et
3040 1688 3134 1741 erit
3161 1688 3247 1742 tibi
3273 1701 3316 1743 et
3344 1692 3466 1759 ﬁliis

1887 1769 1985 1821 tuis
2010 1780 2055 1823 et
2082 1772 2282 1838 ﬁliabus
2313 1776 2411 1826 tuis
2432 1782 2590 1826 tecum
2620 1775 2895 1848 legitimum
2918 1788 3197 1845 internum;
3221 1795 3340 1835 cum
3364 1766 3466 1838 hoc

1887 1865 2050 1913 totum
2080 1866 2235 1914 tinem
2270 1860 2456 1916 fuisset
2478 1863 2803 1918 habiturum.

1955 1946 2057 2019 [11).
2092 1965 2165 2014 χι,
2198 1950 2278 2023 9.]
2308 1953 2436 2004 Cum
2465 1953 2531 2008 de
2556 1955 2910 2010 animantibus
2939 1972 3057 2027 qua:
3089 1958 3139 2012 in
3170 1960 3321 2028 aquis
3341 1972 3467 2017 sunt

1885 2040 2229 2107 praeciperet,
2260 2057 2378 2110 qua:
2402 2043 2507 2097 sint
2532 2060 2714 2099 eorum
2747 2048 2938 2100 munda
2968 2050 3047 2103 vel
3080 2050 3365 2116 immunda,
3398 2049 3463 2106 In

1882 2130 2048 2198 aquis,
2083 2131 2271 2199 inquit,
2300 2142 2346 2185 et
2376 2136 2427 2186 in
2454 2136 2601 2201 mari,
2632 2146 2675 2189 et
2701 2136 2751 2189 in
2780 2139 3096 2193 torrentibus.
3127 2142 3229 2195 Sed
3259 2143 3310 2195 in
3333 2144 3462 2197 mari

1883 2220 2028 2279 latini
2051 2223 2262 2279 codices
2288 2224 2513 2290 habent,
2541 2227 2664 2297 quia
2706 2229 2865 2283 nimis
2903 2230 3138 2287 insolens
3160 2233 3259 2288 fuit
3287 2236 3462 2302 plura-

1880 2312 1984 2366 lem
2017 2330 2295 2369 numerum
2340 2318 2629 2373 transferre
2666 2320 2734 2374 (10
2771 2336 2964 2390 εωεοί),
2992 2334 3046 2377 01.
3068 2340 3176 2379 non
3200 2326 3377 2381 dicere
3405 2328 3461 2383 in

1879 2404 2029 2468 mari,
2062 2405 2154 2458 sed
2182 2407 2232 2458 in
2264 2407 2505 2473 maribus,
2536 2411 2762 2465 maxime
2794 2422 3006 2481 propter
3034 2416 3452 2483 ambiguitatem,

1878 2507 1946 2553 ne
1976 2508 2078 2551 non
2112 2496 2298 2555 maria.
2324 2497 2415 2550 sed
2446 2513 2618 2552 tumes
2648 2500 3067 2569 iuteliigereutur
3089 2544 3102 2568 ,
3151 2505 3200 2560 id
3230 2516 3311 2559 est
3348 2522 3459 2561 ma-

1876 2583 2009 2637 sculi
2041 2602 2052 2636 :
2087 2600 2208 2638 nam
2240 2586 2405 2641 nihilo
2431 2587 2602 2645 minus
2631 2588 2866 2645 insolens
2891 2600 2991 2657 est,
3032 2593 3126 2646 sed
3158 2604 3331 2649 tamen
3373 2598 3457 2652 iu-

1880 2681 2225 2742 terpretatum
2273 2685 2355 2733 Cal
2396 2676 2465 2735 de
2508 2679 2889 2747 sanguinihus,
2919 2682 3036 2750 quia
3077 2683 3234 2741 latina
3279 2686 3457 2757 lingua

1877 2765 2151 2833 sanguinis
2183 2783 2457 2822 numerum
2486 2770 2742 2839 pluralem
2777 2789 2881 2829 non
2922 2773 3127 2843 recipit,
3156 2778 3237 2833 vel
3266 2780 3315 2834 in
3340 2780 3458 2849 ipso

1874 2858 2198 2913 nominativo
2220 2874 2363 2917 casu.
2395 2858 2527 2915 Nam
2556 2860 2653 2915 etsi
2680 2860 2746 2915 ab
2776 2876 2840 2919 eo
2863 2863 3002 2934 quod
3024 2873 3108 2919 est.
3128 2882 3274 2925 mare
3296 2884 3454 2924 nemo

1871 2944 1998 3001 dicit
2028 2948 2282 3021 mariims,
2308 2950 2554 3005 dicuntur
2581 2960 2753 3011 tamen
2790 2956 2953 3009 maria
2972 2996 2987 3021 ,
3015 2970 3135 3013 cum
3167 2962 3453 3031 sanguines

1872 3052 1976 3089 non
2001 3038 2262 3104 dicantur,
2288 3048 2342 3093 et
2366 3051 2537 3094 tamen
2560 3044 2813 3113 scriptum
2842 3055 2942 3111 est,
2974 3046 3153 3105 Libera
3182 3068 3260 3104 me
3282 3070 3312 3104 a
3330 3069 3455 3108 suit-

1870 3131 2103 3201 gninibus
2135 3128 2304 3200 (Ps-al.
2329 3134 2476 3204 1.,16)
2499 3150 2513 3198 ;
2547 3143 2619 3201 et,
2644 3133 2762 3188 Non
2785 3142 3092 3208 congregabo
3113 3144 3477 3198 conventiculo

1871 3235 2043 3272 eorum
2074 3221 2138 3274 tle
2162 3220 2493 3291 sanguinibus
2522 3221 2690 3297 (Psal.
2724 3242 2815 3291 xv,
2838 3228 2915 3297 4).
2950 3230 3087 3299 lit'go
3128 3240 3183 3287 et
3222 3234 3456 3291 muribus

1874 3310 1941 3363 ita
1965 3312 2065 3365 dici
2096 3322 2273 3379 [Ossol
2304 3315 2426 3379 nisi,
2462 3325 2517 3369 ut
2539 3316 2669 3383 dixi,
2692 3318 3005 3391 ambiguitas
3026 3323 3297 3379 vitaretur.
3322 3325 3457 3382 Tor-

1872 3412 2050 3455 reutcs
2080 3417 2204 3455 vero
2233 3403 2333 3457 isto
2358 3408 2472 3457 loco
2501 3422 2594 3477 pro
2637 3407 2942 3463 ﬂuminibus
2965 3412 3136 3485 posuit
3158 3412 3449 3485 Scriptura,

1870 3506 1987 3546 eum
2017 3503 2277 3549 terrentes
2302 3499 2510 3567 proprie
2535 3498 2777 3557 dicantur
2800 3501 3056 3558 hiemales
3080 3504 3221 3559 ﬂuvii
3251 3509 3456 3576 quisic-

1870 3594 2058 3637 Cantur
2102 3594 2320 3651 a-state,
2366 3595 2420 3643 et
2461 3588 2581 3642 ideo
2623 3589 2793 3663 pisces
2841 3592 3032 3649 habere
3063 3610 3165 3649 non
3206 3606 3449 3666 poSsunt.

1874 3673 2024 3729 Unde
2052 3677 2288 3731 n0nnttlli
2323 3677 2635 3749 interpretes
2662 3681 2827 3733 nostri
2857 3696 2963 3735 non
2994 3694 3258 3740 torrentes
3285 3688 3452 3742 inter-

1870 3766 2090 3834 pretari,
2119 3766 2211 3819 sed
2238 3766 2452 3820 (lumina
2483 3769 2798 3822 maluerunt.
2832 3771 2961 3824 Poni
2987 3786 3163 3827 autem
3212 3777 3262 3830 in
3307 3777 3450 3831 Scri-

1874 3859 2042 3926 pturis
2074 3867 2340 3911 torrentes
2368 3874 2462 3927 pro
2494 3860 2796 3915 llutninibus
2825 3861 2971 3915 locus
2993 3860 3294 3923 illevl’salmi
3325 3870 3452 3923 satis

1873 3950 2106 4003 ostendit
2137 3950 2224 4005 ubi
2258 3951 2466 4020 legitur,
2502 3951 2565 4004 Et
2592 3962 2806 4007 torrente
2832 3953 3101 4027 voluptatis
3130 3969 3229 4012 tua:
3259 3961 3451 4027 potabis

1870 4059 1973 4097 eos.
2006 4042 2119 4097 Non
2142 4045 2281 4097 enim
2310 4045 2413 4100 tale
2442 4047 2635 4117 aliquid
2668 4048 2886 4119 intelligi
2918 4050 3081 4107 voluit
3106 4054 3319 4110 nomine
3347 4065 3454 4111 tnr-

1872 4138 2039 4191 rcutis
2067 4139 2207 4207 quod
2231 4138 2295 4192 ad
2325 4148 2531 4209 tempus
2572 4139 2759 4196 liuerct
2778 4181 2792 4205 ,
2822 4158 2884 4196 ac
2913 4141 3102 4197 deinde
3140 4146 3447 4212 siccaretur,

1871 4243 1991 4283 cum
2020 4240 2271 4300 sequatur
2304 4239 2357 4284 et
2385 4230 2553 4295 dicat,
2600 4230 2849 4296 Quoniam
2874 4234 3011 4302 apud
3035 4244 3080 4288 te
3108 4244 3177 4287 est
3201 4238 3313 4303 fons
3340 4238 3452 4290 vita:

1876 4319 2043 4393 (Psal.
2074 4338 2220 4377 xxxv
2240 4364 2255 4387 ,
2282 4322 2336 4389 9,
2368 4322 2494 4394 10);
2526 4338 2643 4397 qua:
2685 4323 2869 4392 utique
2895 4333 3092 4378 aeterna
3120 4334 3202 4378 est
3224 4334 3277 4379 et
3300 4326 3451 4380 iude-

1872 4414 2073 4467 licieus.

1944 4514 2042 4589 [lb.
2062 4514 2123 4567 21
2140 4513 2177 4587 .]
2210 4513 2314 4569 Sed
2340 4516 2445 4568 lucc
2473 4513 2628 4568 edetis
2652 4530 2684 4566 a
2706 4514 2988 4582 repentibus
3013 4514 3313 4582 volatilibus,
3340 4534 3453 4588 quia

1873 4606 2131 4659 ambulant
2154 4621 2304 4675 super
2324 4614 2559 4673 quatuor,
2582 4621 2693 4674 qua:
2716 4604 2895 4658 habent
2913 4620 3060 4660 crura
3079 4609 3339 4679 superiora
3361 4625 3451 4681 pe-

1874 4701 1995 4761 dum
2021 4702 2127 4771 ejus
2151 4716 2168 4753 :
2195 4716 2298 4754 non
2319 4698 2468 4761 dixit,
2504 4700 2691 4767 pedum
2719 4713 2954 4754 socrum.

1943 4789 2043 4865 [11).
2064 4788 2178 4862 41.]
2212 4789 2274 4842 Et
2302 4790 2437 4843 eritis
2464 4790 2643 4852 sancti,
2669 4792 2905 4859 quoniam
2931 4800 3135 4845 sanctus
3162 4807 3252 4860 ego
3277 4807 3296 4845 :
3322 4793 3448 4849 sub-

1873 4883 2107 4949 auditur,
2138 4900 2251 4936 sum
2276 4899 2291 4947 ;
2331 4881 2468 4936 unde
2499 4883 2734 4953 plerique
2756 4883 2922 4938 nostri
2948 4884 3279 4955 interpretati
3304 4892 3445 4952 sunt,

1872 4976 2107 5050 quoniam
2133 4984 2336 5027 sanctus
2356 4990 2467 5027 sunt
2495 4990 2603 5045 ego.

1944 5069 2043 5143 [11).
2073 5085 2164 5130 xu,
2194 5064 2267 5140 l.]
2299 5066 2359 5120 Et
2384 5068 2577 5121 locutus
2598 5077 2669 5121 est
2693 5065 2935 5121 Dominus
2950 5066 3019 5120 ad
3034 5065 3243 5141 Moysen
3260 5066 3447 5121 dicens.

1874 5162 2004 5217 Ila'c
2034 5161 2373 5214 usitatissima
2405 5162 2597 5214 locutio
2614 5168 2693 5213 est
2718 5168 2771 5214 et
2795 5160 3111 5213 creberrima
3135 5160 3184 5211 in
3214 5158 3451 5227 Scriptu-

1876 5257 1976 5323 ris,
2010 5255 2207 5308 locutus
2231 5264 2301 5307 est
2327 5252 2514 5306 dicens.
2541 5252 2643 5307 Sed
2666 5268 2727 5306 ea
2751 5268 2867 5321 qua?
2891 5250 3146 5318 sequitur,
3175 5249 3344 5304 rarius
3366 5265 3453 5305 re-

1879 5350 2103 5420 peritur,
2142 5357 2189 5402 et
2220 5345 2367 5400 latini
2399 5345 2657 5400 sermonis
2685 5348 2919 5396 coarctat
2950 5340 3178 5409 inopiam
3204 5359 3216 5394 :
3249 5357 3451 5410 graecus

1877 5416 2019 5495 enim
2065 5440 2258 5504 habet,
2306 5449 2385 5492 χαι
2426 5443 2539 5505 ipsi;
2584 5446 2697 5505 πρὸς
2730 5439 2897 5494 αὐτοὺς
2925 5442 3097 5498 λίνων,
3125 5432 3263 5502 quod
3292 5416 3451 5488 latine

1876 5532 2102 5599 esprimi
2134 5536 2331 5600 posset,
2369 5539 2423 5582 et
2447 5528 2592 5579 dices
2618 5524 2682 5575 ad
2713 5539 2804 5577 eos
2830 5524 3043 5587 dircus;
3074 5524 3247 5578 minus
3275 5532 3451 5578 autem

1884 5628 2124 5696 odeudit,
2146 5624 2192 5679 si
2219 5623 2447 5690 dicatur,
2471 5622 2530 5672 et
2781 5609 2968 5672 ﬁdem
2990 5616 3213 5685 dicens;
3235 5616 3460 5674 animi.
3490 5676 3501 5688 ⁸
