3902 6302
481 230 588 299 819

479 356 583 413 lius
602 360 687 411 est
707 365 902 425 meo,
924 348 1047 423 quia
1075 355 1130 406 et
1152 348 1243 405 ille
1272 363 1377 404 non
1403 346 1555 414 dixit,
1588 354 1730 411 λέξεις
1756 352 1865 414 πρὸς
1888 346 2059 406 αὖτοὺς

408 448 425 485 ⁸
481 457 639 518 λινῶν,
668 444 785 510 sed,
817 451 931 516 ipsi;
960 452 1070 515 πρὸς
1099 447 1270 503 αὐτοὺς
1295 450 1450 507 λέγων.

414 519 439 600 ἶ
555 536 857 615 [lb.xtt,2.]
874 535 1063 591 Mulier
1086 548 1406 607 quaecumque
1426 529 1839 601 semenreceperit
1856 538 1901 583 et
1913 544 2063 598 pepe-

482 636 603 693 rerit
619 630 917 695 masculum,
936 638 982 684 et
1010 627 1271 682 immunda
1295 626 1389 679 erit
1410 635 1597 695 septem
1613 622 1718 676 dies
1733 637 1751 675 :
1766 620 1933 677 nostri
1955 618 2066 690 ple-

483 730 635 799 rique
661 726 946 782 noluerunt
978 722 1264 778 transferre
1286 761 1302 787 ,
1340 718 1435 775 sed
1464 718 1535 773 ita
1559 718 1845 782 dixerunt,
1878 714 2065 770 Mulier

434 852 437 855 λ
490 832 811 885 rutecumque
833 832 1000 871 semen
1026 812 1263 881 receperit
1293 820 1339 865 et
1369 810 1612 882 pepererit
1640 809 1940 873 masculum,
1966 807 2064 859 im-

497 911 685 966 munda
713 909 808 963 erit
845 915 1033 980 septem
1060 906 1185 960 dies.
1213 902 1308 958 llla
1335 918 1461 973 ergo
1491 902 1688 957 locutio
1723 900 1973 972 quoniam
2012 908 2067 954 et

492 1016 667 1075 grmco
687 999 898 1071 eloquio
918 999 1164 1053 inusitata
1187 1006 1286 1060 est,
1308 1002 1487 1065 posset
1506 1008 1608 1050 nec
1630 994 1681 1047 in
1704 1006 1880 1064 graeco
1896 1000 2068 1046 trans-

496 1094 621 1150 ferri
653 1111 666 1147 :
698 1092 820 1165 quia
848 1106 977 1146 vero
1014 1104 1132 1145 eam
1161 1088 1378 1144 Grmcos
1404 1084 1695 1143 transferre
1732 1098 1838 1140 non
1868 1084 2064 1155 piguit,

491 1202 587 1243 cur
624 1186 839 1242 Latinos
863 1182 1105 1255 piguerit,
1137 1184 1341 1252 ignoro.

564 1280 664 1355 [lb.
695 1276 772 1351 1.]
802 1275 1035 1349 Triginta
1077 1284 1125 1329 et
1170 1284 1267 1329 tres
1308 1274 1413 1327 dies
1450 1274 1467 1305 ¹
1508 1272 1693 1327 sedebit
1732 1272 1799 1347 in
1828 1270 2070 1341 sanguine

490 1372 679 1427 mundo
707 1386 818 1425 suo.
840 1367 1094 1423 Similiter
1119 1374 1174 1420 et
1209 1364 1277 1419 de
1300 1364 1389 1418 illa
1414 1378 1531 1433 qua:
1563 1363 1810 1417 feminam
1837 1361 2066 1431 peperit,

491 1464 689 1521 dictum
719 1472 823 1529 est,
853 1459 1037 1515 sedebit
1073 1460 1127 1512 in
1154 1458 1397 1529 sanguine
1424 1456 1611 1510 mundo
1633 1471 1747 1521 suo,
1775 1454 1870 1510 sed
1895 1454 2071 1525 dupli-

492 1557 627 1611 catis
655 1553 858 1609 eisdem
888 1551 1093 1615 diebus,
1127 1549 1180 1604 id
1203 1557 1305 1615 est,
1332 1549 1601 1617 sexaginta
1620 1562 1713 1602 sex
1734 1546 1940 1603 diebus.
1970 1546 2069 1602 Se~

493 1645 624 1699 debit
653 1659 779 1713 ergo
803 1642 1001 1697 dictum
1035 1649 1117 1695 est
1150 1640 1401 1705 manebit,
1432 1655 1539 1693 non
1563 1639 1704 1694 enim
1733 1653 1827 1709 per
1853 1646 1930 1693 tot
1956 1638 2071 1694 dies

495 1737 563 1792 de
588 1735 719 1791 sella
748 1734 797 1788 ei
827 1748 1044 1803 surgere
1071 1746 1173 1786 non
1204 1731 1413 1786 licebat.

563 1824 661 1898 [lb.
680 1840 793 1888 χιιι,
811 1822 891 1896 2.]
912 1822 1120 1877 Homini
1144 1822 1188 1876 si
1211 1822 1292 1875 cui
1317 1825 1453 1892 facta
1474 1821 1625 1892 fuerit
1651 1821 1704 1874 in
1723 1830 1834 1876 cute
1848 1822 2072 1890 corporis

492 1918 604 1988 ejus
646 1916 856 1969 cicatrix
897 1915 1030 1985 signi
1071 1913 1259 1967 lucida.
1308 1911 1604 1966 Notandum
1653 1912 1951 1967 cicatricem
1992 1912 2071 1967 di-

490 2022 613 2063 cere
639 2008 965 2078 Scripturam
995 2021 1100 2061 non
1127 2004 1391 2073 vulneris,
1424 2004 1519 2060 sed
1543 2006 1701 2060 etiam
1732 2006 1896 2061 solius
1921 2006 2069 2061 colo-

488 2099 563 2154 ris
584 2108 781 2154 notam.

565 2199 666 2271 [11).
695 2197 776 2272 2.]
808 2198 876 2252 Et
905 2198 1056 2269 fuerit
1098 2198 1150 2251 in
1189 2206 1301 2251 cute
1336 2198 1519 2251 coloris
1556 2200 1663 2269 ejus
1685 2206 1849 2251 tactus
1878 2198 2032 2269 leprte
2054 2215 2073 2253 :

492 2300 688 2346 tactum
719 2290 846 2345 dicit
886 2290 1053 2359 ipsam
1093 2289 1351 2343 maculam
1372 2331 1387 2357 ,
1416 2289 1555 2360 quod
1586 2292 1699 2360 ipse
1740 2290 1901 2347 homo
1927 2293 2071 2364 lepra

490 2382 559 2437 sit
584 2391 769 2436 tactus.

568 2481 668 2555 [11).
694 2478 771 2552 5.]
804 2478 872 2535 Et
899 2480 1081 2535 videbit
1106 2498 1218 2536 eum
1243 2483 1496 2549 sacerdos,
1526 2493 1574 2538 et
1614 2485 1893 2556 inquinabit
1919 2502 2028 2541 eum
2054 2502 2073 2540 :

491 2589 592 2645 pro
618 2588 683 2628 eo
707 2571 847 2643 quod
877 2581 979 2637 est,
1011 2571 1341 2643 inquinatum
1371 2575 1752 2645 pronuntiabit.

564 2673 662 2748 [lb.
690 2672 766 2747 5.]
788 2673 856 2728 Et
870 2675 1007 2746 pilus
1024 2676 1111 2746 qui
1140 2687 1209 2731 est
1229 2678 1281 2731 in
1311 2686 1446 2731 tactu
1470 2686 1785 2733 convertatur
1808 2680 1951 2734 albus
1972 2696 1991 2733 :
2021 2678 2073 2733 id

493 2777 596 2833 cst,
625 2774 964 2822 convertatur
992 2768 1044 2822 in
1074 2768 1272 2824 album.

566 2869 664 2943 [lb.
685 2869 764 2944 6.]
790 2871 859 2926 Et
884 2872 1115 2944 purgabit
1144 2888 1261 2926 eum
1280 2873 1551 2940 sacerdos;
1578 2873 1777 2945 signum
1804 2874 1936 2929 enim
1958 2884 2031 2930 est
2054 2892 2073 2931 :

492 2968 771 3030 purgatum
800 2960 1192 3032 pronuntiabit;
1220 2962 1383 3028 sicut,
1406 2962 1717 3033 inquinabit,
1748 2963 1889 3033 quod
1915 2977 2073 3035 supra

494 3050 643 3113 dixit.
676 3051 1003 3123 inquinatum
1032 3052 1412 3122 pronuntiabit.

476 3132 519 3173 ⁸
567 3149 665 3223 [11).
682 3151 734 3218 7,
756 3150 835 3225 8.]
860 3150 928 3206 Et
952 3152 1129 3206 viderit
1157 3169 1268 3206 eum
1288 3153 1542 3220 sacerdos,
1574 3162 1620 3208 et
1639 3171 1749 3209 ecce
1771 3165 2074 3210 commutata

494 3250 565 3295 est
586 3242 888 3313 signiﬁcatio
910 3242 965 3297 in
982 3251 1112 3306 cute,
1133 3252 1181 3297 et
1202 3243 1481 3314 inquinabit
1501 3244 1647 3299 illum
1666 3248 1901 3302 sacerdos
1915 3262 1934 3301 :
1956 3248 2073 3317 plus

494 3330 671 3398 habet,
701 3341 784 3397 et;
813 3346 933 3388 nam
972 3348 1034 3389 ea
1063 3334 1434 3404 conjunctione
1459 3334 1692 3391 detracta
1720 3336 1922 3409 integer
1946 3354 2071 3393 seu--

494 3440 588 3480 sus
613 3433 693 3482 est
720 3425 821 3482 hoc
845 3426 1024 3493 modo,
1058 3426 1121 3482 Si
1148 3438 1315 3482 autem
1340 3444 1578 3483 conversa
1598 3431 1749 3501 fuerit
1772 3432 2072 3501 signiﬁcatio

494 3517 547 3571 in
572 3528 703 3586 cute,
735 3527 1055 3589 posteaquam
1076 3519 1199 3574 vidit
1219 3536 1333 3575 eum
1352 3522 1605 3589 sacerdos,
1625 3531 1679 3575 ut
1706 3533 1883 3593 purget
1902 3522 2067 3590 illum,

494 3618 539 3665 et
568 3610 700 3665 risus
730 3610 881 3681 fuerit
904 3610 1066 3665 denuo
1085 3611 1352 3674 sacerdoti,
1385 3621 1430 3666 et
1459 3613 1635 3667 uiderit
1658 3629 1773 3667 eum
1807 3614 2068 3680 sacerdos,

492 3713 538 3758 et
564 3721 675 3760 ecce
692 3714 997 3760 commutata
1025 3715 1097 3761 est
1123 3705 1425 3777 signiﬁcatio
1452 3706 1501 3759 in
1523 3715 1634 3759 cute
1652 3748 1665 3772 ,
1696 3705 1974 3777 inquinabit
2003 3706 2068 3760 il-

491 3796 595 3850 lum
617 3802 871 3851 sacerdos.

565 3893 665 3966 [lb.
695 3894 751 3959 9,
781 3892 893 3966 10.]
928 3893 996 3948 Et
1020 3904 1181 3950 tactus
1206 3896 1378 3967 lepra,
1410 3897 1453 3949 si
1479 3896 1626 3965 fuerit
1652 3898 1706 3951 in
1736 3897 1955 3965 homine,
1985 3915 2070 3953 ue-

491 3986 593 4040 niet
618 3986 685 4039 ad
708 3985 1037 4054 sacerdotem,
1068 3996 1114 4041 et
1143 3987 1324 4040 uidebit
1359 3988 1589 4041 sacerdos
1608 4029 1624 4054 ,
1653 3998 1699 4041 et
1722 4004 1833 4043 ecce
1860 3991 2071 4044 cicatrix

491 4077 608 4131 alba
634 4078 686 4131 in
715 4086 853 4141 cute,
886 4087 931 4131 et
976 4077 1083 4132 lucc
1120 4078 1331 4132 mutavit
1360 4079 1520 4149 pilum
1544 4080 1749 4147 album,
1789 4090 1835 4135 et
1876 4098 1908 4135 a
1947 4098 2070 4137 sano

490 4170 657 4225 carnis
676 4170 798 4224 victe
816 4170 866 4223 in
887 4170 1117 4224 cicatrice
1138 4186 1157 4224 :
1180 4169 1233 4224 id
1254 4179 1355 4237 est,
1386 4180 1526 4224 muta
1536 4172 1609 4225 vit
1633 4172 1794 4241 pilum
1818 4173 1869 4227 in
1892 4173 2069 4228 album

490 4260 721 4316 colorem
750 4260 803 4315 in
841 4258 1173 4329 cicatricem,
1217 4261 1423 4315 mutavit
1452 4270 1617 4315 autem
1658 4279 1690 4316 a
1734 4279 1859 4317 sano
1902 4264 2071 4321 carnis

488 4355 632 4420 victe,
662 4354 712 4410 id
739 4365 841 4423 est,
869 4357 989 4427 quia
1013 4371 1116 4411 non
1140 4356 1294 4411 talem
1323 4356 1488 4428 pilum
1513 4357 1691 4427 habet,
1713 4358 1855 4429 quod
1881 4373 2067 4415 sanum

488 4457 571 4502 est
597 4449 647 4503 in
668 4464 829 4504 carne
855 4450 1012 4505 vivat.

562 4545 658 4618 [lb.
685 4549 783 4614 45,
811 4548 879 4602 46
904 4547 1023 4621 (α).]
1053 4549 1127 4604 De
1153 4549 1364 4619 leproso
1386 4550 1506 4606 cum
1530 4550 1853 4622 loqueretur,
1881 4557 1972 4619 ait,
2001 4555 2070 4611 Et

490 4636 778 4690 immundus
807 4637 1097 4692 immundus
1130 4639 1417 4706 vocabitur;
1449 4642 1600 4711 quasi
1642 4659 1747 4698 non
1780 4646 1908 4701 satis
1928 4656 2070 4702 esset

490 4727 655 4781 semel
672 4727 869 4793 dicere,
892 4729 1182 4784 immundus
1202 4731 1471 4786 vocabitur.
1495 4734 1808 4805 Quanquam
1830 4739 2068 4793 nonnulli

492 4817 700 4873 codices
726 4818 795 4873 ita
818 4818 1068 4887 habeant,
1093 4822 1142 4873 in
1168 4822 1270 4875 alio
1290 4839 1463 4893 graeco
1486 4824 1557 4878 ita
1583 4825 1879 4881 invenimus
1901 4828 2068 4883 semel

490 4910 715 4976 dictum,
756 4911 1044 4967 immundus
1082 4914 1353 4969 vocabitur.
1392 4916 1521 4971 item
1564 4919 1720 4987 paulo
1748 4929 1865 4988 post
1908 4920 2061 4988 dicit,

488 5003 615 5059 Cum
640 5006 704 5060 sit
732 5006 1052 5072 immundus,
1093 5007 1382 5062 immundus
1407 5012 1532 5076 erit;
1571 5013 1710 5081 quod
1750 5013 1802 5068 in
1847 5015 2066 5069 latinum

487 5093 554 5150 de
578 5111 752 5166 graeco
787 5112 893 5153 non
932 5098 1068 5153 sicut
1107 5100 1333 5169 positum
1360 5110 1442 5156 est
1478 5104 1700 5173 exprimi
1748 5106 1917 5174 potuit
1947 5122 1961 5160 :
1994 5108 2070 5163 ait

488 5190 630 5244 enim
646 5189 1155 5263 Grmcus,&x&6¢prog
1182 5199 1240 5244 ῶν
1266 5197 1524 5265 ἀκάθαρτος
1551 5204 1682 5250 tam
1708 5214 1718 5248 :
1754 5197 1903 5266 quasi
1927 5198 2071 5253 dice-

488 5290 591 5347 ret,
616 5281 917 5338 immundus
941 5287 1194 5351 existens,
1224 5285 1526 5361 immutatus
1546 5289 1647 5341 erit
1672 5306 1683 5341 :
1718 5290 1809 5344 sed
1836 5306 1938 5343 non
1969 5290 2069 5346 hoc

490 5380 571 5425 est
612 5373 873 5439 existens,
906 5374 1046 5443 quod
1092 5390 1292 5444 graecus
1321 5376 1446 5430 dicit
1473 5385 1558 5443 ὤν,
1604 5378 1695 5432 sed
1740 5380 1783 5434 si
1814 5379 1915 5434 dici
1946 5398 2069 5452 pos-

490 5594 534 5640 Π
554 5533 736 5643 ista???
772 5545 859 5583 sea;
883 5532 1004 5583 dies.
1044 5532 1136 5583 Sed
1166 5534 1319 5599 liquet
1350 5534 1612 5599 legendum
1648 5538 1727 5588 hic
1759 5538 1897 5599 juxta
1930 5547 2069 5606 LXX,

537 5615 551 5638 ι
715 5629 727 5641 .

537 5615 551 5638 ι
563 5615 586 5640 ὕ
608 5615 727 5641 ιιιεδ.

478 5743 484 5752 υ
553 5669 627 5735 (a)
648 5674 763 5725 Hinc
784 5673 909 5727 liber
931 5677 1108 5733 tertius
1128 5678 1289 5742 incipit
1308 5682 1355 5729 in
1383 5682 1514 5743 prius
1537 5682 1697 5735 editis.

1285 222 1721 283 LOCUTIONUM
1760 223 1818 279 s.
1858 216 2226 281 AUGUSTINI
2268 220 2334 280 IN
2371 218 2928 285 unumunum
3230 189 3253 199 ³
3324 231 3330 271 2
3637 234 3728 297 δα,

2171 350 2271 405 set,
2302 355 2507 409 essetis,
2538 340 2606 397 ab
2628 358 2691 399 eo
2717 344 2855 415 quod
2895 352 2978 401 est
3000 330 3119 401 esse
3136 388 3150 415 ,
3182 361 3287 403 non
3313 347 3380 405 ab
3402 325 3632 423 eoquod
3656 368 3722 414 est

2169 433 2416 490 existere.

2242 524 2340 598 [lb.
2366 542 2483 594 xm,
2516 527 2629 601 47.]
2660 527 2728 583 Et
2747 531 3034 586 uestimento
3069 530 3115 588 si
3133 533 3281 603 fuerit
3316 535 3371 589 in
3398 553 3453 590 eo
3480 546 3639 595 tactus
3668 544 3727 598 le-

2170 634 2312 689 pra:
2345 620 2515 690 potuit
2540 622 2733 678 usitate
2775 623 2848 679 ita
2889 624 3099 693 dicere,
3148 625 3216 681 Et
3240 627 3293 683 in
3340 632 3650 690 vestimento
3685 638 3720 692 si

2168 708 2329 767 fuerit
2349 721 2520 768 tactus
2544 713 2725 784 leprae.

2242 802 2460 879 {lb.5i.]
2485 803 2587 861 Aut
2610 807 2663 863 in
2692 810 2828 863 omni
2846 826 2962 865 vase
2982 812 3212 881 pelliceo,
3238 815 3291 869 in
3312 832 3617 891 quocumque
3637 826 3729 892 fue-

2169 896 2237 949 rit
2263 897 2316 950 in
2340 914 2399 952 eo
2428 908 2588 955 tactus
2613 916 2627 957 :
2657 911 2862 973 poterat
2892 904 3021 960 satis
3044 919 3183 973 esse,
3212 907 3267 962 in
3294 925 3601 982 quocumque
3632 919 3726 986 fuso

2171 987 2235 1041 rit
2261 998 2447 1045 tactus.

2244 1078 2343 1152 [lb.
2383 1080 2497 1155 55.]
2548 1082 2615 1137 Et
2645 1100 2757 1140 ecce
2801 1102 2903 1141 non
2945 1092 3265 1145 commutavit
3293 1101 3451 1149 tactus
3492 1108 3728 1168 aspectum

2172 1185 2320 1223 suum
2345 1186 2363 1223 :
2390 1170 2441 1225 id
2482 1181 2566 1226 est
2588 1174 2820 1229 colorem
2863 1176 2917 1232 in
2960 1194 3118 1249 quem
3144 1182 3425 1251 aSpicitur;
3467 1202 3573 1243 non
3600 1193 3722 1245 enim

2173 1272 2445 1332 aspectum
2475 1280 2581 1335 quo
2607 1266 2719 1337 ipse
2740 1268 2966 1339 aspicit:
2994 1280 3193 1327 tactum
3220 1275 3411 1347 quipm
3430 1279 3596 1349 ipsam
3622 1297 3722 1339 ma-

2174 1356 2345 1409 culam
2374 1356 2520 1412 dicit.

2249 1446 2347 1520 [lb.
2381 1464 2496 1518 xlv,
2532 1450 2643 1523 l5.]
2663 1451 2727 1505 Et
2754 1455 3005 1524 accipiens
3031 1458 3263 1514 sacerdos
3287 1462 3350 1515 de
3389 1462 3588 1518 hemina
3611 1466 3724 1534 olei,

2175 1541 2503 1610 superfundet
2567 1543 2620 1596 in
2685 1561 2891 1599 manum
2947 1549 3219 1605 sacerdotis
3281 1554 3536 1610 sinistram
3576 1573 3595 1611 :
3639 1575 3728 1614 non

2176 1631 2326 1697 dixit,
2358 1633 2410 1688 in
2437 1650 2648 1690 manum
2675 1652 2824 1692 suam
2848 1639 3137 1710 sinistram,
3166 1657 3284 1698 cum
3316 1646 3496 1718 utique
3521 1649 3571 1703 in
3594 1664 3723 1706 suam

2176 1722 2351 1780 faciet.

2248 1814 2348 1887 [lb.
2380 1832 2472 1881 xv,
2502 1817 2580 1891 2.]
2622 1818 2761 1888 Viro,
2788 1823 2894 1877 viro
2918 1825 3212 1898 cuicumque
3236 1832 3388 1900 fuerit
3413 1833 3564 1903 fluor.

2248 1906 2347 1980 [lb.
2375 1908 2486 1982 16.]
2522 1909 2591 1965 Et
2616 1912 2763 1969 homo
2790 1916 3082 1988 cuicumque
3105 1921 3281 1977 exierit
3308 1940 3373 1979 ea:
3390 1942 3447 1981 eo
3465 1932 3727 1984 concubitus

2174 2000 2391 2056 seminis.

2249 2088 2347 2163 [lb.
2374 2090 2488 2164 2L]
2519 2092 2586 2147 Et
2632 2110 2778 2150 omne
2821 2115 2973 2170 super
2999 2103 3350 2177 quodcumque
3394 2109 3576 2164 dormit
3599 2128 3726 2181 supa'

2176 2182 2306 2236 illud
2328 2199 2347 2237 :
2372 2192 2417 2237 et
2443 2200 2589 2239 omne
2620 2202 2773 2257 super
2805 2190 2940 2259 quod
2964 2193 3147 2248 sederit
3174 2212 3325 2267 super
3352 2198 3501 2268 illud,
3532 2201 3726 2255 immun-

2176 2277 2297 2330 dum
2322 2279 2434 2332 erit.

2250 2367 2346 2441 [lb.
2375 2386 2486 2438 xvn,
2516 2372 2631 2445 21.]
2662 2373 2729 2428 Et
2746 2376 2934 2431 emittet
2972 2378 3025 2432 in
3066 2395 3220 2433 manu
3256 2376 3477 2438 hominis
3504 2386 3657 2455 parati
3686 2386 3729 2439 in

2177 2476 2435 2515 eremum:
2464 2462 2515 2517 id
2545 2472 2647 2531 est,
2678 2466 2886 2522 emittet
2906 2468 2957 2521 in
2988 2484 3229 2525 eremum
3260 2472 3310 2525 in
3339 2489 3502 2528 manu
3532 2475 3730 2530 hominis

2175 2550 2244 2605 ad
2274 2552 2375 2608 hoc
2398 2555 2598 2623 parati;
2632 2554 2697 2610 dc
2722 2555 2868 2612 hirco
2883 2560 3161 2616 emissario
3182 2561 3497 2633 loquebatur
3515 2581 3625 2620 cum
3645 2565 3731 2619 hoc

2176 2641 2413 2700 diceret:
2447 2647 2735 2704 notandum
2774 2660 2856 2706 est
2900 2660 3078 2708 autem
3114 2656 3381 2725 quomodo
3424 2656 3562 2713 dicat
3603 2658 3729 2714 Scri-

2178 2744 2350 2805 ptura,
2374 2738 2427 2792 in
2452 2755 2625 2795 manu.

2250 2827 2348 2900 [lb.
2371 2844 2501 2895 xvu,
2518 2830 2598 2903 5.]
2630 2830 2819 2899 Homo,
2843 2836 2991 2889 honto
3012 2836 3232 2905 ﬁliorum
3254 2837 3423 2893 Israel
3445 2855 3465 2894 :
3491 2839 3541 2895 id
3566 2848 3656 2906 est,
3674 2854 3728 2893 ex

2178 2920 2298 2975 ﬁliis
2326 2921 2523 2989 Israel;
2553 2925 2653 2979 ista
2697 2936 2873 2982 autem
2900 2930 3147 2999 repetitio
3174 2930 3467 3000 quemlibet
3492 2934 3728 2988 hominem

2178 3012 2386 3067 videtur
2404 3014 2720 3083 significare,
2748 3016 2800 3071 id
2825 3028 2925 3084 est,
2955 3020 3045 3075 ille
3069 3031 3161 3075 aut
3189 3022 3294 3077 ille.

2250 3101 2352 3175 [lb.
2380 3120 2533 3170 xvnt,
2565 3104 2641 3177 7.]
2682 3105 3068 3179 Turpitudinem
3099 3113 3257 3180 patris
3298 3115 3373 3167 tui
3413 3125 3464 3169 et
3484 3115 3730 3187 turpitudi-

2177 3209 2288 3247 nem
2314 3196 2489 3248 matris
2518 3204 2619 3249 tua:
2650 3212 2752 3251 non
2777 3199 3055 3254 reuelabis:
3087 3202 3185 3257 hac
3211 3203 3480 3261 locutione
3507 3205 3728 3263 concubi-

2180 3293 2288 3339 tum
2316 3287 2481 3340 vetuit
2504 3302 2626 3341 cum
2655 3288 2737 3343 his
2764 3291 3026 3360 personis.

2248 3376 2345 3449 [lb.
2373 3377 2484 3451 M.]
2514 3378 2894 3449 Turpitudinem
2914 3384 3089 3453 fratris
3101 3386 3261 3456 patris
3284 3387 3357 3441 tui
3379 3404 3485 3443 non
3501 3387 3727 3452 reuelabis,

2176 3482 2223 3525 et
2250 3472 2319 3525 ad
2346 3489 2554 3528 uxorem
2581 3476 2691 3546 ejus
2732 3492 2831 3531 non
2860 3477 3088 3534 introibis
3119 3496 3138 3534 :
3180 3483 3467 3554 propinqua
3500 3486 3622 3539 enim
3658 3494 3729 3536 tua

2176 3573 2247 3617 est
2266 3578 2286 3617 :
2313 3574 2359 3618 et
2386 3566 2591 3634 posuit,
2643 3581 2741 3636 pro
2772 3567 2822 3621 id
2851 3578 2960 3632 est;
2993 3569 3129 3625 hanc
3153 3572 3294 3627 enim
3322 3574 3452 3629 dicit
3484 3573 3730 3646 turpitudi-

2176 3672 2297 3712 nem
2319 3656 2496 3711 fratris
2512 3658 2676 3727 patris
2696 3658 2831 3729 ejus,
2855 3660 2907 3715 id
2925 3670 3026 3730 est,
3047 3665 3424 3733 turpitudinem
3447 3668 3629 3738 patrui,
3650 3679 3727 3736 pu-

2179 3746 2351 3801 denda
2378 3748 2557 3802 uxoris
2578 3749 2772 3817 patrui.

2247 3838 2344 3912 [lb.
2361 3837 2475 3911 25.]
2502 3839 2562 3893 Et
2582 3841 2841 3896 exhorruit
2859 3852 2993 3898 terra
3011 3860 3094 3899 eos
3107 3847 3193 3916 qui
3209 3846 3426 3901 insident
3446 3863 3589 3920 super
3603 3861 3699 3900 eam
3714 3858 3729 3895 :

2176 3932 2226 3986 id
2257 3942 2357 3998 est,
2388 3933 2543 3988 sedes
2569 3934 2783 4002 habent,
2812 3936 2951 4006 quod
2979 3947 3059 3992 est
3088 3938 3344 3994 habitant.

2248 4025 2345 4098 [lb.
2383 4043 2514 4092 nx,
2546 4025 2623 4098 9.]
2672 4028 2735 4082 Et
2775 4031 3154 4099 permetentibus
3192 4033 3326 4088 vobis
3351 4049 3555 4089 messem
3603 4042 3728 4086 terra

2175 4128 2378 4186 vestrae,
2412 4135 2512 4172 non
2542 4120 2808 4189 per/icietis
2834 4136 3039 4175 messem
3085 4133 3297 4177 vestram
3321 4126 3435 4195 agri
3462 4124 3533 4178 tui
3559 4136 3727 4193 perme-

2176 4216 2295 4262 tere.
2328 4207 2439 4283 Hoc
2468 4208 2609 4279 quod
2642 4224 2670 4262 a
2701 4209 2886 4279 plurali
2912 4211 3092 4281 coepit,
3123 4221 3178 4266 et
3206 4212 3272 4266 ad
3297 4214 3612 4283 singularem
3644 4225 3728 4263 nu-

2174 4313 2379 4353 merum
2409 4300 2733 4365 terminavit,
2764 4300 3005 4370 plerique
3034 4301 3177 4357 latini
3205 4304 3536 4373 interpretari
3565 4303 3729 4358 nolue-

2175 4400 2317 4459 runt,
2345 4392 2437 4447 sed
2458 4391 2724 4459 dixerunt,
2752 4394 2862 4465 agri
2882 4395 3047 4460 vestri,
3076 4395 3164 4449 ubi
3188 4395 3384 4451 dictum
3413 4406 3497 4453 est
3521 4396 3624 4467 agri
3644 4394 3723 4456 tui,

2173 4482 2323 4552 quasi
2345 4496 2550 4551 graecus
2593 4484 2690 4538 hoc
2720 4499 2824 4539 non
2856 4495 3034 4555 posset
3060 4486 3237 4542 dicere
3265 4506 3277 4541 :
3306 4492 3474 4560 magis
3505 4503 3624 4559 ergo
3655 4486 3723 4540 lo-

2173 4574 2316 4629 cutio
2339 4575 2568 4631 notanda
2595 4575 2688 4630 fuit
2709 4592 2869 4647 quam
2893 4578 3243 4634 emendanda.

2244 4664 2342 4738 [lb.
2366 4681 2460 4733 xx,
2492 4664 2603 4739 17.]
2635 4669 2943 4739 Quicumque
2965 4672 3212 4741 acceperit
3240 4688 3461 4726 sororem
3504 4687 3638 4725 suam
3666 4684 3720 4722 es:

2174 4768 2317 4828 patre
2338 4776 2429 4814 suo
2450 4771 2536 4814 aut
2562 4777 2624 4815 ea:
2648 4772 2806 4817 matre
2830 4779 2943 4826 sua,
2969 4774 3017 4817 et
3040 4764 3216 4818 viderit
3240 4766 3590 4835 turpitudinem
3608 4764 3719 4834 ejus,

2172 4860 2216 4904 et
2243 4851 2355 4921 ipsa
2385 4853 2561 4906 viderit
2586 4854 2943 4924 turpitudinem
2982 4856 3121 4925 ejus,
3167 4858 3521 4928 turpitudinem
3558 4855 3721 4911 sororis

2171 4958 2276 4996 sua:
2298 4945 2547 5009 reuelauit,
2579 4956 2834 5014 peccatum
2860 4962 3006 5001 suum
3032 4949 3277 5019 accipient
3301 4966 3320 5003 :
3344 4959 3607 5021 peccatum
3634 4961 3718 5017 p0-

2172 5034 2277 5087 suit
2308 5049 2402 5103 pro
2431 5048 2585 5103 pinna
2615 5037 2834 5105 peccati.

2245 5122 2345 5196 [lb.
2386 5122 2501 5197 25.]
2532 5124 2600 5180 Et
2639 5126 2959 5199 segregabitis
2998 5131 3323 5200 vosmetipsos
3356 5133 3482 5186 inter
3523 5126 3719 5183 medium

2176 5231 2411 5284 pecorum
2431 5217 2766 5285 mundorum,
2807 5230 2852 5274 et
2876 5220 3007 5273 inter
3031 5220 3249 5275 medium
3268 5237 3497 5292 pecorum
3524 5221 3717 5272 immuno

2174 5308 2371 5375 dorum,
2401 5318 2448 5363 et
2475 5309 2604 5363 inter
2621 5310 2841 5364 medium
2864 5312 3122 5365 volucrum
3144 5314 3441 5367 mundorum
3461 5322 3504 5365 et
3524 5312 3716 5363 immun-

2173 5401 2373 5456 darum.
2406 5402 2744 5475 Segregabitis
2771 5404 3330 5475 vosmetipsosydixit,
3375 5406 3499 5458 inter
3525 5399 3715 5455 medium

2174 5494 2475 5549 mundorum
2527 5505 2573 5549 et
2635 5496 3041 5563 immundorum,
3094 5498 3344 5567 quoniam
3407 5500 3713 5565 segregantur

2175 5586 2370 5644 munda
2386 5587 2455 5642 ab
2473 5588 2777 5656 immundis,
2803 5590 2882 5644 vel
2904 5605 2934 5644 a
2955 5588 3165 5645 mundis
3184 5589 3448 5643 immunda
3469 5605 3482 5640 :
3506 5597 3629 5639 nova
3647 5583 3713 5632 est

2177 5680 2394 5737 omnino
2419 5681 2635 5739 locutio.
2663 5668 2817 5740 Aliud
2842 5691 2924 5739 est
2950 5682 3112 5754 enim,
3139 5682 3445 5758 Segregahis
3467 5681 3595 5738 inter
3614 5685 3711 5731 tuc-
