3902 6312
229 314 336 381 521

230 429 384 486 dium
410 444 665 503 pecorum
686 429 1024 497 mundorum,
1058 438 1111 485 et
1140 420 1277 485 inter
1305 425 1536 482 medium
1573 442 1826 498 pecorum

232 522 635 576 immundorum
657 564 671 588 ,
703 522 838 577 sicut
878 521 1171 592 saepissime
1197 517 1342 591 loqui
1371 519 1542 584 solet;
1576 518 1718 572 aliud
1746 527 1830 574 est

233 613 380 682 quod
410 613 569 669 modo
596 614 689 677 ait,
722 612 1059 685 Segregabitis
1082 612 1428 682 vosmetipsos,
1463 619 1710 680 tanquam
1741 610 1828 665 illa

234 705 309 757 ab
321 704 586 759 alterutris
602 712 959 775 segregantcs,
978 704 1183 774 scipsos
1199 702 1551 773 segregentab
1566 702 1823 772 utrisque,

236 805 489 867 tanquam
510 797 799 867 iudicando
827 797 963 851 inter
984 806 1224 866 utraque.

312 888 412 960 [11).
441 904 551 952 xxr,
583 887 661 961 1.]
679 888 776 941 Dic
808 887 1147 943 sacerdotibus
1177 887 1296 957 ﬁliis
1314 886 1503 953 Aaron,
1538 896 1583 941 et
1602 887 1739 941 dices
1758 886 1826 939 ad

234 998 343 1046 eos,
367 981 433 1035 In
453 982 717 1036 animabus
737 999 836 1035 non
856 981 1249 1053 inquinabuntur
1266 982 1318 1035 in
1341 989 1483 1053 gente
1507 996 1700 1047 eorum,
1728 980 1827 1033 nisi

231 1076 291 1127 in
331 1075 616 1146 propinquo
641 1075 727 1144 qui
752 1075 1014 1145 proximus
1051 1084 1124 1128 est
1161 1074 1276 1129 eis:
1306 1073 1357 1128 in
1398 1074 1542 1128 luctu
1579 1073 1706 1128 dicit
1734 1073 1825 1143 qui

232 1166 465 1222 debetur
505 1166 780 1221 animabus
809 1166 1206 1232 defunctorum;
1246 1165 1366 1221 ideo
1405 1165 1547 1220 enim
1592 1165 1819 1235 lugetur,

232 1257 359 1327 quia
383 1266 745 1313 excesserunt.

306 1336 408 1423 [11).
432 1348 511 1423 5,]
544 1349 611 1404 Et
639 1351 890 1405 calvitium
916 1366 1017 1405 non
1041 1350 1289 1405 radentini
1309 1366 1462 1422 super
1479 1356 1751 1413 mortuum,
1775 1356 1822 1401 et

230 1457 390 1511 super
417 1456 588 1495 carnes
617 1458 737 1496 suas
765 1457 863 1495 non
888 1441 1125 1495 secabant
1150 1441 1389 1495 sectiones
1412 1456 1430 1493 :
1462 1439 1653 1494 usitata
1680 1445 1823 1493 esset

231 1533 455 1601 locutio,
484 1548 669 1590 carnes
693 1548 816 1589 suas
846 1550 951 1589 non
979 1534 1235 1589 secabunt
1259 1532 1605 1589 sectionibus.

306 1626 405 1700 [11).
427 1628 479 1693 7,
499 1625 575 1699 8.]
603 1626 869 1682 Mulierem
895 1627 1224 1697 [aruit-ariam
1248 1636 1297 1680 et
1319 1627 1590 1697 profanam
1608 1640 1710 1679 non
1733 1639 1820 1678 ac-

227 1722 419 1791 cipient
435 1762 450 1787 ,
480 1730 527 1775 et
554 1720 813 1775 mulierem
837 1721 1047 1792 ejectum
1073 1736 1105 1773 a
1131 1720 1238 1773 viro
1278 1734 1403 1784 suo;
1432 1718 1668 1791 quoniam
1693 1733 1818 1772 san-

228 1823 342 1867 ctus
368 1823 442 1867 est
467 1811 687 1867 Domino
723 1812 829 1867 Deo
856 1829 948 1867 suo
971 1828 991 1867 :
1015 1827 1119 1867 non
1163 1811 1329 1877 dixit,
1372 1810 1622 1881 quoniam
1649 1809 1816 1863 sancti

228 1916 377 1975 sunt,
406 1907 502 1962 sed
532 1916 779 1977 tanquam
806 1906 873 1961 de
901 1920 1006 1961 uno
1033 1905 1360 1976 loqueretur,
1388 1918 1510 1959 cum
1535 1901 1761 1972 coeperit
1788 1917 1815 1954 a

227 1998 442 2066 plurali.
488 1998 688 2053 Deinde
731 1997 971 2067 sequitur
1014 1996 1369 2066 singulariter,
1422 1993 1771 2064 Sanctiﬁcabit
1799 1992 1815 2024 ¹

228 2104 344 2143 eum
363 2129 378 2153 ,
408 2088 542 2142 dona
579 2087 787 2142 Domini
827 2086 921 2141 Dei
943 2088 1092 2141 vestri
1118 2088 1209 2141 iste
1236 2086 1443 2153 offeret;
1482 2094 1684 2140 sanctus
1707 2093 1814 2150 est,

226 2183 465 2249 quoniam
490 2192 692 2234 sanctus
715 2195 805 2250 ego
825 2177 1073 2234 Dominus
1091 2180 1178 2250 qui
1197 2178 1457 2248 sancti/ica
1476 2194 1562 2233 eos
1587 2193 1605 2232 :
1629 2192 1817 2233 rursus

230 2272 297 2325 ad
332 2272 588 2342 pluralem
618 2272 896 2327 conclusit.

302 2363 402 2436 [11).
433 2378 573 2430 xx",
608 2360 719 2435 11.]
748 2363 809 2419 Si
837 2372 1003 2417 autem
1021 2362 1259 2417 sacerdos
1290 2361 1564 2433 possederit
1594 2362 1816 2414 animant

224 2465 445 2527 emptam
470 2458 703 2526 pecunia,
743 2457 824 2510 hic
850 2456 960 2510 edet
989 2455 1051 2509 de
1085 2455 1299 2526 panibus
1323 2455 1473 2525 ejus:
1503 2467 1609 2508 non
1639 2452 1812 2519 dixit,

225 2548 346 2603 haec
369 2548 511 2611 edet,
544 2563 663 2603 cum
704 2548 935 2601 animam
961 2546 1176 2612 dixerit,
1206 2562 1322 2617 qua:
1363 2546 1574 2616 generis
1611 2552 1695 2599 est
1736 2545 1819 2600 fe-

227 2639 451 2703 minini;
479 2640 571 2694 sed
602 2640 775 2709 potius
802 2639 868 2692 ad
895 2638 1023 2693 illud
1048 2639 1281 2707 respexit
1305 2636 1444 2707 quod
1470 2651 1564 2706 per
1583 2634 1814 2691 animam

226 2732 529 2799 significare
559 2730 747 2797 voluit,
781 2729 831 2783 id
856 2738 939 2785 est
968 2729 1259 2784 hominem.

302 2823 402 2895 [11).
428 2822 542 2896 19η]
570 2822 635 2877 Et
654 2824 763 2893 ﬁlia
793 2822 1010 2877 hominis
1035 2821 1309 2877 sacerdotis
1328 2822 1372 2875 si
1395 2822 1546 2891 fuerit
1571 2822 1677 2875 viro
1693 2820 1816 2874 alie-

225 2916 424 2986 nigena:
448 2931 466 2968 :
496 2915 546 2969 id
572 2924 674 2979 est,
700 2914 744 2969 si
773 2916 1016 2984 nupserit
1045 2913 1159 2967 viro
1178 2913 1509 2983 alienigenas.

301 3005 403 3079 [11).
428 3005 518 3071 26,
547 3004 661 3078 27.]
688 3004 755 3059 Et
788 3005 983 3059 locutus
1010 3012 1083 3057 est
1111 3001 1362 3057 Dominus
1398 3003 1465 3056 ad
1490 3002 1702 3074 Moysen
1730 3002 1814 3057 di-

224 3114 363 3165 cens,
407 3096 627 3151 Vitulum
656 3106 745 3152 aut
768 3114 907 3152 ovem
931 3106 1020 3152 aut
1044 3114 1271 3170 capram,
1296 3113 1412 3151 cum
1438 3105 1609 3150 natum
1639 3096 1809 3167 fuerit,

224 3198 272 3241 et
303 3191 396 3242 erit
416 3199 607 3260 septem
631 3190 736 3244 dies
755 3188 848 3244 sub
876 3200 1036 3244 matre
1057 3206 1151 3244 sua
1170 3207 1188 3244 :
1214 3190 1333 3259 plus
1356 3188 1561 3244 videtur
1588 3187 1809 3256 habere,

225 3290 307 3345 et,
350 3280 640 3335 secundum
682 3282 1055 3337 usitatissimas
1084 3282 1379 3337 locutiones
1417 3283 1468 3335 in
1496 3282 1808 3351 Scripturis,

223 3387 358 3440 quas
388 3373 537 3428 latini
557 3374 794 3444 plerique
822 3374 1111 3429 transferre
1133 3375 1436 3450 noluerunt.

300 3465 401 3538 [11).
430 3465 543 3538 52.]
576 3465 643 3519 Et
671 3467 1024 3536 sanctiﬁcabor
1066 3468 1119 3520 in
1148 3468 1310 3521 medio
1340 3467 1563 3538 filiorum
1604 3466 1811 3523 Israel:

224 3557 369 3626 quod
413 3568 524 3623 est,
581 3570 796 3613 sanctus
839 3559 1103 3626 habebor;
1150 3574 1324 3629 neque
1363 3560 1503 3614 enim
1556 3559 1810 3615 Dominus

225 3651 385 3702 etiam
417 3660 609 3719 prmter
647 3650 782 3705 ﬁlios
818 3651 979 3706 Israel
1009 3668 1113 3705 non
1142 3660 1224 3707 est
1262 3660 1497 3705 sanctus.
1542 3650 1617 3705 Eo
1649 3665 1808 3705 sensu

224 3741 424 3795 dictum
456 3751 538 3797 est
573 3751 628 3797 et
670 3743 720 3797 in
756 3745 994 3799 oratione
1015 3745 1300 3811 dominica,
1336 3745 1692 3814 Sanctiﬁcetur
1718 3761 1809 3798 no-

226 3849 340 3886 men
372 3844 517 3887 tuum
554 3834 767 3901 (Matth.
794 3851 867 3903 ν),
893 3836 971 3905 9),
1022 3836 1071 3890 id
1120 3845 1238 3902 est,
1286 3843 1526 3890 sanctum
1552 3834 1809 3890 habeatur

225 3929 294 3982 ab
321 3928 643 3984 hominibus.

285 4063 307 4131 ,ι
334 4061 468 4131 Edili,
486 4061 800 4131 semetipsum.
818 4070 947 4115 Mss.
970 4062 1302 4128 Sanctiﬁcabil.
1329 4061 1460 4125 Apud
1480 4067 1608 4122 Lxx,
1636 4060 1810 4125 παρία-

222 4122 347 4184 seis,
361 4122 704 4188 Sanctiﬁcabis.

1589 308 1793 368 LIBER
1829 301 2168 382 QUARTUS.

2009 425 2106 500 [11).
2125 425 2368 502 xxrit,2.]
2394 425 2619 501 Loquere
2639 428 2709 487 ad
2732 433 2866 502 ﬁlios
2893 426 3078 499 Israel.
3101 443 3147 491 et
3167 439 3300 495 dices
3322 442 3392 495 ad
3403 457 3515 509 eos,

1935 520 2195 575 Solemnia
2224 518 2432 577 Domini
2452 538 2565 594 qua:
2587 526 2826 581 vocabitis
2849 538 3022 583 vocata
3047 541 3241 599 sancta,
3269 534 3366 588 ista
3397 548 3516 592 sunt

1933 610 2178 665 solemnia
2215 628 2369 669 mea:
2397 630 2486 669 sea:
2520 615 2693 672 diebus
2732 618 2886 689 facies
2924 636 3078 690 opera
3102 638 3120 675 :
3144 636 3265 679 cum
3294 625 3360 679 ad
3398 627 3512 696 plu-

1933 716 2021 757 res
2046 702 2363 775 loquendum
2402 705 2612 774 dixerit,
2641 717 2890 779 tanquam
2916 711 2983 766 ad
3024 728 3184 768 unum
3216 724 3398 786 postea
3431 718 3513 773 lo-

1932 794 2128 864 quitur.

2004 886 2101 961 [11).
2123 890 2189 945 15
2202 899 2248 944 et
2269 889 2380 964 16.]
2410 890 2476 946 Et
2495 893 2819 949 numerabitis
2845 896 2981 950 vobis
3006 913 3037 950 a
3056 897 3137 952 die
3157 901 3375 955 crastino
3392 903 3511 957 sab-

1931 979 2034 1033 bati
2052 997 2151 1050 qua
2171 981 2403 1037 obtulerit
2425 983 2672 1055 gremium
2689 987 3123 1056 superpositionis,
3147 1002 3336 1059 septem
3357 993 3514 1063 septi-

1930 1086 2109 1127 manas
2145 1073 2367 1145 integras
2410 1076 2694 1131 numerabis
2718 1092 2737 1131 :
2767 1093 2870 1131 non
2916 1077 3078 1148 dixit,
3124 1084 3508 1154 numerabitis,

1929 1175 2048 1217 cum
2074 1163 2141 1218 ad
2167 1164 2349 1235 plures
2377 1165 2623 1235 superius
2653 1166 2982 1238 loqueretur.

2003 1250 2251 1324 [lb.xx1v,
2270 1253 2381 1327 11.]
2404 1254 2599 1311 Etcum
2616 1258 2921 1313 nominasset
2939 1260 3078 1328 ﬁlius
3096 1262 3319 1317 mulieris
3342 1263 3513 1321 Israe-

1928 1342 2106 1410 litidis,
2131 1361 2311 1399 nomen
2337 1346 2597 1401 maledixit
2623 1365 2637 1403 :
2667 1362 2786 1403 cum
2815 1349 2901 1405 hic
2928 1365 3033 1406 non
3060 1352 3356 1421 addiderit,
3390 1357 3508 1425 Dei,

1926 1432 2262 1489 manifestum
2291 1444 2375 1490 est
2414 1446 2589 1492 tamen
2620 1453 2813 1493 nomen
2842 1439 2937 1494 Dei
2965 1455 3083 1496 esse
3109 1443 3509 1515 intelligendum

1925 1524 2010 1577 cui
2040 1525 2331 1581 maledixit.

1998 1613 2098 1687 [11).
2134 1613 2246 1687 15.]
2273 1613 2461 1684 Homo,
2507 1617 2657 1671 homo
2684 1618 2729 1672 si
2766 1619 3083 1676 maledixerit
3121 1622 3319 1695 Deum,
3360 1646 3508 1685 suum

1925 1715 2182 1778 peccatum
2208 1708 2436 1775 accipiet.
2478 1708 2617 1764 Ecce
2661 1709 2748 1765 ubi
2790 1709 2920 1767 satis
2962 1726 3181 1785 apparet
3225 1717 3508 1776 locutionis

1922 1813 2064 1864 esse,
2094 1813 2215 1853 cum
2234 1799 2447 1866 dicitur,
2477 1798 2666 1865 Homo,
2693 1801 2863 1870 homo,
2885 1813 3132 1876 tanquam
3157 1808 3319 1876 dicat,
3343 1810 3506 1867 homo

1923 1890 2011 1946 ille
2031 1900 2123 1947 aut
2144 1892 2234 1947 ille
2251 1934 2267 1959 ,
2291 1892 2393 1949 hoc
2416 1901 2499 1948 est
2535 1894 2853 1966 quicumque
2875 1896 3069 1952 homo:
3098 1915 3203 1955 non
3234 1903 3370 1958 sicut
3388 1906 3509 1975 qui-

1923 1981 2044 2036 dam
2076 1990 2416 2053 putaverunt,
2458 1983 2647 2051 Homo,
2680 1985 2830 2041 homo
2858 1987 2929 2042 ita
2956 1988 3081 2051 dici.
3116 2000 3363 2063 tanquam
3394 1995 3508 2051 lau-

1922 2071 2169 2128 dabiliter
2211 2084 2562 2148 nuncupetur,
2609 2091 2672 2132 ac
2714 2077 2761 2133 si
2802 2078 3104 2148 diceretur,
3158 2082 3364 2153 Homo,
3410 2088 3506 2144 sed

1922 2163 2114 2230 homo;
2145 2164 2196 2219 id
2223 2175 2324 2233 est,
2356 2182 2460 2222 non
2486 2169 2889 2239 qualiscumque
2916 2171 3060 2226 velut
3086 2173 3276 2229 similis
3300 2179 3502 2247 pecori,

1920 2257 2015 2313 sed
2040 2258 2129 2328 qui
2152 2273 2278 2313 vere
2302 2258 2371 2313 sit
2395 2259 2552 2314 homo
2575 2277 2589 2314 :
2619 2274 2775 2330 quem
2798 2276 3014 2317 sensum
3034 2279 3140 2319 non
3162 2279 3280 2320 esse
3297 2282 3502 2335 verum,

1921 2348 2016 2403 sed
2066 2350 2346 2405 locutionis
2391 2351 2492 2405 hoc
2535 2366 2656 2408 esse
2705 2353 3133 2425 Scripturarum,
3187 2370 3371 2429 aperte
3417 2360 3506 2416 hic

1922 2438 2239 2504 ostenditur,
2286 2455 2406 2494 cum
2449 2442 2499 2495 in
2539 2457 2604 2497 eo
2645 2442 2840 2498 dicitur
2879 2445 2967 2516 qui
2996 2448 3259 2516 culpatur,
3283 2466 3389 2506 non
3414 2454 3504 2523 qui

1923 2527 2187 2585 laudatur.

1994 2619 2093 2694 [11).
2112 2638 2233 2687 xxv,
2264 2622 2377 2695 46.]
2403 2622 2533 2678 Cum
2556 2624 2623 2679 de
2643 2627 2813 2682 servis
2828 2637 3025 2698 ageret.
3047 2646 3181 2699 quos
3204 2633 3388 2688 liceret
3408 2636 3504 2690 ha-

1920 2712 2051 2769 bere
2077 2712 2349 2780 lsraelitis,
2377 2713 2446 2768 Et
2474 2725 2620 2769 erunt
2648 2717 2804 2784 vobis,
2833 2718 3021 2789 inquit,
3051 2722 3103 2775 in
3143 2727 3503 2793 possessionem

1919 2804 1972 2858 in
1999 2814 2239 2858 (sternam
2263 2821 2282 2861 :
2309 2820 2428 2860 cum
2457 2806 2637 2877 utique
2679 2810 2863 2863 aeterni
2910 2812 3185 2869 moriendo
3232 2829 3351 2871 esse
3392 2831 3500 2873 non

1918 2906 2141 2970 possent
2165 2897 2249 2953 vel
2285 2898 2485 2954 domini
2508 2900 2594 2954 vel
2617 2900 2787 2967 servi;
2818 2910 3060 2957 wteruum
3082 2920 3208 2975 ergo
3234 2907 3386 2976 dixit,
3409 2910 3501 2967 ubi

1920 3004 2026 3043 non
2072 2997 2153 3043 est
2195 2989 2449 3061 temporis
2486 2988 2813 3059 praestitutus
2849 2993 3038 3048 modus
3074 3010 3347 3068 quousque
3387 3014 3505 3057 ser-

1918 3077 2063 3132 viant
2086 3078 2223 3133 sicut
2245 3080 2562 3134 constitutus
2592 3088 2674 3135 est
2696 3081 2804 3146 eis,
2837 3097 2970 3151 quos
2996 3085 3048 3139 in
3075 3088 3388 3145 remissione
3420 3091 3502 3147 di-

1918 3169 2052 3223 mitti
2075 3170 2225 3237 jubet
2251 3169 2479 3225 libertati
2504 3184 2635 3226 suze.
3438 3234 3469 3259 .

1991 3257 2090 3331 [11).
2115 3275 2239 3314 xxv:
2260 3300 2275 3326 ,
2304 3257 2382 3332 5.]
2424 3259 2486 3314 Si
2512 3260 2564 3313 in
2595 3263 2856 3332 praeceptis
2886 3264 3007 3318 meis
3031 3265 3428 3337 ambulaveritis,
3446 3257 3503 3326 et

1916 3353 2158 3406 mandata
2184 3369 2294 3406 mea
2322 3355 2714 3420 observaveritis,
2744 3366 2790 3408 et
2813 3357 3027 3428 feceritis
3049 3374 3126 3424 ea,
3159 3368 3207 3413 et
3230 3362 3358 3416 dabo
3386 3366 3502 3434 pluo

1914 3442 2047 3497 viam
2071 3443 2207 3498 vobis
2243 3444 2296 3497 in
2326 3453 2548 3516 tempore
2584 3461 2677 3499 suo
2710 3463 2723 3499 :
2756 3447 3081 3517 superﬂuum
3108 3458 3221 3515 cst,
3262 3462 3339 3519 et,
3369 3469 3501 3509 con-

1914 3538 2179 3593 suetudini
2221 3538 2505 3593 locutionis
2548 3549 2777 3605 nostra},
2809 3540 2903 3595 sed
2932 3556 3080 3597 more
3108 3541 3496 3613 Scripturarum

1914 3631 2187 3697 additum;
2219 3631 2540 3700 sequebatur
2566 3631 2729 3693 enim,
2762 3631 2892 3684 dabo
2919 3632 3074 3686 vobis.

1987 3723 2085 3798 [11).
2116 3722 2226 3796 18.]
2255 3723 2322 3777 Et
2358 3724 2402 3779 si
2423 3740 2581 3793 usque
2614 3724 2782 3778 adhuc
2818 3742 2919 3779 non
2953 3726 3235 3782 obedieritis
3263 3731 3386 3783 mihi
3398 3774 3410 3795 ,
3453 3745 3501 3787 et

1914 3832 2169 3889 apponam
2194 3814 2442 3886 castigare
2470 3831 2557 3869 vos
2581 3816 2761 3886 septies
2788 3817 2840 3871 in
2866 3819 3081 3888 peccatis
3105 3821 3277 3875 vestris
3302 3836 3318 3875 :
3340 3824 3498 3877 etiam

1913 3908 2002 3964 hic
2039 3907 2363 3978 superﬂuum
2404 3918 2517 3974 est,
2551 3917 2634 3975 et;
2673 3910 2993 3980 sequebatur
3027 3912 3201 3979 enim,
3243 3931 3499 3984 apponam

1913 4001 2161 4071 castigare
2187 4015 2273 4053 vos
2304 4016 2315 4051 :
2348 3998 2487 4069 quod
2511 4008 2690 4054 autem
2720 4002 2821 4068 ait,
2848 4003 3028 4072 septies
3048 4045 3062 4068 ,
3102 4018 3199 4073 pro
3226 4006 3369 4060 omni
3398 4022 3497 4061 nu-

1912 4107 2062 4147 mero
2089 4090 2450 4162 accipiendum
2476 4099 2578 4146 est.

299 4244 3504 4271 Μ

1176 4323 1657 4430 LIBER
1756 4322 1855 4445 ρ
1879 4315 2192 4426 ΗΑΒ
2214 4317 2531 4422 TUS.

1529 4484 1811 4533 Locutiones
1830 4480 1895 4531 de
1916 4480 2148 4531 numeris.
3451 4514 3465 4557 πὶ

1685 4616 2053 4673 «Was»

299 4747 463 4822 [Νυι.
503 4762 618 4816 cap.
653 4760 703 4812 I,
750 4744 784 4813 Ῡ
822 4740 900 4815 4.]
932 4740 997 4794 Ει
1035 4738 1282 4793 vobiscum
1321 4755 1443 4792 erun
1476 4738 1816 4810 unusquisque

224 4838 501 4893 secundum
524 4844 673 4906 caput
702 4834 1094 4902 uniuscujusque
1118 4830 1421 4902 principum.

298 4928 398 5001 [11).
426 4926 518 4993 22,
544 4925 660 4998 20.]
694 4923 739 4978 F
741 4924 842 4978 iliis
880 4922 1085 4978 Simeon
1108 4920 1381 4975 secundum
1417 4920 1811 4993 propinquitates

222 5036 422 5084 eorum,
451 5018 724 5073 secundum
756 5013 969 5085 populos
995 5018 1198 5077 eorum,
1223 5011 1496 5066 secundum
1522 5010 1697 5065 domos
1727 5012 1810 5082 fa-

222 5114 482 5165 miliarum
511 5125 713 5173 eorum,
744 5105 1016 5160 secundum
1046 5118 1310 5158 numerum
1334 5103 1593 5157 nominum
1615 5119 1805 5169 eorum,

224 5203 500 5257 secundant
521 5210 669 5270 caput
690 5215 885 5263 eorum,
909 5196 1077 5250 omnia
1095 5194 1398 5260 masculina,
1420 5210 1452 5247 a
1471 5194 1645 5265 viginti
1664 5195 1809 5247 annis

222 5307 268 5349 et
289 5312 347 5348 su
355 5312 467 5364 pro,
492 5293 654 5348 omnis
677 5291 762 5361 qui
782 5289 1003 5361 procedit
1022 5288 1075 5341 in
1093 5288 1292 5351 virtute,
1320 5287 1593 5357 recognitio
1612 5302 1803 5341 eorum.

222 5388 351 5443 Haec
380 5387 577 5441 locutio
604 5384 745 5455 quod
776 5398 880 5438 non
907 5382 1055 5448 dicit,
1085 5379 1178 5434 lilii
1197 5378 1435 5443 Simeon,
1464 5378 1571 5445 vel,
1599 5393 1664 5433 ex
1687 5378 1806 5435 liliis

221 5479 462 5543 Simeon,
492 5476 607 5540 sed.
640 5476 760 5545 ﬁliis
789 5474 1016 5540 Simeon,
1042 5472 1219 5526 dativo
1248 5485 1395 5534 casu,
1423 5478 1477 5525 et
1505 5468 1609 5524 hoc
1632 5480 1807 5525 servat

218 5571 475 5639 deinceps
506 5570 557 5623 in
588 5567 796 5623 caeteris
824 5564 1080 5629 tribubus,
1110 5578 1215 5618 non
1245 5572 1326 5618 est
1354 5562 1604 5618 translata
1633 5562 1701 5617 ab
1726 5564 1804 5617 in-

217 5662 545 5733 terpretibus
580 5658 757 5714 latinis
794 5671 928 5726 quos
966 5656 1226 5722 inspicere
1266 5652 1552 5724 potuimus.
1595 5652 1650 5706 In
1694 5655 1803 5709 sola

213 5765 400 5814 autem
433 5752 571 5808 tribu
600 5751 805 5813 Ruben,
832 5763 946 5816 quae
974 5748 1138 5815 prima
1168 5752 1441 5799 numerata
1466 5751 1567 5811 est,
1590 5758 1696 5799 non
1722 5755 1804 5802 est

501 5844 729 5908 SANCT.
781 5841 1057 5903 Auousr.
1093 5838 1205 5901 IlI.

1918 4736 2018 4792 ista
2050 4737 2247 4793 locutio
2279 4757 2292 4793 :
2325 4753 2428 4795 non
2465 4740 2608 4797 enim
2637 4743 2744 4812 ait,
2789 4744 2940 4802 Filiis
2979 4746 3163 4805 Ruben
3205 4756 3495 4813 secundum

1916 4830 2337 4900 propinquitates
2374 4847 2595 4900 eorum,
2635 4843 2764 4901 etc.,
2788 4837 2882 4892 sed
2920 4840 3023 4905 ait,
3064 4839 3132 4895 Et
3167 4848 3369 4916 fuerunt
3405 4849 3502 4916 ﬁlii

1915 4920 2095 4975 Ruben
2124 4923 2441 4995 primogeniti
2467 4924 2673 4982 Israelis
2697 4930 2970 4984 secundum
2996 4935 3391 5006 propinquitates
3415 4956 3501 4994 eo.

1915 5030 2065 5078 rum;
2095 5023 2148 5069 et
2176 5015 2368 5071 deinde
2393 5017 2640 5073 similiter
2664 5028 2721 5075 ut
2748 5020 2801 5075 in
2828 5023 3054 5077 caeteris.
3572 5009 3584 5020 ’

1990 5106 2089 5180 [11).
2107 5107 2221 5182 51.]
2243 5109 2309 5163 Et
2337 5112 2559 5183 fecerunt
2583 5112 2679 5181 ﬁlii
2705 5110 2870 5168 Israel
2895 5116 3167 5170 secundum
3193 5120 3361 5174 omnia
3384 5137 3500 5193 qua:

1913 5200 2168 5253 mandavit
2199 5200 2444 5256 Dominus
2474 5201 2643 5274 Moysi
2670 5212 2718 5258 et
2749 5204 2955 5271 Aaron;
2979 5206 3050 5259 ita
3077 5211 3317 5279 fecerunt.

1991 5290 2089 5362 [11).
2120 5307 2199 5357 ιιι,
2231 5290 2310 5363 5.]
2343 5292 2641 5347 Sacerdotes
2665 5292 2753 5362 qui
2778 5294 2915 5347 uncti
2951 5305 3085 5362 sunt,
3133 5314 3344 5367 quorum
3379 5319 3502 5358 con-

1913 5392 2284 5437 summoverunt
2314 5400 2492 5437 manus
2519 5400 2691 5437 eorum
2718 5385 2997 5440 sacerdotio
3026 5391 3187 5461 fungi.

1987 5472 2084 5545 [11).
2103 5489 2177 5539 tv,
2201 5472 2312 5546 14.]
2333 5472 2395 5527 Et
2422 5473 2678 5542 imponent
2702 5490 2855 5546 super
2879 5475 3011 5531 illud
3037 5482 3203 5534 omnia
3224 5498 3342 5537 vasa
3366 5487 3497 5556 ejus,

1911 5564 2091 5636 quibus
2119 5565 2402 5617 ministrant
2434 5565 2486 5617 in
2514 5564 2656 5633 ipsis.

1987 5653 2085 5723 [11).
2112 5670 2165 5715 v,
2197 5651 2272 5723 7.]
2305 5652 2366 5705 Et
2392 5653 2564 5706 reddet
2591 5655 2672 5708 cui
2697 5654 2905 5725 deliquit
2932 5660 2979 5713 ei
3002 5662 3249 5730 :quidam
3280 5664 3503 5721 locutio-

1913 5762 2034 5801 nem
2092 5745 2244 5797 istam
2302 5744 2588 5800 transferre
2640 5746 2916 5817 nolentes,
2973 5754 3254 5812 emendato
3303 5757 3491 5821 ordine

2739 5841 3096 5915 {Dirr-sem.
3108 5850 3136 5916 j
3166 5899 3172 5919 ,
