3902 6320
439 504 605 563 vcrba
623 490 1025 577 transtulerunt,
1047 474 1307 567 dicentes,
1340 490 1409 549 Et
1432 472 1605 547 redde:
1627 472 1673 551 ei
1691 489 1775 545 cui
1798 472 2025 557 deliquit.

516 595 617 670 [lb.
636 588 716 669 6.]
759 591 846 646 Vir
871 598 962 645 aut
990 586 1170 665 mulier
1192 584 1503 657 quicumque]
1516 581 1689 654 fecerit
1716 580 1778 635 ab
1800 578 2030 670 omnibus

442 666 662 771 peccatis
690 666 929 738 humanis
954 694 976 736 :
1002 692 1109 735 non
1147 676 1252 743 ait,
1290 688 1636 763 quaecumque
1679 666 2031 771 feceritrsed

443 762 644 835 locutio
672 784 782 842 est,
812 770 902 830 ubi
930 786 1090 828 sexus
1115 762 1440 824 masculinus
1473 778 1765 835 pronomen
1793 762 2030 818 vindica«

443 871 553 935 vit,
594 864 840 940 quamvis
883 862 1146 935 posterius
1189 857 1472 915 femininus
1518 856 1589 912 sit
1632 855 1869 925 positus,
1914 868 2032 925 quae

448 938 647 1018 locutio
674 938 864 1033 usitata
894 970 1013 1019 non.
1028 962 1129 1010 est.
1146 1014 1151 1023 ε
1320 1016 1326 1028 ι

524 1040 623 1124 [11).
650 1044 764 1122 12]
800 1036 908 1105 Viri
935 1034 1027 1101 viri
1051 1085 1069 1110 ,
1115 1042 1161 1097 si
1203 1038 1533 1127 prmvarica'ta
1559 1040 1709 1113 fuerit
1734 1054 1864 1093 uxor
1887 1038 2036 1127 qjus:

458 1158 566 1197 non
598 1132 766 1195 solum
794 1128 915 1207 quia
939 1131 1235 1203 geminavit
1256 1146 1481 1198 nomen,
1522 1138 1580 1185 ut
1616 1128 1850 1194 diceret,
1903 1126 2034 1192 Viri,

454 1233 574 1305 viri,
601 1228 875 1313 sedqetiam
899 1225 1020 1297 quia
1046 1222 1265 1299 addidit,
1294 1222 1423 1295 ejus,
1456 1220 1684 1277 notanda
1712 1217 1908 1297 locutio
1934 1225 2034 1273 est.

528 1321 626 1395 [lb.
650 1310 762 1399 11.]
779 1316 840 1373 Si
865 1312 1174 1390 superveniet
1197 1315 1274 1369 illi
1296 1314 1504 1384 spiritus
1524 1311 1743 1378 zelandi,
1769 1310 1859 1396 illa
1876 1317 2042 1399 autem

455 1432 557 1483 non
580 1406 735 1485 fuerit
759 1410 1036 1481 inquinata,
1069 1416 1113 1462 ct
1139 1405 1353 1459 adducet
1385 1404 1536 1471 homo
1568 1417 1779 1461 uxorem
1800 1416 1947 1456 suam
1976 1397 2043 1454 ad

453 1494 806 1559 sacerdotem:
830 1498 1158 1571 superfluum
1182 1506 1296 1565 est,
1322 1505 1389 1561 et,
1420 1494 1514 1549 sed
1538 1492 1826 1564 Scripturis
1850 1490 2043 1547 usitata

455 1593 675 1651 locutio.
703 1657 711 1665 η
748 1652 755 1665 1

532 1686 633 1761 [11).
801 1682 914 1739 Erit
940 1697 1076 1752 aqua
1101 1679 1407 1753 argutionis,
1420 1692 1535 1750 qua:
1563 1674 1879 1733 maledicitur
1903 1673 2045 1729 Ilaec:

459 1776 600 1843 hanc
646 1775 970 1832 locutionem
1016 1769 1499 1853 inusitatamfacit
1544 1768 1678 1825 ordo
1721 1766 2043 1851 verborum;

460 1858 642 1939 posset
668 1864 809 1921 enim
841 1864 1030 1918 usitate
1060 1852 1129 1917 ita
1160 1861 1263 1917 dici
1279 1900 1305 1937 ,ι
1330 1858 1442 1913 Erit
1471 1852 1604 1928 aqua
1627 1857 1907 1928 argutionis
1940 1857 2047 1910 hcec

461 1972 579 2029 quae
605 1953 950 2021 maledicitur,
987 1964 1132 2033 aut,
1161 1950 1419 2033 Etit‘hwc‘
1441 1966 1574 2019 aqua
1616 1948 1897 2020 argutionis
1937 1962 2047 2019 quce

462 2028 803 2114 maledicitur,
832 2044 913 2102 vel
940 2045 984 2100 si
1012 2028 1137 2116 quid
1163 2028 1303 2117 aliud
1334 2046 1521 2097 usitata
1554 2042 1714 2097 verba
1752 2039 2047 2097 ordinando

463 2116 569 2198 dici
609 2126 802 2212 potest.
1142 2192 1143 2197 η

540 2229 637 2303 [11).
658 2226 771 2302 19]
796 2225 1074 2282 Innocense
1092 2236 1169 2289 sto
1189 2227 1251 2279 ab
1275 2240 1404 2295 aqua
1429 2222 1726 2294 argutionis,
1752 2238 1864 2293 qua
1886 2221 2046 2277 male-

465 2314 652 2376 dicitur
671 2320 795 2373 hazc.
829 2318 885 2373 In
912 2316 1010 2373 hac
1035 2315 1301 2372 locutione
1324 2329 1430 2369 non
1449 2313 1594 2371 solus
1614 2313 1895 2369 verborum
1916 2312 2048 2369 ordo

463 2407 717 2479 inusitate
741 2404 924 2476 sonat,
953 2406 1049 2464 sed
1075 2408 1235 2463 etiam
1269 2421 1426 2461 casus
1463 2414 1694 2463 mutatus
1733 2414 1816 2461 est
1854 2423 1868 2459 :
1905 2412 2050 2462 esset

466 2496 613 2559 enim
642 2500 901 2573 integrum
929 2509 985 2557 et
1010 2500 1282 2567 usitatum,
1310 2495 1565 2554 Innocens
1587 2507 1690 2553 esto
1715 2497 1776 2551 ab
1801 2498 1894 2552 hac
1917 2515 2048 2569 aqua

465 2597 775 2670 argutionis,
802 2611 916 2669 qua
942 2592 1294 2660 maledicitur;
1330 2600 1454 2661 aut,
1498 2591 1562 2647 ab
1597 2608 1730 2664 aqua
1770 2591 2048 2664 argutionis

466 2684 583 2756 hac,
613 2704 727 2760 qua:
750 2686 1083 2743 maledicitur.

472 2848 481 2857 ζ
541 2778 639 2852 [11).
664 2776 782 2852 27.]
808 2777 872 2832 Et
900 2778 1161 2849 iit/labitur
1184 2788 1432 2842 ventrem;
1460 2790 1586 2847 pro,
1614 2774 1880 2830 inﬂabitur
1916 2789 2045 2829 ven-

466 2878 549 2929 tre
579 2888 591 2923 :
622 2868 738 2923 haec
780 2869 973 2933 locutio
1005 2876 1060 2923 et
1084 2868 1221 2937 apud
1253 2868 1442 2925 latinos
1469 2874 1710 2921 auctores
1740 2864 2046 2936 frequenta-

464 2967 584 3025 tur;
612 2957 704 3025 sed
731 2958 1045 3027 interpretes
1073 2957 1241 3012 nostri
1272 2958 1360 3026 qui
1390 2972 1507 3013 eam
1539 2954 1825 3010 transferre
1861 2956 2044 3011 nolue-

466 3040 609 3111 runt,
638 3046 906 3115 dixerunt,
938 3045 1005 3102 Et
1029 3047 1289 3117 inﬂabitur
1312 3057 1480 3103 venter
1506 3048 1633 3118 ejus.

540 3137 637 3209 [lb.
665 3152 750 3203 Vl,
778 3134 859 3209 2.]
894 3135 984 3190 Vir
1019 3137 1095 3191 vel
1134 3126 1314 3189 mulier
1337 3137 1637 3209 quicumque
1659 3151 1839 3206 magne
1864 3137 2048 3191 voverit

466 3237 636 3281 votum
665 3242 817 3295 :non
841 3227 991 3294 dixit,
1016 3214 1381 3299 qua-cumque.

470 3386 496 3392 η
545 3319 642 3392 [11).
667 3316 747 3392 9.]
779 3304 843 3374 Et
865 3320 1068 3375 radatur
1089 3328 1241 3388 caput
1264 3337 1429 3389 suum,
1455 3321 1571 3377 talis
1594 3322 1789 3379 locutio
1814 3330 1898 3378 est
1921 3337 2050 3394 qua-

454 3404 534 3466 lis
562 3412 827 3483 superius,
858 3411 1116 3484 inﬂabitur
1143 3423 1378 3473 ventrem.

544 3500 643 3576 [lb.
678 3498 785 3568 vit,
814 3499 893 3583 ὅ]
933 3500 1040 3558 Sea:
1077 3501 1303 3558 vehicula
1326 3512 1452 3565 tecta
1491 3514 1537 3559 et
1580 3504 1843 3563 duodecim
1880 3505 2045 3575 boves,

468 3593 752 3648 vehiculum
779 3611 813 3648 a
838 3594 1029 3649 duobus
1054 3594 1362 3667 principibus
1383 3636 1399 3662 ,
1427 3604 1473 3651 et
1507 3596 1718 3659 vitulum
1743 3614 1774 3651 a
1799 3599 2012 3669 singulis
2028 3614 2049 3655 :

466 3685 527 3740 in
554 3683 654 3745 hac
681 3683 949 3739 locutione
981 3682 1268 3738 notandum
1297 3684 1475 3757 putavi
1505 3685 1721 3751 eosdem
1756 3685 1928 3743 dictos
1965 3688 2046 3741 vi-

469 3774 610 3859 tulos
636 3791 768 3847 quos
795 3774 963 3831 boves
986 3775 1218 3843 dixerat;
1248 3776 1342 3831 sed
1368 3774 1467 3832 hoc
1487 3779 1643 3834 etiam
1662 3768 1892 3849 graecum
1915 3779 2049 3835 idio-

469 3878 559 3921 ma
585 3880 705 3922 esse
735 3865 1060 3936 perhibetur.

544 3950 645 4027 [lb.
685 3950 800 4029 11.]
831 3953 1075 4031 Princeps
1115 3971 1247 4008 unus
1267 3956 1520 4025 quotidie,
1560 3958 1790 4029 princeps
1830 3958 2047 4028 quotidie

470 4038 681 4112 olerent
720 4044 853 4100 dona
880 4062 972 4100 sua
999 4061 1018 4100 :
1046 4058 1141 4115 pro
1168 4061 1233 4101 eo
1260 4057 1317 4101 ut
1345 4045 1576 4115 diceret,
1603 4049 1826 4119 singulis
1861 4048 2047 4106 diebus

468 4137 665 4207 singuli
696 4137 978 4208 principes.

468 4260 493 4269 —
544 4226 643 4301 [11).
674 4222 786 4300 15.]
822 4224 1332 4300 Vitulumunum'pro
1360 4226 1544 4296 bobus,
1575 4237 1622 4282 et
1649 4228 1844 4283 hircum
1870 4245 1933 4283 ea:
1958 4246 2045 4285 ca-

467 4318 580 4390 pris
616 4333 790 4371 unum.
1456 4378 1467 4391 ν

545 4408 644 4483 [11).
687 4423 809 4472 vtu,
842 4405 953 4480 19.]
994 4407 1060 4461 Et
1095 4424 1197 4462 non
1219 4409 1311 4462 erit
1354 4409 1407 4463 in
1443 4408 1564 4478 ﬁliis
1604 4407 1770 4464 Israel
1808 4409 2047 4465 accedens

470 4503 696 4573 filiorum
726 4501 891 4557 Israel
929 4503 997 4556 ad
1024 4513 1197 4557 sancta
1223 4518 1243 4557 :
1270 4500 1478 4558 videtur
1512 4504 1747 4573 potuisse
1779 4500 2043 4573 sufficere,

469 4592 541 4648 Et
566 4610 662 4646 non
687 4594 777 4647 erit
800 4594 851 4647 in
872 4594 994 4662 [iliis
1016 4592 1177 4648 Israet
1199 4594 1436 4649 accedens
1454 4593 1521 4646 ad
1540 4604 1713 4648 sancta
1729 4610 1749 4660 ,'
1768 4602 1859 4650 aut
1875 4604 2042 4662 certe,

468 4697 573 4737 non
597 4682 688 4735 erit
717 4682 939 4749 ﬁliorum
965 4680 1129 4737 Israel
1151 4683 1387 4737 accedens
1413 4684 1481 4736 ad
1506 4694 1701 4739 sancta.

546 4766 643 4843 [11).
669 4768 783 4842 20]
801 4769 867 4824 Et
895 4758 1013 4841 fecit
1038 4768 1239 4851 libyses
1264 4782 1309 4827 et
1332 4770 1502 4828 Aaron
1530 4783 1576 4830 ct
1604 4776 1764 4830 omnis
1789 4792 2046 4849 synagoga

467 4856 694 4934 ﬁliorum
720 4860 884 4916 Israel
907 4860 1091 4917 Levitis
1113 4860 1381 4917 secundum
1405 4864 1516 4935 quia
1541 4866 1775 4938 praecepit
1800 4864 2045 4921 Dominus

465 4954 644 5027 legat
667 4954 730 5009 d'e
751 4953 974 5019 Levitis;
997 4953 1069 5009 ita
1094 4950 1314 5025 fecerunt
1342 4956 1413 5011 eis
1438 4956 1535 5026 ﬁlii
1560 4950 1742 5013 Israel.

538 5045 639 5122 [lb.
667 5062 748 5116 1x,
778 5044 890 5121 15.]
915 5043 984 5101 Et
1005 5045 1174 5114 hanto,
1202 5047 1348 5102 homo
1371 5042 1666 5121 quicumque
1691 5049 1906 5104 mundus
1927 5054 2043 5122 fue-

460 5139 566 5206 rit,
609 5146 656 5194 et
682 5140 735 5194 tn
763 5138 895 5195 viam
922 5138 1244 5211 longinquam
1272 5130 1371 5194 non
1400 5149 1507 5206 est,
1547 5151 1593 5194 et
1634 5141 1845 5211 defuerit
1882 5143 2047 5214 facere

460 5231 657 5303 pascha
675 5272 691 5298 ,
723 5224 1126 5287 exterminabitur
1148 5225 1319 5284 anima
1345 5226 1435 5286 illa
1464 5233 1526 5284 de
1548 5231 1738 5302 populo
1766 5247 1857 5283 suo
1881 5246 1899 5283 :
1917 5246 2044 5303 ergo

459 5411 661 5482 homo,
693 5415 783 5471 ille
810 5413 893 5470 vel
917 5412 1022 5495 ille.
1556 5488 1559 5493 η
1833 5492 1839 5497 ,

537 5504 638 5581 [11).
669 5504 780 5580 17]
809 5505 1015 5563 Etcum
1040 5496 1512 5564 asCeitdlssZtitubes
1549 5512 1581 5562 α
1617 5507 1965 5578 tabernaculo,
1994 5522 2044 5568 et

460 5608 641 5671 postea
676 5598 1028 5671 promovebant
1063 5601 1161 5672 filii
1187 5594 1353 5657 Israel
1377 5616 1397 5656 :
1421 5607 1628 5673 poterat
1662 5601 1871 5673 plenum
1900 5620 2038 5671 esse,

457 5685 534 5745 Et
572 5705 686 5743 cum
729 5687 1027 5744 ascendisset
1055 5688 1208 5745 nubes
1233 5707 1268 5745 a
1293 5692 1616 5749 tabernaculo
1633 5734 1651 5763 ,
1691 5693 2043 5765 promovebant

456 5778 559 5858 ﬂ
579 5778 765 5834 Israel.

1072 5930 1224 5950 oronz‘f“
1234 5940 1273 5958 μὴ

1255 373 1691 437 LOCUTIONUM
1729 372 1788 430 s.
1828 354 2192 429 AUGUSTINI
2231 365 2297 425 ut
2334 363 2891 424 aerumnarum
3618 362 3709 436 au

2208 481 2308 558 [lb.
2335 498 2391 548 ι,
2423 479 2540 555 14]
2567 480 2636 538 Et
2658 481 3017 555 promovebant
3042 480 3169 550 ordo
3196 493 3484 542 castrorum
3507 487 3708 560 ﬁliam.

2137 571 2171 629 Ι
2177 574 2278 628 uda
2304 571 2473 644 primi.
3386 650 3387 653 η

2211 663 2310 739 [11).
2341 660 2453 737 17]
2487 660 2550 717 Et
2580 664 2936 735 promovebant
2951 665 3050 733 ﬁlii
3079 665 3269 722 Gerson
3297 677 3343 723 et
3369 670 3472 738 ﬁlii
3502 669 3712 728 Herm-i2

2143 758 2302 812 futuri
2331 757 2584 827 temporis
2608 756 2828 810 verbum
2858 757 3047 825 posuit,
3078 772 3197 813 cum
3222 774 3333 815 rem
3357 772 3565 831 gestam
3594 780 3710 835 pra:-

2143 851 2351 929 teritam
2377 857 2592 916 narret,
2620 848 2755 903 sicut
2785 848 2836 902 in
2864 849 3227 918 superioribus
3250 866 3370 907 cum
3398 852 3471 907 de
3494 854 3627 911 nube
3649 858 3713 913 lo-

2138 951 2414 1015 queretur,
2438 939 2502 995 ad
2524 940 2673 1009 cujus
2695 949 2896 995 motum
2917 940 3000 997 vel
3022 942 3307 998 stationem
3326 955 3502 1000 castra
3523 961 3711 1018 promo-

2142 1032 2338 1103 vebant
2361 1033 2445 1087 vel
2467 1031 2827 1086 consistebant
2863 1031 3055 1103 (Exod.
3087 1049 3185 1097 xu,
3208 1034 3299 1103 21,
3320 1034 3414 1107 22)
3434 1078 3450 1102 ,
3485 1049 3637 1109 atque
3657 1042 3711 1094 ita

2143 1120 2396 1197 deinceps
2423 1124 2474 1177 in
2501 1122 2733 1192 plurium
2760 1125 3180 1193 promotionibus
3213 1126 3314 1181 hoc
3349 1128 3514 1182 verbo
3551 1132 3705 1185 utitur.

2217 1214 2315 1289 [lb.
2329 1214 2444 1289 29.]
2458 1212 2523 1268 Et
2543 1214 2669 1269 dixit
2692 1213 2893 1287 Moyses
2916 1215 3074 1270 Obeth
3093 1217 3201 1286 ﬁlio
3223 1216 3420 1292 Raguel
3436 1218 3712 1276 Medianum

2145 1326 2329 1383 genero
2357 1308 2523 1380 Moysi
2549 1325 2567 1363 :
2592 1324 2697 1363 non
2724 1310 2817 1377 ait,
2845 1326 3045 1383 genero
3071 1327 3188 1368 suo.

2212 1398 2316 1473 [11).
2343 1398 2455 1472 50]
2489 1399 2553 1453 Et
2586 1400 2712 1456 dixit
2754 1401 2821 1455 ad
2841 1418 2971 1464 eum,
3015 1401 3137 1469 Non
3174 1386 3286 1472 ibo,
3320 1405 3412 1461 sed
3450 1406 3517 1459 ad
3548 1416 3709 1462 terrain

2148 1511 2311 1549 meam
2340 1504 2384 1549 et
2412 1493 2481 1548 ad
2506 1494 2794 1568 progeniem
2815 1511 2975 1549 meam
3003 1511 3023 1551 :
3049 1497 3381 1565 subauditur,
3414 1498 3523 1554 ibo.

2154 1644 2163 1663 λγ
2190 1656 2197 1663 .
2221 1583 2320 1661 [lb.
2350 1601 2429 1654 ι),
2452 1582 2532 1658 4.]
2566 1568 2630 1638 Et
2659 1586 2972 1656 promiscuus
2997 1588 3082 1661 qui
3108 1599 3212 1644 erat
3236 1589 3291 1643 in
3312 1590 3408 1656 eis,
3429 1592 3705 1665 concupive-

2149 1684 2267 1741 runt
2296 1676 2749 1746 concupiscentiam
2781 1691 2800 1730 :
2826 1677 3147 1749 singularem
3178 1683 3352 1748 posuit
3390 1695 3490 1751 pro
3525 1682 3707 1753 plurali,

2152 1754 2210 1822 ut
2233 1766 2545 1836 promiscuus
2572 1766 2808 1833 diceret,
2838 1783 2942 1822 non
2972 1769 3288 1838 promiscui;
3318 1781 3375 1827 et
3410 1782 3582 1827 tamen
3606 1772 3710 1844 plu-

2150 1858 2317 1913 ralem
2344 1858 2595 1922 reddidit,
2627 1873 2747 1913 cum
2777 1861 2870 1925 ait,
2902 1862 3311 1932 concupiverunt.

2221 1946 2322 2024 Ub,
2350 1946 2429 2023 6.]
2459 1947 2611 2003 Nunc
2636 1959 2804 2003 autem
2828 1952 2998 2006 anima
3022 1963 3192 2007 nostra
3215 1954 3382 2019 arida,
3412 1956 3539 2010 nihil
3556 1967 3711 2028 praeter

2150 2040 2206 2096 in
2229 2058 2415 2095 manna
2436 2041 2568 2095 oculi
2594 2042 2750 2095 nostri
2777 2057 2797 2097 :
2821 2042 3016 2098 desunt
3040 2045 3221 2111 verba,
3252 2056 3336 2101 est
3360 2030 3415 2101 et
3442 2057 3591 2111 sunt;
3615 2050 3709 2116 pte-

2152 2147 2276 2199 num
2307 2132 2500 2202 quippe
2524 2141 2686 2200 esset,
2724 2133 2914 2189 Anima
2941 2147 3120 2189 nostra
3146 2136 3292 2191 arida
3318 2145 3421 2203 est,
3452 2139 3574 2193 nihil
3597 2154 3711 2210 pne-

2154 2233 2236 2279 tcr
2263 2223 2318 2278 in
2346 2240 2537 2278 manna
2566 2233 2688 2279 sunt
2723 2227 2862 2281 oculi
2901 2228 3068 2281 nostri
3109 2245 3125 2282 :
3164 2245 3284 2283 nam
3324 2230 3538 2301 quidam
3576 2231 3708 2286 inter-

2152 2325 2331 2387 pretes
2360 2315 2429 2368 ita
2458 2315 2857 2383 transtulerunt,
2881 2326 2936 2373 et
2953 2316 3272 2375 addiderunt
3296 2321 3461 2376 verba
3488 2337 3599 2391 qua:
3621 2336 3708 2376 non

2151 2398 2277 2464 Sunt
2303 2407 2353 2462 in
2383 2423 2575 2478 graeco.

2224 2496 2324 2571 [lb.
2356 2494 2437 2572 8.]
2466 2496 2533 2552 Et
2562 2497 2810 2553 malebant
2835 2498 2964 2553 illud
2990 2500 3042 2554 in
3071 2501 3225 2555 mola.

2219 2588 2388 2664 [lb.21
2462 2590 2710 2645 Sexcenta
2731 2592 2890 2645 millia
2909 2593 3151 2664 peditum,
3174 2594 3226 2649 in
3244 2593 3425 2665 quibus
3443 2614 3551 2652 sum
3567 2596 3612 2650 in
3629 2595 3703 2650 eis.

2222 2678 2323 2755 [lb.
2343 2679 2458 2754 25.]
2476 2680 2544 2734 Et
2568 2679 2774 2736 abstulit
2801 2683 2863 2736 de
2887 2684 3067 2753 spiritu
3090 2689 3175 2756 qui
3200 2703 3353 2755 super
3377 2688 3576 2757 ipsum:
3598 2687 3706 2741 sub-

2148 2772 2380 2838 auditur,
2407 2784 2490 2825 aut
2521 2782 2654 2841 erat,
2681 2783 2773 2827 aut
2797 2775 2914 2829 erit.
2946 2774 3050 2829 Sed
3079 2768 3214 2831 hanc
3233 2779 3581 2846 locutionem,
3600 2793 3702 2850 quae

2149 2859 2339 2917 dicitur
2384 2862 2617 2933 ellipsis,
2663 2880 2837 2935 grmco
2881 2866 3091 2937 eloquio
3144 2868 3703 2937 familiarissimam,et,

2148 2961 2402 3027 quantum
2450 2962 2613 3022 puto,
2668 2957 2827 3010 etiam
2876 2954 3124 3025 ltebrasd,
3183 2954 3378 3015 latinos
3426 2962 3707 3030 interpretes

2138 3031 2435 3099 transferre
2462 3045 2644 3115 piguit,
2669 3061 2786 3119 cum
2816 3054 2870 3101 et
2894 3047 2944 3101 iu
2969 3047 3129 3102 latina
3154 3048 3329 3120 lingua
3351 3050 3702 3121 frequentatur,

2150 3124 2395 3207 quamvis
2423 3137 2599 3192 minus
2624 3152 2781 3208 quam
2812 3138 2863 3191 in
2889 3134 3079 3208 graica.
3176 3148 3187 3155 '

2221 3223 2318 3300 [lb.
2339 3223 2454 3300 55]
2475 3226 2536 3280 Et
2561 3230 2803 3298 percussit
2821 3227 3067 3283 Dominus
3084 3230 3284 3303 plagam
3300 3222 3536 3305 magnam
3553 3231 3703 3286 valde:

2150 3310 2381 3371 notanda
2412 3317 2509 3371 fuit
2533 3318 2750 3384 locutio,
2785 3322 3026 3389 percussit
3052 3319 3255 3393 plagam
3269 3340 3292 3395 ;.
3316 3340 3448 3390 non,
3479 3320 3706 3394 percussit

2151 3406 2323 3479 plaga,
2352 3408 2491 3479 quod
2522 3418 2603 3465 est
2628 3411 2897 3465 usitatum.

2220 3495 2319 3572 [lb.
2346 3514 2437 3569 χιι,
2466 3497 2544 3573 5.]
2569 3499 2635 3555 Et
2658 3500 2808 3555 homo
2829 3499 3027 3572 Moyses
3049 3502 3174 3557 lenis
3196 3504 3340 3558 valde
3361 3520 3385 3560 :
3406 3504 3702 3568 subauditur,

2142 3578 2283 3644 ’é'rat.

2220 3675 2321 3753 [lb.
2343 3677 2422 3753 9.]
2456 3679 2519 3733 Et
2546 3681 2624 3735 ira
2647 3682 2970 3738 animationis
2992 3680 3195 3740 Domini
3218 3704 3372 3759 super
3384 3706 3471 3743 eos
3498 3705 3518 3743 :
3539 3688 3704 3742 subau-

2138 3764 2311 3836 ‘ditur,
2345 3769 2478 3825 facta
2509 3779 2609 3826 est.

2221 3855 2449 3932 [lb.10.]
2478 3858 2548 3914 Et
2562 3877 2675 3917 ecce
2693 3861 2861 3918 Maria
2884 3866 3082 3936 leprosa
3110 3850 3238 3921 sicut
3263 3870 3353 3922 nix
3376 3885 3395 3923 :
3425 3880 3477 3925 et
3500 3869 3578 3923 hic
3599 3865 3703 3923 sub-

2150 3949 2381 4016 auditur,
2412 3949 2550 4005 facta
2575 3961 2677 4007 est.

2138 4087 2145 4093 .
2220 4039 2321 4117 [lb.
2346 4057 2460 4109 xm,
2490 4041 2605 4117 9.0.]
2631 4042 2698 4099 Et
2721 4061 2836 4117 qua:
2862 4055 3014 4112 terra,
3044 4050 3098 4102 in
3121 4065 3220 4121 qua
3246 4051 3328 4104 isti
3353 4051 3563 4105 insident
3575 4062 3702 4119 super

2149 4148 2299 4197 eam;
2323 4143 2369 4187 et
2394 4151 2506 4204 qua:
2532 4137 2773 4204 civitates,
2803 4139 2855 4191 in
2880 4139 3055 4210 quibus
3078 4142 3161 4194 isti
3186 4141 3412 4197 habitant
3437 4145 3487 4197 in
3514 4143 3639 4214 ipsis.

2218 4221 2321 4296 [11).
2491 4225 2679 4281 Locum
2722 4230 2887 4299 ipsum
2934 4247 3076 4299 quem
3125 4235 3502 4289 nominaverunt
3546 4233 3699 4286 vallem

2146 4313 2293 4373 'Botri
2321 4318 2376 4383 ¹;
2416 4333 2536 4372 cum
2573 4322 2815 4389 superius
2856 4322 3108 4390 dixisset,
3161 4323 3411 4380 Venerunt
3458 4329 3506 4380 in
3547 4324 3698 4379 vallem

2149 4394 2294 4459 Botri
2321 4423 2335 4471 ;
2361 4406 2558 4461 dictum
2586 4417 2667 4462 est
2695 4418 2822 4480 ergo
2851 4427 2946 4481 per
2972 4414 3398 4484 anticipationem
3416 4460 3432 4485 ,
3475 4433 3569 4471 non
3593 4412 3695 4483 quia

2145 4495 2253 4566 jam
2283 4495 2383 4551 boc
2410 4500 2695 4555 vocabatur
2719 4502 2928 4571 quando
2957 4514 3230 4573 venerunt,
3259 4508 3352 4561 sed
3376 4522 3495 4563 cum
3521 4504 3693 4562 scribe-

2149 4596 2295 4643 retur
2322 4587 2406 4642 hic
2432 4590 2585 4655 liber,
2612 4591 2720 4659 jam
2749 4593 3052 4648 vocabatur.

2222 4677 2320 4752 [lb.
2353 4678 2465 4753 52.]
2495 4679 2746 4745 Quoniam
2786 4684 2964 4756 fortior
3002 4685 3145 4740 nobis
3184 4696 3255 4742 est
3291 4690 3450 4761 magis
3481 4703 3500 4743 :
3531 4683 3695 4740 usitata

2150 4782 2291 4826 esset
2322 4772 2516 4828 locutio
2544 4773 2588 4828 si
2615 4789 2718 4829 non
2750 4774 2988 4844 haberet,
3016 4779 3196 4850 magis.

2221 4860 2320 4935 [lb.
2350 4861 2463 4937 53.]
2495 4862 2563 4917 Et
2581 4866 2893 4935 protulerunt
2920 4883 3153 4937 pavorem
3182 4878 3346 4939 terrm,
3373 4887 3519 4944 quam
3545 4863 3694 4937 explo-

2148 4961 2378 5005 ravcrunt
2402 4969 2531 5006 eam.

2221 5041 2319 5121 [lb.
2514 5042 2720 5100 Terram
2738 5063 2890 5119 quam
2933 5051 3248 5109 transivimus
3288 5071 3397 5109 eam
3437 5050 3689 5125 explorare:

2148 5143 2281 5189 terra
2308 5136 2573 5191 comedens
2599 5139 2683 5212 qui
2716 5137 2941 5197 habitant
2980 5159 3130 5215 super
3165 5146 3273 5198 eam
3296 5157 3369 5200 est
3398 5162 3415 5200 :
3442 5138 3686 5198 dicendum

2146 5236 2323 5281 autem
2351 5225 2446 5281 fuit
2470 5229 2679 5296 usitate,
2715 5239 2850 5285 terra
2882 5248 3037 5302 quam
3067 5232 3685 5305 transivimus'explorare.

462 5322 645 5390 homo,
676 5325 874 5393 homo,
896 5318 1093 5381 loeutlo
1120 5318 1234 5390 est,
1265 5319 1329 5379 ac
1365 5318 1408 5380 si
1445 5314 1680 5392 diceret,
1723 5323 2044 5396 quicumque
2128 5304 2135 5345 ί

2218 5315 2320 5391 [11).
2344 5334 2452 5383 xxv,
2484 5317 2560 5395 7.]
2586 5314 2744 5377 Terra
2768 5340 2915 5394 quam
2943 5326 3309 5399 exploravimus
3337 5328 3461 5395 eam,
3491 5326 3604 5381 bona
3627 5328 3686 5373 εει

2145 5408 2292 5463 valde
2316 5409 2477 5467 valde.

2216 5498 2317 5574 [lb.
2346 5500 2458 5575 10.]
2488 5500 2555 5556 Et
2578 5507 2649 5557 ait
2678 5505 2840 5560 omnis
2866 5523 3121 5585 synagoga
3140 5480 3370 5587 lapidare
3400 5526 3478 5565 eos
3505 5502 3553 5560 in
3576 5496 3683 5572 Ιαρίι

2145 5588 2291 5646 dibus
2315 5610 2332 5647 :
2351 5609 2456 5648 non
2477 5592 2675 5650 dictum
2695 5607 2795 5663 est,
2820 5592 3112 5668 lapidibus;
3135 5592 3255 5658 cum
3276 5603 3444 5675 ipsum
3463 5592 3678 5670 lapidum

2145 5689 2323 5752 posset
2348 5682 2535 5737 usitata
2567 5684 2831 5742 locutione
2859 5687 3125 5747 sufﬁcere.

2208 5795 2881 5863 summ,m
