3902 6298
510 339 613 398 ενι
914 285 941 293 γ’
1346 320 1781 383 LOCUTIONUM
1816 320 1874 377 s.
1916 314 2283 377 AUGUSTINI
2321 316 2388 374 IN
2424 311 2982 373 HEPTATEUCHUM
3208 272 3275 280 ”ί
3674 317 3756 379 επ

511 460 605 509 aut
630 456 775 507 certe
801 452 1084 515 utrumque
1106 442 1301 497 usitate
1324 440 1613 507 diceretur,
1640 436 1900 507 accipiant
1924 442 1979 490 et
2003 433 2097 490 ad-
2203 430 2601 497 benedictione,
2624 427 2718 487 sed
2741 440 2986 500 tanquam
3021 428 3241 495 diceret,
3268 442 3396 486 ecce
3424 426 3607 486 dixisti
3620 429 3753 488 bene.

432 558 453 651 ἒ
511 544 707 599 ducant
735 538 801 594 ad
831 546 884 593 te
906 536 1187 607 iuvencam
1229 530 1426 588 rufam.
2204 525 2515 581 dictionem.
3104 540 3105 543 η

585 634 647 651 sn
703 634 735 651 ι-
760 630 779 651 1
829 629 890 651 η.
914 628 1095 651 1----Lz.
1142 642 1321 651 --......-
1350 641 1492 651 -..μμ
1522 638 1651 651 ..ι-..η
1680 638 1691 650 .
1712 620 1813 651 lum
1839 616 2099 651 ignauiam-
2279 615 2357 651 rlh
2408 615 2473 651 l9
2498 614 2516 651 ’1
2548 615 2884 651 nummos".an
2912 613 3097 651 m;.,,.;,

449 613 482 712 is
585 634 685 709 [11).
703 630 782 704 7.]
819 629 890 684 Et
909 628 1095 684 lavabit
1135 642 1321 697 corpus
1346 641 1495 680 suum
1517 638 1651 696 aqua
1674 638 1691 675 :
1712 620 1815 676 hoc
1838 616 2099 688 intellige-
2279 615 2376 689 [lb.
2408 614 2517 687 12.]
2548 615 2884 685 Qutecumque
2912 613 3099 667 miserit
3146 611 3278 668 Deus
3306 613 3360 666 in
3389 629 3446 668 os
3474 630 3646 681 meum,
3684 617 3756 671 hoc

456 706 477 805 ξ
512 703 663 783 τείω-
686 703 897 779 etiamsi
925 736 1029 775 non
1061 719 1302 784 haberet,
1330 732 1484 786 aqua.
2206 707 2473 763 observabo
2491 707 2625 774 loqui
2650 722 2668 760 :
2698 722 2801 759 non
2828 704 2979 770 dixit,
3011 705 3125 759 base
3143 703 3465 759 observabo.

477 808 484 814 ’
586 815 688 890 [11).
710 812 791 886 9.]
833 811 897 867 Et
916 819 1065 883 ponet
1084 819 1225 864 astra
1243 818 1409 862 castra
1432 807 1486 859 in
1512 806 1679 859 locum
1696 801 1939 857 mundum
1962 813 2103 855 :non
2280 798 2379 874 [lb.
2408 796 2520 870 13.]
2556 796 2680 851 Veni
2709 812 2903 850 mecum
2927 796 3095 849 adhuc
3122 796 3174 849 in
3204 796 3368 849 locum
3397 794 3576 862 alium,
3617 798 3757 868 dequo

515 909 570 965 in
591 888 713 964 locu
741 904 940 961 mundo
964 903 1118 967 dixit,
1146 900 1287 972 quod
1311 899 1488 954 latina:
1512 896 1793 953 locutionis
1821 904 1923 950 est.
2208 906 2309 945 non
2335 888 2520 943 videbis
2540 905 2652 942 eum
2672 888 2807 941 inde.

2281 980 2379 1055 [lb.
2402 995 2538 1045 xxv,
2565 975 2643 1051 4.]
2674 977 2740 1031 Et
2765 978 2835 1030 ait
2861 976 3108 1031 Dominus
3135 976 3203 1030 ad
3230 975 3466 1047 Moysen,
3488 975 3659 1046 Accipe
3682 978 3758 1032 ds-

2210 1089 2290 1127 ces
2318 1071 2517 1143 pepuli,
2535 1080 2579 1124 et
2597 1078 2788 1123 ostenta
2804 1084 2887 1122 eos
2911 1066 3129 1121 Domino
3146 1077 3320 1121 contra
3347 1067 3529 1131 solem,
3550 1077 3594 1120 et
3608 1076 3761 1122 averte
3842 1132 3843 1139 γ

2213 1176 2296 1221 tur
2339 1166 2417 1219 ira
2443 1162 2764 1217 animationis
2803 1160 3012 1216 Domini
3039 1160 3101 1214 ab
3140 1158 3349 1215 Israel:
3378 1175 3504 1215 cum
3546 1160 3761 1215 Dominus

2211 1254 2549 1326 loqueretur;
2571 1268 2679 1307 non
2700 1251 2853 1319 dixit,
2877 1259 2931 1306 et
2958 1259 3165 1305 ostenta
3180 1264 3274 1305 eos
3293 1249 3451 1316 mihi,
3469 1260 3518 1305 et
3536 1259 3761 1305 avertetur

2214 1347 2292 1401 ira
2319 1361 2435 1401 mea
2462 1345 2530 1400 ab
2555 1342 2741 1399 Israel.

586 1000 686 1074 [lb.
715 996 825 1071 15.]
867 996 1029 1051 Omne
1064 1010 1152 1048 vas
1170 1001 1400 1063 apertum
1438 1005 1762 1061 quascumque
1786 1003 1888 1041 non
1927 985 2106 1038 habent

515 1094 845 1165 alligaturam
868 1088 1132 1159 alligatam
1160 1101 1315 1157 super
1341 1100 1419 1139 ea.

589 1185 689 1259 [lb.
715 1200 810 1250 xx,
832 1180 912 1254 9.]
938 1180 1007 1235 Et
1045 1179 1235 1251 accepit
1263 1177 1466 1248 Moyses
1494 1176 1687 1246 virgam
1724 1188 1836 1244 qua:
1864 1181 1979 1225 ante
2000 1168 2106 1223 Do-

518 1277 711 1332 minum
736 1290 754 1328 :
776 1270 1110 1336 subauditur,
1138 1276 1272 1325 erat.

593 1366 693 1441 [lb.
723 1361 831 1437 I2.]
874 1362 1005 1428 Quia
1029 1378 1131 1415 non
1160 1359 1445 1414 credidistis
1463 1356 1779 1425 sancti/icore
1806 1369 1885 1407 me
1907 1354 1959 1406 in
1985 1367 2108 1405 con-

518 1431 693 1529 spectu
722 1431 946 1526 ﬁliorum
975 1453 1143 1508 Israel
1166 1468 1187 1507 :
1212 1452 1264 1506 id
1290 1460 1408 1515 est,
1436 1451 1773 1505 sanctitatem
1814 1458 1986 1500 meam
2011 1442 2109 1498 de-
2288 1437 2385 1511 [lb.
2416 1435 2528 1509 15.]
2546 1436 2736 1490 Domus
2758 1434 2966 1505 familia?
2992 1443 3061 1488 est
3093 1432 3341 1489 Madian:
3367 1432 3437 1487 de
3454 1432 3665 1488 muliere
3684 1431 3763 1486 hoc

521 1550 747 1605 clarare.
790 1544 1094 1601 Secundum
1128 1544 1281 1599 istam
1312 1542 1633 1597 locutionem
1664 1539 1861 1594 dictum
1901 1543 2018 1600 est,
2043 1531 2112 1587 Et

522 1658 615 1709 pro
643 1640 713 1693 eis
742 1637 1002 1706 sanctiﬁco
1028 1636 1273 1704 meipsum
1298 1631 1488 1705 (Joan.
1512 1647 1644 1697 xvu,
1665 1628 1763 1700 19)
1789 1647 1801 1683 ι
1830 1626 1958 1684 etin
1988 1640 2111 1679 ora-

528 1730 672 1784 tione
690 1728 982 1791 Dominica,
999 1725 1355 1794 Sancti/iectur
1370 1738 1551 1776 nomen
1568 1731 1709 1775 tuum
1722 1718 1933 1793 (Matth.
1949 1714 2110 1785 v1.9).

596 1819 696 1894 [lb.
726 1817 842 1891 15.]
866 1817 933 1872 Et
958 1818 1135 1872 incola:
1175 1816 1364 1887 fuimus
1405 1815 1460 1868 in
1492 1812 1726 1884 zEgypto
1760 1811 1865 1865 dies
1902 1808 2070 1880 plures
2094 1822 2113 1861 :

528 1925 625 1981 pro
648 1951 663 1975 ,
687 1910 842 1964 annis
879 1909 1079 1963 multis.

598 2000 699 2075 [lb.
725 1998 837 2073 18.]
871 1999 934 2053 Et
960 1999 1086 2054 dixit
1112 1997 1179 2051 ad
1207 2014 1320 2052 eum
1340 1994 1507 2059 Edoni
1532 2010 1551 2049 :
1577 1993 1681 2048 boc
1699 2000 1783 2047 est
1806 2004 1937 2061 gens
1963 1990 2110 2059 ipsa;

526 2109 635 2151 non
662 2093 807 2150 enim
850 2091 1027 2148 adhuc
1052 2089 1263 2145 vivebat
1290 2088 1459 2144 Edom
1497 2086 1589 2157 qui
1617 2093 1732 2140 erat
1758 2084 1901 2138 Esau
1932 2099 1947 2136 :
1979 2080 2117 2135 sicut

525 2184 630 2254 ipsi
671 2183 761 2255 qui
802 2180 1015 2236 nuntios
1052 2181 1345 2244 miserunt,
1384 2176 1546 2232 Israel
1581 2173 1946 2238 vocabantur,
1973 2167 2116 2240 quod

527 2276 679 2345 prius
705 2287 901 2329 nomen
927 2272 1083 2326 unius
1108 2268 1337 2324 hominis
1362 2276 1496 2323 erat.

602 2364 702 2439 [lb.
721 2362 835 2437 19.]
854 2362 923 2418 Et
947 2361 1119 2417 dicunt
1138 2364 1181 2416 ei
1202 2359 1297 2430 ﬁlii
1323 2356 1509 2424 Israel,
1524 2355 1688 2412 Iusta
1716 2360 1934 2408 montem
1952 2358 2118 2405 trans-

531 2458 764 2517 ibimus:
790 2457 834 2512 si
870 2462 1037 2510 autem
1064 2453 1126 2508 de
1164 2468 1295 2521 aqua
1320 2459 1407 2504 tua
1449 2448 1715 2503 biberimus
1742 2460 1835 2517 ego
1866 2453 1913 2499 et
1939 2456 2120 2515 pecora

531 2566 665 2615 mea,
686 2547 816 2603 dabo
832 2546 1045 2617 pretium
1065 2543 1150 2598 tibi
1174 2558 1193 2597 :
1212 2542 1341 2596 satis
1367 2539 1640 2610 eleganter
1662 2553 1696 2592 a
1720 2534 1911 2606 plurali
1932 2530 2122 2588 transit

532 2640 600 2695 ad
627 2638 948 2711 singularem
969 2649 1273 2701 numerum,
1292 2642 1542 2701 tanquam
1567 2628 1729 2684 Israel
1752 2626 1976 2689 diceret,
1996 2636 2121 2677 cum

531 2731 774 2795 dixisset,
801 2729 897 2800 ﬁlii
926 2725 1123 2792 Israel,
1147 2733 1201 2780 et
1228 2739 1259 2779 a
1287 2722 1465 2778 verbis
1489 2719 1742 2791 empisset
1771 2713 1980 2770 numeri
2005 2712 2122 2782 plu-

534 2826 689 2893 ralis,
720 2823 861 2896 quod
884 2831 988 2887 est,
1018 2819 1338 2874 transibimus
1355 2825 1410 2871 et
1432 2814 1717 2869 biberimus.

606 2919 707 2994 [lb.
744 2916 857 2989 50.]
896 2916 963 2970 Et
987 2915 1107 2969 vidit
1148 2913 1310 2967 omnis
1335 2924 1592 2983 synagoga
1629 2906 1747 2976 quia
1774 2902 2008 2956 dimissus
2051 2906 2125 2953 est

536 2990 709 3066 Aaron
737 3026 755 3064 :
777 3024 882 3064 non
909 3006 1062 3061 facile
1083 3005 1184 3059 hoc
1202 3002 1422 3058 verbum
1445 2999 1707 3069 reperitur
1731 2995 1785 3050 in
1810 2990 2121 3062 Scripturis,

538 3103 795 3167 dimissus,
830 3114 926 3169 pro
954 3112 1019 3153 eo
1055 3095 1197 3167 quod
1222 3103 1305 3149 est
1341 3099 1584 3148 mortuus
1610 3107 1625 3155 ;
1654 3089 1755 3143 hoc
1779 3096 1836 3142 et
1861 3086 1913 3139 in
1943 3084 2123 3138 Evan-

536 3193 677 3265 gelio
700 3202 805 3258 est,
834 3190 921 3245 ubi
947 3188 1020 3242 ait
1044 3187 1259 3242 Simeon
1282 3227 1298 3252 ,
1334 3183 1485 3238 Nunc
1511 3180 1720 3234 dimittis
1761 3194 1957 3232 servum
1983 3185 2125 3229 tuum

536 3286 592 3339 in
621 3299 745 3356 pace
769 3280 917 3356 (Luc.
943 3295 1000 3343 lt,
1021 3275 1113 3351 29)
1141 3294 1153 3331 :
1181 3290 1364 3331 verum
1399 3281 1576 3328 tamen
1620 3273 1839 3330 ἀπολύεις
1881 3267 2043 3321 habet
2071 3266 2125 3320 in

536 3391 745 3449 graeco,
776 3372 920 3447 quod
958 3370 1125 3442 magis
1151 3385 1181 3424 a
1211 3366 1535 3424 resolutione
1562 3377 1721 3435 quam
1760 3376 1789 3413 a
1815 3358 2127 3415 dimissione

536 3447 734 3527 dictum
758 3474 945 3531 sonat;
976 3478 1083 3520 non
1116 3461 1259 3518 enim
1284 3458 1417 3514 dixit
1443 3462 1575 3528 ἄρσις
1595 3495 1610 3522 ,
1640 3450 1785 3524 quod
1808 3452 1923 3505 sine
1963 3447 2127 3504 dubio

536 3570 639 3628 est,
670 3559 912 3615 dimittis.

612 3650 713 3726 [lb.
737 3646 853 3722 '50.]
891 3646 959 3702 Et
987 3648 1230 3718 ﬂeverunt
1258 3643 1429 3698 Aaron
1457 3639 1661 3711 triginta
1695 3637 1801 3690 dies
1828 3634 1989 3689 omnis
2029 3633 2127 3686 do-

536 3722 651 3801 mus
673 3741 840 3798 Israel
867 3756 884 3795 :
908 3755 1015 3794 non
1042 3738 1195 3805 dixit,
1224 3734 1398 3799 ﬂevit;
1430 3747 1529 3787 nec
1554 3729 1721 3794 dixit,
1752 3735 1861 3782 tota
1890 3724 1975 3779 vel
2005 3722 2127 3778 uni-

538 3851 727 3903 versa,
770 3831 864 3888 sed
906 3830 1102 3896 omnis,
1148 3826 1297 3898 quasi
1348 3826 1529 3895 plures
1556 3829 1778 3886 essent;
1823 3816 1978 3873 sicuti
2022 3821 2125 3880 est,

541 3926 718 3982 omnis
745 3924 927 3988 homo,
948 3919 1089 3990 quod
1131 3917 1200 3972 de
1224 3916 1470 3972 omnibus
1511 3912 1703 3968 dicitur
1720 3952 1734 3973 .
1762 3910 1920 3979 longe
1948 3907 2130 3976 utique

541 4015 684 4072 aliud
712 4028 870 4085 quam
899 4020 1039 4066 totus
1062 4008 1245 4073 homo,
1268 4004 1411 4077 quod
1440 4003 1507 4059 de
1535 4018 1643 4058 uno
1665 4001 1860 4057 dicitur
1883 4018 1895 4054 :
1920 3996 2016 4054 sed
2042 4012 2130 4051 as-

543 4107 696 4164 sidue
724 4102 871 4175 ponit
897 4100 1168 4170 Scriptura
1195 4112 1355 4152 omne
1385 4110 1481 4165 pro
1511 4102 1642 4149 toto.

620 4196 719 4271 [lb.
742 4208 871 4260 ιιι,
895 4189 976 4265 5.]
1014 4188 1082 4244 Et
1110 4186 1400 4243 detrahebat
1430 4183 1647 4256 populus
1676 4181 1744 4236 ad
1764 4181 1927 4234 Deum
1954 4190 1999 4235 et
2037 4179 2133 4234 ad-

542 4307 716 4349 versus
735 4287 942 4359 Moysen
956 4300 975 4340 :
988 4299 1092 4339 non
1107 4283 1260 4348 dixit,
1277 4280 1343 4335 de
1361 4279 1497 4344 Deo;
1515 4276 1631 4341 sed,
1645 4273 1713 4329 ad
1732 4274 1914 4329 Deum.
1937 4272 2135 4342 Quam-

545 4384 630 4439 vis
656 4383 792 4436 banc
833 4377 1153 4434 locutionem
1178 4372 1389 4444 quidam
1414 4368 1706 4426 transferre
1735 4366 2008 4433 nolentes,
2036 4364 2131 4419 de-

549 4474 811 4530 trahebant
838 4471 901 4525 de
925 4469 1027 4524 Deo
1046 4511 1062 4535 ,
1090 4465 1488 4523 transtulerunt.

623 4564 722 4639 [lb.
746 4560 823 4635 7.]
865 4561 969 4617 Ora
992 4576 1108 4632 ergo
1128 4559 1193 4613 ad
1213 4557 1378 4611 Deum
1398 4563 1453 4609 ut
1475 4558 1675 4628 auferat
1710 4571 1743 4607 a
1767 4553 1910 4607 nobis
1929 4567 2133 4623 serpen-

552 4668 689 4712 tem:
712 4655 849 4711 sicut
874 4662 929 4709 et
956 4653 1011 4707 in
1035 4650 1219 4705 Exodo
1247 4647 1444 4703 dictum
1465 4654 1567 4712 est,
1592 4659 1778 4700 ranam
1790 4642 1996 4717 (Exod.
2013 4658 2130 4708 vni,

550 4747 639 4822 6),
672 4745 939 4817 singulare
964 4759 1061 4816 pro
1089 4740 1299 4813 plurali.

623 4838 723 4913 [lb.
748 4852 863 4905 ιιι,
887 4834 967 4909 9.)
1009 4834 1074 4889 Et
1096 4836 1285 4905 factum
1318 4839 1388 4886 est
1414 4830 1617 4901 quando
1633 4828 1899 4883 momordit
1927 4844 2134 4899 serpens

549 4932 805 4988 hominem
826 4969 843 4997 ,
872 4936 918 4983 et
955 4926 1149 4998 aspexit
1183 4925 1236 4979 in
1263 4939 1457 4979 tensum
1493 4930 1807 4993 serpentem,
1834 4930 1883 4975 et
1908 4920 2097 4974 vivebat
2116 4934 2135 4972 :

549 5045 658 5086 non
684 5026 855 5083 solum
881 5023 984 5081 hoc
1021 5022 1181 5078 habet
1208 5021 1307 5076 ista
1339 5020 1537 5075 locutio
1564 5017 1705 5089 quod
1732 5017 1891 5072 vertit
1916 5012 2135 5069 modum

548 5119 722 5187 verbi,
750 5125 805 5174 et
839 5132 871 5172 a
894 5115 1072 5189 specie
1109 5113 1339 5184 perfecta
1378 5110 1631 5182 praeteriti
1660 5106 1914 5178 temporis
1938 5104 2006 5160 ad
2031 5105 2133 5159 im-

549 5212 841 5286 perfectam
869 5208 1078 5275 clausit,
1107 5205 1203 5263 sed
1229 5205 1389 5260 etiam
1415 5201 1557 5273 quod
1584 5201 1702 5271 plus
1730 5199 1909 5262 habet,
1932 5206 1997 5251 et.

623 5304 723 5377 [lb.
748 5301 859 5375 11.]
896 5300 964 5355 Et
988 5300 1231 5354 elevantes
1257 5312 1319 5351 ea:
1345 5292 1509 5349 Oboth
1528 5335 1542 5358 ,
1569 5299 1735 5346 castra
1769 5289 2137 5344 collocaverunt

552 5399 607 5453 in
619 5395 863 5465 Achalgai
883 5402 1021 5446 trans
1042 5392 1095 5445 in
1122 5405 1287 5444 eremo
1311 5403 1329 5443 :
1349 5386 1452 5441 hoc
1471 5392 1573 5453 est,
1592 5384 1643 5438 in
1662 5382 1911 5438 ulteriore
1930 5394 2133 5435 eremo.

624 5488 725 5563 [lb.
745 5481 1005 5555 xxtt,23.]
1028 5482 1095 5536 Et
1111 5483 1352 5551 percussit
1376 5480 1572 5534 asinam
1589 5477 1641 5531 in
1657 5476 1795 5547 virga
1820 5491 1837 5528 :
1860 5488 1963 5528 non
1981 5472 2132 5542 dixit,

550 5584 719 5652 virga,
747 5578 862 5645 sed,
885 5579 939 5631 in
964 5577 1122 5646 virga.

625 5674 726 5746 [lb.
745 5686 900 5735 xxtu,
920 5668 1030 5741 I1.]
1060 5666 1127 5721 In
1147 5668 1539 5721 maledictionem
1575 5664 1892 5719 inimicorum
1910 5675 2138 5716 meorum

552 5764 723 5826 vocavi
743 5770 809 5830 te,
837 5770 884 5815 et
912 5774 1023 5815 ecce
1057 5757 1350 5813 benedixisti
1379 5756 1763 5811 benedictionem
1791 5773 1807 5812 :
1837 5768 1944 5812 non
1968 5753 2135 5824 dixit,

2216 1528 2367 1596 dixit,
2397 1543 2514 1597 quae
2539 1542 2660 1582 cum
2686 1525 2930 1581 adultero
2958 1524 3196 1580 Israelita
3216 1537 3473 1594 percussa
3489 1534 3594 1589 est;
3612 1524 3765 1593 quibus

2215 1621 2412 1687 verbis,
2440 1632 2692 1691 quantum
2722 1628 2870 1690 puto,
2896 1618 3124 1689 intelligi
3167 1617 3338 1672 voluit
3366 1617 3596 1672 nobilem
3617 1616 3764 1679 fuisse,

2217 1722 2276 1769 ut
2294 1713 2494 1768 diceret
2517 1726 2658 1777 eam,
2682 1710 2860 1764 domus
2881 1710 3109 1779 favimus,
3131 1709 3268 1764 sicut
3291 1709 3405 1777 jam
3430 1705 3583 1777 vulgo
3597 1705 3655 1760 ad
3667 1706 3767 1760 insi-

2217 1819 2318 1874 gne
2331 1802 2631 1857 divitiarum
2648 1810 2702 1856 et
2720 1799 3099 1870 paterfamilias
3117 1807 3171 1854 et
3186 1795 3582 1852 materfamilias
3594 1796 3765 1850 dicitur.

2291 1892 2388 1967 [lb.
2418 1908 2565 1959 xxvi,
2588 1890 2666 1963 1.]
2694 1890 2759 1944 Et
2788 1891 2984 1945 locutus
3012 1899 3085 1945 est
3127 1889 3382 1943 Dominus
3426 1888 3494 1942 ad
3520 1885 3708 1958 Moysen
3734 1895 3768 1939 et

2218 1984 2527 2055 adEleazar
2551 1983 2859 2038 sacerdotem
2887 1983 3082 2049 dicens,
3113 1982 3300 2052 Accipe
3329 1980 3626 2054 principium
3651 1980 3769 2033 totius

2219 2090 2489 2148 synagoga:
2512 2074 2737 2144 ﬁliorum
2773 2071 2941 2128 Israel
2964 2090 2997 2127 a
3022 2072 3197 2143 viginti
3223 2072 3377 2126 annis
3404 2080 3453 2125 et
3504 2086 3647 2141 supra
3666 2085 3681 2122 :
3699 2082 3770 2123 no-

2222 2140 2442 2223 tandum
2494 2140 2620 2233 quid
2648 2164 2991 2235 appellaverit
3038 2140 3367 2234 principium,
3400 2140 3567 2217 robur
3604 2160 3770 2215 scilicet
3842 2140 3843 2155 ‘

2222 2257 2396 2313 aetatis
2415 2257 2470 2311 in
2501 2255 2718 2327 populo.

2296 2348 2394 2423 [lb.
2424 2364 2598 2413 xxvu,
2626 2347 2697 2402 20
2725 2355 2770 2401 et
2804 2344 2921 2417 21.]
2947 2344 3013 2400 Ut
3039 2344 3313 2399 exaudiant
3352 2360 3469 2398 eum
3496 2343 3586 2413 ﬁlii
3608 2339 3772 2400 Israel;

2224 2449 2297 2507 et,
2324 2439 2390 2495 In
2418 2456 2505 2494 ore
2526 2439 2634 2509 ejus
2650 2436 2883 2502 exibunt;
2906 2444 2980 2503 et,
3003 2434 3070 2490 In
3090 2451 3176 2490 ore
3197 2434 3306 2505 ejus
3320 2434 3613 2501 introibant,
3631 2431 3674 2487 id
3692 2438 3769 2494 est,

2225 2546 2346 2586 cum
2367 2529 2605 2601 jusserit.

2300 2622 2398 2695 [lb.
2420 2619 2537 2693 22.]
2564 2619 2632 2674 Et
2652 2620 2772 2691 fecit
2810 2618 3011 2692 Moyses
3039 2619 3317 2673 secundum
3337 2634 3452 2689 qute
3480 2614 3692 2689 praecepit
3713 2614 3773 2667 illi
3842 2624 3843 2695 ξ

2227 2714 2515 2779 Dominus;
2539 2724 2585 2769 et
2608 2729 2869 2768 assumens
2894 2710 3072 2767 Iesum
3095 2711 3267 2766 statuit
3301 2727 3421 2766 eum
3447 2721 3556 2765 ante
3587 2708 3765 2763 Eleaza-

2227 2825 2343 2862 rum
2368 2807 2693 2873 sacerdotem,
2723 2815 2850 2868 etc..
2868 2805 2956 2859 ubi
2978 2804 3079 2861 hoc
3106 2804 3400 2860 notandum
3427 2802 3539 2869 fuit,
3556 2802 3661 2873 quia
3678 2813 3768 2853 cum

2224 2898 2335 2969 jam
2354 2897 2592 2964 dixisset,
2622 2897 2688 2951 Et
2733 2897 2849 2967 fecit
2888 2894 3095 2967 Moyses
3141 2895 3420 2950 secundum
3448 2909 3557 2965 quia
3579 2892 3767 2964 prerupit

2232 2968 2310 3045 illi
2340 2989 2609 3055 Dominus,
2638 2987 2823 3044 eadem
2855 2988 2967 3059 ipsa
2998 2988 3209 3058 repetit.
3842 2968 3843 2983 ‘

2305 3081 2404 3154 [lb.
2426 3078 2543 3151 25.]
2574 3077 2641 3133 Et
2662 3078 3027 3134 commendavit
3056 3095 3170 3134 eum
3190 3079 3470 3133 secundum
3496 3092 3601 3145 qua:
3620 3088 3768 3144 praet.
3842 3070 3843 3131 ξ

2235 3176 2309 3247 pit
2331 3173 2577 3228 Dominus
2605 3171 2775 3243 Moysi
2806 3188 2824 3226 :
2852 3187 2957 3227 non
2979 3172 3076 3240 ait,
3102 3170 3401 3228 secundum
3429 3185 3542 3241 qua:
3565 3163 3770 3240 prccaepit

2234 3266 2310 3320 illi
2342 3264 2618 3320 Dominus.

2306 3353 2720 3429 [Ib.xxvm,13.]
2734 3354 2991 3409 Decimum
3005 3354 3251 3409 decimam
3264 3354 3562 3426 similaginis
3576 3363 3773 3419 conspar-

2234 3464 2344 3503 sam
2372 3448 2425 3501 in
2447 3446 2558 3501 oleo
2577 3462 2708 3517 agno
2734 3445 2823 3499 uni
2851 3461 2871 3499 :
2901 3444 2953 3499 id
2973 3453 3057 3500 est
3084 3444 3320 3514 singulas
3346 3444 3574 3501 decimas
3595 3435 3771 3508 singulis
3842 3504 3843 3507 η

2235 3538 2423 3609 agnis;
2447 3535 2587 3607 quod
2612 3536 2755 3591 enim
2787 3535 2882 3598 ait,
2915 3534 3177 3589 Decimum
3200 3535 3471 3601 decimam,
3514 3526 3775 3603 signiﬁcavit

2236 3630 2377 3701 quod
2399 3628 2701 3698 repetenda:
2727 3628 2835 3683 sint
2863 3627 3086 3683 decima:
3104 3644 3198 3699 per
3219 3629 3460 3699 singulos
3496 3640 3663 3698 agnos.

2309 3722 2406 3795 [lb.
2433 3720 2499 3777 16
2521 3730 2569 3776 et
2590 3718 2701 3793 17.]
2728 3720 2795 3775 Et
2814 3721 2867 3774 in
2896 3737 3064 3776 mense
3089 3720 3250 3790 primo
3270 3735 3452 3792 quarta
3469 3719 3643 3773 decima
3662 3728 3773 3767 men-

2237 3815 2307 3869 sis
2331 3815 2482 3885 hujus
2510 3813 2616 3867 dies
2646 3814 2820 3884 festus,
2849 3820 3038 3883 septem
3063 3812 3169 3867 dies
3197 3828 3381 3882 azyma
3420 3810 3565 3866 edetis
3590 3814 3775 3862 :notan-

2243 3906 2369 3961 dum
2399 3904 2542 3960 diem
2565 3904 2753 3960 festum
2776 3918 2873 3974 per
2893 3903 3073 3974 plures
3093 3902 3209 3958 dies
3234 3903 3526 3968 celebrari;
3554 3910 3602 3956 et
3635 3908 3776 3951 tamen

2237 4000 2379 4054 diem
2407 3998 2596 4053 festum
2643 3997 2766 4064 dici,
2814 4012 2924 4053 non
2968 3997 3085 4053 dies
3112 3996 3297 4065 festos,
3326 3998 3494 4069 ipsius
3528 3988 3777 4051 festivitatis

2239 4093 2671 4159 celebrationem,
2700 4101 2960 4165 quotquot
2987 4092 3102 4148 dies
3125 4092 3378 4150 tenuerit.

2311 4184 2410 4259 [lb.
2440 4201 2590 4253 xxrx,
2621 4183 2696 4257 1.]
2722 4184 2792 4238 Et
2815 4200 2981 4239 mense
3025 4186 3235 4256 septimo
3274 4202 3379 4239 una
3396 4184 3585 4238 mensis.
3609 4178 3775 4234 Secun-

2238 4277 2364 4332 dum
2393 4275 2530 4332 hanc
2568 4275 2889 4330 locutionem
2928 4275 3129 4330 dictum
3156 4274 3312 4330 estin
3352 4274 3562 4339 Genesi,
3586 4269 3641 4324 Et
3665 4268 3773 4337 {acta

2239 4378 2314 4424 est
2337 4385 2562 4440 vespera,
2594 4378 2642 4422 et
2689 4368 2878 4437 factum
2904 4377 2977 4423 est
3018 4385 3164 4422 mane
3197 4368 3301 4422 dies
3321 4384 3451 4422 unus
3481 4364 3619 4438 (Gen.
3643 4376 3676 4422 ι,
3697 4354 3741 4427 5)
3766 4370 3775 4405 τ

2240 4475 2365 4515 nam
2394 4469 2448 4515 et
2488 4460 2559 4515 ibi
2607 4460 2745 4515 sicut
2769 4458 2855 4515 hic
2890 4474 3095 4531 graecus
3145 4459 3303 4514 habet
3332 4468 3483 4530 ἡμέρα
3529 4462 3629 4524 μία,
3667 4445 3777 4503 unde

2240 4553 2454 4624 quidam
2484 4551 2572 4607 hic
2602 4552 3007 4623 interpretantes
3042 4553 3207 4623 prima
3234 4552 3316 4606 die
3343 4551 3541 4615 mensis,
3575 4552 3778 4601 necesse.

2242 4644 2377 4698 riam
2399 4642 2721 4698 locutionem
2750 4642 3227 4713 praetermiserunt,
3245 4642 3486 4712 quamvis
3505 4655 3535 4694 a
3557 4627 3777 4692 sententia

2241 4736 2529 4792 verborum
2557 4749 2662 4790 non
2687 4735 3027 4791 recesserint.

2316 4828 2415 4901 [lb.
2444 4828 2524 4901 2.]
2565 4827 2788 4882 Vitulum
2823 4844 2980 4881 unum
3003 4845 3067 4883 ea:
3096 4829 3267 4894 bobus,
3286 4830 3487 4883 arietem
3502 4828 3777 4879 unum:non

2244 4924 2338 4990 ait,
2370 4938 2436 4977 ex
2452 4920 2801 4988 ovibus,sicut
2826 4920 2953 4975 illud
2990 4938 3051 4976 ex
3075 4921 3249 4990 bobus,
3280 4937 3402 4977 eum
3429 4929 3482 4975 et
3507 4914 3620 4974 illud
3645 4912 3683 4967 si
3705 4907 3777 4962 dc~

2245 5024 2407 5081 esset,
2433 5014 2648 5084 plenum
2674 5022 2835 5069 esset.

2318 5107 2419 5180 [lb.
2448 5105 2530 5180 2.]
2559 5107 2730 5177 Agnos
2748 5108 3007 5161 anniculos
3035 5108 3143 5162 sine
3166 5108 3284 5163 vitio
3301 5115 3484 5179 septem
3515 5102 3641 5157 :hoc
3665 5085 3778 5162 (ῐυοίί

2245 5203 2300 5258 in
2325 5201 2475 5271 agnis
2502 5202 2697 5271 posuit,
2724 5201 2832 5255 sine
2858 5202 2996 5266 vitio,
3042 5217 3138 5272 per
3185 5202 3362 5257 omnia
3387 5194 3690 5256 subauditur,
3739 5188 3780 5237 α

2246 5293 2301 5347 in
2328 5293 2496 5347 vitulo
2522 5292 2741 5359 scilicet,
2774 5300 2829 5347 et
2862 5292 2913 5346 in
2940 5292 3123 5348 ariete.

2320 5383 2397 5457 [In
2423 5384 2502 5457 4.]
2526 5383 2731 5438 Decima
2750 5383 2942 5438 decima
2961 5400 3092 5455 agno
3113 5384 3220 5450 uni,
3242 5392 3425 5455 septem
3443 5378 3611 5451 agnis:
3630 5368 3673 5424 id
3693 5370 3773 5423 esi.

2248 5477 2449 5548 singula
2472 5476 2709 5545 singulis.

2321 5568 2420 5639 [lb.
2443 5564 2559 5640 59.]
2589 5566 2823 5638 Exceptis
2843 5568 2966 5622 votis
2986 5568 3175 5633 vestris,
3193 5578 3240 5622 et
3266 5563 3538 5621 voluntaria
3557 5563 3709 5614 vestra.
3737 5548 3772 5595 ε’

2251 5660 2685 5714 holocaustomata
2707 5667 2891 5725 vestra,
2931 5658 3182 5728 sacriﬁcia
3200 5668 3376 5724 vestra,
3409 5664 3453 5710 et
3468 5647 3682 5707 libamina
3703 5651 3765 5691 vc-

2250 5762 2377 5819 stra,
2408 5760 2453 5805 et
2478 5749 2723 5805 salutaria
2742 5758 2924 5806 vestra.
2949 5748 3096 5806 Hanc
3120 5748 3455 5816 locutionem,
3477 5743 3519 5799 si
3537 5737 3611 5798 vel
3632 5736 3771 5806 alii?“
