3902 6298
185 473 356 529 esset,
385 475 490 517 non
517 467 757 515 notarem
794 473 806 512 :
837 471 941 511 non
963 454 1102 510 enim
1127 453 1217 520 ait,
1250 450 1498 520 Exceptis
1523 449 1660 502 votis
1685 461 1775 502 ve-

188 557 323 612 stris
350 562 402 610 et
425 551 735 606 voluntariis
759 549 968 612 vestris,
999 556 1053 602 et
1070 556 1281 608 caetera,
1310 553 1367 597 ut
1396 551 1659 612 cmperat;
1683 539 1778 596 sed

187 662 388 717 neque,
415 645 652 713 Excepta
675 649 795 696 vota
821 649 1018 703 vestra,
1049 646 1107 692 ut
1134 637 1202 692 ab
1241 637 1356 704 ipso
1389 634 1535 688 velut
1562 632 1779 688 soloeci-

188 755 313 794 smo
338 738 594 807 inciperet
625 753 638 790 :
671 734 763 789 sed
797 748 919 789 cum
946 731 1092 802 prius
1121 738 1266 785 recte
1295 730 1488 783 usitata
1514 729 1780 781 locutione

186 830 432 894 dixisset,
460 825 702 896 Exceptis
720 825 847 879 uotis
870 823 1081 887 vestris;
1108 837 1172 877 ea
1192 820 1382 876 deinde
1408 818 1648 887 adjunxit
1687 832 1782 886 per

185 923 354 976 alium
380 936 585 987 casum,
614 919 701 974 ubi
738 917 1008 973 subaudiri
1039 931 1141 970 non
1171 913 1357 984 possit,
1392 912 1630 980 exceptis,
1661 908 1778 976 sed,

187 1022 446 1083 excepta;
477 1009 618 1082 quod
647 1024 755 1064 non
786 1007 1016 1063 admittit
1043 1021 1142 1061 nec
1171 1019 1342 1075 grzeca
1389 1017 1486 1057 nec
1519 1002 1677 1057 latina
1703 1000 1782 1055 lo-

187 1106 356 1159 cutio.

267 1193 380 1266 [lb.
412 1209 545 1260 ιιι,
575 1190 654 1265 5.]
704 1190 890 1257 Homo,
927 1190 1078 1245 homo
1097 1188 1392 1258 quicumque
1410 1186 1594 1241 nouerit
1617 1193 1785 1240 votum

195 1289 457 1343 Domino:
488 1303 583 1356 pro
603 1301 668 1342 eo
697 1285 836 1356 quod
865 1292 967 1350 est,
989 1283 1162 1338 omnis
1189 1282 1369 1336 homo.

265 1379 383 1453 [lb.
427 1377 506 1450 6.]
544 1376 671 1432 Cum
704 1386 872 1430 autem
896 1375 1075 1428 mulier
1101 1373 1286 1428 noverit
1331 1379 1502 1425 votum
1544 1367 1783 1435 Domino,

192 1481 287 1522 aut
313 1469 568 1538 deﬁnierit
599 1467 902 1537 deﬁnitione
926 1465 978 1519 in
1004 1465 1153 1518 domo
1181 1464 1337 1533 patris
1359 1462 1439 1516 sui
1463 1461 1515 1514 in
1532 1462 1790 1531 juventute

187 1577 310 1614 sua.
347 1560 446 1614 Hic
487 1558 765 1613 mulierem
795 1557 1046 1613 feminam
1089 1554 1217 1610 dicit
1257 1552 1468 1608 etiamsi
1503 1551 1653 1620 virgo
1680 1548 1782 1611 sit,

187 1666 344 1706 more
387 1649 779 1720 Scripturarum
823 1667 838 1705 :
884 1647 1024 1703 unde
1072 1647 1231 1702 etiam
1288 1645 1355 1699 de
1403 1642 1614 1698 Christo
1665 1648 1785 1706 est,

187 1743 335 1813 quod
366 1741 439 1797 ait
467 1740 775 1812 Apostolus,
809 1738 1026 1794 Factum
1051 1754 1112 1792 ea:
1135 1737 1342 1790 muliere
1371 1732 1579 1807 (Galat.
1609 1747 1681 1798 tv,
1708 1729 1787 1801 4).

261 1833 380 1906 [11).
422 1831 518 1905 4.]
554 1833 622 1887 Et
647 1833 863 1886 audierit
893 1840 1033 1901 pater
1059 1831 1169 1901 ejus
1192 1837 1306 1882 uota
1331 1829 1439 1896 ejus
1462 1836 1507 1878 et
1537 1823 1789 1893 deﬁnitio-

188 1947 276 1984 nes
294 1932 429 1999 ejus,
453 1946 574 1995 quas
594 1928 839 1996 deﬁnivit.
865 1925 1189 1995 Deﬁnitiones
1204 1920 1446 1990 deﬁnivit,
1470 1917 1667 1973 locutio
1682 1924 1785 1975 est.

260 2021 369 2095 [lb.
395 2019 481 2094 4.]
507 2019 750 2090 Deﬁnivit
773 2019 1010 2073 adversus
1029 2016 1252 2070 animam
1263 2029 1421 2088 suam
1445 2028 1463 2064 :
1483 2011 1537 2066 id
1562 2018 1664 2076 est,
1690 2007 1788 2063 ad-

186 2128 388 2169 versus
407 2111 794 2167 delectationes
817 2110 1008 2163 anima:
1033 2122 1162 2162 suae.

259 2204 384 2278 [lb.
415 2202 503 2276 4.]
545 2204 612 2257 Et
651 2203 862 2257 tacuerit
906 2211 1047 2270 paler
1091 2200 1235 2270 ejus,
1284 2206 1331 2251 et
1383 2195 1582 2250 stabunt
1619 2192 1788 2248 omnia

185 2311 299 2356 vota
347 2302 459 2370 ejus
493 2314 512 2352 .'
553 2297 639 2353 hic
675 2297 792 2366 plus
831 2294 1028 2360 habet,
1060 2303 1144 2356 et;
1185 2307 1307 2346 nam
1354 2289 1558 2358 integer
1599 2300 1787 2340 sensus

185 2401 286 2456 est,
326 2391 392 2445 Si
419 2388 638 2444 audierit
677 2397 723 2442 et
753 2386 961 2441 tacuerit
1002 2392 1145 2454 pater
1185 2384 1314 2452 ejus,
1370 2378 1570 2434 stabunt
1617 2377 1788 2432 omnia

185 2491 298 2536 vota
329 2481 464 2552 ejus.

255 2574 368 2649 [lb.
404 2573 483 2647 7.]
516 2574 576 2629 Si
603 2582 769 2628 autem
792 2576 927 2643 facta
956 2568 1107 2643 fuerit
1150 2567 1257 2621 uiro
1285 2581 1302 2621 :
1328 2562 1659 2634 intelligitur,
1689 2577 1788 2616 nu-

186 2671 390 2739 pserit;
420 2666 694 2736 Scriptura
721 2665 797 2720 sic
827 2664 1079 2735 loquitur.

255 2759 383 2834 [11).
412 2757 491 2832 7.]
530 2758 597 2814 Et
631 2767 744 2812 vota
774 2757 882 2829 ejus
909 2771 1061 2824 super
1094 2769 1204 2808 eam
1235 2767 1252 2804 :
1281 2748 1613 2815 subauditur,
1639 2754 1782 2812 sunt,

187 2854 333 2925 quod
363 2852 602 2907 nonnulli
631 2851 945 2919 interpretes
966 2848 1122 2901 etiam
1152 2843 1485 2898 addiderunt.

256 2942 506 3019 [lb.13.]
538 2942 722 2996 Omnia
749 2954 1073 3010 quaecumque
1101 2936 1306 2991 exierint
1327 2950 1389 2988 ea:
1413 2931 1556 2986 labiis
1577 2931 1686 3002 ejus
1704 2945 1786 2984 se—

191 3038 424 3092 cundum
454 3045 567 3090 vota
592 3035 720 3105 ejus,
750 3041 795 3087 et
819 3030 1094 3086 secundum
1121 3026 1437 3096 deﬁnitiones
1464 3037 1579 3094 qua:
1605 3020 1786 3073 adver-

187 3147 268 3184 sus
280 3128 514 3182 animum
532 3127 656 3197 ejus,
678 3139 778 3177 non
801 3131 966 3176 manet
981 3120 1047 3186 ei,
1070 3129 1124 3175 et
1143 3133 1264 3172 cum
1280 3121 1677 3184 exspectaretur
1691 3126 1790 3166 nl-

190 3233 381 3275 mcrus
409 3217 642 3288 pluralis,
666 3224 726 3269 ut
750 3214 1086 3280 diceret,non
1099 3218 1299 3265 manent
1311 3208 1356 3261 ei
1371 3222 1530 3271 ,'nam
1560 3205 1630 3260 ita
1655 3219 1790 3258 non-

194 3313 326 3368 nulli
378 3308 710 3379 interpretati
749 3314 906 3370 sunt,
952 3304 1182 3359 vitantes
1210 3301 1369 3356 istum
1398 3298 1548 3369 quasi
1578 3295 1789 3352 soloeci-

190 3417 392 3459 smum.

261 3495 389 3569 [lb.
419 3509 572 3559 ιιιι,
604 3487 683 3563 4.]
715 3487 860 3543 Mille
887 3503 950 3543 ea:
987 3485 1150 3551 tribu,
1187 3492 1233 3536 et
1271 3481 1410 3535 mille
1451 3495 1514 3534 ex
1542 3479 1696 3543 tribu,
1725 3493 1790 3532 ea:

192 3592 433 3646 omnibus
459 3586 682 3642 tribubus
707 3582 895 3638 Israel.
919 3577 1186 3649 Numquid
1206 3573 1490 3632 duodecies
1513 3572 1647 3628 dixit
1669 3570 1786 3626 mil-

197 3684 283 3739 le?
312 3682 391 3737 Et
415 3690 590 3735 tamen
612 3675 858 3747 repetitio
883 3675 983 3729 ista
1006 3671 1254 3727 milleuos
1274 3665 1556 3738 signiﬁcat.

266 3773 376 3846 [lb.
398 3767 479 3844 8.]
498 3769 863 3838 Interfecerunt
880 3766 930 3820 in
956 3762 1128 3836 gladio
1159 3777 1179 3816 :
1203 3760 1346 3832 quod
1371 3759 1565 3814 usitate
1583 3756 1789 3813 dicere-

197 3879 298 3933 tur,
337 3865 722 3922 interfecerunt
745 3861 938 3931 gladio.

265 3963 374 4036 [lb.
409 3957 519 4031 10]
548 3958 614 4013 Et
640 3972 810 4011 omnes
831 3954 1052 4009 civitates
1078 3966 1270 4016 eorum,
1297 3963 1412 4020 qute
1435 3948 1489 4003 in
1522 3944 1791 4000 habitatio-

200 4057 351 4111 nibus
371 4069 541 4109 eorum
566 4067 584 4105 :
610 4048 941 4113 subauditur,
967 4053 1139 4102 erant.

270 4149 377 4224 [11).
403 4145 515 4219 10]
548 4145 612 4199 Et
632 4143 778 4197 villas
797 4156 970 4195 eorum
999 4134 1361 4192 succenderunt
1387 4133 1441 4186 in
1468 4131 1576 4202 igni
1605 4145 1622 4184 :
1647 4128 1791 4201 quod

201 4245 398 4297 usitate
422 4239 707 4302 diceretur,
742 4230 1129 4288 succenderunt
1154 4226 1283 4297 igni.

271 4332 376 4405 [lb.
400 4326 512 4401 18.]
539 4326 607 4380 Et
636 4339 831 4379 omnent
853 4319 1225 4375 multitudinem
1249 4315 1536 4379 mulierum,
1560 4326 1670 4382 qua:
1689 4326 1792 4364 non

204 4404 340 4479 nouit
370 4419 685 4475 concubitum
715 4413 959 4479 masculi,
988 4411 1248 4480 viviﬁcate.
1291 4405 1559 4477 Nusquam
1597 4404 1793 4458 certius

205 4526 426 4587 apparet
451 4513 662 4569 hebrata
690 4508 955 4565 locutione
975 4505 1229 4560 mulieres
1254 4500 1412 4556 etiam
1434 4498 1539 4553 dici
1562 4495 1792 4566 virgines

207 4610 400 4664 solere.

276 4703 391 4775 [lb.
409 4700 480 4756 28
495 4708 542 4754 et
561 4695 676 4768 29.]
707 4695 772 4750 Et
793 4711 823 4748 a
849 4691 1060 4747 dimidia
1085 4694 1226 4756 parte
1246 4700 1420 4740 eorum
1440 4680 1713 4749 accipietis,
1746 4686 1793 4732 et

209 4772 348 4848 dabis
396 4809 455 4846 ea
511 4789 724 4844 Eleazar
771 4781 1018 4840 sacerdoti
1074 4776 1320 4850 primitias
1378 4772 1584 4827 Domini
1627 4785 1645 4823 :
1687 4784 1794 4824 non

210 4867 367 4947 dixit;
385 4886 596 4941 dabitis.

281 4980 380 5052 [lb.
415 4974 527 5048 55]
557 4974 624 5029 Et
659 4972 842 5026 animt:
870 4967 1126 5023 hominum
1148 4979 1178 5015 α
1203 4956 1514 5021 mulieribus,
1542 4968 1654 5025 qua:
1695 4969 1796 5007 non

214 5078 541 5140 cognoverunt
569 5062 885 5119 concubitum
922 5058 1047 5121 viri,
1080 5053 1241 5110 omnis
1280 5050 1453 5104 anima
1491 5047 1590 5101 duo
1629 5054 1676 5099 et
1705 5045 1798 5098 tri-

216 5165 349 5232 ginta
374 5162 546 5230 .nn'llia
579 5175 596 5212 :
630 5166 683 5212 ει
715 5157 801 5210 hic
835 5151 1076 5222 superior
1101 5146 1299 5202 locutio
1337 5141 1646 5198 conﬁrmata
1677 5146 1791 5204 est,

217 5231 459 5310 mulieres
480 5252 584 5308 dici
612 5250 770 5306 etiam
799 5262 917 5317 quae
939 5258 1044 5299 non
1075 5244 1436 5310 cognoverunt
1456 5231 1796 5290 concubitum

218 5351 335 5414 viri,
365 5350 414 5404 id
442 5358 524 5403 est
551 5346 797 5416 virgines.

289 5439 384 5512 [11).
403 5438 516 5512 54]
537 5437 605 5492 Et
625 5435 816 5503 accepit
844 5430 1042 5499 dioyses
1063 5435 1108 5480 et
1130 5423 1345 5479 Eleazar
1365 5419 1596 5476 sacerdos
1619 5430 1800 5470 aurum

220 5548 250 5584 a
275 5509 557 5586 ehiliarcliis
584 5538 629 5584 et
657 5545 688 5582 a
713 5521 1103 5584 centurionibus,
1132 5525 1176 5571 et
1208 5514 1378 5568 intulit
1413 5529 1471 5566 ea
1493 5510 1545 5563 in
1569 5509 1801 5561 taberna-

220 5639 385 5677 culum
407 5620 692 5678 testimonii.
721 5616 942 5672 Videtur
963 5612 1138 5666 dicere
1163 5606 1434 5668 debuisse,
1464 5613 1516 5656 et
1541 5599 1714 5654 intulit
1738 5599 1799 5651 il-

227 5713 318 5768 lud
340 5713 388 5767 in
428 5708 823 5768 tabernaculum
854 5700 1179 5764 testimonii;
1210 5695 1458 5767 quoniam
1491 5705 1676 5745 aurum
1706 5704 1798 5743 ae-

223 5815 428 5877 ceptum
451 5821 571 5866 esse
598 5802 933 5867 praedixerat.
966 5802 1018 5852 et
1043 5791 1284 5865 plerique
1312 5785 1464 5848 latini
1487 5783 1696 5845 codices
1721 5782 1799 5841 sic

1803 243 1833 252 ..μ

1535 331 1737 389 LIBER
1774 328 2117 396 QUARTUS.

3361 336 3470 396 530

1883 443 2082 500 habent
2108 464 2121 498 :
2148 447 2242 502 sed
2265 447 2384 504 ideo
2411 448 2683 518 pluraliter
2703 448 2914 505 videtur
2937 451 3137 506 illatum
3164 461 3219 506 ut
3244 453 3472 522 diceret,

1881 540 2050 592 intulit
2070 556 2149 604 ea,
2173 541 2292 608 quia
2318 542 2484 594 multa
2510 556 2632 595 vasa
2655 540 2862 597 fuerant
2881 545 3122 613 superius
3146 559 3471 602 commemo-

1883 639 2019 692 rata,
2045 630 2096 683 in
2117 630 2309 700 quibus
2338 639 2452 685 erat
2481 630 2582 684 hoc
2603 645 2810 686 aurum.

1957 721 2054 795 [lb.
2081 738 2257 787 ιιιιι,
2284 721 2362 796 1.]
2390 722 2456 778 Et
2483 740 2696 791 pecora,
2726 725 2994 780 multitudo
3020 736 3126 781 erat
3149 727 3270 797 ﬁliis
3295 727 3472 784 Ruben

1885 823 1932 868 et
1973 814 2094 884 ﬁliis
2125 814 2270 882 Gad,
2309 816 2576 870 multitudo
2607 818 2810 888 capiosa
2851 817 2996 872 ualde
3031 834 3051 872 :
3084 835 3191 874 non
3233 820 3388 887 dixit,
3418 830 3476 877 et

1885 921 2137 977 pecorum
2165 907 2446 963 multitudo
2470 917 2601 965 erat.
3049 907 3071 933 ‘

1959 999 2074 1073 [lb.
2108 998 2184 1071 1.]
2212 999 2280 1054 Et
2305 1002 2532 1055 uiderunt
2567 1003 2819 1072 regionem
2839 1003 2993 1058 Jazer
3017 1015 3062 1060 et
3081 1007 3334 1078 regionem
3364 1006 3474 1062 Ga-

1888 1089 2028 1158 laad,
2047 1101 2092 1145 et
2113 1102 2218 1145 erat
2239 1093 2396 1159 locus,
2425 1093 2564 1146 locus
2593 1095 2853 1161 pecoribus
2875 1110 2891 1148 :
2912 1111 3016 1150 non
3039 1095 3368 1167 jungendum
3389 1108 3476 1155 est

1888 1181 1942 1236 in
1974 1183 2402 1252 pronuntiatione
2426 1185 2565 1252 quod
2590 1183 2672 1239 bis
2700 1184 2833 1239 dixit
2865 1185 3035 1250 locus;
3063 1188 3156 1242 sed
3185 1189 3475 1245 subdistin-

1889 1273 2157 1344 guendum
2177 1314 2194 1342 ,
2222 1284 2268 1329 et
2295 1284 2401 1329 erat
2425 1275 2593 1340 locus,
2625 1284 2679 1330 et
2705 1275 2896 1330 deinde
2926 1276 3258 1334 inferendum
3279 1320 3298 1346 ρ
3331 1282 3473 1338 locus

1891 1366 2170 1436 pecoribus.
2202 1367 2364 1434 Quasi
2398 1367 2541 1423 enim
2569 1377 2968 1437 exspectaretur
3009 1371 3180 1441 qualis
3207 1372 3373 1439 locus,
3400 1375 3474 1429 ita

1890 1458 2135 1526 repetitio
2161 1458 2434 1528 eleganter
2459 1459 2599 1514 illata
2625 1468 2727 1513 est.

1965 1547 2061 1620 [lb.
2091 1547 2172 1620 2.]
2198 1548 2265 1602 Et
2294 1551 2582 1604 accedentes
2613 1551 2709 1619 ﬁlii
2737 1550 2912 1606 Ruben
2940 1561 2986 1606 et
3016 1554 3110 1622 ﬁlii
3137 1553 3251 1608 Gad
3271 1595 3287 1621 ,
3328 1556 3474 1611 dixe~

1891 1649 2009 1693 runt
2036 1640 2102 1692 ad
2131 1639 2344 1709 Moysen
2375 1650 2421 1694 et
2454 1640 2674 1695 Eleazar
2696 1643 3025 1710 sacerdotem,
3061 1655 3107 1698 et
3133 1647 3200 1698 ad
3228 1647 3476 1718 principes

1891 1746 2181 1801 synagogte,
2225 1731 2444 1786 dicentes
2470 1746 2490 1785 :
2520 1747 2626 1786 non
2655 1741 2740 1787 est
2767 1733 2867 1787 ista
2895 1734 2978 1788 vel
3005 1750 3176 1804 grmca
3206 1736 3288 1791 vel
3314 1736 3476 1792 latina

1892 1821 2109 1884 locutio,
2144 1821 2379 1875 dixerunt
2405 1823 2623 1877 dicentes
2641 1865 2657 1892 ,
2683 1822 2781 1879 sed
2811 1823 3022 1880 hebrtea
3051 1825 3276 1881 videtur.

1966 1911 2064 1985 [lb.
2084 1911 2162 1986 5.]
2195 1912 2356 1967 Detur
2376 1922 2508 1968 terra
2526 1914 2624 1968 ista
2652 1915 2856 1986 famulis
2879 1917 2977 1969 tuis
2999 1918 3050 1970 in
3073 1919 3428 1986 possessionem
3458 1933 3477 1973 :

1892 2008 2042 2077 quasi
2065 2007 2132 2062 de
2160 2007 2277 2062 aliis
2297 2006 2554 2073 dicerent,
2583 2023 2702 2063 cum
2731 2009 2830 2064 sibi
2860 2018 3120 2079 peterent.

1965 2097 2064 2173 [lb.
2097 2097 2210 2171 12.]
2241 2099 2361 2153 Non
2387 2099 2518 2154 enim
2537 2101 2692 2154 secuti
2711 2109 2827 2154 sunt
2853 2110 2964 2170 post
2993 2117 3086 2166 me,
3126 2111 3307 2171 prteter
3335 2100 3473 2156 Cha-

1893 2189 1971 2245 leb
2009 2190 2146 2258 ﬁlius
2187 2188 2438 2260 Jephone.
2475 2190 2694 2245 Videtur
2729 2191 2910 2248 dicere
2953 2191 3234 2258 debuisse,
3281 2202 3478 2262 praeter

1892 2281 2092 2340 Chaleb
2123 2284 2287 2338 lilium
2318 2284 2593 2355 Jephone;
2628 2285 2720 2340 sed
2748 2285 3070 2341 nominative
3101 2285 3304 2350 intulit,
3351 2285 3474 2355 quin

1893 2377 2198 2446 praecessit,
2224 2377 2380 2430 secuti
2401 2385 2538 2430 sunt.
2568 2377 2663 2432 Est
2682 2385 2857 2431 autem
2879 2376 2976 2432 ista
3003 2376 3200 2432 locutio
3222 2377 3376 2431 etiam
3403 2377 3478 2431 la-

1893 2469 2001 2522 tina
2021 2509 2035 2532 ,
2068 2467 2162 2522 sed
2185 2483 2324 2522 rara.

1964 2559 2064 2633 [lb.
2093 2559 2204 2632 15.]
2223 2561 2394 2615 Donec
2419 2571 2796 2615 consumeretur
2823 2562 2983 2616 omnis
3010 2563 3260 2632 generatio
3285 2563 3476 2631 facien-

1892 2663 1963 2710 tes
1992 2656 2214 2725 maligna
2255 2655 2308 2708 in
2354 2663 2619 2725 conspectu
2661 2655 2866 2708 Domini
2899 2671 2917 2708 :
2945 2670 3048 2710 non
3078 2655 3244 2722 dixit,
3277 2655 3476 2710 faciens

1891 2749 2115 2817 maligna
2143 2764 2157 2812 ;
2183 2763 2380 2817 neque,
2411 2747 2714 2804 facientium
2740 2748 2986 2818 maligna.

1965 2837 2064 2910 [lb.
2095 2837 2206 2910 16.]
2226 2837 2293 2892 Et
2320 2849 2634 2892 accesserunt
2655 2841 2718 2903 ei,
2742 2848 2787 2892 et
2809 2839 3040 2893 dixerunt
3064 2855 3081 2892 :
3108 2854 3211 2894 non
3235 2839 3309 2893 ait
3332 2838 3474 2910 quod

1895 2931 2142 2986 usitatum
2173 2940 2256 2985 est
2278 2973 2292 2996 ,
2323 2939 2662 2985 accesserunt
2685 2931 2750 2984 ad
2781 2945 2923 2984 eum.

1966 3021 2063 3096 [lb.
2089 3020 2205 3094 24]
2234 3022 2298 3076 Et
2336 3022 2652 3091 ardiﬁcabitis
2681 3022 2816 3075 vobis
2851 3021 2972 3091 ipsis
2999 3021 3219 3075 civitates
3255 3018 3474 3089 impedi-

1894 3114 2072 3167 mentis
2103 3114 2277 3167 vestris
2317 3128 2419 3167 :ac
2464 3114 2508 3166 si
2552 3113 2781 3177 diceret,
2810 3111 3138 3167 aediticabitis
3167 3113 3315 3166 vobis
3346 3111 3475 3181 ipsis

1893 3204 2132 3260 civitates
2162 3213 2379 3274 pr0ptcr
2410 3203 2788 3273 impedimenta
2821 3212 3014 3257 vestra.

1967 3308 2066 3381 [11).
2085 3308 2180 3373 26,
2208 3305 2323 3380 27.]
2351 3306 2720 3375 Impedimenta
2744 3314 2914 3360 nostra
2947 3315 2990 3358 et
3017 3319 3199 3358 uxores
3218 3311 3404 3358 nostrae
3427 3311 3476 3358 et

1895 3403 2065 3455 omnia
2106 3417 2287 3471 pecora
2313 3409 2484 3452 nostra
2513 3407 2655 3452 erunt
2685 3397 2737 3450 in
2765 3395 3046 3450 civitatibus
3077 3393 3301 3458 Galaad,
3332 3396 3477 3463 pueri

1895 3503 2063 3547 autem
2089 3493 2161 3546 tui
2190 3490 2468 3545 transibunt
2495 3505 2664 3543 omnes
2690 3488 2872 3541 armati
2896 3503 2914 3540 :
2939 3501 3042 3540 non
3072 3485 3347 3552 dixerunt,
3375 3500 3476 3539 nos

1893 3594 2071 3640 autem
2117 3582 2458 3638 transibimus
2503 3595 2689 3635 omnes
2727 3577 2948 3643 armati,
2996 3577 3087 3632 sed
3120 3586 3367 3647 tanquam
3405 3576 3474 3632 de

1893 3677 2008 3731 aliis
2028 3676 2285 3731 dicerent.

1968 3776 2064 3849 [lb.
2084 3774 2198 3846 ‘28.]
2227 3775 2290 3829 Et
2311 3771 2671 3828 commendavit
2690 3773 2759 3826 eis
2777 3770 2978 3842 Moyses
3000 3769 3216 3825 Eleazar
3235 3769 3472 3825 sacerdo-

1895 3881 1991 3924 tem
2017 3879 2061 3924 et
2085 3867 2260 3925 Iesum
2285 3866 2446 3936 ﬁlium
2479 3862 2652 3930 Nave,
2684 3873 2731 3918 et
2760 3864 3008 3934 principes
3033 3863 3344 3936 familiarum
3380 3864 3476 3916 tri-

1895 3963 2048 4016 buum
2072 3959 2253 4014 Israel.
2281 3958 2398 4014 Non
2418 3960 2491 4012 ait
2513 3997 2528 4018 ,
2554 3956 2944 4012 commendavit
2968 3971 3060 4012 eos
3089 3955 3295 4026 Moyses
3321 3955 3477 4011 Elea-

1896 4069 1987 4108 zar
2025 4051 2319 4118 sacerdoti,
2366 4049 2507 4120 quod
2547 4048 2725 4118 utique
2769 4047 2902 4102 ordo
2946 4047 3228 4102 locutionis
3270 4047 3479 4102 usitata:

1895 4145 2173 4216 exigebat:
2207 4159 2302 4213 per
2348 4143 2446 4196 hos
2484 4141 2626 4197 enim
2670 4139 2952 4195 introducti
2993 4149 3116 4194 sunt
3151 4140 3202 4194 in
3244 4149 3435 4195 terram
3458 4176 3477 4205 ,

1897 4253 2052 4308 quam
2086 4236 2336 4306 petebant
2369 4251 2380 4286 :
2415 4233 2554 4288 unde
2584 4233 2751 4301 magis
2783 4232 2856 4287 illi
2896 4231 3012 4286 istis
3041 4247 3069 4284 a
3096 4231 3286 4302 quibus
3306 4233 3481 4286 intro-

1896 4330 2220 4384 ducebantur
2265 4327 2315 4379 in
2356 4334 2552 4380 terram
2593 4323 2940 4391 postulatam,
2978 4338 3134 4392 quam
3177 4323 3262 4377 isti
3291 4323 3453 4392 quiin

1896 4413 2263 4483 iroducebant,
2294 4416 2398 4470 illis
2417 4430 2551 4486 quos
2572 4412 2995 4477 introducebant,
3024 4413 3375 4468 commendati
3405 4415 3482 4469 via

1895 4513 2105 4568 dentur.

1969 4615 2067 4688 [lb.
2090 4612 2203 4686 50.]
2236 4613 2295 4669 Si
2324 4619 2489 4665 autem
2510 4625 2612 4663 non
2641 4605 2928 4662 transierint
2948 4604 3130 4658 armati
3158 4605 3407 4660 vobiscum
3428 4607 3484 4658 in

1899 4710 2084 4765 bellum
2113 4710 2165 4762 in
2199 4715 2470 4774 conspectu
2497 4701 2736 4769 Domini,
2765 4709 2812 4755 et
2837 4703 3104 4771 transferte
3125 4699 3475 4770 impedimenta

1901 4818 2072 4856 eorum
2104 4815 2121 4853 :
2148 4801 2262 4869 plus
2289 4798 2478 4863 habet,
2509 4804 2574 4849 et.

1974 4904 2071 4976 [lb.
2090 4900 2206 4973 ’55]
2233 4901 2297 4955 Et
2317 4899 2454 4954 dedit
2471 4899 2539 4952 eis
2566 4896 2768 4968 Moyses
2785 4895 2907 4964 ﬁliis
2928 4891 3042 4948 God
3056 4902 3102 4947 et
3120 4893 3237 4962 ﬁliis
3259 4889 3436 4945 Ruben
3461 4905 3482 4946 :

1902 4999 2019 5068 plus
2047 4996 2238 5061 habet,
2262 4995 2351 5047 eis.

1976 5099 2086 5170 [lb.
2117 5112 2277 5151 χχιιι)
2304 5137 2319 5162 ,
2355 5091 2482 5165 14.]
2511 5092 2578 5145 Et
2621 5107 2720 5144 non
2760 5089 2829 5142 ibi
2872 5096 2976 5143 erat
3006 5101 3137 5153 aqua
3174 5083 3480 5162 populo.“-

1902 5191 2013 5243 bere
2039 5205 2055 5241 :
2079 5203 2173 5257 pro
2193 5202 2256 5240 eo
2283 5184 2422 5255 quod
2448 5192 2556 5249 estt
2587 5181 2652 5235 ad
2680 5178 2984 5234 bibendum.

1979 5294 2076 5365 [lb.
2097 5290 2209 5364 51]
2237 5291 2461 5360 Loquere
2488 5288 2608 5359 ﬁliis
2637 5284 2823 5346 Israel,
2852 5293 2896 5337 et
2913 5283 3045 5334 dices
3065 5281 3134 5333 ad
3166 5295 3248 5334 eos
3279 5294 3298 5333 :
3327 5277 3483 5336 sufﬁ-

1905 5405 2028 5445 cere
2053 5388 2278 5449 videtur,
2309 5386 2506 5451 loquere
2534 5380 2653 5449 ﬁliis
2683 5377 2864 5430 Israel.

1977 5489 2076 5561 [lb.
2105 5482 2218 5555 52.]
2250 5483 2310 5537 Et
2347 5481 2511 5537 omnia
2552 5478 2686 5531 idola
2714 5476 2885 5546 {usilia
2913 5491 3084 5527 eorum
3122 5472 3337 5543 perdetis
3367 5489 3424 5527 ea
3466 5490 3487 5528 .‘

1905 5585 2023 5654 plus
2045 5581 2234 5642 habet,
2267 5595 2344 5632 ea.

1979 5689 2075 5762 [lb.
2097 5702 2273 5746 xxxw.
2305 5686 2382 5754 6]
2409 5681 2517 5737 Hoc
2538 5681 2627 5736 erit
2647 5681 2783 5735 vobis
2806 5681 2925 5734 ﬁnes
2960 5694 3115 5732 marts
3139 5693 3156 5730 :
3179 5691 3283 5732 non
3307 5675 3445 5732 αῖιιι
3461 5712 3484 5756 ,

1909 5784 1962 5841 hi
1993 5787 2148 5838 erunt
2178 5779 2344 5835 vobis.
