3902 6344
188 242 332 302 533
1603 239 1809 298 LIBER
1834 237 2163 311 QUINTUS.
3402 253 3512 332 ssc

286 359 393 434 [11).
419 359 517 416 5st
543 354 623 432 4.]
653 356 721 420 Et
739 355 897 420 ﬁliam
923 356 1032 423 ejus
1061 371 1161 410 non
1180 371 1345 410 sumes
1368 353 1477 424 ﬁlio
1498 362 1620 419 tuo;
1646 355 1809 410 disce-
1990 356 2090 432 [11).
2119 357 2184 416 15
2201 366 2251 415 et
2279 354 2390 433 16.]
2422 358 2489 415 Et
2521 375 2637 416 cum
2662 359 2966 428 comederis,
2994 361 3046 419 et
3065 364 3276 422 satiatus
3307 368 3497 440 fueris,

191 453 339 508 ἀεηο
361 451 492 506 enim
526 451 675 523 faciet
699 449 864 520 [ilium
885 460 1024 502 tuum
1053 466 1083 500 a
1112 466 1218 510 me,
1254 458 1299 501 et
1321 449 1498 502 seruiet
1525 447 1622 500 diis
1655 449 1772 502 aliis
1790 490 1806 514 ,
1915 448 2114 504 attende
2140 451 2227 504 tibi
2244 451 2344 520 ipsi
2371 467 2434 504 ne
2459 447 2694 505 dilatetur
2719 468 2807 505 cor
2831 460 3006 518 tuum,
3037 461 3084 507 et
3109 460 3510 524 prwvaricemini

190 553 247 598 et
283 546 535 598 irascetur
560 542 904 614 indignatione
939 540 1185 594 Dominus
1213 539 1263 592 in
1289 556 1374 593 vos
1397 555 1415 592 :
1438 554 1541 593 non
1570 539 1674 605 ait,
1700 539 1807 593 ira-
1915 550 1962 596 et
1985 541 2212 595 serviatis
2235 543 2334 596 diis
2353 543 2486 596 aliis.
2514 541 2629 597 Jatn
2656 543 2896 612 superius
2917 543 3047 599 tales
3070 544 3362 604 locutiones
3400 567 3502 607 no-

189 652 358 702 80³1⁵,
389 635 484 691 Sed
503 644 753 706 tanquam
775 632 842 688 de
868 634 971 686 alio
1000 633 1220 687 diceret.
1914 632 2140 687 tavimus
2163 673 2179 699 ,
2214 633 2326 688 sive
2358 633 2500 704 quod
2525 650 2554 687 a
2580 633 2834 703 singulari
2870 633 2938 690 ad
2981 637 3238 705 pluralem
3276 644 3499 711 transit,

284 731 388 807 [11).
417 747 493 798 Ix,
523 725 600 802 1.]
619 727 852 785 Civitates
877 743 1090 798 magnas
1115 735 1161 780 et
1185 735 1410 780 muratos
1438 741 1592 796 usque
1614 725 1667 779 in
1708 741 1809 780 cte-
1913 725 2025 779 sive
2044 723 2185 795 quod
2213 724 2265 780 in
2299 726 2437 779 malo
2463 724 2628 780 voluit
2654 724 2872 796 intelligi
2893 723 3148 795 dilatetur,
3171 729 3256 785 ubi
3282 733 3499 790 noxiam

190 825 355 879 lum:
387 821 730 896 hyperbolice
754 820 974 875 dictum.
1912 815 2318 886 prosperitatem
2352 817 2685 887 signiﬁcavit.

283 917 387 994 [11).
407 915 484 990 4.]
506 914 588 971 Ne
607 914 750 970 dicas
776 913 830 968 in
858 912 1009 967 corde
1037 921 1138 976 tuo,
1170 927 1283 965 cum
1310 909 1674 980 consumpserit
1698 906 1808 963 Do-
1985 902 2084 979 [11).
2110 903 2225 981 24.]
2253 906 2320 962 Et
2347 909 2537 978 flumen
2555 923 2790 980 magnum
2816 909 3004 980 ﬂumen
3031 907 3374 983 Euphratem,
3409 933 3499 974 re-

189 1013 377 1064 minus
406 1008 541 1063 Deus
570 1017 685 1061 tuus
706 1013 873 1078 gentes
895 1004 1014 1057 istas
1052 1012 1168 1057 ante
1194 1002 1372 1071 faciem
1407 1010 1575 1064 tuam,
1601 1000 1802 1069 dicens,
1911 999 2194 1068 petitiones
2220 1001 2335 1056 istae
2362 1001 2567 1058 usitata:
2594 1013 2717 1057 sunt
2744 1003 2797 1058 in
2824 1003 3134 1075 Scripturis,
3164 1018 3220 1065 et
3257 1025 3373 1066 rem
3401 1012 3500 1070 de-

192 1101 434 1171 Propter
447 1098 676 1170 justitias
709 1112 846 1152 meas
880 1093 1082 1148 induxit
1116 1109 1196 1148 me
1230 1091 1481 1147 Dominus
1509 1091 1806 1146 Iucreditare
1911 1102 2098 1147 center
2124 1093 2517 1148 commendant.

191 1205 398 1249 terram
439 1193 619 1248 bonam
646 1192 796 1246 istam
822 1204 842 1243 :
869 1186 1000 1243 ordo
1026 1195 1139 1252 est,
1181 1183 1265 1240 Ne
1287 1185 1427 1241 dicas
1464 1184 1519 1240 in
1543 1184 1694 1240 corde
1716 1177 1802 1250 tuo
1983 1181 2083 1258 [11).
2111 1181 2226 1258 ‘25.]
2261 1184 2509 1238 Timorem
2535 1193 2750 1240 vestrum
2771 1192 2821 1241 et
2838 1193 3101 1244 tremorem
3139 1201 3357 1248 vestrum
3394 1195 3498 1251 im-

190 1285 403 1342 άῑεεηε,
1910 1285 2061 1348 ponet
2076 1276 2320 1333 Dominus
2336 1277 2468 1334 Deus
2483 1286 2642 1333 vester
2659 1295 2812 1350 super
2833 1279 3013 1354 faciem
3034 1281 3279 1339 universa:
3304 1296 3452 1342 terra:
3472 1301 3497 1344 :

275 1378 382 1452 [11).
418 1373 536 1449 28.]
593 1373 678 1430 Ne
722 1371 924 1444 quando
974 1371 1145 1424 dicant
1200 1369 1540 1424 inhabitantes
1583 1379 1798 1436 terram,
1910 1383 2016 1423 non
2047 1370 2292 1426 timorem
2320 1380 2374 1428 et
2401 1384 2686 1432 tremorem
2709 1393 2814 1448 quo
2836 1378 2931 1450 ipsi
2957 1379 3218 1439 timentet
3236 1391 3494 1454 tremunt,

189 1473 339 1526 unde
378 1469 596 1526 eduxisti
625 1484 716 1522 nos
742 1465 860 1520 inde
882 1480 902 1520 :
927 1480 1076 1520 more
1101 1463 1388 1534 Scriptura:
1418 1462 1653 1546 additum
1684 1471 1798 1531 est,
1908 1461 2001 1514 sed
2032 1476 2136 1529 quo
2167 1462 2417 1518 timentur
2441 1475 2494 1520 et
2521 1467 2654 1523 alios
2683 1481 2910 1526 tremere
2936 1470 3157 1544 faciunt.

188 1563 340 1616 inde.
1979 1549 2077 1626 [11).
2097 1569 2194 1619 xu,
2242 1551 2354 1636 17.]
2395 1555 2515 1614 Non
2565 1561 2749 1631 poteris
2788 1563 3089 1628 manducare
3119 1552 3176 1620 in
3213 1565 3496 1631 civitatibus

271 1654 378 1728 [11).
399 1668 474 1719 ιι,
503 1648 583 1724 5.]
608 1650 736 1715 Qui:
762 1649 880 1722 fecit
901 1647 1130 1702 virtutem
1156 1644 1559 1718 Egyptiorum:
1586 1644 1688 1701 hoc
1715 1645 1800 1702 in-
1906 1649 2007 1703 tuis
2035 1635 2413 1708 decimationem
2450 1653 2690 1724 frumenti
2724 1656 2839 1713 tui:
2867 1651 2963 1728 pi’o
2986 1672 3053 1715 eo
3080 1659 3222 1732 quod
3247 1669 3349 1729 est,
3383 1635 3493 1730 nori

191 1725 468 1816 ter—pretes
495 1744 708 1816 quidam
739 1741 890 1796 latini
929 1740 1104 1794 minus
1131 1739 1485 1810 iutclligentcs
1515 1738 1802 1804 noluerunt
1905 1740 2146 1798 debebis.
2868 1725 2881 1728 “
3097 1725 3113 1752 ⁷
3335 1725 3346 1729 ”
3482 1725 3493 1808 ἰ

187 1838 386 1894 dicere
413 1837 674 1900 virtutem,
710 1835 801 1889 sed
833 1834 1000 1888 virtuti
1018 1875 1034 1900 ,
1065 1832 1149 1886 Vel
1171 1832 1446 1896 exercitui;
1470 1831 1718 1916 quoniam
1747 1821 1804 1886 id
1979 1827 2074 1911 [11).
2098 1852 2215 1904 xm,
2248 1832 2360 1913 16.]
2379 1837 2445 1892 Et
2471 1838 2704 1896 incendes
2727 1818 2974 1900 civitatem
2998 1843 3052 1899 in
3078 1843 3184 1928 igni
3211 1861 3231 1901 .'
3255 1863 3352 1904 nos
3380 1849 3494 1905 usi-

187 1928 344 2000 quod
379 1927 455 1982 ait
494 1927 711 1983 Graccus
755 1931 980 1992 δύναμιν,
1027 1924 1264 1980 nonnulli
1311 1923 1602 1978 exercitum
1644 1923 1800 1979 intel—
1907 1915 2065 1982 tatius
2085 1930 2406 1996 diceremus,
2439 1930 2571 2004 igni.
3099 1915 3122 1928 Ἴ
3456 1929 3458 1932 ’
3493 1969 3496 1993 ε

186 2020 472 2074 luxerunt.
498 2016 604 2072 Sed
635 2017 854 2088 elegans
891 2015 1085 2070 locutio
1114 2022 1229 2077 est,
1263 2013 1390 2079 ριιω
1415 2015 1529 2084 fecit
1569 2014 1802 2094 virtutem
1977 2017 2075 2092 [11).
2107 2037 2216 2086 xw,
2248 2017 2364 2094 24.]
2395 2021 2456 2078 Si
2484 2017 2653 2078 autem
2691 2023 2839 2096 longe
2859 2025 3012 2096 fuerit
3039 2029 3120 2082 via
3160 2046 3193 2083 α
3233 2038 3280 2084 τε
3309 2045 3414 2085 :ac
3442 2031 3491 2088 si

190 2129 418 2179 eorum;
449 2109 848 2182 intelligendum
875 2118 957 2164 est
984 2109 1108 2178 quid
1128 2124 1243 2162 eam
1269 2105 1393 2161 fecit
1414 2125 1426 2169 ;
1450 2108 1699 2176 quoniam
1730 2107 1796 2172 ad

188 2206 331 2264 nihil
353 2220 472 2259 eam
498 2203 730 2273 redegit:
752 2201 849 2260 sed
877 2202 998 2272 quia
1028 2199 1300 2270 pluraliter
1320 2198 1521 2256 dictum
1547 2208 1649 2276 est,
1678 2198 1798 2262 ideo

190 2297 590 2372 subobscurum
620 2303 718 2350 est.

265 2387 378 2464 [11).
411 2384 492 2460 6.]
526 2385 662 2463 Quos
689 2383 920 2453 aperiens
948 2392 1082 2437 terra
1108 2398 1164 2436 os
1201 2397 1348 2436 suum
1388 2379 1649 2452 deglutivit
1679 2396 1796 2460 eos,

190 2488 238 2536 ει
259 2480 448 2534 domos
475 2494 645 2531 eorum
663 2517 678 2546 ,
702 2486 749 2531 et
772 2475 1092 2529 tabernacula
1113 2489 1286 2528 eorum
1311 2486 1329 2525 :
1356 2471 1473 2525 dua:
1504 2467 1799 2546 locutiones

190 2572 283 2629 hic
324 2570 580 2626 notanda}
607 2555 766 2636 sunt,
805 2566 945 2638 quod
988 2575 1043 2621 ct
1082 2565 1317 2620 additum
1359 2572 1477 2629 est,
1524 2580 1635 2630 eos,
1674 2545 1800 2617 cum

189 2665 453 2722 sufﬁcere
479 2670 658 2734 posset
681 2661 820 2732 quod
853 2661 925 2714 ait
946 2659 1190 2729 superius
1211 2698 1226 2723 ,
1251 2657 1412 2728 quos;
1439 2667 1492 2711 et
1521 2654 1695 2710 domos
1714 2672 1802 2710 eo-

189 2773 311 2818 rum
342 2771 469 2812 cum
495 2753 747 2816 dixisset,
780 2751 980 2806 addidit
1008 2761 1050 2806 et
1078 2748 1403 2804 tabernacula
1424 2764 1614 2810 eorum,
1638 2745 1794 2828 quasi

191 2849 330 2906 alias
357 2847 413 2903 in
443 2861 630 2921 eremo
662 2844 918 2902 haberent
955 2842 1144 2898 dumos
1181 2841 1282 2896 nisi
1307 2839 1662 2896 tabernacula.
1692 2838 1797 2894 Sed

192 2942 460 3000 nimirum
487 2939 678 3012 domus
705 2937 922 3007 intelligi
951 2936 1123 2992 voluit
1152 2935 1392 2989 homines
1419 2931 1485 2987 ad
1512 2947 1606 2987 eos
1630 2933 1797 3002 perti-

190 3043 430 3098 nentes,
458 3031 588 3086 sicut
631 3029 728 3100 ipsi
759 3027 954 3098 populo
980 3027 1191 3092 dicitur,
1224 3025 1292 3078 ιιι
1331 3041 1462 3078 nunc
1500 3033 1589 3088 tu,
1620 3023 1799 3078 domus

189 3123 365 3181 Iacob
395 3122 548 3200 (lsai.
590 3137 663 3189 ιι,
692 3120 772 3194 5).
798 3119 909 3177 Nec
935 3122 1033 3176 ista
1057 3119 1250 3175 locutio
1274 3118 1448 3173 aliena
1471 3126 1554 3172 est
1573 3134 1599 3168 a
1631 3101 1796 3172 latina

192 3218 384 3292 lingua
425 3232 599 3272 :nam
640 3223 691 3273 et
737 3214 962 3272 Romani
1003 3213 1128 3268 dicti
1169 3220 1294 3270 sunt
1332 3211 1526 3268 domus
1551 3213 1798 3268 Assaraci

195 3308 449 3379 (Eneid.
477 3307 545 3363 lib
567 3309 618 3374 1,
652 3323 699 3362 υ.
722 3305 850 3377 284)
874 3345 892 3374 ,
918 3304 1061 3376 quod
1081 3320 1148 3361 ex
1170 3304 1430 3360 Assaraco
1447 3304 1678 3378 Trojano
1700 3303 1802 3360 ori-

193 3403 381 3474 ginem
409 3399 683 3455 ducerent.

272 3493 382 3566 [11).
406 3489 485 3563 7.]
533 3490 785 3556 Quoniam
826 3489 962 3544 oculi
997 3488 1144 3542 vestri
1173 3486 1399 3541 viderunt
1441 3487 1610 3542 omnia
1647 3505 1800 3566 opera

197 3565 416 3642 Domini
452 3601 670 3656 magna,
700 3599 812 3654 quae
838 3583 954 3656 fecit
993 3582 1045 3636 in
1076 3581 1212 3636 vobis
1253 3581 1402 3636 hodie
1428 3596 1448 3635 .'
1472 3597 1592 3636 cum
1621 3581 1689 3638 de
1716 3565 1800 3638 bis

199 3676 458 3746 operibus
483 3675 721 3741 diceret,
749 3692 866 3746 quae
886 3690 981 3746 per
1000 3689 1239 3730 eremum
1265 3671 1399 3729 facta
1424 3682 1547 3728 sunt
1573 3690 1637 3729 eo
1666 3683 1800 3730 tem-

200 3784 336 3839 pore
365 3783 472 3838 quo
498 3768 569 3822 ibi
596 3767 1128 3823 circumducebantur
1175 3782 1268 3836 per
1308 3767 1653 3837 quadraginta
1699 3782 1797 3822 an-

199 3875 342 3925 nos;
389 3868 566 3914 tamen
622 3857 771 3912 hodie
813 3858 980 3925 dixit,
1026 3857 1166 3928 quod
1214 3857 1435 3926 intelligi
1484 3857 1648 3912 voluit
1699 3858 1800 3914 hoc

202 3958 472 4019 tempore,
494 3958 752 4020 quotquot
773 3950 844 4003 ibi
879 3963 1049 4002 annos
1080 3947 1218 4003 idem
1240 3962 1449 4018 tempus
1477 3948 1672 4004 habere
1699 3964 1796 4022 po-

201 4042 419 4097 tuisset.

274 4130 382 4206 [1b.
415 4129 496 4206 9.]
535 4128 744 4195 Terram
786 4129 1144 4202 quamjuraait
1175 4128 1419 4183 Dominus
1451 4128 1678 4202 patribus
1713 4147 1798 4185 ve-

201 4228 321 4280 stris
368 4223 493 4278 dare
538 4223 640 4289 eis,
687 4223 958 4294 seminique
1001 4238 1175 4276 eorum
1220 4229 1332 4293 post
1367 4237 1450 4275 eos
1491 4237 1509 4276 :
1549 4232 1797 4292 tanquam

203 4317 445 4382 diceret,
476 4315 528 4370 id
555 4324 638 4371 est
671 4314 861 4371 semini
902 4329 1087 4370 eorum
1129 4322 1250 4384 post
1285 4328 1412 4378 eos;
1446 4329 1549 4367 non
1577 4314 1719 4368 enim
1745 4322 1801 4369 et

205 4409 337 4480 ipsis
363 4407 547 4476 dedit,
577 4405 671 4464 sed
716 4408 787 4461 ita
827 4405 955 4477 ipsis
994 4404 1168 4472 dedit,
1215 4419 1338 4461 eum
1380 4405 1567 4460 semini
1611 4420 1798 4460 eorum

204 4500 370 4564 dedit.
1345 4543 1358 4560 .

277 4591 378 4666 [11).
400 4587 514 4664 15.]
546 4589 606 4646 Si
634 4599 800 4644 autem
838 4590 1019 4644 auditu
1046 4587 1309 4642 audieritis
1347 4588 1517 4642 omnia
1558 4589 1798 4642 mandata

206 4685 332 4760 ejus,
360 4699 476 4752 qua:
503 4699 593 4756 ego
620 4681 810 4737 mando.
831 4682 920 4736 tibi
943 4681 1114 4758 hodite
1136 4697 1152 4746 ;
1180 4680 1355 4734 auditu
1379 4681 1584 4735 videtur
1607 4695 1795 4748 super-

206 4771 392 4843 fluum,
413 4775 503 4830 sed
523 4760 717 4832 locutio
734 4783 815 4829 est
839 4774 1125 4844 Scriptura:
1146 4781 1341 4826 sancta:
1366 4770 1798 4826 familiarissima.

277 4869 378 4944 [11).
412 4865 523 4941 14.]
550 4867 614 4921 Et
648 4867 786 4921 dabit
821 4867 1042 4938 pluviam
1059 4875 1206 4920 terra:
1231 4873 1330 4917 tua:
1355 4864 1408 4917 in
1449 4873 1668 4934 tempore
1704 4879 1796 4918 suo

209 4963 509 5017 matutinum
550 4970 597 5015 et
641 4962 915 5016 serotinum
958 4961 997 5013 ⁸.
1039 4960 1171 5014 Cum
1225 4958 1542 5013 matutinum
1589 4966 1796 5026 tempus

210 5055 320 5110 dies
364 5055 592 5119 dicatur,
639 5053 896 5123 numquid
942 5053 1064 5107 hinc
1112 5049 1332 5122 intelligi
1376 5049 1541 5103 voluit
1590 5057 1796 5117 tempus

209 5147 329 5202 anni
357 5146 624 5216 primum?
650 5145 950 5201 Scrutinum
973 5159 1098 5199 vero
1124 5145 1297 5197 minus
1320 5141 1540 5196 latinum
1563 5149 1676 5206 est;
1701 5139 1796 5195 sed

213 5252 312 5294 non
342 5239 512 5309 potuit
539 5238 704 5308 magis
734 5236 945 5308 proprie
965 5237 1031 5292 de
1059 5251 1234 5306 gneco
1255 5233 1483 5304 exprimi
1508 5277 1524 5302 ,
1555 5234 1695 5305 quod
1719 5233 1793 5287 illi

211 5328 386 5386 dicunt
411 5335 595 5399 sputo-a-
648 5337 825 5382 tamen
855 5329 1012 5384 etiam
1044 5328 1094 5382 in
1119 5327 1276 5382 latina
1298 5327 1474 5396 lingua
1504 5327 1660 5396 vulgo
1687 5325 1794 5380 usi-

216 5430 372 5478 tatum
413 5429 533 5488 est;
585 5430 642 5476 nt
679 5421 884 5475 dicatur
921 5420 1246 5486 serotinum,
1277 5419 1374 5476 sed
1411 5418 1552 5490 quod
1593 5417 1796 5474 tardius

214 5531 365 5587 quam
395 5523 638 5587 Oporteat
663 5513 860 5569 factum
887 5519 1003 5579 est;
1037 5510 1126 5567 hic
1152 5527 1282 5566 vero
1309 5519 1517 5582 tempus
1543 5510 1667 5566 anni
1696 5524 1793 5581 po-

215 5608 316 5680 tius
341 5609 564 5682 intelligi
590 5607 778 5663 voluit.

276 5711 1650 5791 ‘uqdnquelncmmmam

1903 2109 2122 2178 diceret,
2154 2113 2310 2182 longa
2338 2113 2425 2169 via
2453 2113 2644 2182 fuerit;
2684 2116 2992 2174 adverbium
3032 2120 3210 2192 posuit
3255 2137 3350 2192 pro
3385 2137 3488 2178 no-

1901 2216 2066 2255 mine.

1912 2363 1918 2372 ⁸
1975 2292 2071 2367 [11).
2089 2311 2175 2362 xv,
2194 2291 2271 2368 6.]
2292 2293 2359 2349 Et
2386 2295 2635 2367 fenerabis
2656 2307 2826 2371 gentes
2854 2301 3055 2356 multas.
3081 2301 3488 2362 Fenerationem

1903 2385 2172 2458 Scriptura
2200 2389 2326 2444 dicit
2354 2399 2540 2445 mutuo
2559 2389 2736 2446 datam
2768 2393 3062 2462 pecuniam,
3087 2396 3290 2452 etiamsi
3315 2414 3488 2456 usura:

1902 2493 2007 2532 non
2039 2479 2363 2548 accipiantur
2391 2497 2404 2533 :
2436 2479 2576 2536 unde
2604 2491 2684 2537 est
2707 2493 2758 2537 ct
2787 2484 2917 2538 illud
2948 2485 2999 2538 in
3025 2485 3237 2541 Psalmo
3261 2530 3274 2550 ,
3303 2475 3490 2545 Beatus

1901 2570 1988 2644 qui
2021 2571 2284 2625 miseretur
2327 2581 2375 2626 et
2417 2573 2702 2627 commodat
2737 2573 2905 2644 (Psal.
2938 2591 3057 2639 cxx,
3088 2575 3169 2644 5).
3209 2577 3319 2631 lloc
3344 2579 3488 2634 enim

1903 2665 2202 2721 maluerunt
2251 2665 2583 2736 interpretari
2614 2667 2800 2732 nostri,
2831 2667 2923 2738 qui
2953 2670 3268 2724 sententiam
3315 2671 3491 2740 potius

1903 2773 2063 2830 quam
2115 2757 2278 2814 verba
2327 2757 2594 2829 sequenda
2645 2766 3006 2829 putaverunt:
3039 2775 3161 2814 nam
3209 2759 3262 2815 in
3310 2740 3487 2831 graece

1905 2849 2066 2905 hﬂbm
2094 2853 2313 2915 δανείζει,
2340 2849 2483 2920 (111011
2510 2858 2593 2905 est
2619 2848 2909 2905 feneratur.

1977 2938 2076 3017 [11).
2097 2939 2176 3014 6.]
2198 2940 2258 2996 Et
2289 2938 2650 3012 principaberis
2668 2941 2890 3012 gentium
2915 2941 3212 3008 multarum;
3228 2944 3300 2998 tui
3322 2954 3489 2999 autem

1905 3053 2005 3091 non
2034 3033 2450 3108 principabuntur
2473 3048 2493 3089 :
2518 3041 2766 3104 tanquam
2811 3032 3034 3101 diceret,
3066 3034 3157 3088 tibi
3187 3050 3290 3089 non
3314 3035 3490 3090 domi-

1904 3127 2192 3191 nabuntur,
2225 3124 2327 3179 hoc
2355 3133 2437 3180 est
2463 3132 2652 3198 gentes
2681 3142 2693 3177 :
2721 3124 2982 3195 genitivus
3020 3123 3161 3179 enim
3208 3141 3364 3180 casus
3408 3134 3492 3182 est

1905 3219 2189 3292 singularis
2213 3217 2369 3288 hujus
2396 3213 2728 3287 pronominis
2748 3215 2888 3286 quod
2910 3215 2980 3270 ait
3001 3216 3095 3283 tui,
3119 3217 3268 3285 cujus
3284 3217 3494 3273 dativus

1905 3324 1987 3370 est
2019 3313 2140 3377 tibi;
2170 3325 2274 3366 non
2306 3309 2525 3380 pluralis
2547 3307 2930 3377 nominativus,
2957 3307 3109 3378 cujus
3134 3308 3394 3380 genitivus
3409 3315 3494 3363 est

1903 3414 2137 3462 tuorum.

1977 3495 2076 3570 [11).
2105 3492 2183 3567 7.]
2216 3493 2274 3549 Si
2301 3502 2468 3547 autem
2496 3493 2646 3563 fuerit
2670 3493 2724 3546 in
2753 3500 2802 3570 te
2819 3506 3003 3566 egenus
3023 3490 3075 3543 in
3091 3489 3329 3560 fratribus
3354 3489 3451 3544 tuis
3470 3507 3495 3555 ,°

1907 3567 2012 3644 non
2037 3587 2124 3641 uni
2159 3584 2382 3651 homini,
2411 3584 2507 3638 sed
2539 3584 2732 3655 populo
2761 3567 2970 3648 dicitur,
3000 3580 3120 3636 ideo
3146 3581 3198 3634 in
3229 3592 3292 3634 te.

1979 3677 2077 3752 [11).
2107 3677 2158 3743 7,
2189 3673 2268 3747 8.]
2296 3675 2355 3730 Si
2381 3683 2549 3726 autem
2581 3675 2728 3746 fuerit
2770 3674 2822 3727 in
2845 3683 2891 3726 te
2934 3687 3116 3743 egenus
3155 3671 3208 3723 in
3248 3670 3490 3740 fratribus

1906 3773 2005 3828 tuis
2028 3773 2082 3825 in
2108 3788 2210 3824 una
2237 3771 2493 3824 civitatum
2530 3777 2760 3834 tuarum,
2799 3765 2852 3821 in
2894 3760 3028 3819 terra
3064 3783 3214 3834 quam
3243 3765 3490 3820 Dominus

1908 3864 2044 3920 Deus
2070 3873 2184 3917 tuus
2208 3860 2292 3915 dat
2317 3859 2426 3928 tibi,
2450 3876 2549 3915 non
2571 3870 2760 3913 avertes
2782 3874 2869 3912 cor
2893 3867 3054 3924 tuum,
3073 3872 3227 3926 neque
3243 3857 3491 3910 constrin-

1904 3972 1991 4028 σεδ
2035 3969 2243 4008 manum
2272 3960 2409 4006 tuam
2438 3967 2469 4003 α
2495 3950 2652 4020 fratre
2676 3959 2762 4004 tuo
2787 3958 2956 4021 egente
2987 3948 3257 4022 :aperiens
3296 3947 3492 4017 aperias

1905 4063 2086 4100 manus
2114 4054 2224 4098 tuas
2244 4045 2309 4109 ei,
2333 4045 2479 4114 fenus
2504 4040 2752 4111 fenerabis
2771 4041 2818 4095 ei
2841 4048 3294 4112 quantumcumque
3319 4035 3492 4110 postu-

1906 4137 1999 4206 lat,
2023 4147 2069 4193 et
2091 4145 2334 4206 quantum
2356 4144 2482 4206 eget.
2504 4134 2597 4188 Hic
2612 4141 2756 4188 certe
2781 4147 2900 4188 cum
2922 4147 3081 4202 opera
3111 4129 3493 4185 misericordias

1906 4231 2196 4304 prmcipiat,
2213 4246 2317 4284 non
2346 4229 2524 4299 utique
2545 4243 2824 4282 usurarum
2848 4226 3130 4280 crudelitas
3150 4223 3491 4295 suscipienda

1904 4333 1988 4394 est
2019 4342 2032 4378 :
2063 4322 2204 4378 unde
2232 4329 2450 4392 apparet
2477 4318 2619 4392 quod
2647 4319 2740 4380 ait,
2770 4322 2915 4390 fenus
2940 4317 3184 4386 fenerabis
3209 4316 3273 4381 ei,
3305 4326 3491 4370 mutuo

1905 4416 2138 4472 dandum
2164 4413 2306 4486 quod
2341 4411 2668 4481 postularet,
2699 4407 2917 4479 intelligi
2945 4407 3192 4462 voluisse.
3220 4404 3370 4472 Quod
3396 4421 3491 4458 au-

1907 4515 2012 4563 tem
2039 4505 2132 4570 ait,
2162 4503 2391 4575 aperiens
2418 4500 2614 4574 aperies
2651 4514 2828 4552 manus
2855 4507 2997 4562 tuas,
3028 4496 3132 4550 tale
3156 4504 3238 4551 est
3265 4503 3319 4551 et
3345 4494 3488 4566 quod

1904 4601 2173 4672 sequitur,
2217 4597 2365 4666 fenus
2406 4593 2681 4668 feneraln's,
2713 4590 2902 4647 usitata
2931 4590 3128 4648 locutio
3153 4599 3237 4645 est
3263 4589 3313 4644 in
3338 4589 3486 4646 Scri-

1906 4689 2074 4762 pturis
2102 4688 2318 4743 sanctis.

1977 4779 2078 4856 [11).
2095 4777 2207 4853 17.]
2225 4778 2357 4834 Cum
2385 4777 2453 4834 de
2480 4791 2609 4831 aure
2636 4772 3002 4846 pertundenda
3029 4774 3166 4829 servi
3197 4772 3486 4843 prmccpis-

1905 4883 2007 4941 sel,
2044 4872 2111 4927 Et
2139 4870 2399 4936 ancillam,
2450 4870 2639 4940 inquit,
2677 4879 2814 4922 tuam
2843 4867 2995 4940 facies
3023 4867 3251 4921 similiter
3283 4880 3489 4919 :accu-

1903 4966 2131 5020 sativum
2170 4978 2266 5032 pro
2294 4960 2472 5015 dativo
2499 4976 2736 5031 ponens;
2783 4975 2886 5014 non
2916 4959 3018 5021 ait,
3053 4957 3256 5010 ancillae
3282 4965 3382 5008 tua!
3411 4955 3491 5006 l'a-

1901 5055 2047 5126 cies,
2086 5053 2225 5124 quod
2255 5050 2536 5106 locutionis
2567 5059 2759 5106 nostra:
2788 5047 3114 5103 consuetudo
3142 5045 3410 5114 poscebat.

1974 5142 2077 5220 [11).
2104 5139 2218 5216 21.]
2245 5143 2306 5199 Si
2341 5152 2505 5196 autem
2544 5141 2696 5213 fuerit
2740 5139 2794 5193 in
2833 5155 2890 5194 eo
2916 5139 3104 5200 vitium,
3136 5133 3372 5188 claudum
3401 5142 3492 5186 aut

1902 5253 2114 5307 arcum,
2151 5237 2228 5292 vel
2257 5254 2404 5292 omne
2427 5234 2601 5289 vitium
2642 5233 2832 5287 malum
2861 5248 2880 5286 :
2909 5246 3014 5284 non
3045 5230 3137 5293 ait,
3169 5224 3487 5282 claudicatio

1902 5338 1994 5386 aut
2020 5331 2253 5395 carcitaS,
2286 5329 2394 5399 ipsa
2427 5325 2566 5382 enim
2613 5331 2738 5380 sunt
2778 5322 2934 5386 vitia;
2982 5319 3079 5374 sed
3123 5317 3393 5382 claudum,
3432 5325 3493 5373 et

1904 5439 2113 5488 cazcum,
2147 5421 2288 5493 quod
2313 5427 2436 5475 sunt
2465 5433 2568 5472 non
2591 5415 2739 5478 vitia,
2765 5412 2860 5468 sed
2882 5411 3129 5465 animalia
3154 5425 3270 5481 qua:
3294 5408 3494 5462 habent

1902 5515 2050 5574 vitia.
2086 5513 2197 5568 Hoc
2222 5525 2434 5583 quoque
2470 5506 2763 5563 notandum
2791 5511 2873 5558 est
2900 5501 3038 5574 quod
3063 5502 3155 5568 ait,
3177 5501 3351 5556 vitium
3374 5514 3491 5553 ma-

1907 5610 2034 5676 lum,
2062 5610 2210 5677 quasi
2239 5613 2416 5675 posset
2442 5615 2562 5658 esse
2591 5600 2772 5652 vitium
2805 5598 3022 5651 bonum.

1975 5699 2075 5774 [11).
2107 5713 2218 5764 ινι,
2246 5692 2416 5767 4.]131
2439 5710 2538 5766 non
2575 5690 2788 5760 dormiet
2817 5690 2878 5744 de
2903 5686 3165 5761 carnibus,
3203 5685 3264 5738 de
3309 5681 3492 5756 quibus
