3902 6300
463 360 839 416 immolaveritis
862 375 1062 429 vespere
1088 359 1169 413 die
1194 359 1354 429 primo
1382 377 1537 432 usque
1556 359 1607 415 in
1632 378 1779 415 mane
1809 378 1827 415 :
1855 377 1951 432 pro
1978 378 2044 417 eo

464 450 605 522 quod
631 461 731 516 cst,
760 464 865 505 non
896 450 1189 507 remanebit
1204 466 1265 505 ea
1292 460 1465 517 nocte,
1498 468 1598 506 non
1619 453 1832 507 dormiet
1847 452 2045 508 dictum

465 552 566 598 εει.

536 629 635 705 [11).
666 648 795 700 xvtt,
812 630 891 706 1.]
914 631 1036 688 Non
1054 632 1233 700 offeres
1254 632 1475 689 Domino
1495 634 1606 690 Deo
1628 644 1715 689 tuo
1739 635 1950 690 vitulum
1968 636 2048 690 vel

463 738 621 785 ovem,
648 722 701 775 in
724 738 823 791 quo
850 731 923 776 est
947 723 999 776 in
1020 724 1128 793 ipso
1152 723 1325 776 vitium
1352 739 1371 777 :
1397 724 1588 779 usitata
1630 725 1825 780 locutio
1863 734 2006 780 esset
2029 765 2045 791 ,

463 815 517 870 in
537 830 635 883 quo
663 824 734 869 est
760 816 971 880 vitium;
1000 814 1094 870 sed
1126 815 1224 869 ista
1253 814 1543 885 Scripturis
1571 826 1656 872 est
1682 818 1944 872 usitatior.

538 905 636 978 [lb.
668 905 746 977 5.]
770 906 837 960 Et
868 906 1117 977 lapidabis
1145 923 1229 960 eos
1265 907 1319 961 in
1346 908 1619 977 lapidibus,
1646 918 1695 963 et
1738 911 2013 964 morientur
2030 924 2050 965 :

464 997 605 1066 quod
634 1013 700 1051 ex
726 1006 907 1052 nostra
930 996 1312 1053 consuetudine
1324 996 1610 1065 diceretur,
1631 999 1912 1070 lapidibus,
1940 1015 2049 1057 non

461 1088 516 1142 in
538 1088 810 1157 lapidibus.

538 1178 638 1249 [lb.
668 1177 779 1251 16.]
802 1178 855 1233 Ν
858 1196 923 1234 on
943 1179 1296 1250 multiplicabit
1321 1180 1415 1236 sibi
1443 1196 1622 1250 equum
1639 1195 1657 1234 :
1676 1195 1770 1250 pro
1795 1182 1945 1251 equis
1963 1184 2049 1239 vel

466 1285 562 1339 pro
592 1270 848 1340 equitatu,
877 1286 1060 1342 equum
1088 1273 1299 1340 posuit;
1332 1270 1474 1327 unde
1506 1271 1747 1326 nonnulli
1775 1272 2049 1340 equitatum

464 1358 796 1429 interpretati
822 1369 964 1415 sunt.

538 1449 637 1523 [lb.
669 1449 782 1525 15.]
809 1449 930 1507 Non
959 1453 1144 1523 poteris
1173 1453 1473 1507 constituere
1514 1469 1667 1523 super
1708 1460 1758 1508 te
1799 1452 2051 1508 hominem

464 1545 706 1612 alienum,
736 1546 853 1615 quia
881 1562 981 1600 non
1007 1556 1082 1613 et
1109 1550 1266 1616 frater
1288 1555 1404 1600 tuus
1423 1561 1443 1600 :
1464 1545 1585 1601 Non
1607 1548 1816 1617 poteris,
1849 1546 2051 1603 dictum

465 1644 549 1692 est
578 1650 695 1705 pro,
718 1652 826 1690 non
850 1635 1089 1692 debebis.

543 1725 646 1798 [lb.
687 1741 840 1792 xvm,
867 1724 978 1799 16.]
1010 1727 1298 1782 Secundum
1324 1727 1492 1781 omnia
1515 1743 1629 1797 qut:
1667 1728 1849 1797 petiisti
1881 1745 1913 1782 a
1937 1728 2049 1783 Do-

467 1819 604 1874 mino
634 1818 742 1874 Deo
768 1829 853 1873 tuo
878 1819 931 1872 in
960 1818 1148 1885 Horeb,
1178 1821 1233 1873 in
1257 1820 1341 1874 die
1363 1821 1753 1885 convocationis,
1783 1821 2000 1875 dicentes
2030 1836 2050 1876 :

469 1928 590 1968 cum
618 1912 811 1968 dixerit
835 1912 1077 1983 superius
1108 1912 1321 1981 petiisti,
1348 1912 1567 1968 dicentes
1596 1912 1863 1981 subjecit,
1905 1927 2012 1969 non
2031 1953 2047 1979 ,

468 2005 675 2061 dicens.
772 2024 775 2029 ν

540 2098 636 2171 [11).
655 2116 742 2163 xx,
766 2097 844 2173 4.]
869 2098 1122 2165 Quoniam
1147 2097 1396 2154 Dominus
1424 2097 1563 2155 Deus
1592 2110 1777 2167 noster,
1802 2102 1888 2171 qui
1916 2117 2052 2173 prte-

467 2190 597 2243 cedit
621 2191 872 2244 vobiscum
901 2206 921 2244 :
946 2206 1051 2246 non
1082 2190 1235 2255 dixit,
1268 2206 1384 2246 vos.

542 2282 639 2355 [lb.
659 2299 784 2345 χχιι,
807 2280 885 2355 6.]
915 2283 976 2338 Si
991 2284 1267 2340 occurreris
1295 2284 1413 2340 nido
1440 2285 1546 2339 avis
1565 2294 1683 2340 ante
1708 2287 1887 2357 faciem
1912 2297 2050 2341 tuam

467 2375 523 2428 in
548 2374 645 2427 via.
675 2373 971 2430 Notandum
998 2374 1140 2445 quod
1164 2376 1439 2430 occurreris
1464 2375 1599 2432 dixit
1622 2377 1781 2432 etiam
1804 2393 1909 2434 non
1930 2394 2048 2435 am-

468 2464 690 2520 bulanti.

541 2554 643 2627 [lb.
674 2554 751 2629 8.]
783 2556 845 2612 Si
869 2568 1035 2613 autem
1068 2560 1397 2629 wdiﬁcaveris
1421 2559 1627 2614 domum
1664 2577 1865 2627 novam,
1896 2561 2051 2631 facies

467 2663 704 2701 coronam
731 2649 919 2703 salario
946 2658 1052 2717 tuo,
1083 2660 1131 2705 et
1161 2667 1260 2705 non
1288 2652 1441 2721 facies
1467 2651 1791 2705 homicidium
1820 2653 1874 2706 in
1900 2653 2049 2706 domo

469 2749 574 2805 tua,
604 2742 647 2795 si
676 2740 823 2795 cadat
848 2743 933 2809 qui
958 2742 1133 2800 cecidit
1158 2744 1219 2796 ab
1245 2760 1304 2797 eo
1330 2760 1345 2795 :
1369 2742 1421 2797 id
1460 2751 1573 2807 est,
1600 2758 1630 2796 a
1658 2743 1855 2797 solario
1896 2743 2052 2798 cadat

466 2832 555 2901 qui
578 2832 794 2895 cecidit;
825 2832 982 2886 nimis
1007 2833 1254 2887 inusitata
1276 2832 1474 2887 locutio
1503 2842 1606 2888 est.

541 2921 642 2992 [lb.
662 2938 802 2988 xxw,
833 2921 868 2974 2
886 2932 930 2975 et
947 2923 1023 2993 5.]
1044 2922 1109 2975 Et
1139 2923 1308 2976 abiens
1338 2924 1489 2992 fuerit
1517 2924 1620 2977 viro
1646 2923 2051 2990 alteri,etoderit

467 3026 579 3063 eam
608 3012 683 3063 vir
703 3012 1015 3065 novissimus.
1044 3012 1345 3067 Notandum
1373 3030 1437 3068 ex
1465 3014 1670 3069 duobus
1696 3015 2049 3084 posteriorem

466 3099 812 3154 novissimum
842 3100 948 3156 dici
983 3120 998 3156 :
1031 3102 1152 3157 talis
1200 3103 1393 3157 locutio
1434 3114 1517 3158 est
1545 3114 1597 3159 et
1626 3105 1678 3159 in
1719 3105 2007 3175 Evangelio
2030 3148 2048 3174 ,

466 3192 678 3261 quando
704 3192 959 3262 quaeritur
991 3210 1055 3249 ex
1097 3194 1304 3250 duobus
1329 3194 1579 3250 fratribus
1612 3197 1729 3267 quis
1755 3213 1941 3253 eorum
1970 3199 2049 3255 fe-

466 3286 601 3341 cerit
629 3287 952 3343 voluntatem
1000 3288 1183 3359 patris,
1229 3298 1282 3343 et
1324 3288 1674 3357 re5p0ttdetur
1715 3291 2045 3361 novissimus,

467 3392 589 3433 cum
618 3377 722 3433 duo
744 3378 940 3434 fuerint
959 3379 1170 3449 (Matth.
1204 3396 1311 3446 ut,
1334 3379 1447 3451 51).

538 3467 637 3541 [11).
664 3468 742 3543 6.]
771 3468 891 3524 Νοη
918 3471 1203 3542 pignerabis
1229 3471 1433 3537 molam,
1463 3487 1619 3543 neque
1640 3476 1950 3540 superiorem
1969 3475 2045 3530 la-

466 3562 632 3631 pidem
670 3561 836 3627 molle,
871 3564 989 3632 quia
1017 3565 1240 3617 animam
1271 3565 1364 3619 iste
1392 3565 1619 3635 pignerat
1643 3580 1662 3619 :
1690 3582 1783 3635 pro
1812 3583 1877 3621 eo
1905 3568 2049 3638 quod

464 3663 564 3719 est,
599 3655 721 3725 quia
748 3656 979 3711 animam
1011 3657 1287 3727 pigneras,
1317 3656 1360 3711 si
1388 3656 1599 3713 feceris.
1633 3658 1832 3713 Deinde
1859 3669 2047 3716 notan-

462 3745 589 3800 dum
617 3746 847 3801 animam
888 3747 1084 3802 dixisse
1109 3788 1122 3811 ,
1154 3763 1249 3817 pro
1272 3762 1334 3801 ea
1365 3748 1466 3801 vita
1495 3762 1651 3816 quam
1684 3747 1840 3803 habet
1871 3751 2048 3807 anima

462 3835 516 3889 in
547 3850 769 3906 corpore
800 3853 813 3888 :
844 3852 909 3891 ex
946 3852 1049 3906 qua
1089 3838 1352 3894 locutione
1390 3847 1445 3894 et
1488 3838 1615 3893 illud
1647 3850 1729 3894 est
1768 3842 1819 3894 in
1866 3842 2047 3898 Evan-

461 3927 636 3996 gelio,
688 3926 873 3981 Nonne
921 3929 1089 3982 anima
1142 3928 1257 3998 plus
1321 3938 1392 3984 est
1444 3946 1595 4001 quam
1641 3948 1754 3985 esca
1818 3932 2045 4003 (Matth.

464 4033 538 4082 ν),
567 4018 659 4088 9.5)
685 4019 709 4071 'I

533 4108 635 4183 [lb.
665 4110 740 4183 7.]
756 4110 818 4167 Si
843 4121 1008 4167 autem
1028 4112 1428 4184 deprehendatur
1453 4114 1603 4168 homo
1624 4119 1801 4185 furans
1826 4118 2049 4172 animant

459 4217 523 4256 ex
564 4202 807 4274 fratribus
846 4203 950 4256 suis
994 4202 1115 4273 filiis
1159 4202 1373 4259 Israel:
1401 4204 1630 4260 animam
1683 4222 1779 4274 pro
1829 4206 2047 4264 homine

462 4294 655 4361 posuit.
690 4293 925 4363 Denique
952 4292 1207 4364 sequitur,
1227 4304 1273 4348 et
1291 4295 1578 4365 opprimens
1606 4313 1718 4351 eum
1748 4297 2046 4364 vendiderit;

456 4399 577 4454 qua:
606 4400 714 4440 non
744 4387 918 4441 minus
946 4387 1174 4442 n0tanda
1201 4397 1283 4442 est
1311 4388 1507 4444 locutio
1539 4405 1553 4444 :
1586 4389 1757 4444 noluit
1784 4391 1924 4445 enim
1954 4391 2043 4448 di-

458 4490 603 4543 cere,
628 4491 767 4544 cam,
796 4479 936 4547 quod
976 4487 1118 4534 esset
1163 4478 1332 4550 magis
1379 4494 1714 4551 consequens
1738 4522 1753 4546 ,
1794 4481 2041 4551 quoniam

458 4567 688 4622 animam
714 4568 956 4647 dixerat;
989 4572 1082 4627 sed
1113 4589 1226 4626 eum
1245 4613 1260 4637 ,
1292 4572 1344 4627 id
1374 4580 1458 4629 est
1486 4573 1774 4641 hominem,
1808 4575 1860 4629 in
1888 4574 2042 4645 cujus

456 4654 837 4728 signiﬁcatione
864 4662 1069 4718 dixerat
1098 4665 1349 4719 animam.

529 4748 629 4822 [lb.
655 4750 765 4823 10.]
798 4752 858 4808 Si
882 4753 1100 4808 debitum
1129 4757 1279 4825 fuerit
1306 4757 1359 4809 in
1404 4758 1633 4826 proximo
1671 4766 1788 4823 tuo,
1823 4757 2042 4814 debitum

452 4844 799 4913 quodcumque
838 4861 855 4898 :
894 4846 1139 4915 repetitio
1184 4848 1330 4903 verbi
1381 4848 1702 4904 locutionem
1754 4850 2037 4907 notandam

456 4936 601 4990 facit.

524 5027 623 5100 [lb.
643 5045 765 5095 xxv,
797 5029 874 5103 7.]
889 5030 951 5086 Si
974 5041 1139 5085 autem
1167 5031 1381 5088 noluerit
1408 5034 1555 5089 homo
1580 5037 1803 5106 accipere
1828 5054 2038 5094 uxorem

453 5124 628 5190 fratris
668 5122 768 5187 sui,
818 5131 863 5175 et
900 5122 1131 5177 ascendet
1160 5124 1339 5178 mulier
1367 5124 1419 5178 in
1447 5134 1591 5195 porta
1629 5127 1696 5178 ad
1738 5137 1961 5181 senatum
1992 5138 2039 5183 et

452 5212 602 5278 dicet,
639 5212 760 5267 Non
785 5214 888 5269 vult
925 5220 1084 5286 frater
1116 5216 1211 5269 viri
1250 5216 1347 5269 mei
1384 5217 1625 5270 suscitare
1661 5234 1840 5271 nomen
1867 5218 2039 5287 fratris

450 5304 531 5356 sui
554 5302 607 5355 in
635 5302 818 5371 Israel,
851 5307 1011 5360 notuit
1037 5311 1195 5375 frater
1218 5307 1310 5360 viri
1329 5307 1445 5361 mei.
1469 5307 1721 5374 Quamvis
1749 5309 2034 5366 verborum

451 5394 799 5463 repetitiones
839 5406 983 5454 amet
1020 5397 1312 5468 Scriptura,
1368 5398 1669 5455 inusitatior
1723 5409 1806 5456 est
1855 5408 2032 5458 tamen

449 5486 697 5554 repetitio
747 5485 863 5543 haec
890 5506 903 5543 :
935 5488 1030 5545 sed
1057 5490 1349 5561 elegantius
1394 5491 1627 5562 querela:
1670 5498 1903 5547 ostentat
1949 5492 2032 5548 af-

450 5574 665 5631 tectum.

520 5662 620 5741 [lb.
655 5684 816 5739 xxv",
841 5670 957 5743 21.]
987 5671 1288 5731 Maledictus
1322 5678 1483 5733 omnis
1521 5678 1608 5747 qui
1632 5677 1890 5739 dormierit
1916 5694 2031 5737 cum

1299 246 1726 305 LOCUTIONES
1754 248 1812 304 S.
1854 246 2219 307 AUGUSTINI
2262 246 2328 305 IN
2367 246 2924 310 HEPTATEUCHUM
3632 261 3719 319 5'56

2152 363 2288 415 omni
2333 378 2509 432 pecore
2539 378 2557 416 :
2583 379 2679 433 pro
2708 380 2774 419 eo
2801 365 2942 436 quod
2980 375 3093 433 est,
3134 368 3496 425 concubuerit.
3539 372 3714 433 Deinde

2151 470 2266 508 cum
2293 455 2429 509 omni
2456 471 2659 525 pecore,
2689 472 2789 528 pro
2823 472 2888 513 eo
2926 460 3065 529 quod
3094 469 3204 541 est,
3234 475 3351 516 cum
3375 463 3611 534 quolibet
3636 482 3713 538 pe.

2152 556 2296 598 core.

2226 632 2325 707 [lb.
2350 652 2535 702 xxvnt,
2557 636 2673 711 48.]
2702 638 2766 693 Et
2784 640 2963 694 servies
2988 642 3200 697 inimicis
3220 644 3334 707 tuis,
3369 662 3496 716 quos
3511 648 3716 705 immittet

2151 722 2403 780 Dominus
2432 725 2569 782 Deus
2593 738 2709 783 tuus
2734 748 2886 797 super
2916 741 2983 785 te.
3013 732 3230 788 Grtncns
3257 734 3415 790 habet
3449 746 3709 809 λατρεύσεις,

2153 815 2243 870 ubi
2274 816 2468 873 latinus
2494 818 2874 888 interpretatus
2889 831 2989 885 est,
3016 825 3194 877 servies
3223 841 3242 878 :
3266 827 3401 881 solet
3424 838 3598 883 autem
3629 834 3711 887 hoc

2152 906 2374 961 verbum
2403 908 2455 962 in
2476 922 2539 964 ea
2560 910 2815 965 servitute
2838 911 3109 981 Scriptura
3136 928 3353 983 ponere,
3376 933 3497 987 qua:
3517 919 3715 975 debetur

2153 996 2296 1063 Deo;
2336 999 2479 1056 unde
2527 1000 2818 1057 idololatrte
2857 1004 3225 1073 appellantur,
3257 1008 3343 1077 qui
3374 1024 3437 1063 ea
3481 1011 3713 1068 servitute

2154 1086 2311 1145 idolis
2353 1090 2595 1146 serviunt
2625 1109 2637 1144 :
2670 1108 2797 1163 ergo
2832 1092 2919 1149 hic
2966 1095 3212 1151 inusitate
3256 1098 3489 1168 positum
3519 1113 3596 1155 est
3631 1101 3716 1159 hoc

2152 1179 2394 1237 verbum.
2420 1182 2733 1253 Quanquam
2758 1187 2924 1254 possit
2945 1188 3105 1241 etiam
3125 1188 3264 1244 hunc
3285 1206 3503 1246 sensum
3522 1193 3712 1262 habere,

2153 1268 2294 1336 quod
2324 1278 2429 1324 tam
2456 1274 2687 1343 graviter
2720 1276 2884 1330 multa
2910 1276 3130 1344 dixerit,
3163 1288 3221 1334 ut
3256 1281 3487 1337 inimicis
3516 1285 3620 1341 suis
3646 1289 3715 1342 ni-

2153 1359 2320 1414 mium
2348 1363 2780 1431 superbientibus
2798 1374 3046 1438 tanquam
3070 1370 3173 1425 diis
3201 1375 3433 1429 servisse
3460 1388 3711 1445 cogantur.

2226 1448 2327 1522 [lb.
2355 1452 2471 1526 49.]
2495 1453 2701 1510 Gentem
2725 1459 2869 1528 cujus
2893 1476 2993 1514 non
3012 1463 3187 1517 audies
3207 1481 3373 1519 vocem
3397 1468 3507 1537 ejus
3530 1484 3549 1521 .·
3565 1469 3717 1526 ethoc

2154 1541 2445 1598 notandum
2471 1556 2574 1612 est,
2600 1547 2743 1617 quod
2768 1559 2822 1603 et
2847 1551 2993 1615 cuius
3017 1551 3169 1620 dixit,
3196 1563 3250 1608 et
3274 1557 3402 1624 ejus,
3437 1559 3570 1612 sicut
3595 1560 3715 1630 loqui

2154 1630 2443 1703 Scriptura:
2463 1637 2667 1703 solent;
2699 1648 2753 1692 et
2778 1640 2831 1694 in
2859 1642 2998 1710 quod
3024 1644 3127 1709 ait,
3162 1647 3309 1715 cujus
3332 1664 3437 1701 non
3465 1652 3629 1705 audies
3647 1667 3718 1705 vo-

2153 1743 2280 1795 cem,
2306 1745 2404 1800 pro
2423 1746 2488 1785 eo
2511 1732 2653 1801 quod
2684 1742 2790 1800 est,
2813 1735 2964 1805 cujus
2991 1737 3220 1807 linguam
3243 1756 3346 1795 non
3380 1743 3655 1815 intelliges.

2226 1818 2326 1892 [lb.
2353 1822 2483 1877 δια
2507 1822 2621 1896 55.]
2650 1824 2824 1880 Mollis
2862 1828 2913 1881 in
2934 1837 2981 1883 te
3008 1838 3054 1883 et
3095 1840 3262 1884 tenera
3299 1832 3449 1889 valde
3476 1838 3717 1905 fascinabit

2154 1912 2300 1966 oculo
2324 1929 2415 1967 suo
2440 1914 2649 1983 fratrem
2668 1933 2837 1982 suum,
2864 1928 2912 1972 et
2933 1935 3139 1975 uxorem
3164 1938 3278 1991 qua:
3296 1936 3370 1978 est
3389 1926 3442 1979 in
3471 1928 3580 1982 sinu
3602 1931 3714 1998 ejus,

2154 2011 2201 2055 et
2223 2003 2308 2071 qui
2331 2002 2508 2073 reliqui
2534 2014 2652 2059 sunt
2676 2006 2775 2075 ﬁlii
2810 2010 3106 2079 quicumque
3129 2012 3290 2068 relicti
3314 2018 3506 2086 fuerint
3533 2019 3638 2081 illi;
3658 2021 3718 2074 ita

2154 2104 2211 2149 ut
2235 2095 2320 2149 det
2347 2095 2434 2150 uni
2459 2112 2524 2150 ea:
2544 2096 2615 2151 eis
2638 2113 2671 2150 a
2699 2099 2933 2153 carnibus
2967 2102 3191 2169 ﬁliorum
3218 2121 3427 2161 suorum
3456 2112 3520 2163 de
3539 2110 3717 2175 quibus-

2155 2202 2367 2257 cumque
2388 2185 2520 2255 edet,
2547 2204 2605 2243 eo
2624 2190 2760 2260 quod
2788 2207 2889 2246 non
2912 2192 3205 2249 derelictum
3228 2197 3293 2251 sit
3315 2200 3363 2252 ei
3392 2201 3650 2269 quidquam
3674 2203 3716 2256 in

2155 2278 2393 2349 angustia
2418 2287 2466 2333 et
2491 2279 2830 2348 tribulatione,
2858 2300 2957 2352 qua
2987 2284 3295 2342 tribulabunt
3313 2300 3361 2344 te
3382 2291 3569 2346 inimici
3586 2294 3650 2346 tui
3672 2295 3716 2347 in

2155 2372 2385 2427 omnibus
2409 2373 2692 2429 civitatibus
2718 2375 2836 2430 tuis.
2864 2376 3166 2434 Notandum
3188 2390 3271 2436 est
3297 2384 3715 2452 quemadmodum

2153 2461 2243 2518 hic
2270 2463 2470 2519 dictum
2511 2465 2582 2521 sit
2621 2465 2907 2536 fascinabit,
2955 2486 3050 2540 pro
3096 2471 3377 2539 invidebit,
3410 2484 3465 2531 et
3494 2484 3714 2547 tanquam

2155 2553 2222 2608 ad
2248 2554 2351 2611 hoc
2373 2554 2627 2612 derelicto
2647 2598 2664 2624 ,
2710 2566 2767 2613 ut
2795 2574 3013 2617 necesse
3042 2562 3113 2617 sit
3149 2564 3198 2619 ei
3237 2564 3370 2621 dare
3400 2566 3469 2622 de
3492 2567 3713 2626 carnibus

2156 2644 2420 2714 ﬁliorum,
2462 2662 2594 2718 quas
2632 2650 2775 2719 cogit
2819 2653 3109 2709 necessitas
3136 2654 3188 2708 in
3217 2656 3399 2711 cibum
3429 2658 3561 2713 sumi
3583 2676 3608 2711 a
3635 2675 3715 2729 pa.

2154 2736 2416 2791 rentibus.
2466 2737 2597 2792 Nam
2640 2748 2694 2794 et
2731 2741 2782 2795 in
2815 2742 3117 2799 Proverbiis
3158 2747 3298 2815 quod
3347 2748 3501 2804 latini
3530 2750 3715 2805 codices

2156 2826 2373 2892 habent,
2409 2826 2529 2883 Non
2555 2831 2771 2886 ctenabis
2798 2850 2911 2886 eum
2938 2834 3043 2889 viro
3066 2836 3237 2891 invido
3261 2836 3446 2909 (Prov.
3475 2857 3611 2906 χχιιι,
3636 2841 3711 2910 6);

2155 2932 2362 2985 graecus
2392 2919 2553 2975 habet
2577 2962 2591 2987 ,
2625 2924 2758 2994 ἀνδρὶ
2785 2931 3026 2995 βασκάνῳ·
3050 2934 3288 2998 βάσκανος
3306 2940 3489 2988 autem
3514 2932 3715 2989 lasciuus

2154 3008 2370 3065 dicitur.

2228 3101 2326 3174 [lb.
2352 3102 2464 3176 63.]
2494 3104 2560 3159 Et
2587 3107 2680 3161 erit
2704 3109 2834 3164 sicut
2863 3110 3058 3167 (tutatus
3094 3124 3169 3168 est
3207 3114 3543 3174 Dominus~in
3564 3120 3711 3185 vobis,

2157 3195 2449 3265 benefacere
2494 3197 2649 3253 vobis.
2692 3200 2912 3259 Graecus
2952 3205 3132 3274 habet,
3171 3207 3465 3282 benefacere
3495 3231 3603 3281 vos,
3631 3228 3711 3269 nec

2155 3286 2365 3343 videtur
2383 3304 2502 3345 esse
2522 3292 2707 3347 saltem
2733 3309 2907 3364 graeca
2934 3297 3130 3355 locutio
3162 3319 3175 3354 :
3209 3308 3540 3361 accusativus
3563 3318 3709 3362 tamen

2154 3397 2253 3451 pro
2279 3381 2460 3439 dativo
2486 3386 2688 3456 positus
2715 3389 3052 3461 intelligitur;
3082 3395 3221 3450 unde
3248 3397 3547 3455 maluerunt
3578 3400 3702 3455 latini

2154 3473 2474 3545 interpretes
2500 3478 2678 3534 dicere
2708 3480 2864 3547 vobis,
2901 3500 3056 3550 quam
3084 3502 3200 3541 vos.

2231 3565 2331 3638 [lb.
2358 3586 2501 3633 χχιιι,
2529 3570 2609 3642 2.]
2644 3570 2746 3627 Vos
2780 3575 2973 3631 vidistis
2996 3580 3166 3632 omnia
3189 3597 3300 3651 qua:
3344 3585 3465 3653 fecit
3502 3584 3711 3638 Dominus

2154 3656 2293 3714 Deus
2320 3670 2478 3715 vester
2504 3663 2559 3717 in
2589 3674 2722 3719 terra
2748 3666 2984 3739 zEgypti,
3014 3686 3183 3725 coram
3212 3673 3363 3739 vobis,
3402 3677 3645 3731 Pharaoni
3674 3684 3710 3730 et

2152 3752 2306 3807 servis
2347 3756 2455 3823 eius
2500 3758 2730 3814 omnibus
2772 3769 2819 3814 et
2860 3764 2997 3816 omni
3030 3774 3178 3819 teme
3226 3767 3400 3837 illius,
3449 3772 3709 3824 tentationes

2153 3859 2381 3914 magnas,
2407 3862 2533 3916 quas
2558 3848 2786 3905 viderunt
2811 3854 2943 3908 oculi
2967 3856 3043 3909 tui
3066 3858 3390 3916 :notandum
3422 3863 3534 3919 illas
3558 3863 3710 3934 plagas

2155 3936 2315 3991 etiam
2346 3940 2642 3996 tentationes
2668 3936 2866 4000 vacari.

2227 4026 2326 4098 [lb.
2348 4045 2475 4095 xxx,
2518 4030 2597 4104 4.]
2633 4032 2694 4088 Si
2721 4036 2875 4105 fuerit
2906 4037 3153 4108 dispersio
3191 4050 3276 4097 tua
3320 4062 3353 4098 a
3398 4062 3585 4101 summo
3616 4045 3709 4099 caeli

2154 4133 2311 4187 usque
2335 4119 2405 4173 ad
2426 4136 2677 4176 summum
2721 4127 2852 4193 caeli,
2890 4127 3009 4183 inde
3051 4134 3372 4205 congregabit
3409 4148 3459 4192 te
3489 4136 3709 4191 Dominus

2152 4207 2293 4263 Deus
2324 4219 2460 4266 tuus.
2490 4212 2677 4269 Mirum
2708 4215 2753 4269 si
2779 4232 2885 4272 non
2909 4217 3011 4274 hoc
3025 4220 3170 4288 dicit,
3192 4242 3223 4277 a
3240 4243 3439 4283 summa
3455 4229 3708 4296 certiusque

2151 4299 2220 4353 ad
2241 4316 2489 4355 summum
2514 4305 2641 4369 coeli,
2676 4307 2814 4375 quod
2846 4310 2978 4365 solet
3007 4313 3167 4368 etiam
3196 4315 3411 4386 dicere,
3451 4335 3481 4375 a
3522 4331 3705 4374 summo

2150 4397 2308 4445 terra:
2351 4408 2519 4463 usque
2559 4396 2626 4450 ad
2666 4413 2933 4454 summum
2963 4412 3118 4459 terra:
3150 4423 3163 4459 :
3198 4406 3423 4466 fortasse
3450 4419 3701 4481 propterea

2149 4481 2271 4551 quia
2301 4484 2593 4540 secundum
2639 4487 2689 4543 id
2731 4490 2875 4560 quod
2922 4501 2977 4548 et
3017 4494 3119 4551 iste
3157 4512 3252 4553 aer
3276 4501 3469 4557 costum
3497 4500 3698 4562 dicitur.

2148 4573 2488 4644 conjungitur
2517 4586 2694 4634 terrae.

2221 4663 2318 4737 [lb.
2341 4665 2463 4721 i2et
2481 4667 2589 4740 l5.]
2613 4668 2735 4726 Non
2759 4673 2812 4728 in
2827 4675 2950 4731 caelo
2973 4686 3067 4746 est,
3086 4680 3273 4746 dicens.
3294 4684 3420 4750 Quis
3432 4688 3645 4742 ascendet
3657 4685 3700 4738 is

2147 4756 2325 4811 caelum
2344 4800 2360 4821 ,
2402 4766 2450 4812 et
2483 4760 2693 4831 accipiet
2726 4764 2868 4820 nobis
2892 4766 3040 4835 illud,
3070 4780 3117 4826 ε’
3142 4773 3394 4831 audientes
3414 4776 3537 4833 iusta
3560 4776 3700 4846 facie-

2146 4866 2259 4904 mus
2275 4852 2300 4904 ?
2342 4850 2519 4922 Neque
2544 4861 2685 4910 trans
2709 4872 2849 4913 mare
2871 4868 2963 4925 est,
2992 4860 3165 4918 dicens
3184 4906 3199 4933 ,
3236 4864 3365 4931 Quis
3387 4865 3698 4939 transfretabit

2145 4940 2289 4994 nobis
2318 4950 2461 4996 trans
2499 4959 2653 5007 mare,
2686 4955 2735 5000 et
2770 4950 2981 5021 accipiet
3023 4953 3163 5009 nobis
3199 4956 3346 5026 illud,
3386 4968 3434 5014 et
3469 4959 3696 5013 audientes

2144 5029 2273 5083 illud
2313 5030 2593 5100 faciemus?
2619 5036 2789 5092 dicens
2817 5056 2912 5110 pro
2939 5057 3004 5097 eo
3047 5047 3222 5114 posuit
3259 5050 3399 5119 quod
3426 5058 3521 5117 est,
3552 5056 3603 5103 ut
3624 5044 3692 5101 di-

2143 5136 2235 5175 cas
2267 5140 2280 5175 :
2311 5137 2445 5178 nova
2476 5124 2695 5182 locutio.

2218 5210 2318 5284 [lb.
2344 5229 2492 5282 xxxi,
2517 5215 2594 5289 8.]
2624 5217 2691 5271 Et
2719 5219 2969 5280 Dominus
2994 5228 3083 5297 qui
3102 5231 3368 5286 comitatur
3387 5234 3472 5287 tibi
3492 5243 3652 5286 tecum.
3714 5234 3717 5245 '

2218 5304 2318 5378 [lb.
2347 5306 2459 5381 16.]
2482 5308 2549 5363 Et
2575 5310 2704 5367 dixit
2736 5313 2983 5374 Dominus
3005 5322 3075 5375 ad
3102 5322 3311 5396 Moysen
3330 5370 3346 5395 ,
3375 5327 3499 5382 Ecce
3521 5337 3567 5379 tu
3585 5326 3688 5377 dor-
3732 5382 3738 5389 ,

2142 5399 2263 5453 mies
2296 5415 2411 5454 cum
2440 5402 2666 5471 patribus
2694 5406 2794 5461 tuis
2818 5422 2838 5461 :
2865 5407 2968 5466 hoc
2989 5413 3153 5471 verbo
3175 5417 3289 5488 ejus
3314 5429 3527 5475 mortem
3544 5415 3687 5488 signi-

2144 5491 2343 5547 ticavit.

2218 5582 2318 5656 [lb.
2344 5583 2459 5659 27.]
2494 5585 2837 5647 Amaricantes
2865 5598 3013 5651 eratis
3039 5615 3149 5668 qua:
3173 5602 3241 5654 ad
3278 5602 3433 5657 Deum
3466 5598 3555 5657 :id
3584 5606 3682 5662 θοι)

2140 5678 2512 5736 amaricabatis
2531 5694 2592 5736 ea
2618 5697 2736 5753 quae
2766 5683 2859 5741 Dei
2883 5698 3024 5743 sunt.
