3902 6298
176 253 273 313 537

244 366 340 440 [lb.
361 361 481 437 29.]
501 360 623 418 Scio
643 358 775 414 enim
791 357 909 429 quia
933 364 1047 429 post
1074 354 1265 410 obitum
1287 369 1476 421 meum,
1502 352 1787 423 iniquitate~

180 459 483 529 iniquitatem
515 450 709 525 facietis
740 466 760 505 :
781 465 892 505 uno
920 448 1086 504 verbo
1120 456 1300 503 autem
1327 457 1504 517 graece
1531 443 1727 501 dicitur
1744 485 1761 513 ,

179 550 485 620 iniquitatem
511 543 728 612 facietis,
761 539 902 613 quod
928 547 1012 594 est
1035 542 1312 606 ἀνομήσιτε.

246 642 339 716 [11).
358 637 479 711 29.]
512 637 573 691 Et
590 642 853 690 occurrent
879 630 1016 687 vobis
1039 630 1175 685 mata
1196 628 1519 684 novissimum
1538 628 1762 684 dierum:

180 738 251 793 sic
275 736 415 789 enim
446 732 605 786 habet
632 743 857 798 grmcus,
897 742 994 796 pro
1023 725 1077 781 in
1105 723 1409 780 novissimis
1437 722 1646 789 diebus,
1674 730 1766 778 aut

181 832 230 885 in
258 826 548 881 novissimo
571 823 801 878 dierum.

247 919 342 994 [lb.
374 933 548 982 χχχιι,
580 914 661 987 6.]
690 911 878 968 Nonne
902 911 985 965 hic
1005 910 1115 981 ipse
1143 920 1286 981 pater
1306 919 1422 965 tuus
1450 911 1671 982 possedit
1693 920 1763 977 te,

179 1023 221 1067 et
245 1012 358 1080 fecit
388 1020 457 1071 te,
486 1016 533 1064 et
565 1006 749 1060 creavit
769 1004 857 1059 te?
875 1002 1008 1059 ordo
1029 1002 1291 1058 notandus
1317 1011 1427 1068 est;
1450 1002 1597 1073 prius
1621 1002 1766 1058 enim

181 1104 379 1159 videtur
407 1102 589 1157 dicere
613 1098 882 1162 debuisse,
899 1096 1083 1150 ereavit
1104 1105 1152 1150 te
1171 1105 1217 1149 et
1233 1095 1347 1166 fecit
1372 1103 1439 1161 te,
1468 1104 1524 1149 et
1546 1094 1759 1159 deinde,

182 1193 389 1264 possedit
416 1202 484 1247 te.
516 1188 797 1258 Quomodo
816 1188 959 1244 enim
982 1186 1295 1257 intelligitur
1314 1200 1473 1256 posse
1498 1184 1763 1255 possideri

180 1288 259 1359 qui
290 1301 399 1341 non
430 1282 558 1339 est?

244 1377 340 1451 [lb.
379 1373 497 1447 14.]
525 1371 653 1430 Cum
673 1372 823 1443 adipe
856 1387 1032 1425 renum
1073 1369 1244 1424 tritici.
1282 1367 1408 1423 11ωο
1450 1364 1765 1436 metaphora

180 1468 327 1525 nimis
351 1467 609 1523 inusitata
638 1473 741 1529 est,
767 1471 829 1519 ut
854 1476 1012 1519 renes
1041 1461 1200 1517 tritici
1229 1460 1593 1532 intelligantur
1621 1460 1769 1515 velut

178 1561 421 1618 interiora
465 1559 666 1625 tritici,
707 1555 851 1612 unde
890 1554 1058 1610 farina
1100 1553 1312 1624 ejicitur
1340 1568 1355 1607 :
1384 1552 1489 1607 hoc
1532 1550 1674 1607 enim
1714 1558 1768 1607 et

179 1655 378 1726 adipem
405 1652 576 1717 dixit;
606 1664 728 1706 nam
765 1648 869 1704 hoc
906 1647 1122 1703 nomine
1152 1646 1315 1701 etiam
1339 1642 1564 1699 farinam
1593 1642 1769 1697 solent

180 1744 339 1801 Graeci
366 1742 555 1799 dicere
583 1760 598 1796 :
631 1742 734 1796 hoc
760 1738 905 1796 enim
936 1738 1096 1793 habet
1122 1749 1330 1808 graecus
1356 1735 1409 1790 in
1439 1733 1646 1800 Exodo,
1675 1733 1766 1789 ubi

180 1836 428 1907 scriptum
468 1843 594 1898 est,
633 1831 903 1887 Elevantes
937 1829 1159 1900 farinam
1188 1842 1340 1899 super
1378 1825 1614 1880 humeros
1649 1840 1768 1880 suos

185 1927 365 1996 (Exod.
392 1943 472 1983 xu
494 1967 511 1993 ,
542 1924 670 1997 54);
696 1938 903 1995 graecus
937 1920 1134 1994 quippe
1163 1920 1426 1989 interpres
1465 1928 1643 1973 στιατα
1669 1931 1765 1987 po-

181 2019 294 2087 suit,
324 2017 469 2091 quod
501 2024 626 2072 sunt
650 2014 856 2085 adipes.

183 2127 1368 2153 _______________..___..

1558 238 1763 296 LIBER
1800 240 2089 300 SEXTUS.

3352 252 3458 315 5'50
3496 301 3506 310 .

1942 357 2041 433 [lb.
2074 358 2189 433 20.]
2221 358 2342 415 Filii
2366 361 2421 416 in
2442 360 2620 432 quibus
2656 379 2756 418 non
2778 370 2852 418 est
2886 362 3012 433 ﬁdes
3035 364 3088 419 in
3115 365 3184 421 eis
3216 380 3235 420 :
3262 365 3458 423 usitata

1870 451 2161 523 Scripturis
2189 453 2409 507 locutio.

1942 542 2040 616 [lb.
2066 541 2179 617 56.]
2208 542 2460 610 Quoniam
2471 546 2725 617 judicabit
2749 546 3001 604 Dominus
3021 549 3263 619 populum
3281 566 3453 619 suum,

1869 645 1918 691 et
1942 638 1994 689 in
2012 637 2166 691 servis
2190 638 2297 692 suis
2322 638 2665 695 consolabitur
2693 655 2711 694 :
2739 656 2856 711 pro,
2884 656 3075 697 servos
3100 656 3225 699 suos
3258 658 3458 699 conso-

1870 731 2102 797 lahitur;
2158 731 2260 787 nisi
2310 731 2447 787 forte
2494 732 2664 801 ipsum
2709 735 2975 789 consolari
3022 735 3154 791 dicit
3197 736 3456 793 translato

1869 822 2034 877 verbo
2057 861 2073 887 ,
2104 822 2247 877 velut
2270 821 2337 876 ab
2363 822 2725 894 indignatione
2754 833 2805 880 et
2833 823 3131 881 offensione
3154 867 3170 893 ,
3200 841 3304 896 qua
3330 841 3454 883 eum

1869 914 2147 972 oll‘endunt
2179 915 2325 971 mali.
2361 913 2451 971 Sic
2475 926 2652 970 autem
2682 914 2798 985 ejus
2826 917 3122 972 consolatio
3146 918 3455 986 accipienda

1868 1015 1971 1073 est,
2002 1020 2108 1061 non
2136 1021 2202 1061 ex
2228 1019 2374 1062 more
2402 1004 2696 1073 hominum,
2726 1006 2864 1062 sicut
2885 1021 2982 1063 nec
3012 1007 3089 1063 ira
3118 1016 3173 1062 et
3201 1007 3365 1074 zelus,
3400 1018 3460 1064 et

1869 1106 2061 1153 caetera
2088 1098 2231 1151 talia.

1942 1186 2041 1259 [lb.
2073 1186 2187 1259 37.]
2221 1186 2320 1243 Ubi
2356 1197 2473 1243 sunt
2506 1188 2580 1242 dii
2621 1204 2812 1251 eorum,
2844 1190 2897 1244 in
2932 1189 3110 1259 quibus
3146 1190 3368 1260 ﬁdebant
3402 1191 3456 1247 in

1870 1279 1994 1349 ipsis
2025 1295 2046 1335 :
2067 1280 2279 1349 plenum
2310 1288 2453 1335 esset
2480 1288 2538 1336 et
2567 1280 2704 1347 sine,
2734 1281 2789 1335 in
2813 1281 2958 1351 ipsis.

1942 1370 2043 1445 [lb.
2072 1369 2189 1444 40.]
2209 1370 2278 1425 Et
2291 1370 2481 1439 jurabo
2500 1369 2754 1427 dexteram
2778 1370 3047 1428 mcam:id
3074 1380 3177 1440 est,
3204 1387 3299 1443 per
3325 1371 3459 1429 dex-

1872 1474 2040 1521 teram
2070 1478 2265 1519 meam.

1943 1555 2043 1629 [lb.
2072 1556 2143 1612 42
2167 1553 2294 1628 (a).]
2324 1554 2591 1609 Ltetamini
2616 1555 2725 1610 creti
2753 1556 2903 1612 simul
2929 1572 3042 1610 cum
3066 1573 3143 1622 eo,
3168 1566 3216 1612 et
3238 1557 3451 1614 adorent

1868 1666 1981 1705 eum
2005 1666 2175 1704 omnes
2202 1648 2382 1719 Angeli
2406 1646 2502 1702 Dei
2530 1648 2665 1719 :_alii
2685 1647 2900 1704 codices
2920 1649 3138 1716 habent,
3168 1658 3215 1705 et
3240 1650 3456 1704 adorent

1869 1759 1982 1797 eum
2008 1758 2178 1796 omnes
2206 1714 2303 1810 ﬁlii
2326 1740 2444 1794 Dei.
2478 1714 2637 1794 Fili‘os
2662 1750 2838 1796 autem
2870 1741 2964 1797 Dei
2989 1714 3159 1797 dictos
3179 1783 3194 1809 ,
3222 1742 3311 1813 qui
3338 1742 3458 1798 An-

1869 1833 1974 1903 geli
2015 1840 2142 1888 sunt
2171 1832 2223 1887 in
2262 1831 2446 1898 caelis,
2489 1846 2594 1886 non
2638 1831 2792 1889 facile
2839 1832 2893 1886 in
2933 1832 3222 1904 Scripturis
3259 1833 3459 1891 sanctis

1871 1923 2162 1979 invenitur.

1934 2013 2007 2077 (a)
2030 2012 2161 2077 Apud
2178 2019 2309 2063 LXX.

1218 2197 1701 2309 LIBER
1780 2194 2432 2306 SEXTUS.

1469 2385 1755 2436 mentiones
1774 2382 1840 2434 de
1860 2390 1981 2434 Jesu
2001 2390 2145 2433 Nave.

1574 2506 2049 2566 meum»

250 2656 372 2729 llos.
402 2671 525 2726 cap.
549 2670 589 2720 ι,
624 2654 659 2725 ᾗ
684 2651 795 2725 14.]
825 2650 925 2706 Vos
960 2658 1127 2704 autem
1147 2643 1421 2700 transibitis
1440 2638 1772 2711 expeditiores

187 2751 411 2819 fratribus
435 2750 640 2812 vestris,
678 2748 840 2801 omnis
870 2745 1016 2817 fortis
1046 2758 1065 2797 :
1094 2740 1147 2796 id
1171 2748 1293 2807 est,
1324 2736 1497 2794 omnis
1525 2733 1769 2805 quicum-

187 2859 277 2915 que
302 2844 352 2898 in
381 2842 543 2898 vobis
575 2841 726 2895 fortis
750 2846 850 2894 est.

250 2933 340 3005 [lb.
368 2950 448 2999 ut,
474 2929 557 3004 4.]
586 2931 654 2986 Ut
678 2931 849 2985 sciatis
876 2928 1029 2994 uiam,
1058 2941 1212 2999 quam
1229 2922 1362 2978 ibitis
1382 2934 1531 2976 eam:
1556 2919 1767 2982 plenum

188 3035 332 3089 esset,
362 3025 530 3079 etiam
557 3022 602 3077 si
629 3037 736 3076 non
760 3020 1001 3085 haberet,
1027 3034 1155 3072 eam.

252 3114 346 3187 [11).
375 3130 410 3170 v
430 3155 446 3180 ,
477 3111 593 3185 i3.]
620 3112 686 3166 Et
724 3116 913 3183 factum
941 3120 1047 3176 est,
1081 3125 1198 3163 cum
1224 3116 1347 3164 esset
1374 3106 1526 3161 Iesus
1550 3105 1606 3159 in
1630 3102 1769 3157 leri-

187 3208 270 3262 cho
296 3224 312 3261 :
337 3206 576 3262 notanda
622 3205 821 3260 locutio
868 3211 985 3267 est;
1028 3201 1262 3257 nondum
1299 3198 1496 3269 quippe
1525 3205 1678 3251 erant
1715 3196 1766 3249 in

188 3298 354 3355 eadem
391 3297 645 3361 civitate,
673 3296 825 3364 cujus
858 3302 1022 3364 porta:
1057 3300 1240 3348 contra
1280 3290 1401 3345 illos
1428 3289 1620 3344 clausrc
1651 3287 1767 3342 fue-

188 3398 323 3454 rant,
351 3390 497 3445 unde
523 3387 717 3442 factum
745 3395 828 3441 est
854 3396 912 3439 ut
936 3384 991 3439 in
1015 3399 1135 3440 eam
1164 3384 1361 3437 intrare
1389 3394 1493 3434 non
1526 3386 1765 3449 possent,

190 3479 279 3534 nisi
304 3482 438 3536 muri
478 3479 595 3547 ejus
627 3478 943 3533 cecidissent
982 3476 1305 3531 circumacta
1346 3487 1469 3527 arca
1510 3470 1716 3525 Domini
1750 3487 1765 3524 :

190 3587 302 3642 ergo
327 3574 379 3627 in
401 3572 617 3627 .lericlto
641 3570 841 3625 dictum
867 3578 971 3635 est,
1001 3568 1053 3622 in
1081 3576 1221 3623 terra
1246 3581 1365 3637 quae
1391 3563 1681 3636 pertineret
1701 3562 1767 3617 ad

189 3660 401 3719 Jericho.

252 3752 345 3827 [lb.
380 3772 461 3821 vt,
490 3753 567 3829 1.]
595 3756 668 3811 De
687 3754 903 3811 Jericho
922 3754 1120 3809 dictum
1146 3759 1228 3806 est
1250 3765 1371 3805 cum
1397 3748 1573 3803 clausa
1602 3754 1764 3813 esset,

192 3842 289 3899 Nec
312 3850 578 3919 quisquam
605 3863 668 3901 ea:
690 3847 781 3901 illa
811 3844 1061 3915 prodibat,
1088 3857 1246 3913 neque
1271 3838 1505 3894 iutroibat
1537 3853 1556 3892 :
1585 3838 1769 3907 utique

191 3934 235 3987 in
258 3937 391 3991 illum
414 3936 754 4002 subauditur,
784 3952 888 3990 non
910 3949 975 3989 ex
1003 3932 1125 3997 illa;
1158 3931 1259 3985 hoc
1278 3928 1574 4001 appellatur
1592 3941 1767 4000 graece

188 4033 349 4095 ζιῦνμα
373 4020 478 4084 κατ’
518 4035 618 4082 Ulla
626 4038 739 4096 ιψιν.

254 4118 325 4192 [in
349 4120 468 4195 ΞΜ]
502 4120 757 4176 Dominus
783 4118 913 4175 dicit
953 4118 1020 4173 ad
1056 4117 1239 4173 Jesum
1271 4133 1283 4168 :
1320 4114 1452 4170 Ecce
1489 4130 1580 4186 ego
1620 4112 1767 4167 trado

191 4212 267 4267 tibi
290 4216 610 4287 subjugatam
637 4213 841 4268 Jericlto
863 4254 878 4278 ,
929 4222 975 4266 et
1016 4227 1184 4283 regem
1215 4210 1325 4279 ejus
1361 4207 1448 4277 qui
1485 4216 1557 4261 est
1592 4207 1646 4261 in
1672 4223 1764 4270 ea,

192 4314 395 4369 potentes
436 4306 752 4377 fortitudine.
796 4302 1091 4358 Mirandum
1132 4299 1273 4371 quod
1321 4315 1426 4354 non
1469 4297 1558 4353 hic
1591 4298 1768 4368 posuit

190 4396 606 4462 coniunctionem
651 4395 1004 4465 copulativam
1055 4402 1114 4448 ut
1154 4393 1377 4459 diceret,
1421 4399 1477 4447 et
1522 4400 1766 4462 potentes

192 4483 499 4553 fortitudine,
530 4504 689 4559 quam
719 4488 855 4543 solet
881 4487 1152 4555 Scriptura
1180 4494 1285 4539 tam
1308 4484 1522 4539 assidue
1542 4499 1763 4553 ponere,

191 4586 242 4630 ut
266 4580 417 4635 etiam
452 4580 523 4635 ibi
554 4579 854 4634 inveniatur
888 4577 979 4631 ubi
1018 4590 1237 4631 sensum
1268 4575 1441 4629 solitae
1480 4573 1766 4630 locutionis

193 4667 428 4741 impediat
459 4688 471 4725 :
503 4687 571 4725 an
601 4679 656 4725 et
682 4668 895 4726 Jericho
924 4676 977 4723 et
1014 4682 1109 4721 rex
1133 4664 1249 4736 ejus
1277 4664 1405 4720 dicti
1432 4672 1559 4720 sunt
1585 4672 1763 4734 poten-

193 4767 256 4814 tes
276 4763 566 4831 fortitudine
581 4763 607 4816 ?

256 4850 348 4924 [lb.
370 4856 463 4921 25,
487 4864 542 4910 et
568 4869 643 4914 ιν.
678 4851 757 4925 9.]
788 4851 856 4907 Et
875 4848 1021 4907 Raab
1042 4848 1351 4904 meretricem
1376 4855 1424 4904 et
1449 4847 1652 4903 domum
1673 4864 1765 4917 pa-

192 4947 369 4996 ternam
427 4945 538 5014 ejus
596 4943 865 5012 vivi/ienuit
923 4940 1103 5009 Iesus,
1168 4949 1215 4994 et
1254 4948 1563 4993 commorata
1600 4947 1670 4993 est
1710 4938 1765 4992 in

194 5029 343 5088 Israel
378 5052 531 5106 usque
554 5036 609 5090 in
637 5034 935 5089 hodiernum
961 5032 1111 5087 diem.
1144 5030 1447 5087 Notandum
1464 5041 1547 5085 est
1569 5045 1763 5100 quem-

198 5121 463 5181 admodum
492 5127 635 5182 dicat
677 5125 972 5195 Scriptum,
998 5140 1153 5194 usque
1197 5126 1250 5178 in
1280 5123 1579 5178 hodiernum
1605 5123 1759 5187 diem,

197 5213 323 5278 quod
349 5217 559 5272 assidue
584 5216 755 5281 dicit;
794 5230 916 5269 nam
963 5222 1017 5269 et
1042 5215 1109 5269 de
1134 5214 1397 5284 lapidibus
1421 5213 1527 5269 illis
1555 5212 1759 5269 duode-

198 5299 288 5354 cim
313 5306 397 5374 qui
428 5307 583 5376 positi
614 5316 739 5362 sunt
762 5305 851 5361 ubi
885 5304 1133 5360 Jordanis
1173 5319 1240 5360 ex
1280 5305 1384 5360 ima
1411 5312 1563 5375 parte
1589 5304 1760 5359 detlu~

196 5403 333 5448 xerat
351 5436 365 5461 ,
392 5405 445 5452 et
475 5413 540 5455 ex
579 5406 728 5470 parte
758 5397 1033 5467 superiore
1061 5396 1397 5462 constiterat,
1435 5409 1560 5451 arca
1583 5403 1761 5450 trans-

201 5492 345 5539 eunte
378 5489 458 5543 vel
511 5489 743 5560 pupulo,
784 5488 854 5543 ita
889 5487 1087 5544 dictum
1116 5495 1232 5553 est,
1281 5486 1422 5557 quod
1463 5495 1647 5543 essent
1689 5486 1760 5542 ibi

200 5588 339 5647 usque
364 5581 415 5637 in
453 5583 751 5639 tiodienium
779 5583 911 5637 diem
942 5598 961 5637 :
986 5581 1125 5653 quod
1164 5580 1371 5637 videtur
1410 5580 1482 5636 ita
1525 5594 1717 5637 sonare
1741 5624 1756 5649 ,

200 5671 428 5744 tanquam
462 5686 583 5750 post
618 5676 904 5751 plurimum
929 5675 1183 5748 temporis
1216 5690 1320 5749 per
1348 5675 1485 5732 hanc
1512 5675 1755 5749 Scriptu-

1877 2649 1989 2689 ram
2018 2633 2117 2689 ista
2144 2644 2447 2701 narrentur,
2472 2650 2571 2691 nec
2597 2649 2663 2692 eo
2686 2645 2926 2707 tempore
2954 2636 2989 2691 ii
3025 2636 3144 2692 libri
3173 2638 3460 2708 conscripti

1875 2725 2071 2782 fuerint
2110 2743 2215 2798 quo
2254 2737 2407 2784 erant
2434 2728 2550 2785 haec
2588 2729 2977 2785 recentissima.
3008 2728 3257 2801 Quisquis
3285 2740 3459 2787 autem

1876 2828 2025 2888 putat
2065 2820 2187 2884 hoc,
2214 2821 2338 2891 quid
2377 2821 2447 2877 de
2473 2821 2572 2876 ista
2611 2822 2893 2877 meretrice
2916 2822 3153 2878 dicturus
3177 2832 3260 2879 est
3283 2864 3298 2889 ,
3343 2839 3462 2894 qua:

1877 2909 2056 2979 utique
2077 2919 2327 2980 quantum
2352 2922 2432 2966 est
2449 2920 2580 2967 tetas
2601 2912 2757 2966 unius
2776 2911 3005 2967 hominis
3028 2913 3178 2981 vixit,
3201 2922 3255 2969 et
3284 2922 3460 2970 tamen

1874 3000 2087 3066 dicitur,
2112 3020 2266 3073 usque
2295 3005 2345 3058 in
2370 3004 2665 3059 hodiernum
2690 3004 2862 3060 diem?
2888 3006 2963 3062 De
2991 3005 3073 3061 his
3100 3007 3276 3077 itaque
3302 3007 3463 3063 rebus

1878 3093 1979 3148 hoc
2004 3093 2227 3158 dicitur,
2256 3111 2373 3165 quin
2404 3111 2511 3150 non
2543 3096 2612 3150 ita
2642 3096 2947 3152 constitutae
2978 3104 3141 3164 sunt,
3178 3107 3236 3152 ut
3275 3106 3458 3168 postea

1875 3193 2209 3239 mutarentur
2228 3184 2296 3239 ab
2322 3186 2399 3241 eis
2419 3186 2510 3256 qui
2532 3187 2922 3242 constituerunt
2945 3208 2957 3242 :
2982 3188 3249 3259 quomodo
3265 3189 3460 3244 dicitur

1872 3275 2066 3346 aliquis
2112 3278 2163 3331 in
2201 3279 2445 3333 exsilium
2480 3290 2790 3349 perpetuum
2822 3281 3046 3347 missus,
3094 3283 3217 3353 quia
3257 3299 3361 3337 non
3392 3282 3457 3337 ad

1876 3375 2083 3436 tempus
2108 3369 2429 3438 prtuliuitum
2467 3369 2567 3424 hoc
2604 3371 2864 3440 supplicio
2894 3371 3172 3441 plectitur;
3205 3387 3308 3427 non
3337 3373 3459 3443 quia

1873 3465 2152 3534 quisquam
2183 3473 2357 3534 potest
2375 3480 2495 3520 esse
2523 3473 2812 3534 perpetuus
2836 3466 2886 3519 in
2908 3465 3118 3531 exsilio,
3149 3481 3270 3521 cum
3300 3469 3459 3521 homo

1875 3555 1987 3625 ipse
2008 3572 2113 3611 non
2136 3559 2302 3626 possit
2327 3572 2445 3612 esse
2476 3566 2779 3628 perpetuus.
2812 3556 2899 3611 Sic
2928 3571 3057 3626 ergo
3076 3566 3129 3612 et
3158 3558 3256 3612 ista
3287 3574 3458 3612 merc-

1875 3650 1977 3702 trix
2010 3664 2112 3703 non
2140 3660 2222 3703 est
2263 3658 2531 3719 praecepta
2570 3648 2635 3701 ad
2677 3656 2885 3717 tempus
2913 3647 3152 3703 habitare
3179 3648 3232 3703 in
3262 3649 3454 3715 Israel;

1872 3739 1993 3794 ideo
2019 3739 2218 3794 dictum
2243 3749 2344 3806 est,
2374 3756 2528 3809 usque
2551 3741 2604 3793 in
2628 3740 2926 3794 hodiernum
2949 3738 3103 3795 diem.

1945 3829 2044 3903 [lb.
2066 3846 2140 3886 vu
2160 3871 2175 3896 ,
2208 3829 2319 3904 11.]
2349 3831 2603 3887 Dominus
2630 3831 2757 3886 dicit
2782 3830 2848 3885 ad
2874 3831 3088 3886 Jesum:
3116 3830 3344 3887 Peccavit
3369 3849 3461 3903 p0-

1872 3924 2041 3993 pulus,
2071 3931 2116 3977 et
2133 3932 2471 3994 transgressus
2496 3934 2568 3978 est
2597 3934 2947 3979 testamentum
2976 3941 3162 3990 meum,
3185 3927 3321 3996 quod
3349 3927 3457 3979 dis-

1873 4016 2019 4084 posui
2046 4014 2114 4068 ad
2142 4031 2242 4070 eos.
2267 4015 2567 4071 Notandum
2615 4017 3060 4087 quemadmodum
3083 4027 3455 4075 testamentum

1870 4108 2103 4177 appellet
2136 4108 2239 4163 hoc
2264 4109 2406 4178 quod
2432 4118 2778 4179 praeceperat,
2807 4121 2864 4164 ut
2890 4111 3169 4165 anathema
3196 4120 3338 4167 esset
3364 4110 3457 4166 Je—

1870 4198 2043 4266 ricbo,
2071 4207 2128 4253 et
2151 4214 2310 4253 nemo
2340 4199 2441 4253 sibi
2471 4200 2595 4255 inde
2620 4199 2819 4270 aliquid
2843 4209 3142 4267 usurparet.

1942 4287 2161 4361 [lb.vm,
2181 4292 2260 4344 iet
2279 4288 2360 4362 2.]
2395 4292 2647 4344 Dominus
2674 4291 2898 4361 loquens
2924 4291 2988 4359 ad
3009 4291 3190 4347 Jesum
3218 4294 3292 4347 ait
3313 4292 3454 4349 inter

1869 4392 2065 4438 caetera
2100 4399 2113 4435 :
2148 4380 2280 4436 Ecce
2302 4382 2419 4435 dedi
2452 4383 2706 4447 inmanus
2731 4392 2842 4436 tuas
2870 4398 3038 4453 regem
3068 4380 3165 4436 Gai
3198 4392 3244 4436 et
3273 4393 3459 4439 terram

1868 4474 2050 4545 ipsius,
2078 4484 2125 4527 et
2152 4474 2308 4545 facies
2338 4472 2436 4527 Gai
2459 4474 2591 4528 sicut
2615 4474 2778 4545 feciin
2805 4473 3012 4529 Jericho
3037 4483 3083 4529 et
3109 4476 3215 4547 regi
3241 4476 3349 4547 ejus
3368 4518 3381 4541 ,
3410 4486 3457 4532 et

1869 4564 2097 4635 praedam
2140 4580 2376 4634 pecorum
2413 4564 2720 4635 prazdaberis
2758 4565 2867 4619 tibi.
2913 4564 3186 4636 Praecipue
3225 4568 3458 4625 notanda

1868 4654 2066 4710 locutio
2092 4662 2195 4721 est,
2227 4669 2331 4708 non
2356 4654 2528 4709 solum
2557 4654 2678 4725 quia
2709 4654 3013 4724 prwdaberis
3040 4656 3129 4710 tibi
3156 4655 3309 4723 dixit,
3338 4667 3458 4711 tan-

1868 4764 2027 4819 quam
2057 4748 2214 4803 unius
2245 4747 2416 4802 futura
2442 4756 2587 4804 esset
2613 4747 2702 4802 illa
2727 4746 2925 4816 praeda,
2953 4764 3076 4803 cum
3105 4749 3343 4805 omnium
3372 4766 3460 4805 es-

1869 4848 1951 4895 set
1980 4839 2194 4903 futura;
2230 4853 2353 4892 nam
2398 4838 2530 4892 tales
2566 4837 2860 4894 locutiones
2899 4839 3259 4894 usitatissima:
3296 4849 3419 4893 sunt
3441 4881 3455 4905 ,

1867 4948 1990 4987 cum
2017 4933 2160 4988 Deus
2192 4942 2440 5001 tanquam
2471 4931 2541 4987 ad
2569 4947 2730 4986 unum
2758 4931 3013 5001 loquitur,
3043 4947 3162 5000 qua:
3191 4932 3257 4986 ad
3286 4946 3456 5000 popu-

1867 5026 1975 5080 lum
2000 5025 2237 5093 loquitur
2270 5041 2282 5076 :
2316 5023 2410 5078 sed
2438 5022 2540 5079 hoc
2579 5038 2772 5079 novum
2801 5033 2885 5078 est
2918 5023 3033 5090 hic,
3064 5021 3185 5092 quia
3216 5020 3459 5091 praedixit

1867 5117 2141 5187 Scriptura
2159 5157 2174 5182 ,
2208 5114 2277 5169 Et
2306 5115 2433 5168 dixit
2465 5114 2712 5170 Dominus
2736 5113 2803 5167 ad
2826 5112 3004 5169 Jesum
3022 5154 3037 5179 ,
3066 5127 3223 5183 quem
3248 5120 3457 5167 constat

1866 5224 2027 5263 unum
2059 5206 2326 5260 hominem
2372 5203 2570 5270 fuisse;
2607 5202 2749 5274 quod
2779 5213 2957 5257 tamen
2994 5201 3126 5256 dixit
3152 5199 3456 5273 pradaberis

1865 5298 1987 5365 tibi,
2033 5314 2139 5353 non
2162 5298 2348 5368 utique
2379 5296 2451 5350 ita
2473 5295 2674 5351 dictum
2700 5302 2808 5359 est,
2855 5302 2916 5349 ut
2952 5294 3131 5364 prteda
3172 5294 3261 5350 illa
3300 5293 3455 5363 hujus

1864 5393 2021 5449 unius
2084 5390 2317 5447 hominis
2379 5403 2497 5445 esse
2561 5397 2828 5459 praecepta
2889 5388 2996 5454 sit,
3059 5388 3155 5445 sed
3223 5388 3455 5445 universi

1863 5483 2064 5556 populi.

1935 5578 2164 5655 [lb.12.]
2194 5578 2259 5632 Et
2284 5577 2481 5631 insidia:
2508 5583 2651 5631 erant
2678 5574 2866 5630 civitati
2893 5592 2926 5630 a
2954 5577 3102 5631 ntari.
3128 5576 3228 5645 Qui
3257 5577 3450 5644 nescit,

1864 5682 2012 5750 putat
2039 5673 2194 5731 istam
2235 5670 2505 5732 civitatem
2547 5668 2889 5727 maritimam.
2932 5670 3345 5730 Consuetudiuis
3369 5679 3454 5728 est
