3902 6298
456 196 562 255 1539

456 320 632 368 autem
658 308 1074 380 Scripturarum,
1100 314 1162 365 nt
1191 306 1573 364 occidentalem
1600 313 1828 378 partem,
1850 319 1881 360 a
1902 304 2037 359 mari

453 402 721 474 appellet,
750 401 834 456 vel
871 400 938 456 ad
979 416 1156 467 mare;
1184 398 1305 471 quia
1352 415 1417 454 ex
1450 397 1561 470 ipsa
1591 406 1740 469 parte
1775 407 1914 452 terra
1948 395 2037 451 ubi

455 495 569 551 haec
605 493 896 565 agebantur
915 531 933 558 ,
965 491 1183 565 prOpius
1224 489 1384 548 habet
1408 506 1555 546 mare
1580 505 1741 566 quam
1767 505 1798 544 a
1827 489 2035 544 caeteris

452 586 708 658 partibus.

524 673 622 752 [Ib.
655 670 766 750 I8.]
796 671 1024 729 Extende
1055 689 1260 728 manum
1283 682 1423 726 tuam
1445 672 1500 727 in
1533 687 1689 744 gaeso,
1719 670 1853 744 quod
1882 681 1954 726 est
1978 672 2032 726 in

451 784 606 822 manu
633 777 719 830 tua
743 808 757 831 ,
785 774 960 820 contra
983 765 1247 820 civitatem.
1281 763 1387 820 Ista
1422 762 1621 818 locutio
1653 762 1884 818 notanda
1925 776 2029 816 non

451 871 627 929 esset,
653 860 752 916 nisi
780 868 996 932 propter
1029 873 1224 914 nomen
1249 855 1389 930 quod
1414 857 1697 913 obscurum
1719 867 1802 912 est
1831 856 1909 912 eis
1927 897 1942 921 ,
1974 855 2030 912 in

451 969 674 1026 quorum
695 951 1076 1009 consuetudine
1097 965 1203 1006 non
1229 957 1328 1004 est.
1353 948 1488 1017 Quid
1509 949 1650 1003 enim
1673 947 2026 1017 dicatgaeson,

451 1063 554 1102 non
580 1046 733 1102 facile
754 1045 1060 1115 intelligitur
1089 1061 1102 1098 :
1127 1042 1228 1098 hoc
1253 1043 1520 1112 interpres
1537 1041 1888 1114 Symmachus
1908 1056 2030 1096 scu-

450 1150 560 1196 tum
601 1139 895 1218 appellasse
923 1137 1248 1210 perhibetur.
1279 1135 1622 1206 Septuaginta
1663 1142 1840 1189 autem
1866 1133 2028 1189 inter-

447 1240 645 1302 pretes,
677 1229 965 1285 secundum
998 1241 1131 1300 quos
1156 1227 1254 1281 ista
1283 1234 1590 1294 tractamus,
1619 1225 1706 1295 qui
1736 1235 2028 1295 posuerunt

445 1339 625 1396 gmson
646 1365 662 1390 ,
708 1323 873 1378 miror
903 1322 950 1379 si
985 1329 1040 1378 et
1067 1321 1118 1376 in
1148 1335 1320 1391 grteca
1346 1319 1521 1390 lingua
1554 1319 1758 1372 hastam
1798 1318 1884 1372 vel
1913 1319 2028 1372 lan-

445 1430 591 1470 ceam
634 1413 945 1484 gallieanam
983 1412 1202 1482 intelligi
1246 1410 1527 1465 voluerunt
1559 1427 1572 1461 :
1605 1424 1667 1464 ea
1705 1409 1900 1480 quippe
1939 1409 2024 1463 di-

446 1515 637 1562 cuntur
666 1521 826 1576 gaesa,
857 1519 1080 1576 quorum
1111 1511 1163 1558 et
1193 1501 1442 1572 Virgilius
1465 1500 1723 1564 meminit,
1753 1501 1838 1553 ubi
1862 1499 1934 1553 ait
1956 1498 2022 1554 de

443 1595 610 1652 Gallis
638 1596 690 1650 in
721 1607 870 1650 scuto
897 1594 1085 1649 Encas
1117 1593 1268 1662 pictis
1293 1635 1306 1658 ,
1339 1593 1452 1647 Duo
1485 1593 1692 1662 quisque
1723 1591 1906 1660 Alpina
1932 1607 2020 1645 co-

443 1698 646 1744 ruscant
675 1704 807 1760 ga’sa
839 1705 989 1740 manu
1019 1684 1116 1759 (1E
1122 1685 1256 1740 neid.
1287 1685 1372 1739 lib.
1397 1685 1431 1742 8
1453 1726 1467 1749 ,
1494 1701 1582 1740 vv.
1607 1683 1730 1748 661,
1765 1683 1909 1755 662).

516 1776 615 1851 [Ib.
644 1777 758 1851 22.]
777 1776 843 1830 Et
872 1778 993 1849 facti
1035 1786 1152 1830 sunt
1192 1777 1322 1830 inter
1363 1776 1581 1830 medium
1619 1785 1925 1840 castrorum,
1968 1775 2020 1828 hi

445 1869 560 1923 hinc
587 1879 634 1922 et
663 1870 715 1922 hi
743 1869 878 1922 hinc.
910 1869 1020 1922 Duo
1051 1867 1280 1922 notanda
1320 1875 1444 1921 sunt
1487 1869 1539 1920 in
1582 1867 1681 1921 hac
1708 1866 1972 1921 locutione
2003 1886 2016 1920 :

445 1975 627 2026 unum,
659 1959 802 2031 quod
829 1975 947 2014 cum
980 1960 1160 2013 hostes
1194 1958 1284 2028 qui
1321 1958 1670 2012 vincebantur
1692 1997 1707 2022 ,
1755 1957 1805 2011 in
1845 1957 2020 2012 medio

443 2059 655 2117 essent,
697 2061 942 2121 tanquam
988 2050 1054 2108 de
1093 2049 1175 2106 his
1211 2051 1407 2105 dictum
1435 2056 1537 2115 est,
1579 2048 1717 2118 quod
1761 2048 1814 2103 hi
1842 2058 2021 2103 essent

443 2142 566 2198 hinc
596 2150 650 2196 et
678 2145 728 2196 hi
760 2143 902 2206 hinc,
935 2157 1055 2197 cum
1083 2143 1258 2212 potius
1295 2142 1364 2195 ita
1394 2139 1644 2196 Israelita:
1670 2141 1900 2208 fuerint,
1929 2141 2018 2212 qui

444 2248 537 2289 eos
597 2235 648 2288 in
706 2233 880 2287 medio
941 2238 1229 2301 posuerant
1290 2231 1699 2302 percutiendos;
1757 2232 2017 2296 alterum,

442 2325 580 2394 quod
613 2326 748 2379 inter
790 2324 1023 2378 medium
1058 2331 1354 2378 castrorum
1396 2337 1488 2376 eos
1528 2321 1694 2376 factos
1731 2337 1850 2376 esse
1892 2322 2021 2376 dicit

440 2414 729 2482 Scriptura,
762 2423 932 2468 castra
962 2413 1236 2483 appellans
1277 2414 1435 2466 etiam
1478 2413 1760 2482 productas
1784 2414 1926 2468 acies
1966 2415 2019 2467 in

441 2505 621 2575 pnelio
649 2505 992 2571 constitutas,
1019 2518 1138 2558 cum
1170 2513 1342 2558 castra
1370 2519 1474 2558 non
1503 2506 1710 2560 soleant
1737 2505 2014 2574 appellari,

438 2596 538 2651 nisi
564 2595 655 2652 ubi
691 2596 958 2652 exercitus
984 2595 1052 2654 ad
1081 2595 1398 2650 manendum
1426 2595 1670 2650 consistit
1698 2614 1710 2648 :
1747 2597 1844 2648 nisi
1878 2595 2019 2650 forte

438 2685 558 2743 ideo
597 2695 770 2742 castra
813 2687 1077 2758 appellata
1106 2696 1266 2750 sunt,
1303 2688 1425 2756 quia
1467 2702 1584 2739 cum
1627 2687 1871 2741 omnibus
1907 2686 2018 2742 suis

438 2781 602 2836 ibunt.

507 2870 605 2944 [1).
632 2869 747 2945 27.]
776 2870 1013 2942 Exceptis
1046 2872 1306 2943 pecoribus
1343 2880 1390 2924 et
1416 2869 1620 2943 spoliis,
1649 2885 1760 2940 qua:
1794 2880 1936 2924 erant
1964 2872 2018 2926 in

439 2965 656 3029 civitate,
687 2963 901 3033 pradati
924 2971 1040 3017 sunt
1069 2961 1168 3031 ﬁlii
1200 2961 1365 3016 Israel
1393 2963 1666 3016 secundum
1711 2971 2016 3032 prtcceptum

436 3053 674 3121 Domini,
705 3052 1126 3125 quemadmodum
1160 3053 1420 3106 constituit
1455 3052 1704 3106 Dominus
1739 3052 1865 3106 Iesu
1892 3067 1914 3108 :
1941 3053 2013 3108 ita

435 3147 633 3202 dictum
663 3156 741 3201 est
770 3144 1009 3215 Exceptis
1033 3145 1293 3218 pecoribus
1319 3155 1366 3199 et
1391 3145 1586 3215 spoliis,
1616 3148 1827 3214 pra'dati
1857 3155 2012 3214 sunt,

435 3239 584 3310 quasi
613 3240 723 3310 ipsa
751 3253 856 3292 non
883 3237 1076 3294 fuerint
1099 3236 1349 3310 prtedati,
1381 3251 1501 3292 cum
1531 3238 1703 3306 potius
1732 3238 1843 3306 ipsa
1873 3253 2011 3308 pra:-

435 3331 547 3388 dati
569 3331 696 3399 sint,
722 3338 778 3388 et
801 3345 1019 3400 excepta
1043 3330 1162 3387 ideo
1183 3328 1322 3384 dicta
1343 3328 1470 3394 sint,
1491 3330 1612 3399 quia
1637 3327 1750 3382 haec
1770 3329 1860 3384 illo
1887 3344 2017 3400 prae

437 3425 508 3481 lio
533 3425 645 3482 sola
671 3433 989 3494 consumpta
1019 3439 1123 3478 non
1152 3431 1296 3478 sunt.

504 3517 604 3593 [Ib.
635 3534 710 3586 ιι,
742 3515 820 3591 7.]
852 3517 1100 3572 Israelita:
1122 3517 1506 3588 respondentes
1531 3515 1839 3572 Gabaonitis
1866 3515 2018 3572 dixe-

435 3618 557 3666 runt
583 3627 596 3664 :
633 3607 759 3663 Vide
779 3624 840 3662 ne
859 3608 913 3663 in
934 3623 1012 3662 me
1034 3607 1244 3662 habites.
1276 3606 1344 3661 Et
1364 3606 1612 3678 quomodo
1633 3606 1898 3677 disponant
1927 3605 2016 3660 tibi

434 3701 820 3757 testamentum?
837 3699 952 3756 Iam
979 3709 1034 3756 et
1059 3700 1303 3770 superius
1331 3699 1460 3754 tales
1490 3699 1782 3754 locutiones
1811 3698 2018 3752 notavi-

434 3807 552 3847 mus
583 3811 598 3846 :
630 3792 731 3847 hoc
752 3799 836 3846 est
858 3792 1001 3847 enim
1038 3788 1164 3845 Vide
1191 3807 1254 3845 ne
1289 3790 1340 3844 in
1378 3807 1454 3843 me
1480 3789 1668 3844 habites
1689 3831 1702 3855 ,
1731 3789 1870 3860 quod
1895 3797 2011 3855 est,

433 3885 570 3954 apud
599 3899 684 3940 me
705 3925 719 3946 ,
762 3881 815 3938 id
847 3893 926 3938 est
959 3883 1009 3936 in
1036 3889 1176 3937 terra
1206 3897 1366 3952 quam
1399 3882 1479 3936 eis
1505 3882 1821 3951 promiserat
1852 3881 2012 3936 Deus.

436 3976 504 4032 Et
533 3975 618 4031 hic
654 3985 904 4045 tanquam
931 3974 996 4028 ad
1034 3989 1194 4028 unum
1222 3973 1492 4028 hominem
1537 3974 1785 4030 videntur
1817 3975 2014 4042 locuti,

436 4085 556 4126 cum
587 4069 793 4139 legatus
819 4067 885 4122 ad
922 4082 1014 4122 eos
1046 4081 1153 4122 non
1185 4082 1321 4122 unus
1345 4067 1549 4122 venerit
1579 4084 1593 4123 :
1624 4068 1717 4122 sed
1743 4084 1891 4125 more
1917 4085 2016 4125 suo

432 4160 575 4233 genti
599 4167 652 4216 et
680 4157 874 4230 populo
899 4173 1156 4228 responsa
1175 4156 1480 4223 reddentes,
1509 4158 1759 4226 singulari
1793 4175 2015 4216 numero

435 4254 738 4324 loquuntur,
769 4251 904 4308 sicut
923 4251 1235 4321 plerumque
1260 4257 1314 4305 et
1342 4249 1408 4303 ad
1440 4251 1582 4318 ipsos
1624 4251 1761 4304 Deus
1788 4250 1872 4306 vel
1913 4251 2012 4305 du-

433 4356 549 4404 ctor
571 4345 828 4418 ipsorum.
853 4342 1147 4399 Notandum
1174 4343 1334 4398 etiam
1360 4342 1502 4412 quod
1523 4349 1736 4416 pactum
1767 4345 1910 4413 pacis
1936 4353 2017 4400 te-

438 4447 762 4498 stamentum
789 4445 944 4492 vocat
965 4435 1239 4506 Scriptura
1259 4475 1276 4503 ,
1302 4450 1454 4490 more
1475 4435 1688 4506 quidem
1712 4451 1846 4501 suo;
1891 4451 2014 4491 nam

435 4545 579 4600 ωερε
611 4530 683 4584 ita
712 4528 964 4598 loquitur.
1597 4587 1602 4596 θ

509 4618 609 4694 [11).
638 4634 675 4680 x
695 4658 711 4683 ,
743 4617 856 4692 17.]
887 4617 954 4684 Et
981 4619 1264 4673 nuntiatum
1289 4625 1362 4674 est
1390 4617 1517 4674 Iesu
1545 4618 1782 4683 dicentes,
1816 4618 2016 4676 Inventi

433 4721 550 4768 sunt
573 4711 790 4783 quinque
815 4726 953 4782 reges
981 4709 1258 4766 absconditi
1279 4709 1334 4766 in
1356 4709 1596 4781 spelunca
1624 4726 1644 4764 :
1671 4725 1765 4781 pro
1788 4726 1853 4766 eo
1873 4711 2014 4781 quod

432 4814 534 4870 est,
568 4803 942 4858 nuntiaverunt
975 4801 1234 4860 dicentes.

503 4893 604 4968 [Ib.
628 4891 744 4966 25.]
767 4891 849 4946 Ita
877 4893 1026 4960 faciet
1052 4891 1302 4946 Dominus
1331 4893 1558 4948 omnibus
1582 4894 1796 4950 inimicis
1820 4896 2014 4966 vestris,

433 5003 558 5056 quos
586 5001 672 5046 vos
701 4983 1008 5040 debellabitis
1034 4999 1118 5038 eos
1147 4997 1167 5038 :
1194 4983 1323 5038 nihil
1369 4985 1544 5040 minus
1569 4996 1712 5042 esset
1737 4986 1857 5045 huic
1886 5002 2012 5044 sen-

435 5077 643 5143 tentiae,
670 5076 769 5132 etsi
799 5091 903 5130 non
933 5075 1188 5140 haberet,
1216 5091 1321 5133 eos.

511 5166 610 5241 [Ib.
640 5183 697 5233 xi
717 5208 734 5236 ,
763 5166 830 5224 I9
857 5163 1033 5240 et20.]
1064 5165 1130 5222 Et
1169 5183 1340 5222 omnes
1368 5168 1498 5240 cepit
1528 5167 1584 5222 in
1607 5167 1758 5233 bello,
1783 5171 1900 5241 quia
1928 5189 2018 5242 per

436 5257 714 5324 Dominum
744 5261 934 5330 factum
969 5266 1042 5313 est
1065 5259 1342 5332 confortari
1379 5275 1467 5314 cor
1490 5275 1663 5313 eorum
1686 5302 1700 5323 ,
1738 5270 1789 5314 ut
1826 5262 2016 5322 obviam

435 5350 567 5405 irent
594 5351 663 5405 ad
691 5351 872 5408 bellum
897 5351 964 5406 ad
987 5349 1189 5419 Israel,
1221 5360 1276 5406 ut
1303 5351 1749 5407 exterminarentur
1779 5370 1798 5409 :
1833 5364 2019 5412 notan-

436 5441 566 5498 dum
591 5451 709 5509 est,
750 5443 1026 5513 confortari
1052 5461 1168 5512 cor,
1212 5459 1319 5500 non
1361 5458 1578 5515 semper
1610 5446 1664 5500 in
1705 5446 1845 5501 bono
1881 5449 2019 5504 acci-

439 5540 712 5610 piendum.

514 5628 614 5703 llb.
633 5646 746 5696 xw,
780 5629 861 5702 6.]
885 5631 966 5686 Tu
991 5631 1090 5685 scis
1115 5630 1336 5691 verbum.
1362 5633 1495 5703 quod
1519 5633 1716 5690 locutus
1736 5644 1806 5691 est
1838 5633 2018 5692 Domi-

1252 190 1696 252 LOCUTIONUM
1732 191 1792 250 S.
1824 187 2192 250 AUGUSTINI
2233 187 2299 245 IN
2337 187 2894 249 IIEPTATEUCHUM

3609 197 3707 264 540

2145 319 2240 357 nus
2265 302 2332 357 ad
2356 300 2568 374 Moysen
2591 302 2843 360 hominem
2883 302 2985 359 Dei
3017 304 3082 360 de
3113 321 3193 360 me
3218 314 3266 362 et
3293 315 3340 361 te
3367 322 3388 363 :
3410 323 3524 366 non
3547 309 3675 371 dixit
3692 353 3708 384 ,

2143 393 2412 450 hominem
2438 409 2616 458 suum.

2213 485 2312 563 [11).
2352 503 2487 550 xvu,
2521 485 2634 564 I6.]
2663 487 2730 543 Et
2767 487 3001 544 dixerunt
3027 488 3126 561 ﬁlii
3149 487 3360 562 Ioseph,
3394 490 3520 547 Non
3542 496 3708 567 sitnisi:

2139 581 2280 640 nobis
2308 598 2450 635 mons
2469 591 2518 637 et
2537 598 2690 653 equus
2708 580 2911 650 electus,
2933 592 2980 636 et
3003 584 3194 654 ferrum
3216 582 3504 640 Chananteo
3522 590 3606 653 qui
3627 591 3710 644 hs-

2136 673 2261 730 bitat
2288 675 2340 729 in
2369 674 2591 730 Bethsan
2619 690 2641 731 :
2663 691 2841 744 equum
2866 675 3075 731 electum
3101 674 3253 739 dixit,
3283 691 3376 746 pro
3401 679 3555 749 equis
3581 681 3707 736 elec-

2137 765 2226 833 tis,
2251 764 2393 836 quod
2431 767 2682 821 usitatum
2713 765 2766 820 in
2811 775 2994 821 nostro
3017 780 3270 822 sermone
3298 783 3402 822 non
3427 778 3549 836 est;
3581 772 3705 830 unde

2135 857 2375 912 nonnulli
2404 857 2549 911 latini
2586 857 2906 928 interpretes
2932 856 3219 914 noluerunt
3245 874 3428 929 equum
3459 859 3706 932 interpre.

2135 947 2255 1013 tari,
2282 947 2376 1003 sed
2403 948 2699 1021 equitatum.
2727 947 2816 1003 Sic
2843 935 3017 1003 autem
3045 945 3246 1003 dictum
3271 957 3372 1014 est,
3407 963 3562 1023 equus
3590 954 3705 1006 elec-

2133 1047 2232 1106 tus,
2261 1056 2358 1110 pro
2384 1040 2534 1112 equis
2555 1081 2570 1104 ,
2618 1039 2758 1094 sicut
2798 1038 2854 1094 in
2892 1045 3074 1094 nostra
3114 1039 3504 1096 consuetudine
3531 1042 3705 1098 dicitur

2131 1130 2306 1194 miles,
2338 1146 2434 1201 pro
2463 1130 2741 1186 militibus.

2204 1217 2302 1293 [Ib.
2324 1235 2437 1286 xxx,
2455 1221 2525 1276 33
2541 1228 2588 1275 et
2607 1216 2722 1294 54.]
2745 1218 2813 1274 Et
2827 1219 2950 1293 facti
2973 1226 3092 1276 sunt
3113 1221 3280 1276 exitus
3304 1219 3512 1278 illorum
3523 1223 3703 1280 Iorda-

2129 1310 2208 1364 nis
2230 1351 2247 1375 ,
2304 1319 2352 1365 et
2396 1319 2702 1365 revertentur
2731 1311 2857 1380 ﬁnes
2875 1311 2944 1364 ad
2971 1327 3151 1367 mare:
3180 1329 3286 1367 non
3312 1312 3486 1382 dixit,
3515 1319 3700 1374 reversi

2127 1409 2272 1467 sunt,
2302 1413 2392 1458 aut
2417 1404 2603 1458 saltem
2625 1445 2638 1468 ,
2667 1413 3026 1470 revertuntur,
3057 1405 3195 1459 sicut
3235 1406 3374 1461 solet
3416 1407 3487 1464 de
3528 1407 3703 1467 ﬁnibus

2125 1494 2266 1561 dici;
2297 1494 2429 1562 sed,
2479 1504 2802 1563 revertentur,
2854 1503 3104 1565 tanquam
3144 1497 3316 1552 adhuc
3362 1495 3594 1553 futurum
3622 1501 3698 1568 sit,

2125 1600 2247 1640 cum
2267 1586 2653 1655 przeteritorum
2676 1587 2739 1641 sit
2764 1585 2861 1640 ista
2887 1588 3155 1642 narratio:
3187 1597 3241 1642 et
3260 1589 3311 1642 in
3339 1590 3584 1644 omnibus
3604 1589 3700 1647 fere

2126 1676 2256 1746 ipsis
2273 1685 2532 1731 terrarum
2549 1676 2917 1742 divisionibus,
2939 1693 3034 1747 per
3046 1678 3276 1748 singulas
3293 1694 3533 1750 quasque
3549 1680 3699 1739 tribus

2124 1769 2194 1822 ita
2218 1768 2449 1839 loquitur
2469 1769 2761 1840 Scriptura,
2789 1779 2845 1824 ut
2869 1769 3025 1824 futuri
3045 1771 3300 1841 temporis
3319 1773 3501 1828 verbis
3517 1782 3695 1829 utatur.

2197 1856 2300 1934 [Ib.
2333 1876 2424 1925 xx,
2460 1857 2538 1934 9.]
2586 1858 2841 1932 Refugere
2880 1861 3002 1915 illuc
3026 1860 3111 1931 qui
3156 1864 3458 1933 percusserit
3494 1865 3698 1920 animant

2125 1937 2300 2007 nolens
2323 1969 2344 2008 :
2373 1953 2459 2007 hic
2510 1955 2740 2008 animam
2763 1997 2776 2020 ,
2811 1953 2894 2007 vel
2926 1954 3196 2009 hominem
3225 1954 3524 2027 intelligere
3550 1947 3697 2012 debe-

2124 2063 2261 2113 mus,
2295 2048 2381 2103 vel
2411 2049 2572 2102 vitatn
2595 2048 2772 2102 carnis
2800 2063 2918 2119 qua:
2957 2047 3017 2101 fit
3045 2063 3137 2118 per
3161 2048 3416 2112 animam;
3445 2064 3544 2119 qua
3567 2049 3695 2104 locu-

2125 2141 2267 2197 tione
2287 2151 2340 2198 et
2366 2141 2495 2196 illud
2526 2141 2725 2196 dictum
2755 2151 2836 2195 est
2856 2156 2885 2193 a
2915 2139 3167 2194 fratribus
3191 2139 3415 2211 Ioseph,
3451 2138 3569 2195 Non
3592 2158 3695 2210 per-

2124 2235 2373 2291 cutiamtts
2401 2236 2510 2306 ejus
2539 2235 2760 2294 animam
2800 2232 2949 2305 (Gen.
2974 2249 3176 2296 xxxv",
3202 2233 3328 2304 22),
3381 2233 3432 2288 id
3460 2243 3576 2297 est,
3602 2249 3694 2289 non

2123 2341 2245 2380 eum
2275 2325 2600 2380 occidamns.
2632 2324 2762 2378 Nam
2794 2325 2837 2378 si
2865 2325 3040 2378 anima
3069 2333 3247 2393 posset
3267 2325 3334 2379 ab
3367 2323 3694 2381 interfectore

2125 2418 2366 2486 percuti,
2401 2433 2505 2472 non
2536 2417 2736 2472 diceret
2778 2417 3062 2479 Dominus,
3093 2415 3270 2470 Nolite
3288 2418 3466 2472 timere
3499 2433 3581 2473 eos
3622 2417 3695 2486 qui

2123 2524 2304 2579 corpus
2344 2509 2598 2576 occidunt,
2645 2509 2866 2562 animam
2897 2517 3066 2562 autem
3107 2508 3336 2564 occidere
3376 2526 3481 2569 non
3506 2519 3693 2582 possunt

2125 2598 2336 2671 (Matth.
2361 2617 2414 2663 ι.
2435 2601 2549 2671 28).

2193 2689 2294 2765 [Ib.
2317 2707 2434 2758 nt,
2464 2690 2544 2765 2.]
2569 2690 2833 2746 Mandavit
2856 2688 3104 2746 Dominus
3122 2693 3175 2746 in
3205 2709 3359 2747 manu
3392 2692 3561 2766 Moysi
3581 2710 3598 2748 :
3622 2694 3690 2747 Io-

2119 2783 2265 2837 eutio
2293 2783 2700 2838 familiarissima
2728 2784 3047 2854 Scripturis;
3081 2785 3150 2838 ita
3178 2784 3319 2840 enim
3341 2785 3553 2852 dicitur,
3581 2785 3692 2841 Ver-

2120 2873 2245 2930 bum
2288 2875 2430 2946 quod
2458 2875 2652 2932 factum
2683 2885 2765 2931 est
2793 2876 2846 2929 in
2890 2891 3050 2930 manu
3093 2876 3235 2931 illius
3276 2876 3365 2932 vel
3414 2877 3550 2932 illius
3584 2893 3692 2950 pro-

2118 2966 2314 3037 phetae,
2350 2968 2450 3021 hoc
2478 2975 2562 3024 est
2586 2968 2638 3023 in
2669 2977 2932 3037 potestate
2960 2967 3169 3023 dicendi
3198 2969 3403 3023 datum.

2194 3056 2297 3135 [Ib.
2320 3057 2391 3116 40
2411 3057 2538 3134 (a)
2561 3057 2633 3114 Et
2653 3061 2846 3132 accepit
2871 3060 3020 3114 Iesus
3042 3061 3230 3115 cultros
3259 3062 3507 3134 petrinos,
3528 3062 3575 3114 in
3594 3060 3691 3133 qui-

2119 3151 2211 3206 bus
2235 3149 2617 3206 circumciderat
2643 3151 2778 3222 ﬁlios
2803 3149 2970 3206 Israel
3002 3167 3021 3205 :
3054 3167 3158 3206 non
3188 3151 3322 3207 dixit
3341 3194 3355 3218 ,
3390 3153 3576 3225 quibus
3597 3151 3689 3207 cir-

2116 3241 2473 3308 cumciderat,
2503 3240 2598 3298 sed
2623 3241 2675 3295 in
2691 3241 2888 3314 quibus.

2190 3332 2290 3409 [Ib.
2311 3349 2444 3403 xm,
2475 3329 2555 3410 7.]
2579 3333 2648 3388 Et
2677 3333 2759 3388 ubi
2786 3335 2974 3389 dimisit
3003 3352 3085 3390 eos
3107 3333 3260 3391 Iesus
3285 3337 3336 3390 in
3361 3337 3686 3400 domos,sutts,

2115 3433 2166 3482 et
2208 3426 2461 3482 benedixit
2502 3442 2586 3481 eos
2623 3425 2793 3480 dicens
2818 3443 2836 3480 :
2866 3427 2982 3494 plus
3023 3427 3232 3483 videtur
3273 3427 3359 3483 hic
3412 3427 3685 3500 copulativa

2116 3518 2444 3589 conjunctio,
2472 3517 2526 3572 id
2575 3528 2680 3586 est,
2712 3528 2759 3572 et
2772 3535 2792 3586 ;
2822 3534 2943 3573 nam
2977 3519 3045 3573 ita
3068 3519 3170 3574 dici
3200 3527 3406 3590 posset,
3439 3520 3504 3576 Et
3522 3519 3600 3573 ubi
3615 3517 3686 3570 di-

2117 3613 2253 3666 misit
2269 3628 2353 3665 eos
2374 3614 2426 3665 in
2457 3611 2634 3665 domos
2659 3628 2801 3678 suas,
2831 3611 3080 3667 benedixit
3101 3630 3182 3666 eos
3212 3613 3406 3667 dicens.

2191 3700 2290 3777 [Ib.
2315 3697 2394 3776 8.]
2425 3702 2553 3756 Item
2601 3701 2704 3756 alia
2752 3702 2948 3757 locutio
2991 3704 3221 3759 notanda
3264 3712 3377 3768 est,
3414 3702 3549 3775 quod
3575 3715 3682 3758 cum

2122 3793 2344 3850 dixisset
2368 3793 2663 3864 Scriptura,
2694 3793 2756 3847 Et
2790 3791 3040 3849 benedixit
3064 3813 3146 3850 eos
3165 3794 3316 3849 Iesus
3336 3795 3523 3859 dicens,
3547 3802 3686 3862 atque

2121 3887 2208 3942 his
2235 3884 2412 3942 verbis
2439 3884 2674 3940 intentos
2707 3883 2921 3942 fecisset
2959 3887 3143 3942 audire
3186 3885 3310 3958 quid
3340 3882 3682 3942 benedicendo

2119 3975 2257 4032 dixit
2274 3975 2450 4042 Iesus;
2474 3974 2577 4031 hoc
2606 3975 2778 4030 solum
2805 3976 3051 4046 subjecit,
3081 3975 3146 4030 In
3167 3977 3352 4031 divitiis
3378 3976 3542 4031 multis
3567 3972 3686 4027 abic-

2117 4077 2234 4125 runt
2251 4069 2306 4124 in
2330 4066 2507 4124 domos
2526 4083 2647 4122 suas
2664 4108 2682 4136 ,
2708 4075 2760 4122 et
2784 4083 2965 4141 pecora
2987 4069 3145 4122 multa
3168 4069 3333 4134 valde,
3375 4078 3426 4123 et
3447 4075 3684 4139 argentum

2117 4168 2166 4215 et
2189 4175 2376 4216 aurum
2402 4167 2454 4215 et
2478 4167 2662 4214 vestem
2703 4158 2914 4212 multam
2945 4157 3092 4212 valde
3111 4200 3124 4222 ,
3158 4160 3438 4214 diviserunt
3480 4155 3684 4230 pratdam

2116 4251 2434 4307 inimicorum
2460 4267 2670 4306 suorum
2711 4265 2826 4304 cum
2867 4250 3110 4323 fratribus
3160 4252 3266 4306 suis
3300 4267 3319 4306 :
3345 4251 3484 4323 quod
3534 4246 3680 4316 magis

2117 4359 2237 4400 esse
2263 4344 2528 4399 narrantis
2547 4358 2703 4414 quam
2725 4341 3089 4397 benedicentis
3113 4350 3350 4413 apparet.

2190 4432 2289 4508 [Ib.
2327 4431 2438 4507 10.]
2455 4432 2864 4503 Ediﬁcaverttnt
2915 4432 2984 4486 ibi
3029 4450 3171 4487 aram
3212 4450 3364 4505 super
3389 4424 3678 4490 Iordanem‘,

2115 4541 2260 4579 aram
2281 4542 2519 4596 magnam
2553 4525 2719 4579 videre
2763 4539 2783 4578 :
2818 4523 2917 4578 ista
2949 4525 3147 4579 locutio
3190 4524 3348 4579 etiam
3378 4523 3432 4579 in
3457 4530 3678 4576 sermone

2117 4614 2282 4672 latino
2305 4626 2428 4672 nota
2452 4625 2553 4672 est.
2607 4687 2619 4698 .

2189 4707 2288 4784 [Ib.
2312 4705 2424 4782 IL]
2450 4708 2514 4763 Et
2537 4709 2803 4763 audierunt
2829 4707 2924 4778 ﬁlii
2952 4705 3114 4762 Israel
3129 4708 3402 4763 dicentium
3423 4721 3445 4763 :
3467 4720 3566 4761 non
3592 4700 3673 4768 ait,

2116 4801 2403 4866 dicentem,
2434 4801 2518 4856 vel
2544 4800 2801 4857 dicentes.

2189 4890 2292 4968 [Ib.
2323 4888 2440 4966 27.]
2469 4891 2670 4947 Servire
2697 4891 2986 4948 servitutem
3032 4890 3240 4946 Domini
3277 4908 3297 4949 :
3341 4892 3393 4947 in
3421 4904 3517 4963 qua
3543 4889 3675 4942 locu-

2119 4986 2266 5042 tione
2293 4984 2400 5041 duo
2443 4983 2674 5038 notanda
2701 4994 2856 5050 sunt,
2914 4994 2968 5039 et
3015 4986 3199 5040 servire
3235 4985 3546 5046 servitutem,
3574 4989 3675 5046 qum

2117 5077 2278 5133 etiam
2321 5075 2483 5131 latina
2515 5074 2711 5129 locutio
2740 5076 3038 5145 reperitur;
3073 5084 3127 5132 et
3153 5077 3435 5131 servitutem
3470 5064 3672 5130 Domini,

2119 5167 2173 5224 id
2198 5175 2280 5224 est
2307 5182 2425 5238 qua:
2451 5165 2677 5222 debetur
2695 5168 2777 5224 vel
2799 5167 3079 5224 exhibetur
3106 5169 3348 5224 Domino.

2192 5259 2296 5338 [Ib.
2315 5255 2430 5336 50.]
2444 5258 2506 5314 Et
2524 5261 2780 5316 audientes
2801 5257 3022 5318 Phineas
3047 5261 3280 5318 sacerdos
3305 5269 3351 5318 et
3375 5272 3536 5315 omnes
3554 5251 3675 5324 prin-

2119 5355 2253 5426 cipes
2268 5369 2543 5426 synagoga:
2562 5354 2649 5423 qui
2672 5363 2814 5408 erant
2833 5370 2948 5407 cum
2965 5353 3074 5420 illo,
3101 5351 3249 5408 verba
3270 5370 3382 5427 qua,
3406 5349 3550 5408 locuti
3572 5346 3674 5400 sunt

2121 5447 2217 5517 ﬁlii
2243 5443 2421 5501 Ruben
2441 5454 2487 5500 ei
2516 5446 2612 5516 ﬁlii
2638 5443 2752 5501 Gad
2780 5456 2825 5501 et
2845 5445 3110 5500 dimidium
3143 5439 3301 5502 tribus
3345 5445 3607 5503 Manasses,
3631 5438 3673 5490 ά

2122 5535 2419 5609 placuerunt
2439 5537 2542 5593 illis
2567 5551 2589 5594 :
2610 5538 2869 5595 audientes
2890 5552 2987 5609 pro
3013 5537 3296 5595 audierunt
3320 5536 3537 5612 positum
3564 5530 3667 5589 esti;

2185 5648 2262 5712 (a)
2281 5647 2416 5714 Apud
2433 5655 2562 5700 Lxx.
