3902 6308
186 278 293 339 ιιι

186 404 284 453 aut
303 396 427 468 plus
452 402 533 451 est
551 393 658 462 hic,
686 402 771 460 et;
797 409 920 450 nam
947 392 1137 464 plenus
1166 402 1243 450 est
1269 407 1458 449 sensus
1484 436 1500 460 ,
1522 395 1782 449 audientes

183 488 338 544 verba
380 488 512 551 litec,
567 487 866 556 placuerunt
893 486 992 541 illis
1022 503 1041 540 :
1064 502 1160 541 nec
1189 497 1365 543 tamen
1394 486 1509 541 sine
1536 488 1782 543 inconse-

184 580 403 651 quentia
427 595 441 641 ;
469 579 613 650 quia,
642 594 763 633 cum
791 579 1100 644 audissent,
1130 578 1412 633 dicendum
1446 577 1563 635 fuit.

262 671 360 745 [lb.
385 686 541 735 χχιιι,
574 668 650 743 1.]
678 669 744 724 Et
767 669 919 725 Jesus
945 672 1113 745 senior
1141 681 1398 740 provectus
1426 671 1598 726 diebus
1636 688 1655 727 :
1682 673 1783 728 hoc

184 761 254 817 de
278 762 546 816 Abraham
573 761 770 816 dictum
796 760 1098 817 notavimus
1118 802 1132 825 ,
1165 762 1435 816 seniorem
1461 763 1514 816 in
1540 762 1783 834 Scriptu-

180 853 261 909 ris
288 870 394 909 non
424 854 594 911 solum
623 855 767 910 illum
794 855 1047 924 appellari
1079 855 1168 926 qui
1190 864 1273 910 est
1303 854 1437 910 infra
1463 867 1673 912 aztatem
1696 873 1785 913 se—

182 947 309 1010 nis,
356 946 451 1001 sed
499 946 658 1001 etiam
689 945 841 1001 valde
881 962 1085 1002 senem.
1142 946 1295 1003 Unde
1341 964 1446 1003 non
1482 948 1657 1003 omnis
1696 964 1780 1005 se-

1538 275 1744 337 LIBER
1781 274 2159 353 summust

3372 290 3483 353 649

1888 396 2007 450 nior
2031 411 2223 463 senex,
2267 399 2441 454 omnis
2483 410 2658 456 autem
2696 418 2859 461 senex
2899 405 3081 477 senior
3125 406 3232 465 dici
3278 418 3480 481 potest.

1961 488 2058 561 [lb.
2092 506 2237 557 xxw,
2266 489 2341 563 7.]
2378 490 2442 544 Et
2470 492 2670 571 induxit
2707 512 2855 569 super
2874 496 2989 565 illos
3012 514 3181 567 mare,
3211 509 3258 555 et
3285 504 3483 572 operuit

1886 598 2037 653 super
2059 584 2174 638 illos
2198 599 2217 639 :
2237 600 2341 640 non
2359 586 2450 649 ait,
2475 589 2685 658 operuit
2707 588 2842 653 illos,
2866 590 3107 661 quamvis
3127 594 3371 661 nonnulli
3392 595 3477 651 in-

1888 683 2147 744 terprctes
2176 675 2279 731 hoc
2304 677 2605 751 maluerunt
2628 680 2827 747 dicere.

1960 763 2057 837 [lb.
2093 764 2205 841 17.]
2247 765 2313 822 In
2349 770 2577 845 omnibus
2603 772 2833 843 gentibus
2863 789 2989 847 quas
3024 774 3348 847 transivimus
3391 797 3481 850 per

1886 855 2024 927 ipsas
2052 872 2073 912 :
2090 859 2299 917 usitatae
2328 860 2380 915 in
2408 861 2695 937 scripturis
2714 872 2840 931 sunt
2862 865 2979 935 ista;
3003 866 3299 939 locutiones
3319 910 3332 936 ,
3366 887 3475 939 nec

1886 962 1993 1008 tam
2016 954 2208 1011 crebro
2236 957 2481 1013 notanda:
2504 974 2664 1031 quam
2691 959 2881 1027 crebro
2918 936 3296 1031 intercurrunt.
3382 936 3395 957 λ

184 1076 3470 1115 —_______._______—______________________

1117 1131 1607 1254 LIBER
1677 1133 2297 1246 SEPTIJiI
2316 1144 2516 1252 US.

1486 1319 1771 1368 Locutiones
1791 1317 1857 1368 de
1878 1319 2139 1372 Judicibus.

1632 1451 2005 1519 (ΘΗΜ

252 1574 396 1652 [lum
418 1592 537 1647 cap.
553 1577 606 1641 1,
625 1576 660 1646 ᾗ
682 1573 759 1649 1.]
785 1573 854 1635 Et
886 1578 1082 1647 factum
1118 1580 1194 1635 est
1221 1580 1484 1645 postquam
1506 1570 1779 1643 defunctus

176 1676 256 1724 at
285 1665 461 1734 Iesus,
506 1668 881 1739 interrogabant
909 1666 1007 1735 lilii
1046 1664 1210 1720 Israel
1249 1665 1302 1719 in
1333 1663 1555 1718 Domino
1604 1678 1624 1718 :
1666 1678 1774 1719 non

178 1761 289 1828 ait,
340 1760 658 1825 Dominum,
708 1759 852 1831 quod
898 1760 1164 1819 sermonis
1219 1757 1389 1815 nostri
1439 1756 1776 1813 consuetudo

492 1943 558 1999 Et
578 1942 818 1999 bellemus
837 1943 892 1998 in
914 1941 1206 2000 Cbananteo
1227 1958 1248 1999 :
1266 1956 1373 1999 non
1395 1941 1549 2006 dixit,
1578 1941 1773 1997 adver-

176 2050 273 2093 sus
293 2035 673 2103 Chananteum,
696 2043 787 2088 aut
810 2042 995 2097 eotttra
1019 2034 1405 2099 Chananaaum,
1434 2043 1526 2088 aut
1554 2033 1768 2097 saltem,

179 2129 232 2183 in
252 2130 631 2185 Chananmnm.

251 2217 353 2292 [lb.
378 2235 452 2286 tt,
496 2216 575 2292 8.]
606 2217 672 2272 Et
696 2206 924 2273 mortuus
961 2226 1036 2272 est
1061 2216 1214 2271 Iesus
1240 2216 1379 2287 filius
1418 2213 1565 2271 Nare
1600 2230 1772 2270 servus

177 2310 425 2380 Domini,
448 2310 588 2381 [ilius
633 2322 833 2366 centum
855 2310 1026 2364 decem
1068 2325 1336 2367 annorum.
1384 2308 1485 2363 Ista
1525 2308 1770 2378 repetitio

178 2402 324 2473 quod
370 2418 491 2457 cum
531 2401 754 2457 dixisset
791 2402 932 2471 ﬁlius
968 2399 1147 2467 Nave,
1195 2400 1441 2470 repetivit
1486 2400 1659 2468 ﬁlius,
1715 2407 1773 2455 et

174 2493 373 2552 deinde
407 2494 630 2561 addidit,
652 2504 851 2555 centum
873 2493 1044 2548 decem
1071 2508 1339 2555 annorum,
1370 2491 1621 2546 inusitata
1647 2498 1766 2557 est;

177 2594 233 2639 ut
262 2586 441 2655 potius
469 2586 607 2654 ﬁlius
648 2595 845 2640 centum
882 2586 1051 2639 decem
1078 2600 1327 2638 annorum
1355 2583 1577 2650 diceret,
1610 2599 1766 2654 quam

178 2675 340 2731 homo
382 2685 595 2732 centum
642 2676 828 2733 decem
869 2692 1129 2731 annorum
1161 2693 1175 2730 :
1217 2676 1312 2731 sed
1342 2683 1520 2731 tamen
1550 2684 1605 2731 et
1643 2676 1768 2731 alibi

174 2769 465 2837 reperitur.

246 2860 349 2935 [11).
372 2859 487 2935 10.]
528 2861 597 2916 Et
629 2862 794 2919 omnis
821 2861 1077 2934 generatio
1120 2859 1341 2931 appositi
1365 2866 1485 2914 sunt
1507 2858 1576 2913 ad
1601 2867 1770 2929 patres

172 2970 294 3009 suos
315 2969 335 3007 :
364 2954 594 3009 notanda
627 2953 826 3009 locutio
848 2960 953 3018 est,
984 2952 1127 3024 quod
1156 2968 1263 3007 non
1288 2952 1384 3021 ait,
1407 2952 1646 3021 apposita
1663 2960 1764 3016 est,

173 3045 306 3117 quia
339 3045 518 3115 plures
546 3055 719 3100 erant.

244 3137 347 3211 [lb.
390 3136 503 3210 14.]
525 3138 753 3191 Tradidit
794 3153 878 3191 eos
927 3137 982 3191 in
1029 3152 1183 3190 manu
1224 3134 1561 3207 prtedantium
1596 3150 1615 3189 :
1660 3150 1767 3189 non

170 3232 335 3299 dixit,
381 3233 436 3287 in
476 3246 732 3297 manum;
777 3218 921 3301 quod
964 3229 1171 3285 videtur
1214 3228 1377 3283 latina
1416 3227 1613 3283 locutio
1639 3241 1764 3296 pos-

171 3326 361 3381 uitare.

246 3416 353 3490 [lb.
388 3415 501 3490 18.]
532 3415 599 3471 Et
627 3432 739 3470 cum
777 3414 1033 3470 suscitauit
1061 3411 1311 3467 Dominus
1347 3411 1419 3465 eis
1453 3410 1657 3481 judices
1676 3452 1691 3477 ,
1720 3417 1767 3465 et

166 3518 281 3563 erat
320 3507 573 3562 Dominus
617 3522 732 3560 cum
756 3506 977 3578 judice:
1016 3504 1172 3558 solita
1212 3503 1481 3559 locutione
1526 3502 1643 3573 plus
1682 3506 1768 3558 est

168 3602 277 3667 hic,
307 3612 389 3666 et;
421 3618 540 3656 nam
564 3601 777 3670 plenum
796 3607 965 3666 esset,
1001 3598 1204 3652 Etcum
1230 3597 1491 3651 suscitavit
1516 3596 1763 3650 Dominus

168 3698 242 3751 eis
270 3696 508 3766 judices,
556 3703 665 3749 erat
691 3693 941 3748 Dominus
982 3708 1097 3745 cum
1115 3692 1311 3761 judice.
1352 3689 1651 3744 Notandum
1682 3698 1765 3744 est

170 3789 335 3840 etiam
369 3786 471 3839 hoc
493 3826 507 3849 ,
536 3784 677 3854 quod
718 3799 746 3837 a
778 3783 969 3853 plurali
1014 3782 1080 3835 ad
1113 3783 1433 3852 singularem
1474 3780 1756 3845 transiens,

166 3891 277 3931 non
303 3877 405 3940 ait,
438 3892 560 3931 cum
584 3876 852 3944 judicibus
872 3916 890 3943 ,
918 3874 1164 3941 sed,cum
1188 3875 1385 3945 judice,
1416 3874 1468 3929 id
1496 3884 1613 3942 est,
1638 3890 1760 3931 cum

168 3986 493 4042 unoquoque
514 3970 713 4041 judice.

238 4061 341 4135 [lb.
370 4060 484 4134 19.]
512 4062 576 4115 Et
602 4064 793 4132 factum
821 4068 913 4123 est,
938 4074 1051 4112 cum
1077 4068 1353 4112 moreretur
1368 4056 1567 4130 judex,
1599 4067 1646 4112 et
1675 4074 1759 4113 re-

163 4157 510 4219 vertebantur,
554 4166 601 4210 et
641 4156 823 4209 iterum
846 4151 1233 4223 corrumpebant
1258 4168 1412 4221 super
1431 4160 1597 4222 patres
1620 4166 1756 4207 suos.

166 4250 334 4305 Recta
361 4249 560 4304 locutio
602 4262 722 4303 esse
764 4246 838 4301 ita
889 4252 1097 4317 poterat
1124 4245 1419 4300 secundum
1470 4254 1758 4299 consuetu-

162 4341 347 4396 dinem
376 4339 643 4396 sermonis
671 4337 875 4401 nostri,
906 4335 975 4391 Et
1004 4335 1162 4391 ﬂebat
1200 4350 1320 4391 cum
1353 4343 1653 4390 moreretur
1676 4335 1763 4405 ju-

162 4433 289 4497 ἀει,
317 4439 372 4487 ει
404 4430 829 4493 revertebantur,
859 4435 913 4483 et
934 4428 1126 4483 iterum
1165 4426 1580 4495 corrumpebant
1600 4440 1761 4496 super

160 4530 344 4594 patres
385 4536 530 4577 suos.
558 4521 647 4588 Si,
676 4529 743 4586 et,
773 4536 878 4574 non
907 4518 1127 4573 haberet
1150 4561 1165 4584 ,
1198 4520 1412 4587 plenum
1435 4527 1616 4584 esset,
1642 4535 1758 4572 cum

159 4625 445 4671 moreretur
456 4615 640 4687 judex,
668 4614 1062 4675 revertebantur,
1087 4619 1133 4665 et
1162 4612 1341 4665 iterum
1372 4611 1757 4682 corrumpebant

160 4724 321 4777 super
349 4716 518 4775 patres
542 4721 694 4771 suos,
722 4704 775 4759 id
798 4714 879 4759 est
910 4704 1186 4773 plusquam
1218 4712 1397 4771 patres
1425 4719 1630 4758 eorum.

238 4796 339 4871 [11).
358 4796 475 4871 ‘20.]
494 4795 710 4866 Propter
730 4798 866 4867 quod
882 4804 1020 4850 tanta
1044 4795 1305 4865 dereliquit
1324 4812 1444 4867 gens
1465 4795 1572 4850 Itazc
1598 4805 1755 4850 testa-

160 4900 385 4943 mentum
413 4906 577 4943 meunt
607 4903 626 4941 :
653 4896 792 4941 tanta
830 4886 996 4953 dixit,
1041 4902 1138 4957 pro
1165 4895 1365 4940 tantum
1388 4928 1403 4953 ,
1436 4887 1488 4941 id
1520 4896 1602 4943 est
1648 4897 1754 4941 tam

160 4981 393 5038 multum
430 4995 623 5036 nomen
664 4995 764 5050 pro
792 4979 1081 5042 adverbio,
1122 4979 1263 5049 quod
1305 4980 1463 5035 etiam
1493 4980 1547 5035 in
1578 4980 1757 5036 latinis

161 5072 524 5134 locationibus
547 5072 779 5126 maxime
810 5070 1032 5139 poeticis
1060 5072 1345 5125 invenitur.

234 5163 337 5238 [lb.
352 5162 558 5237 20.]1Et
583 5181 685 5218 non
714 5162 1046 5218 obaudierunt
1071 5163 1206 5217 vocis
1229 5179 1356 5218 metu
1382 5178 1403 5218 :
1433 5176 1607 5233 graeca
1637 5180 1753 5219 ms-

162 5259 245 5329 gis
268 5257 471 5313 locutio
490 5263 595 5312 est.

232 5347 335 5423 [lb.
360 5362 441 5416 tu,
469 5343 583 5421 10.]
606 5345 799 5401 Factus
824 5354 897 5401 est
932 5361 1083 5416 super
1104 5362 1235 5401 sum
1257 5347 1482 5419 Spiritus
1515 5347 1754 5403 Domini:

160 5454 285 5495 cum
309 5439 541 5509 Spiritus
572 5438 780 5493 Domini
805 5438 990 5507 utique
1016 5435 1187 5493 iactus
1211 5452 1316 5493 non
1343 5442 1449 5503 sit;
1488 5440 1583 5494 sed
1602 5452 1754 5509 super

159 5549 276 5607 sum
304 5533 475 5607 {actus
497 5539 605 5599 est,
632 5531 707 5587 ita
735 5529 933 5586 dictum
957 5537 1040 5585 est
1067 5544 1130 5585 ac
1157 5531 1203 5585 si
1240 5530 1526 5597 diceretur,
1556 5530 1752 5587 factum

158 5634 240 5684 est
263 5634 326 5683 ut
347 5633 495 5683 esset
517 5638 682 5696 super
707 5636 849 5679 eum.
881 5622 959 5677 Ex
985 5638 1089 5693 qua
1117 5621 1386 5679 locutione
1408 5632 1463 5678 et
1489 5624 1539 5677 in
1574 5625 1749 5679 Evan-

153 5721 296 5794 gelio
320 5718 539 5777 lenitur.
566 5716 696 5772 Ante
719 5731 798 5771 me
821 5714 986 5770 factus
1018 5722 1092 5769 est
1120 5713 1301 5789 (δραι.
1326 5729 1378 5784 ι,
1399 5714 1533 5788 27),
1561 5715 1615 5772 id
1643 5726 1745 5785 est,

1882 1570 2077 1630 factum
2101 1586 2180 1631 est
2210 1585 2270 1632 ut
2291 1589 2434 1637 esset
2457 1591 2583 1642 ante
2613 1600 2700 1657 me
2731 1604 2745 1643 :
2772 1588 2915 1667 quod
2942 1590 3048 1661 alio
3070 1592 3230 1663 ngpdo
3252 1594 3467 1665 dicere-

1881 1672 1985 1733 tur,
2012 1670 2257 1737 prmlatus
2284 1682 2365 1728 est
2392 1674 2546 1730 mihi.

1953 1760 2050 1833 [lb.
2075 1762 2191 1837 ει]
2220 1764 2288 1820 Et
2314 1770 2528 1836 sumpsit
2568 1770 2717 1850 Aiotlt
2740 1773 2969 1849 gladium
3008 1775 3073 1847 de
3107 1783 3470 1851 meu

1878 1869 1971 1908 suo
1997 1854 2173 1911 dextro
2196 1874 2215 1912 :
2235 1860 2311 1913 sic
2333 1863 2669 1931 interpretari
2692 1868 2861 1935 potuit
2886 1870 3028 1939 quod
3052 1885 3261 1942 graecus
3278 1871 3462 1937 habet:

1877 1949 1974 1999 ἀπὸ
1993 1952 2179 2015 ἄνωθεν,
2211 1966 2333 2007 nam
2357 1953 2554 2010 locutio
2576 1956 2753 2031 minus
2774 1958 2935 2014 latina
2961 1969 3064 2029 est.

1950 2035 2049 2111 [lb.
2081 2039 2190 2113 17.]
2218 2042 2339 2095 Erat
2360 2054 2525 2099 autem
2552 2045 2734 2121 Eglom
2764 2050 2837 2121 uir
2861 2052 3005 2121 smilis
3018 2038 3165 2123 ualde
3186 2070 3205 2109 :
3231 2055 3333 2113 hoc
3351 2059 3458 2119 κατ’

1876 2131 2149 2201 ἀντίφρασιν
2177 2134 2375 2189 dictum
2394 2177 2406 2197 ,
2448 2136 2498 2191 id
2530 2146 2611 2201 est
2638 2140 2899 2209 locutione
2920 2145 3203 2209 contrario,
3232 2160 3462 2216 sequens-

1876 2221 1949 2275 tia
1979 2221 2245 2289 indicant;
2274 2226 2486 2295 quando
2528 2230 2670 2299 enim
2712 2246 2994 2301 percussus
3013 2244 3119 2302 est,
3149 2235 3350 2301 dictum
3382 2246 3465 2300 est

1875 2313 2016 2382 (ιιιυά
2055 2316 2428 2373 concluset‘unt
2465 2320 2649 2393 adipes
2672 2323 2892 2391 vulnus,
2924 2327 3049 2396 quia
3086 2341 3197 2393 non
3239 2327 3461 2393 eductus

1874 2410 1957 2459 est
1982 2406 2188 2475 gladius
2209 2408 2275 2463 de
2302 2418 2487 2465 ventre
2512 2412 2648 2485 eius.
2899 2444 2919 2456 -
3176 2408 3179 2409 ν

1947 2495 2043 2571 [11).
2081 2499 2140 2553 51
2235 2499 2303 2553 Et
2332 2503 2573 2573 percussit
2594 2504 2899 2578 alienigenas
2925 2508 2979 2571 in
3002 2518 3259 2573 sexcentos
3282 2512 3412 2567 viros
3442 2529 3462 2568 :

1874 2604 1979 2642 non
2001 2589 2093 2653 ait,
2121 2591 2538 2663 alienigenarum
2563 2606 2845 2667 sexcentos
2868 2599 3028 2667 viros.
3054 2608 3145 2667 aut
3164 2610 3309 2665 certe
3328 2605 3453 2659 alie-

1875 2681 2022 2751 uigas
2052 2682 2102 2735 in
2134 2686 2401 2741 sexcentis
2422 2686 2569 2745 viris.

1946 2768 2047 2847 [lb.
2074 2788 2151 2839 tv,
2175 2772 2254 2847 6.]
2281 2774 2467 2832 Nonne
2488 2781 2722 2849 prteccpt't
2743 2780 2986 2849 Dominus
3004 2783 3145 2853 Deus
3164 2784 3329 2850 Israel
3349 2789 3454 2853 tibi,

1873 2872 1919 2916 et
1947 2879 2120 2934 perges
2147 2866 2200 2919 in
2226 2877 2443 2923 montem
2469 2869 2710 2941 Tltabor?
2736 2873 2848 2943 Non
2875 2876 2964 2941 ait,
2998 2886 3053 2943 ut
3078 2892 3287 2949 pergas,
3318 2881 3458 2949 quod

1876 2955 2084 3010 videtur
2133 2972 2255 3013 esse
2296 2975 2669 3033 consequens;
2714 2965 2807 3029 scd
2866 2966 3114 3027 inusitata
3168 2969 3454 3038 locutione.

1874 3046 2062 3103 Nonne
2082 3051 2321 3123 praecepit
2346 3052 2453 3119 tibi,
2474 3063 2520 3108 et
2542 3072 2735 3127 perges,
2754 3066 2811 3111 ut
2838 3057 3216 3129 subaudiamus
3236 3061 3456 3119 verbum

1874 3142 2013 3211 quod
2044 3158 2204 3213 supra
2244 3146 2473 3214 positum
2495 3158 2578 3203 est
2600 3190 2615 3215 ,
2644 3158 2698 3203 et
2724 3151 2822 3217 sit,
2868 3150 3054 3207 Nonne
3098 3155 3329 3225 perges?
3367 3164 3459 3210 aut

1871 3233 2028 3289 solita
2061 3234 2332 3292 locutione
2356 3238 2473 3310 plus
2502 3240 2679 3309 habet,
2706 3251 2789 3311 et;
2816 3258 2939 3309 nam
2967 3244 3062 3309 ista
3084 3246 3457 3315 conjunctione

1870 3325 2108 3382 detracta
2135 3344 2324 3399 sensus
2347 3331 2532 3398 currit,
2559 3330 2744 3395 Nonne
2769 3335 3025 3395 mandauit
3048 3335 3294 3403 Dominus
3320 3337 3457 3401 Deus

1871 3413 2037 3472 Israel
2054 3419 2157 3485 tibi,
2184 3419 2371 3492 Perges
2388 3423 2441 3477 in
2470 3432 2687 3487 montem
2716 3424 2936 3492 Tltabor,
2968 3437 3015 3493 et
3041 3428 3257 3498 accipies
3285 3438 3447 3491 tecum

1870 3508 2038 3563 decem
2062 3512 2223 3566 millia
2244 3515 2500 3569 virorum?
2523 3525 2627 3570 ctc.

1937 3596 2035 3672 [lb.
2051 3599 2130 3673 8.]
2148 3603 2395 3667 Quoniam
2414 3604 2578 3659 nescio
2596 3606 2726 3665 diem
2747 3608 2798 3659 in
2818 3622 2915 3676 quo
2930 3606 3178 3669 Dominus
3194 3621 3455 3679 prosperat

1869 3691 2105 3761 angelum
2148 3709 2341 3747 mecum
2378 3711 2398 3749 :
2429 3704 2601 3749 utrum
2632 3706 2910 3764 prosperat
2947 3707 3098 3753 actus
3139 3700 3309 3767 angeli
3340 3700 3455 3768 ejus

1868 3782 1958 3852 qui
1988 3798 2195 3838 mecum
2228 3786 2343 3839 est?
2369 3802 2434 3839 an
2467 3801 2717 3856 prospera
2746 3788 2873 3841 mihi
2899 3788 3021 3843 facit
3049 3805 3146 3861 per
3166 3792 3453 3859 angelum?

1942 3871 2041 3947 [lb.
2066 3873 2177 3946 15.]
2205 3874 2389 3933 Omnes
2410 3894 2589 3931 currus
2603 3895 2740 3946 suos,
2764 3892 3038 3950 nongentos
3053 3898 3231 3935 currus
3244 3887 3449 3953 ferreas.

1867 3963 2105 4020 Ubilibet
2125 3965 2498 4037 distinguatur,
2523 3968 2739 4040 elegans
2770 3972 3013 4041 repetitio
3038 3990 3052 4029 :
3082 3982 3257 4031 utrum
3285 3991 3453 4041 omnes

1868 4073 2045 4111 currus
2068 4074 2205 4124 suos,
2238 4067 2292 4112 et
2318 4059 2511 4117 deinde
2535 4072 2788 4131 sequatur
2812 4073 3089 4134 nongentos
3118 4082 3297 4121 currus
3345 4072 3451 4137 [er—

1867 4165 2015 4214 reos;
2052 4166 2120 4206 an
2161 4168 2331 4207 omnes
2370 4170 2547 4208 currus
2586 4171 2705 4211 suos
2734 4166 3035 4226 nongentos,
3063 4166 3119 4214 et
3144 4158 3338 4219 deinde
3365 4161 3452 4225 in.

1867 4240 2067 4297 feratur
2095 4258 2272 4298 currus
2300 4244 2507 4313 ferreos.

1938 4330 2184 4406 [11).15.]
2225 4333 2290 4387 Et
2337 4335 2576 4407 pavefecit
2616 4334 2866 4393 Dominus
2902 4338 3151 4406 Sisaram,
3192 4351 3238 4397 et
3280 4359 3453 4401 omnes

1866 4438 2043 4479 currus
2071 4424 2208 4493 ejus,
2235 4432 2282 4479 et
2311 4426 2481 4483 omnia
2505 4436 2671 4481 castra
2700 4429 2807 4497 ejus
2827 4469 2840 4490 ,
2873 4428 2925 4483 in
2952 4446 3037 4485 ore
3060 4426 3216 4501 gladii
3247 4432 3299 4487 in
3325 4450 3450 4499 con.

1865 4523 2038 4583 specta
2077 4514 2298 4569 Barac/1.
2325 4514 2603 4582 Quomodo
2646 4518 2905 4586 pavelccit
2946 4534 3165 4589 currus,
3214 4524 3311 4589 nisi
3356 4541 3451 4591 eos

1867 4605 2130 4676 intelligas
2158 4606 2247 4677 qui
2277 4618 2431 4664 erant
2460 4609 2511 4667 in
2533 4611 2815 4665 curribus?
2845 4610 2912 4667 Et
2939 4614 3179 4683 pavefecit
3207 4616 3450 4685 Dominus

1867 4701 2117 4765 Sisaram,
2140 4710 2187 4755 et
2216 4718 2388 4756 omnes
2414 4718 2592 4759 currus
2621 4704 2750 4774 ejus,
2775 4713 2818 4761 et
2843 4708 3013 4763 omnia
3038 4717 3204 4770 castra
3225 4711 3365 4781 ejus,
3396 4712 3450 4773 in

1864 4809 1950 4846 ore
1976 4793 2133 4863 gladii
2163 4793 2217 4846 in
2243 4803 2512 4862 conspectu
2534 4792 2755 4851 Baraclt.
2783 4793 3038 4867 Pavefecit
3072 4798 3126 4855 in
3160 4817 3245 4859 ore
3267 4800 3444 4870 gladii,

1865 4898 1925 4937 ac
1952 4884 1994 4937 si
2023 4884 2260 4951 diceret,
2298 4884 2565 4940 interfecit
2592 4884 2650 4943 in
2677 4901 2771 4941 ore
2795 4887 2953 4957 gladii
2979 4906 2992 4941 :
3021 4891 3262 4960 pavefecit
3295 4905 3443 4959 ergo,

1864 4994 1983 5031 cum
2014 4977 2345 5031 caederentur
2373 4978 2567 5047 gladio.

1936 5070 2035 5144 [lb.
2072 5069 2185 5143 16.]
2211 5070 2275 5125 Et
2301 5072 2553 5127 descendit
2587 5071 2767 5127 Sisara
2789 5048 3003 5141 desuper
3036 5088 3187 5139 curru
3217 5088 3310 5139 suo
3334 5088 3352 5126 :
3378 5074 3444 5126 ita

1862 5164 1965 5220 dici
1996 5166 2156 5219 latine
2188 5164 2377 5233 potuit,
2405 5164 2543 5234 quod
2569 5173 2649 5218 est
2679 5179 2851 5234 graece
2875 5166 2972 5219 ἀπὸ
2994 5168 3183 5229 ἄνωθεν.

1924 5257 2004 5331 [11)
2032 5254 2144 5328 19.]
2163 5256 2225 5313 Et
2238 5258 2492 5326 cooperuit
2510 5257 2690 5310 eumin
2707 5255 2942 5326 pellesuo
2955 5270 2974 5309 :
2994 5270 3099 5313 non
3116 5254 3268 5321 dixit,
3284 5257 3442 5327 pelle,

1860 5358 1951 5405 aut
1975 5349 2042 5405 de
2071 5349 2240 5418 pelle;
2268 5349 2345 5403 sic
2372 5350 2512 5404 enim
2543 5347 2703 5402 habet
2721 5362 2925 5416 grzecus
2946 5351 2995 5409 εν
3021 5362 3082 5419 11
3105 5352 3253 5417 διρῥιι
3270 5352 3441 5413 αὐτῆς.

1932 5439 2027 5513 [11).
2060 5440 2175 5511 ‘20.]
2204 5439 2267 5492 Et
2293 5440 2383 5492 erit
2402 5480 2414 5501 ,
2444 5440 2488 5491 si
2513 5439 2623 5506 quis
2650 5438 2833 5492 uenerit
2859 5437 2929 5492 ad
2957 5448 3023 5507 te,
3050 5449 3097 5493 et
3118 5438 3322 5506 dixerit,
3349 5439 3443 5497 Est

1861 5532 1941 5585 hic
1966 5532 2077 5586 vir?
2100 5539 2148 5585 et
2170 5529 2323 5595 dices,
2349 5527 2472 5583 Non
2495 5537 2590 5584 est.
2618 5529 2866 5600 Detracta
2903 5531 3281 5602 conjunctione
3316 5547 3447 5599 eon-

1861 5631 2168 5694 sequeutem
2218 5620 2376 5676 habet
2420 5635 2659 5689 sensum,
2695 5618 2759 5689 Si
2794 5622 2911 5695 quis
3176 5624 3250 5695 ﬂ
3289 5632 3360 5709 te.
3395 5633 3448 5696 et,

1860 5714 2064 5782 dixerit,
2083 5712 2178 5769 Est
2197 5712 2279 5767 hic
2304 5713 2422 5769 uir?
2442 5711 2601 5785 dices,
2623 5711 2749 5770 Non
2774 5722 2867 5785 est.
