3902 6300
451 310 555 370 543
1227 310 1664 370 LOCUTIONUM
1702 312 1761 370 S.
1792 313 2157 375 AUGUSTINI
2211 320 2279 377 ΙΝ
2316 320 2873 382 HEPTATEUCHUM

520 427 535 498 ί
545 425 620 481 11).
643 425 759 502 24]
788 428 857 484 Et
880 428 1117 501 pergebat
1142 445 1320 483 manus
1349 430 1572 499 ﬁliorum
1596 429 1762 486 Israel
1780 447 1989 504 pergens
2021 448 2039 486 :

450 522 604 577 solita
630 530 683 577 et
710 521 1040 591 frequentata
1072 522 1269 579 locutio
1296 532 1399 579 est.

525 611 622 685 [lb.
651 611 766 685 21.]
796 611 865 667 Et
906 612 1239 667 indurabatur
1264 614 1319 667 in
1354 613 1509 669 Jabin
1554 632 1719 686 regem
1753 615 1994 673 Chanaan
2018 632 2038 672 :

452 718 589 758 novo
620 703 779 759 modo
806 705 1038 776 positum
1059 713 1142 760 est
1160 704 1263 761 hoc
1291 707 1536 774 verbum,
1564 707 1914 776 indurabatur,
1938 723 2034 779 pro

451 812 517 852 eo
543 798 683 868 quod
711 807 812 864 est,
842 797 997 854 fortis
1022 797 1352 855 efliciebatur
1369 808 1423 855 et
1449 799 1784 869 praevalidus.

522 888 681 962 [lb.v,
703 888 819 963 26.]
844 888 1132 960 Perforavit
1156 900 1306 961 caput
1327 892 1455 961 ejus,
1479 902 1526 946 et
1548 894 1790 963 percussit
1813 908 1832 947 :
1856 892 1908 949 id
1930 900 2032 961 est,

447 982 709 1048 percussit
732 989 892 1052 caput
918 981 1053 1052 ejus,
1080 993 1135 1037 et
1160 981 1468 1052 perforavit.

520 1070 619 1143 [lb.
642 1069 757 1145 31.]
788 1072 879 1128 Sic
917 1081 1125 1143 pereant
1148 1089 1319 1128 omnes
1354 1073 1547 1128 inimici
1584 1075 1677 1137 tui.
1707 1074 1959 1141 Domine;
1987 1086 2035 1130 et

448 1164 710 1233 diligentes
744 1180 859 1217 eum
902 1164 1030 1219 sicut
1067 1174 1206 1220 ortus
1243 1165 1366 1219 solis
1402 1165 1457 1219 in
1493 1167 1715 1235 potentia
1742 1167 1851 1237 ejus
1880 1182 1898 1220 :
1927 1183 2031 1222 non

446 1254 612 1321 dixit,
643 1254 923 1327 diligentes
963 1263 1049 1323 te,
1093 1271 1214 1312 cum
1256 1257 1436 1329 utique
1461 1256 1527 1313 de
1557 1258 1782 1313 Domino
1814 1258 2033 1330 intelligi

445 1346 621 1401 vellet.

520 1434 618 1509 [11).
642 1453 713 1501 γι,
732 1436 811 1511 5.]
827 1437 894 1493 Et
909 1439 1101 1507 factum
1115 1448 1210 1505 est,
1232 1440 1435 1510 quando
1459 1441 1721 1495 seminavit
1739 1443 1813 1495 vir
1836 1440 1998 1497 Israel
2014 1457 2033 1496 :

446 1544 551 1583 non
579 1545 741 1584 unum
773 1530 1041 1585 hominem
1064 1530 1348 1601 signiﬁcat,
1374 1531 1469 1587 sed
1496 1530 1664 1601 ipsam
1692 1543 1921 1603 gentem.

518 1618 617 1692 [lb.
646 1612 724 1692 5.]
752 1620 1062 1675 Ascendebat
1090 1620 1305 1675 Madian
1320 1629 1366 1676 et
1388 1620 1630 1676 Amalech
1655 1631 1699 1676 et
1724 1622 1820 1691 ﬁlii
1848 1622 2033 1676 Orieno

449 1708 541 1770 tis,
573 1718 620 1761 et
648 1707 945 1762 ascendebat
970 1725 1122 1780 super
1146 1726 1259 1763 eum
1284 1724 1303 1763 :
1328 1710 1427 1764 ista
1462 1711 1712 1780 repetitio
1740 1711 1891 1766 verbi
1926 1726 2030 1766 non

447 1796 656 1853 videtur
680 1798 875 1854 habere
902 1798 1112 1854 solitam
1138 1799 1453 1870 elegantiam
1476 1801 1561 1855 vel
1584 1800 1851 1855 allectum.

522 1887 619 1962 [lb.
636 1886 715 1961 9.]
733 1888 800 1943 Et
812 1889 1017 1944 liberavi
1036 1906 1121 1945 vos
1144 1890 1207 1944 de
1221 1906 1374 1944 manu
1389 1888 1611 1961 aEgypti
1634 1905 1653 1943 :
1672 1904 1768 1960 per
1790 1904 2027 1957 manum,

446 1990 763 2052 potestatem
788 1982 1083 2053 signiﬁcat;
1109 1998 1205 2053 per
1224 1982 1534 2053 Egyptum,
1566 1982 1865 2054 Egyptios.

520 2072 617 2146 [lb.
641 2071 754 2146 13.]
774 2071 845 2127 Et
867 2072 995 2128 dixit
1014 2073 1082 2127 ad
1103 2089 1217 2128 eum
1232 2071 1458 2140 Gedeon,
1487 2071 1554 2126 In
1575 2089 1671 2138 me,
1691 2071 1908 2127 Domine
1926 2073 1993 2127 mi
2011 2088 2029 2127 :

446 2162 875 2233 subintelligitur,
914 2162 1147 2230 intende,
1185 2162 1288 2217 hoc
1325 2171 1426 2229 est,
1460 2162 1517 2217 lu
1559 2178 1645 2218 me
1686 2163 1935 2228 intende;
1975 2171 2032 2218 et

448 2260 531 2307 est
557 2252 657 2307 ista
682 2252 880 2307 locutio
898 2251 1185 2322 Scripturis
1210 2250 1644 2308 familiarissima.

520 2340 751 2417 [lb.15.]
776 2342 839 2397 Et
862 2342 909 2399 si
930 2351 1003 2398 est
1021 2342 1270 2397 Dominus
1295 2342 1573 2409 nobiscum,
1606 2351 1653 2395 et
1680 2341 1861 2411 utquid
1888 2340 2028 2397 inve—

448 2444 628 2490 nerunt
650 2452 739 2490 nos
757 2434 929 2489 omnia
948 2434 1085 2489 mala
1103 2435 1200 2490 ista
1212 2435 1238 2488 7
1251 2433 1379 2489 Plus
1401 2433 1559 2488 habet
1574 2433 2027 2503 conjunctionem,

447 2537 513 2595 et,
552 2527 689 2582 sicut
728 2527 869 2584 solet
915 2527 1061 2598 loqui
1104 2526 1399 2598 Scriptura,
1443 2541 1563 2596 qua:
1609 2526 1656 2581 si
1697 2524 2025 2590 detrahatur,

447 2620 602 2690 plena
636 2620 902 2676 sententia
945 2628 1055 2683 est,
1084 2619 1153 2674 Et
1180 2620 1225 2674 si
1251 2628 1323 2674 est
1351 2618 1599 2673 Dominus
1628 2618 1915 2686 nobiscum,
1946 2627 2027 2673 ut-

446 2713 568 2782 quid
591 2714 885 2769 invenerunt
904 2728 996 2768 nos
1017 2713 1187 2767 omnia
1211 2712 1348 2767 mala
1371 2711 1504 2767 ista?
1522 2712 1773 2778 Quamvis
1796 2722 1849 2767 et
1874 2726 2032 2782 supe-

446 2806 556 2862 rior
580 2806 884 2877 eonjunctio
910 2805 1080 2876 possit
1106 2804 1251 2860 salva
1277 2804 1543 2860 sententia
1567 2802 1795 2870 detrahi,
1823 2812 1879 2857 ut
1906 2818 2028 2858 cum

448 2897 687 2963 dixisset,
719 2896 787 2950 In
814 2912 925 2961 me,
956 2893 1174 2949 Domine
1208 2893 1311 2960 mi;
1341 2892 1539 2949 deinde
1581 2892 1957 2963 subsequatur,
1985 2893 2031 2947 si

449 2996 520 3041 est
542 2985 791 3040 Dominus
837 2984 1124 3050 nobiscum,
1165 2982 1342 3052 utquid
1386 2983 1677 3038 invenerunt
1724 2999 1815 3036 nos
1862 2984 2030 3036 omnia

450 3080 586 3135 mala
623 3081 757 3135 ista:
789 3078 957 3150 magis
994 3077 1137 3135 enim
1178 3077 1282 3133 hoc
1314 3076 1476 3148 exigit
1511 3084 1711 3131 nostra:
1749 3075 2029 3132 locutionis

447 3171 796 3228 consuetudo.
1672 3163 1676 3167 -
1702 3161 1748 3168 η-
1822 3159 1847 3167 μ

524 3262 621 3338 [11).
636 3259 751 3335 25.]
772 3261 841 3317 Et
858 3260 1068 3316 vitulum
1088 3276 1336 3315 annorum
1354 3269 1562 3330 septem.
1581 3258 1677 3315 Hic
1695 3258 2027 3314 manifestum

450 3364 533 3410 est
578 3351 847 3423 quomodo
890 3351 1085 3407 vitulos
1128 3350 1362 3421 appellet
1402 3350 1674 3420 Scriptura
1705 3368 1718 3403 :
1745 3350 1843 3405 bos
1885 3349 2028 3404 enim

449 3459 711 3500 annorum
731 3451 957 3514 septem,
979 3441 1268 3497 secundum
1289 3440 1727 3497 consuetudinem
1749 3440 2029 3495 locutionis

449 3547 669 3603 nostrze,
700 3552 805 3591 non
834 3544 913 3590 est
947 3535 1128 3607 utique
1154 3533 1370 3587 vitulus.
1400 3530 1701 3588 Secundum
1727 3530 1864 3585 hanc
1900 3545 2030 3600 ergo

448 3630 771 3684 locutionem
808 3626 1005 3682 dictum
1045 3636 1126 3681 est
1163 3624 1231 3680 de
1264 3623 1519 3693 Samegar
1542 3624 1583 3690 ³,
1611 3622 1751 3692 quod
1778 3620 2032 3676 occiderit

1863 3157 2025 3169 ιο-ὀα--οο

348 3722 349 3725 “
447 3730 708 3775 sexcentos
734 3719 865 3773 viros
885 3726 1068 3788 praeter
1094 3715 1275 3770 vitulos
1322 3715 1472 3770 boum
1515 3712 1667 3783 (Jud.
1695 3729 1770 3780 ιιι,
1793 3710 1907 3784 ⁵51),
1931 3712 2031 3767 hoc

446 3820 528 3867 est
554 3820 748 3884 praeter
774 3811 957 3865 boves.

523 3901 622 3975 [lb.
642 3900 755 3974 54]
777 3901 844 3955 Ει
868 3901 1044 3955 cecinit
1068 3900 1121 3954 in
1140 3914 1321 3953 cornea
1342 3913 1361 3950 :
1380 3896 1690 3952 subauditur
1718 3894 1872 3961 tuba;
1895 3908 2032 3966 grat-

448 4008 545 4049 cus
571 3993 713 4048 enim
743 4007 847 4046 non
872 3990 1052 4055 habet,
1078 3990 1226 4055 tuba,
1249 3989 1346 4045 sed
1375 3997 1579 4043 tantum
1600 4002 1815 4042 cornea.

522 4082 620 4157 [lb.
648 4098 742 4145 vn.
774 4080 886 4155 12.]
915 4081 1129 4137 Cornelis
1171 4096 1341 4135 eorum
1383 4095 1483 4133 non
1526 4087 1633 4133 erat
1678 4094 1944 4144 numerus,
1984 4087 2032 4133 et

451 4185 594 4232 erant
620 4175 751 4230 sicut
775 4190 930 4229 arena
961 4188 1073 4244 quo:
1106 4181 1178 4227 est
1203 4172 1269 4225 ad
1299 4171 1485 4225 labium
1507 4169 1682 4223 maris.
1705 4169 1761 4223 in
1790 4169 2029 4223 multitu-

448 4269 573 4325 dine
595 4275 804 4325 constat
824 4273 1134 4338 ὑπερϐολικῶς
1154 4265 1372 4320 dictum.
1395 4262 1521 4317 Haec
1535 4270 1713 4317 autem
1733 4261 2027 4328 translatio,

449 4361 539 4417 ubi
582 4361 769 4415 labium
812 4358 968 4413 maris
1014 4358 1189 4427 posuit
1231 4370 1326 4425 pro
1372 4354 1570 4420 littore,
1606 4352 1818 4408 assidua
1858 4360 1941 4408 est
1976 4354 2031 4409 in

448 4449 757 4520 Scripturis,
787 4447 881 4505 sed
908 4462 1027 4503 rara
1051 4453 1128 4502 es!
1160 4444 1213 4500 in
1238 4444 1416 4500 latinis
1442 4442 1736 4509 codicibus,
1764 4442 1886 4512 quia
1914 4442 2031 4511 ple-

450 4544 600 4612 rique
629 4542 776 4597 littus
814 4538 1144 4610 interpretati
1182 4544 1339 4605 sunt,
1368 4536 1536 4607 magis
1560 4534 1685 4605 quid
1711 4534 2033 4605 signiﬁcaret

448 4634 647 4689 labium
668 4633 906 4689 volentes
929 4646 1145 4702 ponere,
1169 4645 1328 4702 quam
1354 4630 1527 4699 ipsum
1549 4628 1768 4684 labium.
1790 4628 1921 4683 Nam
1944 4627 2032 4683 lit-

449 4735 535 4783 tus
576 4725 625 4782 si
662 4724 861 4781 vellent
898 4722 1239 4794 Septuaginta
1293 4722 1613 4791 interpretes
1664 4719 1876 4785 dicere,
1921 4736 2031 4776 non

448 4818 662 4877 deesset
687 4817 879 4888 lingua:
901 4830 1089 4887 graecas
1114 4813 1255 4885 quod
1273 4813 1531 4869 dicerent.

522 4910 619 4984 [lb.
642 4906 755 4982 16.]
787 4908 856 4963 Et
875 4908 1040 4962 divisit
1070 4916 1310 4961 trecentas
1334 4905 1466 4960 viros
1493 4921 1582 4975 per
1609 4906 1704 4959 tria
1736 4904 1981 4977 principia
2010 4920 2029 4959 :

447 5021 546 5076 pro
572 5002 808 5074 partibus
833 4999 1082 5072 principia
1107 4998 1300 5069 posuit.

520 5095 618 5169 [lb.
644 5111 756 5163 vni,
775 5092 853 5165 1.]
874 5092 943 5148 Et
974 5092 1207 5147 dixerunt
1234 5091 1300 5144 ad
1323 5089 1522 5167 Gedeop
1551 5089 1645 5144 viri
1668 5088 1910 5161 Ephra’m
1933 5106 1950 5145 :
1976 5090 2029 5147 id

446 5200 531 5247 est
558 5189 652 5245 viri
681 5186 749 5243 de
779 5187 918 5243 tribu
942 5185 1210 5255 Ephraam.

518 5281 617 5354 [lb.
648 5277 725 5352 1.]
748 5277 884 5345 Quid
911 5277 1115 5334 verbum
1134 5274 1228 5329 hoc
1245 5273 1405 5347 fecisti
1432 5271 1595 5339 nobis,
1621 5280 1677 5326 ut
1702 5288 1803 5327 non
1829 5288 2029 5328 vocares

446 5392 537 5429 nos
562 5390 676 5429 cum
712 5372 871 5428 exii-es
906 5386 1134 5443 pugnare
1163 5369 1217 5423 in
1254 5364 1740 5423 Madianherbum
1766 5379 1863 5436 pro
1893 5365 2029 5421 laeto

482 5466 642 5521 osuit.
2004 5496 2007 5499 »

444 5482 704 5629 Ροῗῖιιῗίι,
729 5549 811 5628 4.]
834 5551 903 5608 Et
928 5552 1172 5609 dederunt
1198 5549 1514 5623 septuaginta
1538 5546 1733 5620 argenti
1750 5545 2031 5602 :subaudi-

444 5659 561 5717 tur,
586 5648 782 5720 pondo,
803 5646 891 5703 vel
918 5645 1024 5701 tale
1046 5644 1247 5716 aliquid
1270 5661 1285 5700 :
1308 5642 1672 5717 interpretatio
1695 5656 1761 5701 ex
1790 5639 2026 5707 bebrmo,

446 5743 767 5816 septuaginta
791 5738 959 5811 pondo
985 5738 1168 5795 habet.
1352 5744 1355 5745 ⁷
1476 5746 1479 5749 ’
1680 5738 1681 5741 “
1716 5736 1721 5739 ’
1827 5734 1835 5737 “

510 5836 534 5870 ⁸
556 5839 754 5895 ωηο-ν
774 5839 1037 5893 ὅσσων

2220 435 2319 511 [11).
2337 438 2487 512 4.]Ει
2517 443 2757 497 conduxit
2780 445 2834 498 in
2862 444 2985 515 ipsis
3010 446 3295 505 Abimeleclt
3316 453 3450 511 viros
3473 470 3493 511 :
3511 456 3563 513 in
3586 458 3699 527 ipsis

2142 531 2294 599 dixit,
2320 550 2416 603 pro
2434 550 2501 591 ex
2528 536 2677 606 ipsis,
2700 536 2753 592 id
2775 548 2856 595 est
2875 554 2942 595 ex
2967 538 3364 615 argentipondo
3388 554 3698 624 septuaginta

2141 624 2393 680 conduxit
2417 628 2578 682 viros.

2213 715 2403 791 [11).4.]
2430 716 2576 772 Viros
2600 721 2773 776 inanes
2792 730 2838 775 et
2852 725 3165 793 perturbatos
3187 743 3201 780 :
3226 727 3409 785 inanes
3432 734 3697 805 posuitpro

2140 807 2375 873 levibus,
2406 811 2595 880 quibus
2636 821 2759 866 sunt
2798 816 3051 870 contrarii
3089 833 3305 888 graves;
3337 826 3481 878 unde
3505 823 3695 895 dicitur,

2139 897 2206 954 In
2231 902 2419 971 populo
2436 904 2578 975 gravi
2603 903 2821 959 laudabo
2847 914 2896 960 te
2925 905 3093 977 (Psal.
3121 926 3303 980 xxxiv,
3334 913 3445 985 18).

2210 1011 2311 1085 [lb.
2332 1011 2411 1086 5.]
2436 1012 2503 1067 Et
2531 1015 2733 1070 intravit
2759 1018 2813 1071 in
2832 1018 3037 1074 domum
3066 1024 3227 1092 patris
3255 1027 3334 1079 sui
3357 1026 3410 1080 in
3428 1027 3692 1098 Ephratlta,

2137 1115 2184 1157 et
2222 1105 2466 1177 interfecit
2500 1107 2657 1176 [rates
2690 1126 2809 1164 suos
2834 1111 2969 1179 ﬁlios
2985 1111 3226 1170 Jerobaal
3246 1121 3562 1190 septuaginta
3581 1124 3695 1177 viros

2136 1211 2286 1265 super
2322 1196 2543 1266 lapidem
2572 1216 2728 1253 unum
2763 1215 2783 1254 :
2816 1202 2940 1271 quia
2975 1202 3087 1273 jam
3116 1206 3357 1275 superius
3382 1212 3694 1282 septuaginta

2136 1285 2343 1341 dixerat
2390 1287 2528 1343 ﬁlios
2564 1289 2840 1359 Jerobaal,
2876 1292 2930 1347 id
2967 1303 3051 1349 est
3075 1293 3329 1363 Gedeon;
3357 1308 3415 1354 et
3452 1315 3588 1357 nunc
3612 1318 3694 1361 eos

2136 1377 2465 1448 septuaginta
2498 1378 2628 1434 dicit
2659 1380 2867 1436 occisos
2890 1399 2904 1437 :
2927 1385 3167 1453 quamvis
3194 1386 3369 1442 minus
3396 1390 3560 1445 occisi
3592 1392 3693 1447 fue-

2135 1469 2245 1524 rint
2269 1470 2411 1536 duo;
2444 1471 2497 1527 id
2524 1480 2635 1539 est,
2672 1474 2785 1543 ipse
2820 1475 2911 1545 qui
2946 1476 3159 1542 occidit,
3184 1486 3239 1533 et
3256 1477 3500 1535 Joatbam
3532 1480 3694 1552 junior

2134 1562 2223 1631 qui
2248 1564 2421 1626 latuit,
2441 1563 2509 1620 de
2527 1581 2634 1635 quo
2653 1566 2948 1637 adjungens
2969 1568 3118 1636 dicit,
3145 1578 3191 1623 et
3216 1573 3456 1627 remansit
3472 1572 3693 1629 Joatliam

2134 1652 2273 1722 ﬁlius
2294 1653 2537 1710 Jerobaal
2552 1657 2751 1726 junior,
2777 1658 3014 1728 quoniam
3035 1660 3293 1715 abscondit
3307 1679 3363 1717 se
3382 1678 3403 1717 :
3419 1678 3485 1720 ac
3498 1680 3590 1735 per
3605 1665 3693 1722 hoc

2134 1747 2435 1802 universum
2458 1764 2735 1803 numerum
2764 1751 2938 1820 posuit
2963 1767 3059 1822 pro
3084 1768 3219 1822 pene
3244 1756 3522 1812 universo.

2205 1836 2303 1910 [lb.
2326 1836 2441 1911 25.]
2464 1837 2531 1893 Et
2554 1849 2847 1909 spreverunt
2862 1842 2954 1896 viri
2976 1841 3321 1899 Sichimorum
3344 1847 3400 1901 in
3417 1847 3566 1904 domo
3583 1848 3694 1905 Abi-

2132 1928 2321 1982 melech
2344 1944 2362 1983 :
2383 1945 2489 1985 non
2518 1930 2667 1999 dixit,
2698 1944 3015 2003 spreverunt
3037 1934 3254 1993 domum
3277 1937 3608 1998 Abimelech.

2206 2016 2303 2091 [lb.
2331 2018 2446 2093 51.]
2484 2020 2553 2075 Et
2575 2023 2804 2078 insidiati
2831 2036 2948 2079 sunt
2989 2043 3141 2098 super
3176 2026 3461 2085 Sichimam
3496 2042 3690 2103 quatuor

2133 2110 2380 2182 principia
2406 2127 2426 2165 :
2450 2112 2503 2167 id
2529 2122 2631 2178 est,
2658 2126 2884 2185 quatuor
2912 2125 3090 2186 partes
3114 2134 3129 2173 :
3150 2117 3264 2189 jam
3292 2118 3452 2176 istam
3484 2121 3691 2179 locutio-

2131 2214 2253 2256 nem
2283 2204 2527 2272 superius
2551 2205 2711 2260 etiam
2735 2207 3053 2264 notavimus.
3091 2198 3109 2217 ⁸

2204 2292 2304 2369 [11).
2325 2293 2439 2367 45]
2467 2294 2533 2350 Et
2557 2298 2749 2367 accepit
2784 2299 3049 2370 populum,
3094 2311 3142 2355 et
3177 2302 3343 2359 divisit
3367 2322 3481 2361 cum
3515 2307 3566 2361 in
3605 2308 3692 2362 tria

2132 2387 2382 2457 principia
2406 2402 2423 2440 :
2445 2389 2669 2477 accepit,
2710 2388 2841 2445 dixit
2874 2390 2942 2447 de
2982 2391 3072 2447 illo
3104 2395 3297 2464 populo
3324 2396 3417 2466 qui
3455 2412 3573 2453 cum
3609 2399 3689 2454 illo

2131 2490 2279 2545 erat;
2306 2487 2361 2535 et
2387 2478 2474 2535 hic
2498 2480 2595 2534 tria
2624 2482 2873 2552 principia
2909 2499 3006 2554 pro
3036 2484 3205 2544 tribus
3237 2488 3480 2557 partibus
3513 2492 3687 2560 posuit.

2205 2572 2302 2646 [lb.
2331 2571 2445 2645 55.]
2472 2573 2539 2627 Et
2565 2574 2792 2630 abierunt
2820 2576 2912 2630 viri
2934 2578 3096 2632 locum
3118 2595 3269 2634 suum
3289 2597 3304 2635 ξ
3328 2581 3385 2637 id
3405 2592 3487 2639 est
3504 2622 3518 2648 ι
3543 2598 3689 2638 ιιηιιεο

2131 2680 2371 2734 quisque.

2204 2754 2302 2830 [lb.
2316 2771 2392 2822 xi,
2410 2755 2489 2829 8.]
2508 2756 2577 2810 Et
2595 2758 2693 2811 eris
2712 2758 2853 2814 nobis
2872 2759 2926 2815 in
2944 2768 3097 2831 caput
3116 2761 3348 2817 omnibus
3373 2764 3691 2819 habitantibus

2134 2845 2335 2901 Galaad
2358 2863 2377 2901 :
2398 2863 2502 2903 non
2537 2848 2701 2914 dixit,
2736 2850 2844 2905 eris
2881 2852 3034 2907 nobis
3068 2862 3257 2923 caput;
3287 2854 3365 2909 sic
3393 2857 3535 2912 enim
3571 2856 3692 2913 solet

2132 2940 2278 3011 loqui
2299 2940 2571 3011 Scriptura
2595 2960 2608 2994 :
2634 2942 2771 2997 unde
2797 2952 2896 3009 est,
2922 2943 3047 2998 Esto
3066 2944 3190 2998 mihi
3214 2945 3267 2999 in
3284 2944 3452 3002 Deum
3472 2957 3693 3019 protectoo

2131 3048 2238 3085 rem
2284 3040 2329 3086 et
2370 3032 2424 3085 in
2463 3032 2666 3086 domum
2708 3034 2890 3109 refugii
2938 3033 2959 3106 (
2986 3034 3131 3090 Psal.
3160 3051 3285 3104 xxx,
3314 3038 3349 3093 3
3376 3037 3422 3109 ),
3455 3049 3511 3096 et
3546 3040 3691 3095 multa

2133 3122 2474 3192 hujusmodi:

2206 3213 2306 3287 [lb.
2333 3213 2446 3287 51.]
2473 3214 2539 3268 Et
2568 3216 2675 3270 haec
2699 3218 2848 3271 unica
2876 3217 2942 3285 ei,
2965 3226 3012 3272 et
3035 3234 3135 3273 non
3155 3228 3228 3274 est
3243 3230 3428 3290 praeter
3451 3222 3609 3292 ipsam
3632 3224 3691 3291 ﬁ-

2133 3308 2231 3362 lius
2258 3316 2343 3364 aut
2368 3309 2477 3377 ﬁlia
2502 3324 2519 3362 :
2541 3309 2643 3365 hoc
2668 3318 2750 3366 est
2772 3310 2913 3380 quod
2940 3310 3138 3367 dictum
3164 3319 3246 3367 est
3263 3352 3279 3378 ,
3316 3314 3470 3367 unica
3505 3315 3549 3369 ei
3564 3331 3582 3379 ;
3608 3313 3690 3369 sed

2133 3408 2350 3469 propter
2378 3399 2625 3455 allectum
2654 3400 2878 3470 repetita
2919 3402 3180 3457 sententia
3209 3409 3310 3458 est.
3344 3403 3410 3457 Et
3441 3422 3539 3459 non
3567 3413 3631 3459 est
3654 3403 3694 3458 ei

2136 3500 2317 3560 printer
2344 3492 2506 3561 ipsam
2525 3490 2661 3559 ﬁlius
2681 3501 2769 3544 aut
2789 3492 2899 3560 ﬁlia
2922 3507 2940 3545 :
2961 3508 3061 3545 non
3086 3502 3159 3547 est
3180 3493 3246 3557 ei,
3268 3508 3368 3563 pro
3399 3510 3506 3551 non
3527 3502 3633 3550 erat
3650 3494 3692 3549 ei

2134 3583 2332 3637 dictum
2354 3592 2465 3648 est;
2496 3584 2763 3651 praeterita
2791 3582 2987 3653 quippe
3006 3593 3305 3639 narrantur.

2207 3674 2307 3748 [lb.
2333 3691 2449 3741 xm,
2472 3673 2552 3747 2.]
2579 3675 2646 3728 Et
2674 3692 2801 3729 uxor
2836 3677 2946 3746 ejus
2983 3676 3187 3742 sterilis,
3231 3686 3278 3730 et
3302 3693 3406 3731 non
3450 3677 3694 3748 pariebat:

2136 3782 2256 3823 cum
2278 3767 2539 3837 potuisset
2562 3766 2809 3822 sufﬁcere
2826 3767 2968 3837 quod
2993 3766 3191 3822 dictum
3217 3776 3317 3833 est,
3342 3770 3546 3831 sterilis.

2208 3857 2305 3931 [lb.
2324 3854 2402 3929 8.]
2428 3856 2496 3910 Et
2524 3866 2752 3927 precatus
2778 3866 2852 3911 est
2875 3856 3066 3911 Manue
3090 3856 3367 3912 Dominum
3395 3868 3444 3914 et
3470 3860 3611 3927 dixit,
3637 3856 3695 3912 In

2134 3966 2234 4016 me,
2256 3948 2510 4013 Domine;
2536 3949 2683 4002 homo
2709 3947 2806 4001 Dei
2836 3963 2982 4017 quem
3014 3947 3212 4015 misisti,
3248 3950 3413 4003 veniat
3452 3966 3580 4004 nunc
3610 3950 3693 4003 ite-

2134 4059 2249 4098 rum
2275 4042 2343 4096 ad
2363 4057 2454 4096 nos
2478 4056 2497 4095 :
2517 4038 2584 4095 In
2612 4056 2690 4096 me
2710 4040 2781 4095 ita
2808 4039 3007 4095 dictum
3035 4047 3119 4096 est
3146 4048 3205 4095 ut
3229 4039 3589 4109 subaudiatur,
3618 4040 3693 4095 in-

2135 4134 2312 4192 tende.

2207 4225 2307 4299 [lb.
2325 4243 2415 4294 xv,
2433 4225 2511 4299 8.]
2532 4226 2600 4281 Et
2628 4225 2867 4297 percussit
2887 4240 2969 4279 eos
2989 4224 3162 4279 tibiam
3183 4240 3335 4296 super
3362 4227 3526 4297 [ωηατ
3550 4239 3569 4278 :
3591 4222 3693 4279 hac

2135 4321 2331 4377 locutio
2361 4319 2609 4375 inusitata
2638 4325 2741 4385 est,
2778 4327 2956 4373 tamen
3000 4317 3196 4372 locutio
3228 4324 3339 4382 est,
3376 4332 3481 4372 non
3519 4314 3694 4385 aliquis

2137 4414 2190 4469 in
2216 4426 2445 4483 corpore
2472 4410 2707 4465 vulneris
2750 4410 2919 4474 locus,
2950 4408 3089 4464 sicut
3116 4409 3168 4463 in
3190 4407 3579 4475 Quaestionibus
3603 4419 3689 4460 ex-

2136 4505 2319 4577 posui;
2362 4505 2463 4559 hoc
2504 4511 2618 4565 est,
2656 4501 2918 4572 percussit
2948 4515 3043 4556 eos
3069 4498 3137 4555 ad
3170 4498 3602 4564 admirationem,
3629 4492 3689 4549 ad

2132 4607 2405 4668 stuporem
2436 4595 2651 4669 (Quaest.
2674 4596 2725 4648 in
2748 4593 2874 4647 Jud.
2892 4603 3067 4661 qutest.
3088 4593 3202 4661 55).

2207 4690 2305 4765 [lb.
2326 4688 2436 4762 10.]
2450 4688 2515 4743 Et
2536 4688 2767 4743 dixerunt
2793 4686 2867 4740 vir
2883 4683 3041 4752 Iuda,
3061 4684 3231 4750 Quare
3253 4684 3693 4775 ascendism

2135 4802 2226 4839 nos
2250 4800 2268 4839 :
2288 4784 2609 4854 singularem
2638 4781 2814 4851 posuit
2833 4794 2929 4850 pro
2948 4778 3159 4849 plurali,
3177 4770 3613 4835 dixerunt’euit'f
3603 4770 3691 4828 viri

2134 4878 2289 4945 Juda,
2319 4894 2421 4932 non
2451 4890 2583 4932 unus
2607 4875 2708 4929 vir.

2207 4967 2431 5041 [lb.12.]
2463 4966 2543 5020 Nc
2572 4970 2700 5039 forte
2723 4965 2995 5019 occurratis
3021 4965 3075 5018 in
3104 4980 3182 5019 me
3208 4980 3293 5018 vos
3316 4980 3335 5018 :
3357 4980 3454 5034 pro
3477 4978 3541 5020 eo
3563 4960 3690 5033 quod

2134 5072 2237 5131 est,
2264 5062 2517 5118 occidatis
2543 5076 2660 5124 me;
2687 5068 2741 5113 et
2770 5059 2883 5113 haec
2905 5057 3103 5113 locutio
3128 5058 3179 5112 iu
3204 5056 3588 5125 Quaestionibus
3605 5068 3688 5130 ex-

2135 5158 2303 5227 posita
2332 5163 2414 5209 est
2439 5152 2549 5225 (Id.
2578 5161 2756 5225 quaest.
2783 5150 2899 5220 56).

2208 5250 2306 5324 [lb.
2340 5245 2451 5319 15]
2474 5246 2541 5300 Et
2570 5246 2876 5300 reduxerunt
2908 5260 3021 5298 eum
3041 5243 3103 5298 de
3140 5250 3301 5313 petra,
3332 5252 3377 5297 et
3400 5240 3525 5297 venit
3552 5248 3691 5305 usque

2133 5344 2203 5399 ad
2230 5341 2498 5398 Masillam
2526 5354 2544 5394 :
2570 5340 2719 5395 locus
2753 5346 2838 5393 est
2874 5335 2952 5391 sic
2991 5335 3284 5405 appellatus
3323 5341 3503 5404 postea
3538 5344 3597 5385 ex
3632 5338 3688 5378 eo

2135 5436 2277 5493 facto
2316 5432 2461 5505 quod
2503 5430 2576 5488 ibi
2616 5428 2782 5500 gessit
2819 5428 2933 5499 ipse
2966 5425 3211 5490 Samson,
3249 5423 3457 5494 quando
3497 5415 3688 5476 maxilla

2135 5530 2271 5588 asini
2310 5540 2572 5598 pugnans,
2609 5520 2757 5578 mille
2797 5518 3115 5590 prostravit:
3144 5516 3246 5572 hoc
3282 5530 3411 5587 ergo
3447 5527 3538 5585 per
3577 5522 3687 5579 pro-

2136 5622 2325 5693 lepsim
2352 5619 2552 5674 dictum
2581 5623 2684 5679 est,
2723 5613 2844 5685 quia
2888 5619 3006 5682 post
3044 5611 3130 5665 illa
3170 5610 3345 5664 omnia
3386 5612 3554 5679 gesta,
3588 5600 3689 5656 hinc

2063 5744 2087 5776 ε.
2136 5712 2357 5772 historia
2386 5708 2688 5777 conscripta
2716 5713 2816 5762 est.

2208 5801 2425 5881 [ιλιι]
2444 5801 2589 5861 Sicut
2608 5809 2760 5871 stupa
2776 5814 2892 5855 cum
2909 5796 3159 5856 olet‘ecerit
3182 5795 3347 5870 ignem
3363 5808 3385 5851 ε
3403 5785 3687 5861 metaphora

3615 341 3703 406 514
