3902 6298
216 320 329 381 ω

214 434 289 491 ab
312 426 527 487 animali
552 424 619 484 ad
646 423 965 490 inanimale;
990 438 1095 479 non
1120 423 1262 478 enim
1288 430 1441 491 stupa
1464 433 1679 475 sensum
1705 417 1801 472 ha-

216 523 313 580 bet
337 520 558 577 olfactus
585 536 600 574 :
626 518 721 575 sed
748 518 820 572 ita
847 515 1047 571 dictum
1075 522 1178 579 est,
1205 527 1270 567 ac
1298 512 1342 566 si
1369 511 1655 574 diceretur,
1678 523 1800 563 cum

216 615 398 688 ignem
432 610 692 675 senserit;
719 605 963 679 quamvis
999 615 1054 660 et
1084 604 1186 659 hoc
1212 600 1353 673 quod
1384 600 1521 666 dixi,
1547 598 1797 665 senserit,

215 706 287 762 ad
304 703 546 761 eamdem
574 700 940 769 metaphoram
965 696 1247 767 pertineat,
1266 691 1359 748 sed
1379 691 1445 747 ad
1470 691 1800 748 celeritatem

219 793 615 866 intelligendam
647 790 874 862 pertinet
901 788 1042 859 quod
1064 786 1262 842 dictum
1294 792 1392 850 est,
1423 784 1693 855 olefecerit.

288 885 390 959 [lb.
419 881 532 956 15.]
559 881 627 936 Et
658 880 882 936 extendit
912 894 1119 933 ntanum
1156 892 1322 942 suam,
1351 884 1396 929 et
1428 874 1619 944 accepit
1654 888 1803 928 eam:

215 979 317 1033 etsi
348 991 451 1031 non
480 974 683 1030 diceret
704 970 930 1028 extendit
956 985 1163 1023 manum
1185 983 1360 1033 suam,
1381 965 1562 1035 utique
1590 972 1802 1020 extenta

214 1086 380 1126 manu
409 1076 679 1136 acceptam
707 1063 1142 1134 intelligeremus.

288 1160 398 1235 [lb.
430 1174 544 1224 xvi,
566 1155 648 1231 2.]
668 1155 738 1211 Et
755 1155 1041 1210 nuntiatum
1068 1161 1140 1207 est
1159 1150 1379 1217 Gemis,
1402 1150 1622 1205 dicentes
1650 1166 1665 1204 :
1696 1162 1801 1203 non

215 1256 311 1320 ait,
336 1250 714 1308 nuntiaverunt
736 1247 995 1315 dicentes,
1024 1253 1115 1300 aut
1142 1245 1439 1300 nuntiatum
1466 1252 1549 1298 est
1574 1256 1603 1295 a
1631 1240 1805 1297 dicen-

217 1344 381 1400 tibus.

285 1434 389 1509 [lb.
425 1430 504 1506 7.]
526 1431 588 1488 Si
629 1430 893 1505 ligaverint
937 1445 1017 1484 me
1053 1430 1108 1483 in
1145 1434 1335 1498 septem
1377 1425 1540 1480 nervis
1586 1422 1806 1478 humidis

216 1526 445 1581 nondum
469 1523 668 1579 siccatis
692 1537 711 1577 :
730 1536 837 1577 non
856 1521 951 1587 ait,
971 1529 1177 1593 septem
1199 1517 1397 1583 nervis,
1425 1515 1521 1571 sed
1547 1515 1603 1569 in
1618 1522 1807 1583 septem

216 1620 403 1674 neruis.

287 1709 389 1783 [lb.
430 1707 509 1782 7.]
539 1707 601 1763 Si
646 1705 910 1779 ligaverint
952 1721 1031 1760 me
1064 1705 1119 1759 in
1141 1710 1329 1775 septem
1373 1701 1538 1755 nervis
1584 1698 1807 1754 humidis

861 290 987 368 ’ΒΕ
1023 306 1492 379 SUBSEQUENTI
1530 303 1992 376 QUIESTIONUM
2030 303 2259 361 OPERE
2298 304 2360 360 S.
2396 302 2786 362 AUGUSTINI.

3377 308 3485 365 546

1905 417 2033 473 nulli
2058 416 2385 487 interpretati
2410 425 2555 484 sunt,
2582 416 2893 480 obsidebant,
2920 415 3013 470 sed
3037 430 3241 486 graecus
3258 423 3484 485 ἐκάθητο.

1905 509 2006 563 hoc
2034 519 2116 564 est
2141 507 2378 572 sedebat,
2410 508 2532 578 quia
2558 505 2763 562 insidiae
2786 506 3038 577 singulari
3070 523 3292 564 numero
3310 524 3486 581 graece

1904 599 2172 661 dicuntur,
2206 614 2305 654 nec
2347 605 2523 667 potest
2562 597 2723 653 latine
2764 597 2869 651 dici
2907 596 3097 651 insidia
3128 614 3140 649 :
3171 598 3369 654 locutio
3396 615 3490 655 au-

1904 701 2010 747 tem
2046 691 2274 746 notanda
2304 700 2446 756 erat,
2476 690 2597 761 quia
2628 689 2827 743 dictum
2856 699 2969 755 est,
2999 686 3200 743 insidiae
3226 689 3487 759 sedebant,

1904 797 2002 854 pro
2027 783 2091 838 iis
2120 783 2207 852 qui
2238 780 2660 843 insidiabantur;
2694 779 2793 850 ipsi
2821 779 2964 834 enim
2994 777 3275 834 sedebant.

1977 874 2077 948 [lb.
2105 872 2215 946 10.]
2260 873 2414 927 Nunc
2457 889 2575 944 ergo
2604 872 2774 927 indica
2817 872 2943 926 mihi
2984 873 3037 926 in
3076 888 3177 943 quo
3212 871 3445 944 ligaberis
3471 888 3493 929 :

1907 983 2012 1022 non
2042 966 2136 1031 ait,
2162 982 2267 1036 quo
2297 965 2566 1036 ligaberis,
2588 974 2679 1019 aut
2700 963 2842 1019 unde
2865 964 3133 1034 ligaberis.

1978 1060 2078 1136 [lb.
2098 1058 2211 1133 11.]
2236 1059 2297 1116 Si
2320 1058 2584 1131 ligaverint
2611 1073 2690 1112 me
2715 1058 2770 1111 in
2794 1056 2997 1129 funibus
3024 1056 3313 1112 novismon
3334 1054 3490 1123 dixit,

1906 1153 2138 1210 funibus.

1980 1243 2078 1318 [lb.
2107 1241 2220 1316 11.]
2252 1242 2405 1308 Item,
2434 1241 2496 1297 Si
2522 1239 2786 1312 ligaucrint
2815 1255 2895 1293 me
2919 1240 2972 1293 in
2997 1239 3237 1309 funiculis
3251 1239 3411 1305 noris,
3437 1239 3492 1292 in

1906 1335 2085 1406 quibus
2110 1351 2212 1389 non
2236 1340 2311 1389 est
2340 1336 2531 1405 factum
2557 1347 2705 1402 apus,
2732 1340 2779 1385 et
2802 1330 3099 1400 inﬁrmabor
3120 1345 3139 1384 :
3155 1329 3372 1401 plenum
3398 1344 3491 1385 es-

1909 1436 2011 1495 set,
2039 1425 2142 1484 etsi
2173 1440 2277 1481 non
2302 1433 2725 1497 praeponeretur,
2752 1432 2819 1477 et.

1983 1518 2081 1593 [lb.
2103 1516 2217 1592 15.]
2240 1517 2307 1572 Et
2332 1519 2425 1570 hoc
2450 1516 2649 1569 tertium
2678 1512 2904 1586 fefellisti
2931 1529 3009 1568 me
3029 1514 3284 1580 :tertium,
3314 1512 3494 1583 posuit

1910 1626 2007 1682 pro
2052 1609 2238 1675 tertio,
2282 1607 2396 1663 sive
2440 1614 2541 1673 ter,
2590 1618 2784 1659 nomen
2828 1604 3031 1659 scilicet
3080 1618 3179 1674 pro
3218 1601 3493 1666 adverbio,

1910 1701 2052 1773 quod
2077 1709 2131 1758 et
2158 1701 2211 1756 in
2238 1698 2416 1754 latinis
2442 1695 2799 1753 locutionibus
2825 1695 3096 1766 eleganter
3122 1694 3233 1749 ﬁeri
3265 1694 3422 1749 solet.

218 1803 447 1857 nondum
500 1801 722 1867 siccatis,
753 1808 801 1854 et
850 1799 1146 1870 inﬁrmabor
1179 1812 1200 1852 :
1231 1796 1448 1867 plenum
1494 1802 1669 1861 esset,
1705 1793 1807 1848 etsi

220 1909 323 1951 non
357 1894 601 1958 haberet,
625 1900 692 1948 et.

289 1985 392 2060 [lb.
414 1982 494 2057 9.]
517 1984 584 2040 Et
608 1984 808 2040 insidiae
827 1984 873 2040 ei
890 1982 1123 2039 sedebant
1150 1982 1205 2036 in
1228 1981 1457 2036 cubiculo
1474 1977 1647 2051 :quod
1670 1992 1808 2034 non-

1984 1792 2083 1866 [lb.
2099 1789 2214 1864 26.]
2231 1788 2441 1844 Dimitte
2467 1804 2567 1856 me,
2589 1796 2634 1843 et
2654 1787 2871 1860 palpabo
2892 1788 3170 1855 columnas,
3194 1802 3346 1859 super
3369 1801 3496 1859 quas

1913 1886 2093 1940 domus
2120 1882 2417 1953 conﬁrmata
2445 1889 2517 1936 est
2544 1895 2693 1951 super
2718 1895 2821 1934 eas.

734 2262 878 2335 DE
932 2256 1689 2347 SUBSEQUENTI
1751 2250 2525 2340 QUIESTIONUM
2588 2246 2988 2320 OPEBE.

1685 2409 2051 2467 sum»

1387 2554 1513 2598 LIB.
1557 2552 1630 2596 II.
1667 2546 1982 2593 BETRACT.
2016 2547 2220 2592 CAPUT
2258 2546 2360 2591 LV.

288 2697 341 2751 1.
387 2693 583 2748 Eodem
612 2699 833 2761 tempore
872 2688 946 2763 (a)
975 2687 1157 2756 scripsi
1179 2685 1332 2739 etiam
1359 2682 1512 2737 libros
1543 2678 1890 2744 Qucestiouum
1919 2674 1981 2728 de
2008 2672 2171 2727 Libris
2200 2671 2387 2727 eisdem
2412 2668 2595 2724 divinis
2621 2677 2828 2740 septem,
2853 2683 2977 2738 quos
3004 2666 3118 2721 ideo
3142 2666 3399 2738 appellare
3423 2683 3499 2721 sic

217 2788 371 2853 votui,
411 2786 533 2857 quia
560 2800 620 2839 ea
788 2782 856 2837 ibi
882 2758 1227 2852 disputantur,
1269 2777 1430 2846 magis
1459 2770 1731 2846 quaerenda
1760 2766 2020 2841 proposui,
2050 2782 2202 2836 quam
2229 2763 2439 2834 quaesita
2467 2761 2713 2828 dissolvi;
2742 2758 2968 2830 quamvis
2994 2759 3150 2812 multo
3178 2758 3325 2829 plura
3353 2759 3405 2813 in
3435 2760 3506 2814 eis

218 2882 338 2935 mihi
358 2852 640 2935 (videantur
657 2852 738 2932 ita
769 2884 1098 2949 pertractata,
1126 2882 1182 2927 ut
1208 2871 1399 2943 possint
1423 2869 1576 2924 etiam
1610 2865 1780 2922 soluta
1815 2872 1860 2918 et
1888 2862 2116 2932 exposita
2144 2877 2245 2914 non
2270 2858 2520 2913 immerito
2538 2855 2786 2927 judicari.
2818 2852 3107 2925 Regnorum
3132 2869 3324 2924 quoque
3351 2853 3503 2907 libros

219 2974 397 3030 eodem
429 2972 579 3025 modo
593 2972 709 3041 jam
732 2946 1051 3024 considerare
1074 2980 1381 3035 ceperamus
1402 2977 1423 3025 ;
1448 2962 1535 3016 sed
1562 2976 1665 3014 non
1688 2956 1903 3012 multum
1929 2953 2197 3026 progressi,
2227 2953 2280 3006 in
2304 2952 2407 3005 alia
2432 2965 2545 3019 qua:
2564 2948 2724 3019 magis
2748 2949 3014 3018 urgebant,
3040 2947 3261 2999 animum
3284 2946 3506 3000 intendi-

218 3082 343 3120 mus.
381 3062 456 3119 In
498 3038 662 3133 primo
688 3070 856 3115 autem
885 3059 1033 3123 libro,
1072 3056 1157 3111 ubi
1182 3055 1351 3125 agitur
1378 3053 1441 3106 de
1466 3052 1618 3122 virgis
1642 3046 1869 3114 variatis,
1898 3061 2024 3117 quas
2056 3042 2269 3116 ponebat
2296 3039 2459 3096 Iacob
2488 3041 2541 3093 in
2567 3056 2717 3110 aqua,
2746 3048 2800 3092 ut
2829 3038 2882 3091 in
2910 3047 3151 3107 conceptu
3190 3039 3368 3108 posin
3392 3053 3506 3091 oves

220 3176 301 3214 eas
328 3158 560 3213 viderent
602 3172 714 3209 cum
744 3153 982 3220 biberent,
1013 3160 1059 3205 et
1084 3151 1249 3204 varios
1278 3149 1409 3218 [etus
1439 3153 1669 3217 parerent
1695 3143 1911 3212 (Quast.
1940 3140 2034 3212 95)
2059 3156 2075 3207 ;
2117 3156 2219 3194 non
2260 3138 2382 3193 bene
2409 3153 2441 3191 a
2470 3135 2610 3191 nobis
2649 3135 2879 3205 exposita
2908 3143 2980 3188 est
3007 3150 3180 3200 causa,
3209 3149 3298 3186 cur
3324 3133 3505 3186 iterum

220 3252 621 3325 concipientibus
648 3267 745 3305 non
773 3248 1009 3320 ponebat,
1040 3245 1095 3299 id
1120 3254 1191 3299 est
1216 3259 1332 3297 cum
1357 3241 1485 3295 alios
1509 3245 1641 3312 fetus
1667 3236 2003 3305 conciperent,
2029 3233 2119 3288 sed
2143 3233 2197 3286 in
2223 3231 2391 3303 priore
2413 3238 2674 3300 conceptu.
2710 3226 2851 3281 Nam
2877 3227 3164 3297 quaestionis
3193 3225 3401 3278 alterius
3424 3240 3512 3277 ea:-

220 3315 409 3418 positio
432 3344 541 3418 (Id.
570 3343 682 3415 95),
706 3315 789 3395 ubi
817 3340 1058 3412 quaeritur
1082 3354 1173 3391 cur
1202 3334 1382 3389 dixerit
1406 3348 1579 3387 socero
1604 3346 1696 3385 suo
1721 3326 1902 3391 Iacob,
1941 3346 1960 3378 ι
1996 3324 2064 3379 Et
2089 3324 2327 3393 decepisti
2352 3320 2627 3375 mercedem
2654 3335 2815 3373 meam
2840 3318 3012 3373 decem
3040 3317 3265 3390 agnabus
3294 3337 3313 3370 ι
3347 3315 3508 3386 (Gen.

221 3416 379 3508 sm,
415 3416 529 3509 41),
561 3438 683 3491 satis
724 3435 962 3489 veraciter
989 3430 1223 3493 enodata,
1254 3429 1561 3481 demonstrat
1588 3424 1741 3477 istam
1770 3422 1899 3475 sicut
1925 3419 2052 3473 solvi
2092 3417 2259 3472 debuit
2288 3432 2390 3471 non
2418 3416 2654 3469 solutam.

287 3533 341 3588 2.
359 3502 375 3508 ⁷
395 3530 463 3585 In
487 3502 634 3585 tertio
657 3544 848 3599 quoque
877 3524 1004 3580 libro
1029 3523 1113 3576 ubi
1142 3521 1203 3575 de
1228 3534 1423 3573 summo
1446 3518 1613 3587 agitur
1635 3513 1914 3577 sacerdote,
1937 3510 2188 3582 quomodo
2214 3508 2412 3562 creabat
2442 3507 2600 3575 ﬁlios,
2633 3521 2746 3558 cum
2772 3503 2973 3557 haberet
2996 3502 3334 3557 necessitatem
3359 3503 3432 3556 bis
3455 3502 3510 3556 in

225 3631 300 3683 die
334 3626 541 3697 ingredi
564 3626 619 3678 in
642 3622 834 3678 Sancta
857 3628 1164 3682 sanctorum,
1194 3614 1279 3668 ubi
1309 3622 1415 3666 erat
1444 3612 1605 3664 altare
1628 3607 1838 3671 incensi,
1869 3606 1937 3660 ad
1961 3604 2275 3673 offerendum
2304 3603 2562 3655 incensum
2592 3614 2736 3651 mane
2760 3606 2806 3651 et
2834 3613 3036 3663 vespera
3066 3594 3259 3667 (Exod.
3287 3610 3422 3657 xxx,
3457 3595 3513 3659 7,

227 3723 299 3794 8),
341 3736 449 3795 quo
475 3736 573 3774 non
605 3725 789 3789 posset,
820 3715 947 3768 sicut
977 3710 1086 3765 Lex
1129 3710 1270 3775 dicit,
1301 3704 1592 3760 immundus
1621 3703 1852 3766 intrare;
1881 3708 1927 3755 et
1957 3698 2131 3753 eadem
2158 3694 2267 3749 Lea:
2293 3695 2445 3756 dicat,
2486 3690 2799 3745 inunundum
2843 3691 2949 3760 ﬁeri
2980 3689 3228 3743 hominem
3272 3689 3417 3741 etiam
3446 3704 3509 3742 ex

229 3778 497 3867 concubitu
523 3778 799 3877 conjugali,
830 3820 974 3874 quem
993 3801 1137 3872 jubet
1177 3798 1377 3867 quidem
1418 3795 1578 3850 lavari
1602 3808 1754 3861 aqua,
1783 3789 1872 3844 sed
1900 3797 1946 3842 et
1977 3787 2132 3842 lotum
2161 3785 2282 3839 dicit
2324 3782 2639 3836 immundum
2679 3797 2785 3835 esse
2811 3797 2965 3847 usque
2990 3780 3057 3833 ad
3100 3796 3355 3848 vesperam
3386 3778 3512 3848 (Le-

230 3906 313 3958 rit.
340 3915 444 3966 xv,
478 3900 568 3969 i6)
588 3871 767 3964 {unde
795 3871 923 3959 dixi,
948 3912 965 3944 ι
995 3871 1310 3962 Consequens
1336 3888 1509 3959 fuisse,
1541 3893 1594 3938 ut
1619 3892 1706 3936 aut
1732 3882 1990 3935 continens
2019 3886 2163 3937 esset.
2195 3884 2278 3929 aut
2301 3874 2474 3928 diebus
2499 3872 2746 3942 aliquibus
2766 3872 3176 3926 intermitteretur
3200 3871 3457 3926 incensum
3489 3888 3509 3924 ι

234 3960 457 4063 (Qutest.
489 3960 625 4061 82):
658 4006 758 4043 non
782 3988 887 4040 vidi
912 4002 1010 4039 non
1037 3960 1191 4055 fuisse
1237 3993 1559 4050 consequens.
1594 3973 1769 4027 Potest
1797 3971 1925 4026 enim
1953 3970 2025 4024 sic
2044 3966 2259 4037 intelligi
2282 3964 2414 4035 quod
2455 3964 2698 4033 scriptum
2725 3971 2815 4028 est,
2845 3980 2863 4013 ι
2894 3960 3196 4015 Immundas
3225 3963 3317 4015 erit
3359 3979 3519 4033 usque

235 4086 297 4139 ad
321 4098 607 4155 vesperam,
635 4099 653 4132 )
688 4090 744 4133 ut
783 4095 871 4148 per
895 4054 1059 4147 ipsam
1086 4086 1343 4143 vesperam
1369 4071 1473 4136 iant
1492 4083 1594 4120 non
1622 4074 1746 4120 esset
1772 4063 2081 4125 immundus,
2124 4059 2212 4113 sed
2250 4075 2409 4129 usque
2435 4056 2503 4110 ad
2532 4057 2715 4128 ipsam,
2748 4065 2800 4108 ut
2843 4054 3121 4119 vespertino
3156 4055 3269 4124 jam
3300 4065 3524 4124 tempore

238 4181 496 4234 incensum
540 4175 758 4229 mundus
786 4169 1012 4237 oﬂ'erret,
1053 4184 1167 4222 cum
1196 4173 1400 4236 prapter
1424 4158 1669 4215 creandos
1696 4156 1831 4227 ﬁlios
1861 4165 1973 4226 post
2000 4154 2301 4207 matutinum
2326 4154 2585 4205 incensum
2625 4149 2809 4202 mixtus
2834 4156 2959 4200 esset
2985 4148 3149 4200 uxori.
3184 4146 3411 4217 Itemque
3440 4147 3523 4201 ubi

240 4269 501 4341 quaesitum
527 4274 619 4330 est,
646 4260 895 4333 quomodo
920 4258 1199 4329 prohibitus
1228 4264 1353 4310 esset
1379 4267 1530 4321 super
1552 4252 1709 4321 {unus
1736 4247 1896 4319 patris
1925 4246 2157 4301 sacerdos
2182 4260 2405 4298 summus
2432 4243 2623 4295 intrare
2646 4239 2827 4311 (Leuit.
2858 4255 2967 4302 χχι,
3000 4238 3111 4309 11),
3134 4256 3249 4293 cum
3274 4257 3387 4293 eum
3412 4242 3525 4309 ﬁeri

241 4330 549 4416 sacerdotem
576 4330 797 4428 (quando
825 4370 952 4407 unus
975 4350 1104 4419 erat)
1130 4349 1227 4403 nisi
1253 4355 1366 4417 post
1391 4352 1600 4399 mortem
1626 4339 1899 4394 sacerdotis
1920 4338 2078 4407 patris
2103 4352 2202 4389 non
2225 4342 2473 4406 oporteret
2496 4348 2515 4396 ;
2542 4332 2669 4395 dixi,
2700 4350 2717 4382 ι
2762 4330 2975 4399 Propter
2996 4330 3088 4383 hoc
3116 4346 3313 4384 necesse
3337 4332 3510 4400 fuisse,

244 4457 469 4507 nondum
493 4421 685 4520 sepulto
710 4458 851 4520 patre
876 4443 1044 4498 statim
1072 4450 1183 4513 post
1210 4440 1319 4511 ejus
1342 4445 1570 4501 mortem,
1606 4434 1768 4495 lilium
1792 4432 1898 4501 ejus
1920 4427 2174 4492 constitui,
2211 4426 2296 4494 qui
2319 4424 2601 4478 succederet
2630 4422 2761 4493 patri
2782 4438 2801 4486 ;
2831 4429 3032 4491 propter
3062 4421 3211 4474 client
3251 4423 3520 4476 continua-

244 4548 395 4600 tionis
422 4511 857 4609 inceitsumiquod
885 4536 960 4589 bis
999 4536 1052 4588 in
1073 4511 1158 4586 (die
1186 4545 1383 4585 necesse
1405 4535 1513 4583 erat
1540 4523 1714 4591 olferri
1742 4542 1761 4575 ι
1789 4524 2002 4593 (Qmest.
2032 4518 2122 4587 85)
2148 4534 2165 4581 ;
2189 4516 2273 4588 qui
2299 4515 2533 4569 sacerdos
2556 4528 2707 4584 super
2730 4520 2939 4564 mortem
2968 4511 3191 4565 nondum
3218 4513 3403 4581 sepulti
3429 4531 3525 4582 pa-

246 4641 331 4693 tris
360 4636 652 4709 prohibetur
674 4603 882 4686 intrare.
918 4626 1022 4683 Sed
1052 4641 1234 4696 parum
1258 4621 1466 4687 attendi,
1510 4618 1728 4687 potuisse
1750 4615 1844 4668 hoc
1873 4610 2081 4684 praecipi
2102 4609 2262 4680 magis
2292 4616 2495 4677 propter
2520 4605 2657 4670 illos,
2692 4604 2777 4674 qui
2807 4603 2966 4673 futuri
2997 4606 3195 4673 fuerant
3224 4606 3408 4658 summi
3431 4623 3517 4659 sa-

248 4694 468 4786 cerdotes
488 4745 586 4783 non
614 4724 839 4798 patribus
860 4720 1068 4778 summis
1094 4713 1434 4772 sacerdotibus
1453 4710 1789 4773 succedentes,
1818 4703 1906 4760 sed
1932 4714 2098 4756 tamen
2115 4716 2177 4754 ea:
2200 4699 2343 4768 ﬁliis,
2366 4697 2420 4751 id
2448 4705 2520 4750 est
2546 4710 2609 4749 ea:
2632 4694 2841 4765 posteris
2863 4694 3053 4757 Aaron.
3081 4695 3122 4747 si
3145 4698 3275 4766 forte
3294 4712 3518 4750 summus

250 4823 499 4884 sacerdos,
532 4786 625 4871 σαί
648 4816 782 4886 ﬁlios
808 4830 908 4868 non
934 4811 1155 4874 haberet,
1198 4814 1285 4859 aut
1313 4804 1386 4858 ita
1426 4800 1663 4871 reprobos
1692 4798 1892 4852 haberet
1935 4804 1990 4847 ut
2021 4792 2192 4847 nullus
2234 4804 2406 4844 eorum
2437 4787 2570 4859 patri
2596 4786 2793 4840 deberet
2816 4786 3079 4840 succedere
3110 4801 3127 4839 :
3153 4787 3280 4839 sicut
3313 4789 3523 4841 Samuel

251 4928 442 4969 summa
463 4877 709 4966 sacerdoti
736 4906 855 4961 Heli
880 4902 1111 4960 successit
1139 4898 1193 4974 (l
1216 4898 1345 4969 Reg.
1371 4894 1421 4967 ι)
1445 4912 1460 4962 ;
1490 4909 1601 4949 cum
1620 4888 1893 4946 sacerdotis
1918 4887 2053 4956 ﬁlius
2072 4886 2179 4956 ipse
2203 4899 2303 4937 non
2329 4888 2451 4936 esset
2478 4880 2567 4935 sed
2592 4889 2758 4933 tamen
2778 4894 2840 4932 ea:
2862 4879 3004 4946 ﬁliis,
3037 4877 3130 4931 hoc
3157 4888 3247 4940 est,
3276 4894 3338 4930 ex
3364 4888 3526 4945 poste-

254 5024 320 5060 m
345 5014 468 5060 esset
490 5004 681 5057 Aaron.

324 5100 377 5154 5.
418 5096 497 5151 De
525 5096 718 5149 latrone
746 5092 895 5147 etiam
922 5089 1001 5143 cui
1030 5087 1216 5141 dictum
1242 5092 1334 5147 est,
1371 5100 1390 5133 ι
1420 5079 1587 5135 Hodie
1613 5091 1804 5131 mecum
1826 5072 1923 5128 eris
1950 5073 2005 5125 in
2030 5070 2267 5137 paradiso
2298 5086 2317 5121 ι
2354 5065 2503 5142 (Luc.
2536 5081 2687 5128 χχιιι,
2719 5062 2832 5135 43),
2862 5062 2995 5133 quod
3024 5077 3122 5114 non
3150 5060 3297 5129 fuerit
3324 5062 3527 5117 visibilio

259 5198 330 5242 ter
358 5188 658 5258 baptizatus,
688 5183 831 5254 quasi
856 5188 1045 5234 certum
1069 5178 1214 5249 posui
1242 5174 1458 5247 (Qumst.
1484 5173 1597 5242 84),
1627 5186 1740 5225 cum
1766 5168 1831 5222 sit
1858 5165 2123 5223 incertum,
2153 5161 2410 5232 magisque
2433 5160 2579 5213 illum
2606 5156 2914 5223 baptizatum
2938 5153 3092 5223 fuisse
3116 5152 3415 5207 credendum
3441 5158 3527 5222 sit,

261 5280 385 5334 sicut
409 5245 499 5350 ego
523 5245 719 5347 quoque
743 5272 863 5327 alibi
894 5245 1356 5343 posteavdisputavi.
1386 5264 1518 5319 Item
1543 5263 1676 5335 quod
1696 5263 1746 5315 in
1774 5258 1948 5330 quinto
1975 5256 2101 5310 libro
2122 5254 2250 5322 dixi,
2278 5253 2363 5307 ubi
2381 5256 2830 5305 commemorantur
2852 5254 3036 5297 matres
3055 5245 3107 5297 in
3132 5246 3531 5315 generationibus

265 5334 576 5441 euangelicis,
610 5334 762 5420 t'non
791 5382 874 5419 eas
894 5334 1105 5433 'positas
1143 5334 1239 5412 nisi
1268 5374 1383 5411 cum
1413 5334 1637 5427 patribus
1678 5373 1695 5404 ι
1732 5349 1841 5423 (Id.
1871 5348 1986 5420 46),
2017 5363 2189 5401 verum
2229 5354 2302 5399 est
2330 5343 2551 5414 quidem,
2578 5339 2667 5393 sed
2695 5342 2761 5390 ad
2788 5352 2891 5389 rem
2919 5335 2981 5389 de
3020 5352 3121 5406 qua
3146 5334 3385 5406 agebatur
3429 5355 3530 5396 non

327 5506 397 5568 (a)
419 5513 520 5565 Quo
555 5504 1035 5568 nimirumtempore
1072 5494 1379 5568 superiorem
1404 5491 1729 5568 itocutionur‘n
1764 5486 2256 5568 collectiottem,‘qua‘3
2282 5485 2329 5533 in
2353 5477 3136 5568 11ὺ;.1,ιῆς1ςξιείᾳῑῖίοᾚςῐξξορκ54
3168 5479 3526 5568 rfcensitalest,

1551 5553 1874 5628 ερυεεεςιίοημμι
1894 5552 1945 5600 ω
1969 5541 2369 5628 sentiemus
2386 5546 2525 5628 run
2781 5541 3026 5628 σοίὲίίξίιξιθθ
3047 5541 3392 5628 inermum”,
3408 5541 3533 5615 ξίιιιῖο

784 5599 1531 5689 dy'ééigﬁ&'}rinruﬁ,'fu€iﬂué
1554 5599 1964 5689 t‘uui_ll.ocutiones
2069 5611 2239 5689 iis-(12m
2257 5599 2434 5689 dignis
2457 5606 2603 5689 libris
2856 5599 3142 5689 intelligitur
3166 5616 3226 5676 ex
3268 5599 3531 5689 ωαξῑὶουί-

330 5639 467 5679 τιθοιι
490 5642 502 5676 :
529 5639 619 5676 ntSl
640 5639 769 5689 quoa
784 5639 1081 5680 quaesumus
1104 5639 1326 5682 prmium,
1350 5639 1530 5665 ucnuuc
1555 5639 1654 5664 ιωιι
1678 5639 1960 5662 ι.υυυιιυυω
1982 5639 2044 5659 ur.
2071 5639 2239 5659 llaur-Iu
2261 5639 2434 5655 tum...)
2458 5639 2603 5652 ..ι
2624 5639 2829 5653 ...ην-..ην
2856 5639 3007 5651 .....,,..
3048 5639 3132 5652 η...
3166 5639 3226 5652 νη
3268 5639 3531 5653 mnum,“

264 5639 355 5737 B35
377 5690 438 5740 de
460 5688 641 5746 Exodo,
664 5698 770 5749 cap.
790 5682 933 5749 12,}.
950 5684 998 5749 7_,
1018 5688 1070 5749 et.
1092 5680 1426 5749 Loculiouihus
1446 5676 1786 5749 de‘ludicilgus,
1813 5687 1917 5749 σξη).
1952 5667 2383 5749 χγνὲφξΑῂ
2399 5668 2599 5749 tametsi
2615 5667 2668 5742 in
2685 5639 3111 5749 “etram/titionibus
3132 5666 3343 5729 priorem
3374 5664 3536 5719 locum

258 5730 454 5803 degerit
463 5730 776 5800 iﬁéﬁubﬁﬁis
794 5730 1086 5801 collectioni,
1112 5746 1235 5792 l'orte
1252 5741 1365 5806 quia
1390 5752 1497 5789 eam
1518 5738 1610 5788 ltoc
1624 5730 1796 5787 ordine
1810 5730 1914 5785 slie
1936 5736 2119 5783 dictare
2140 5738 2373 5794 etherat,
2398 5731 2503 5779 sive
2529 5730 2626 5793 legi
2654 5735 2860 5782 vulnlmt,
2959 5732 2973 5743 '
