3902 6300
160 380 259 438 δυ)

163 492 387 568 plurium
426 488 679 545 codicum
702 484 1028 542 mendositas
1056 480 1260 552 peperit
1292 477 1391 551 (a).
1433 476 1549 534 Non
1578 476 1750 532 solum

166 586 353 656 quippe
389 583 445 637 in
492 578 730 636 Hebrzeis
769 576 929 632 aliter
970 574 1264 636 invenitur;
1293 585 1480 625 verum
1508 569 1667 624 etiam
1697 568 1747 623 in

165 676 511 747 Septuaginta
535 671 994 743 interpretatbne,
1022 666 1374 723 Mathusalam
1399 664 1452 720 in
1480 664 1749 719 codicibus

166 768 519 841 paucioribus,
565 764 663 819 sed
690 761 1069 826 veracioribus,
1111 774 1207 815 sex
1230 772 1403 814 annos
1442 766 1567 811 ante
1607 756 1746 810 dilu-

172 860 298 914 tium
325 856 596 926 reperitur
623 853 787 908 fuisse
812 851 1117 908 defunctus.

234 949 315 1004 ιιι.
346 948 453 1023 [lb.
486 963 560 1013 vi,
590 942 671 1019 4.]
709 945 839 1001 item
881 943 1141 1015 qumritur
1181 940 1629 1014 quemadmodum
1656 956 1752 1011 po-

166 1041 358 1097 tuerint
408 1038 586 1110 angeli
626 1052 747 1091 eum
776 1034 985 1091 filiabus
1026 1032 1305 1089 hominum
1348 1031 1705 1095 concumbere
1730 1071 1745 1097 ,

165 1134 295 1188 unde
315 1132 560 1203 gigantes
583 1130 690 1184 nati
706 1142 826 1183 esse
844 1126 1223 1197 perhibentur:
1242 1126 1484 1195 quamvis
1505 1124 1747 1180 nonnulli

164 1236 214 1281 et
237 1225 381 1280 latini
425 1231 484 1280 et
509 1223 668 1295 graeci
706 1221 921 1277 codices
948 1235 1057 1275 non
1100 1219 1320 1286 angelos
1360 1219 1607 1285 habeant,
1652 1218 1746 1274 sed

157 1318 292 1376 ﬁlios
320 1318 455 1381 Dei;
483 1331 618 1387 quos
642 1313 856 1385 quidam
881 1313 949 1368 ad
978 1311 1288 1369 solvendam
1316 1313 1472 1368 istam
1496 1313 1749 1382 qumstio—

161 1420 296 1475 nem,
316 1410 497 1478 iustos
520 1407 763 1462 homines
782 1404 947 1461 fuisse
964 1404 1326 1469 crediderunt,
1349 1404 1441 1474 qui
1462 1412 1747 1473 potuerunt

162 1501 310 1555 etiam
346 1498 662 1569 angelorum
690 1497 906 1551 nomine
931 1496 1249 1566 nuncupari.
1279 1494 1413 1551 Nam
1440 1495 1506 1551 de
1530 1495 1748 1552 homine

162 1592 356 1647 Joanne
401 1590 659 1659 scriptum
687 1597 789 1655 est,
838 1585 970 1641 Ecce
1008 1603 1099 1657 ego
1127 1586 1270 1640 mitto
1313 1587 1551 1658 angelum
1582 1602 1747 1641 meum

162 1692 268 1738 ante
281 1682 463 1753 {aciem
486 1687 646 1744 tuam,
662 1679 748 1748 qui
768 1676 1070 1750 prwparabit
1085 1678 1217 1732 viam
1232 1684 1370 1730 tuam
1394 1674 1645 1749 (Malach.
1663 1690 1743 1743 ιιι,

162 1775 233 1847 1).
263 1774 366 1830 Sed
395 1774 504 1828 hoc
550 1781 747 1837 movet,
795 1769 1063 1841 quomodo
1097 1768 1185 1823 vel
1223 1783 1288 1823 ex
1320 1768 1591 1822 hominum
1617 1782 1745 1823 con-

163 1867 326 1922 cubitu
356 1866 469 1920 nati
503 1873 625 1918 sunt
666 1863 927 1934 gigantes,
958 1862 1044 1915 vel
1075 1860 1284 1915 feminis
1309 1860 1536 1915 miscere
1559 1874 1621 1913 se
1646 1874 1745 1927 po-

161 1968 384 2023 tuerunt,
416 1958 464 2011 si
495 1970 604 2011 non
650 1955 912 2020 homines,
940 1951 1035 2007 sed
1059 1952 1234 2021 angeli
1267 1950 1519 2005 fuerunt?
1547 1948 1652 2008 Sed
1678 1950 1745 2006 de

161 2050 473 2121 gigantibus,
508 2048 563 2103 id
597 2056 699 2113 est,
741 2046 959 2100 nimium
986 2044 1278 2115 grandibus
1307 2054 1465 2114 atque
1493 2042 1741 2111 fortibus,

162 2149 278 2208 puto
319 2154 425 2193 non
472 2151 595 2192 esse
638 2134 937 2189 mirandum
980 2132 1119 2203 quod
1148 2148 1214 2187 ex
1260 2131 1567 2187 hominibus
1596 2132 1742 2187 nasci

163 2236 475 2298 potuerunt;
506 2226 628 2297 quia
653 2235 708 2281 et
735 2233 854 2294 post
880 2224 1135 2278 diluvium
1165 2222 1382 2293 quidam
1413 2222 1548 2277 tales
1581 2222 1743 2277 fuisse

163 2320 533 2389 reperiuntur;
563 2325 618 2371 et
643 2314 885 2386 quaedam
923 2328 1145 2383 corpora
1177 2313 1450 2367 hominum
1483 2314 1535 2366 in
1569 2314 1742 2367 incre-

162 2410 362 2466 dibilem
391 2409 617 2466 modum
659 2407 913 2476 ingentia,
946 2408 1140 2461 nostris
1169 2419 1381 2475 quoque
1414 2404 1742 2472 temporibus

162 2503 489 2567 exstiterunt,
522 2516 626 2554 non
656 2499 829 2553 solum
857 2496 1115 2561 virorum,
1162 2509 1347 2550 verum
1375 2495 1535 2549 etiam
1582 2494 1740 2549 femi-

163 2609 353 2649 narum.
385 2593 547 2650 Unde
561 2591 866 2647 credibilius
886 2598 967 2645 est
991 2588 1235 2643 homines
1252 2588 1426 2655 justos
1447 2588 1740 2657 appellatos

164 2685 236 2739 vel
258 2686 498 2756 angelos,
528 2684 611 2738 vel
643 2683 779 2737 ﬁlios
805 2682 924 2747 Dei,
950 2680 1381 2749 concupiscentia
1406 2678 1584 2748 lapsos
1618 2695 1740 2748 pec-

163 2791 297 2832 casse
320 2793 440 2832 cum
472 2775 706 2841 feminis,
735 2789 893 2844 quam
919 2773 1136 2843 angelos
1161 2787 1376 2827 carnem
1403 2787 1508 2826 non
1537 2771 1735 2828 haben-

165 2878 236 2925 tes
277 2885 441 2940 usque
491 2868 560 2922 ad
607 2868 734 2922 illud
778 2875 1053 2935 peccatum
1101 2864 1430 2919 descendere
1459 2866 1734 2934 potuisse:

163 2962 385 3030 quamvis
424 2962 500 3015 de
525 2958 836 3029 quibusdam
865 2957 1218 3020 daemonibus,
1263 2957 1353 3027 qui
1380 2957 1487 3011 sint
1512 2956 1735 3025 improbi

164 3054 483 3117 mulieribus,
524 3066 555 3104 a
582 3050 759 3103 multis
789 3057 895 3102 tam
939 3049 1103 3102 multa
1130 3047 1390 3111 dicantur,
1425 3056 1482 3101 ut
1517 3064 1621 3103 non
1657 3046 1735 3101 fa-

163 3144 253 3199 cie
283 3144 348 3198 sit
372 3144 437 3199 de
470 3143 569 3195 hac
594 3157 651 3195 re
676 3139 974 3195 definienda
1002 3140 1285 3195 sententia.

225 3235 303 3291 ιν.
337 3237 437 3309 [lb.
486 3251 561 3301 vt,
596 3232 705 3306 15.]
737 3234 809 3287 De
850 3247 973 3286 arca
1018 3232 1128 3286 Noe
1175 3231 1337 3300 qiuari
1381 3230 1518 3286 solet
1561 3239 1734 3285 utrum

163 3336 291 3381 tanta
320 3327 617 3398 capacitate
652 3332 847 3395 quanta
878 3322 1219 3384 describitur,
1264 3322 1510 3376 animalia
1558 3323 1733 3375 omnia

163 3432 269 3487 quae
300 3420 348 3473 in
380 3434 503 3473 eam
531 3416 765 3486 ingressa
796 3413 1061 3478 dicuntur,
1092 3420 1148 3466 et
1186 3425 1338 3466 escas
1380 3427 1561 3466 eorum
1596 3411 1733 3466 ferre

162 3508 391 3578 potuerit.
422 3510 596 3578 Quam
624 3507 967 3578 qumsticnem
1001 3505 1177 3559 cubito
1216 3503 1539 3572 geometrico
1578 3505 1735 3558 solvit

165 3599 434 3669 Origenes,
488 3614 733 3655 asserens
776 3613 879 3652 non
925 3596 1118 3650 frustra
1164 3594 1492 3663 Scripturam
1535 3594 1734 3649 dixisse

166 3692 289 3762 quod
315 3693 529 3764 Moyses
570 3688 714 3744 omni
740 3688 996 3757 sapientia
1025 3686 1396 3757 [Egyptiorum
1430 3684 1588 3738 fuerit
1612 3700 1732 3738 eru—

165 3782 288 3837 ditus
319 3784 454 3855 (Act.
488 3796 582 3847 vn,
611 3780 727 3851 ‘22),
756 3795 843 3848 qut
868 3778 1242 3847 geometricam
1271 3775 1591 3829 dilexerunt.
1624 3773 1731 3829 Ctt—

166 3872 313 3928 bitutn
343 3886 525 3929 autem
550 3871 927 3941 geometricum
951 3868 1076 3923 dicit
1120 3876 1319 3922 tantum
1362 3866 1534 3920 valere
1562 3882 1729 3935 quan—

168 3974 263 4020 tum
289 3979 469 4021 nostra
494 3966 669 4021 cubita
695 3979 790 4018 sex
830 3963 1024 4017 valent.
1055 3961 1111 4015 Si
1136 3976 1263 4029 ergo
1290 3969 1395 4013 tam
1424 3976 1607 4028 magna
1636 3978 1729 4014 cu-

166 4054 259 4111 bita
286 4060 660 4127 intelligamus,
690 4056 831 4108 nulla
861 4053 1080 4122 qumstio
1107 4061 1205 4115 est,
1242 4061 1410 4131 tantae
1429 4051 1732 4119 capacitatis

166 4159 327 4203 arcam
368 4150 559 4214 fuisse,
583 4158 639 4200 ut
668 4153 846 4214 posset
874 4143 957 4196 illa
985 4142 1159 4195 omnia
1188 4141 1482 4195 continere.

233 4237 289 4291 V.
320 4238 416 4312 [lb.
448 4253 525 4301 Vt,
556 4233 666 4307 15.]
692 4236 819 4289 item
850 4233 1104 4301 qumritur
1133 4240 1306 4283 utrum
1330 4245 1452 4282 arca
1484 4238 1587 4282 tam
1616 4245 1729 4282 ma-

168 4342 255 4396 gna
289 4342 499 4385 centum
530 4328 681 4383 annis
712 4325 942 4395 potuerit
968 4322 1211 4377 fabricari
1240 4340 1267 4374 a
1298 4330 1526 4392 quatuor
1552 4320 1728 4375 homi-

167 4421 324 4489 nibus,
368 4424 423 4478 id
467 4432 569 4488 est,
613 4419 725 4475 Noe
751 4427 805 4473 ct
852 4418 1017 4471 tribus
1054 4417 1175 4470 [illis
1217 4416 1352 4483 ejus.
1400 4415 1503 4469 Sed
1547 4415 1728 4469 sinon

169 4516 339 4581 potuit,
362 4532 469 4570 non
487 4521 601 4567 erat
620 4526 866 4581 magnum
890 4509 1065 4563 fabros
1092 4508 1223 4563 alios
1237 4508 1489 4563 adhibere
1512 4526 1522 4560 :
1544 4523 1728 4577 qnam-

169 4604 240 4657 vis
262 4610 430 4675 aperis
460 4606 539 4660 sui
565 4604 807 4660 mercede
834 4609 1048 4670 accepta
1076 4614 1180 4653 non
1207 4600 1527 4661 curaverint,
1554 4607 1727 4651 utrum

170 4708 272 4749 eam
296 4696 403 4752 Noe
444 4698 728 4765 sapienter,
760 4708 825 4746 an
852 4705 981 4746 vero
1008 4690 1233 4743 inaniter
1259 4687 1645 4752 fabricaretur;
1678 4696 1731 4740 et

172 4784 277 4841 ideo
297 4804 398 4843 non
422 4790 473 4842 in
495 4800 613 4842 eam
630 4784 960 4850 intraverint,
978 4782 1099 4853 quia
1120 4796 1225 4835 non
1244 4778 1564 4833 crediderint
1588 4777 1728 4847 quod

172 4875 248 4931 ille
272 4881 586 4934 crediderat.

232 4967 313 5025 Vl.
346 4969 444 5044 [lb.
470 4986 546 5033 vt,
574 4965 686 5042 16.]
725 4965 859 5034 Quid
902 4974 983 5020 est
1026 4962 1164 5033 quod
1195 4963 1286 5027 ait,
1332 4976 1450 5016 cum
1482 4960 1549 5015 de
1592 4975 1730 5014 arere

173 5057 497 5118 fabricatione
536 5063 862 5132 loqueretur,
893 5056 1147 5126 Infen'ora
1175 5056 1474 5109 bicamerata
1504 5064 1549 5106 et
1576 5056 1726 5106 trica-

174 5162 348 5206 merata
375 5156 525 5225 facies
551 5169 661 5207 eam
689 5153 704 5183 ³
729 5152 751 5206 Ῠ
780 5150 894 5205 Non
921 5148 1060 5203 enim
1098 5146 1348 5200 inferiora
1378 5144 1548 5198 futura
1580 5153 1731 5197 erant

174 5237 471 5298 hicamerata
508 5252 563 5297 et
589 5243 945 5296 tricamerata.
997 5236 1102 5290 Sed
1151 5237 1203 5288 in
1254 5236 1351 5311 hac
1390 5235 1729 5288 distinctione

177 5337 325 5389 totam
366 5336 736 5391 instructuram
763 5334 783 5364 ¹
802 5330 917 5401 ejus
960 5328 1176 5397 intelligi
1218 5328 1400 5392 voluit,
1431 5336 1486 5380 ut
1515 5326 1731 5379 haberet

177 5528 248 5636 tu;
264 5529 513 5643 ξέίξῐέξιηῖ
535 5544 623 5596 ΡιὌ
641 5541 740 5596 quo
759 5535 890 5589 ωδε..
912 5539 1038 5588 eam,
1055 5526 1197 5590 juxta
1217 5531 1345 5585 Lxx,
1369 5522 1511 5575 autén
1537 5537 1555 5573 :
1572 5502 1730 5573 refer-

176 5653 410 5763 .égrﬁiﬁ.
439 5660 734 5710 structuram
766 5664 889 5717 eius.
920 5657 979 5703 At
1005 5664 1176 5703 omnes
1205 5650 1354 5701 nostri
1387 5654 1495 5700 Mss.
1513 5683 1530 5711 ,
1552 5645 1732 5699 insim-

168 5870 173 5880 ,
232 5810 483 5877 (alconis:
502 5816 591 5872 lib.
614 5817 905 5872 tuscum.
925 5815 1032 5879 Dei,
1051 5825 1157 5879 cap.
1185 5814 1260 5866 η.

1547 362 1754 419 LIBER
1790 362 2065 423 PRIMUS.

1855 476 2125 547 inferiora,
2171 481 2392 539 haberet
2410 495 2467 541 et
2493 489 2768 558 superiora
2793 491 3104 552 inferiorum
3132 496 3151 530 ί
3174 512 3297 573 quae
3336 515 3439 571 ap-

1852 572 2117 642 pellantur
2149 574 2507 646 bicamerata;
2541 579 2761 636 haberet
2804 593 2858 638 et
2884 586 3157 655 superiora
3184 572 3431 665 superio-

1853 677 1996 755 rum,
2042 682 2161 736 qua:
2204 668 2490 738 appellavit
2532 671 2887 730 tricamerata.
2922 677 2981 732 in
3019 679 3189 751 prima
3230 685 3428 755 quippe

1853 750 2196 821 habitatione,
2234 758 2288 813 id
2337 770 2419 816 est
2461 762 2514 817 in
2554 763 2917 836 inferioribus,
2956 770 3123 827 semel
3163 750 3433 832 camerata

1851 856 1966 901 erat
1989 862 2113 901 arca
2137 866 2153 915 ;
2185 849 2238 905 in
2261 852 2495 908 secunda
2522 870 2650 911 vero
2680 855 3004 917 habitatione
3028 876 3187 934 supra
3217 864 3435 920 inferio-

1851 950 1967 991 rem
1986 936 2095 1006 jam
2124 939 2443 1000 bicamerata
2470 956 2600 1011 erat,
2634 962 2698 1002 ac
2726 965 2819 1017 per
2845 949 2945 1007 hoc
2975 951 3028 1007 in
3071 956 3225 1011 tertia
3268 970 3431 1029 supra

1851 1030 2137 1086 secundam
2169 1032 2284 1089 sine
2321 1034 2484 1092 dubio
2510 1038 2844 1096 tricamerata
2872 1055 3004 1099 erat.

1927 1120 2032 1177 ΥΠ.
2066 1122 2165 1196 [11).
2194 1141 2267 1191 vr,
2298 1126 2413 1202 21.]
2452 1128 2710 1197 Quoniam
2740 1148 2846 1187 non
2892 1134 3061 1190 solum
3104 1139 3301 1209 vivere,
3338 1134 3432 1200 sed

1851 1213 2008 1267 etiam
2040 1217 2184 1287 pasci
2222 1217 2275 1272 in
2314 1234 2435 1276 arca
2462 1223 2707 1277 animalia
2736 1226 2878 1280 Deus
2918 1227 3067 1293 dixit,
3096 1238 3151 1288 et
3185 1230 3346 1302 jussit
3372 1247 3432 1293 ut

1848 1303 1963 1361 Noe
2002 1308 2070 1363 ab
2097 1311 2347 1367 omnibus
2375 1314 2511 1369 escis
2540 1326 2777 1373 sumeret
2815 1319 2915 1375 sibi
2942 1329 2997 1375 et
3038 1322 3161 1390 illis,
3210 1341 3328 1394 quae
3362 1327 3428 1384 ad

1851 1395 2001 1452 illum
2026 1398 2230 1456 fuerant
2254 1403 2553 1473 ingressum
2574 1424 2587 1460 :
2609 1410 2861 1478 qumritur
2878 1415 3142 1481 quomodo
3157 1415 3225 1469 ibi
3242 1414 3427 1476 leones

1850 1491 1934 1546 vel
1959 1493 2169 1562 aquilae,
2199 1511 2317 1565 qua:
2343 1511 2735 1556 consueverunt
2772 1505 3019 1577 carnibus
3051 1508 3248 1573 vivere,
3286 1512 3431 1580 pasci

1850 1584 2155 1650 potuerint;
2187 1594 2362 1640 utrum
2398 1600 2450 1643 et
2475 1590 2722 1645 animalia
2753 1602 2948 1662 praeter
2975 1596 3122 1650 illum
3152 1615 3429 1656 numerum

1848 1682 2066 1744 propter
2092 1677 2314 1732 aliorum
2341 1695 2518 1736 escam
2549 1681 2743 1739 fuerint
2786 1684 3108 1753 intromissa,
3141 1706 3205 1743 an
3251 1692 3430 1764 aliqua

1848 1778 2040 1836 praeter
2063 1784 2250 1825 carnes
2277 1771 2442 1841 (quod
2470 1774 2635 1843 magis
2661 1776 2982 1832 credendum
3011 1780 3112 1850 est)
3140 1796 3167 1833 a
3196 1782 3310 1837 viro
3336 1799 3427 1839 sa-

1848 1860 2045 1930 piente,
2071 1862 2151 1914 vel
2176 1863 2282 1918 Deo
2299 1863 2695 1920 demonstrante
2721 1869 2928 1937 provisa
2952 1870 3076 1936 sint,
3103 1887 3221 1942 quae
3243 1873 3424 1931 talium

1846 1968 2057 2023 quoque
2080 1954 2427 2010 animantium
2473 1958 2619 2011 escis.
2639 1961 3024 2016 convenirent?

1916 2044 2051 2101 Vill.
2084 2045 2181 2117 [lb.
2210 2061 2303 2111 vn,
2331 2047 2385 2114 8,
2414 2046 2494 2119 9.]
2534 2049 2684 2116 Quod
2712 2052 2964 2121 scriptum
2995 2063 3096 2117 est,
3130 2053 3191 2108 Et
3224 2072 3255 2108 a
3284 2057 3427 2112 vola-

1847 2137 2018 2191 tilibus
2046 2139 2246 2192 mundis
2274 2149 2319 2191 et
2346 2156 2377 2192 α
2402 2139 2686 2196 volatilibus
2708 2142 2996 2211 inmundis,
3041 2153 3087 2197 et
3113 2162 3144 2197 α
3168 2148 3426 2217 pecoribus

1844 2228 2045 2281 mundis
2073 2238 2119 2281 et
2145 2246 2175 2281 a
2202 2230 2457 2299 pecoribus
2483 2231 2771 2297 immundis,
2800 2242 2847 2287 et
2874 2233 2936 2286 ab
2963 2235 3191 2291 omnibus
3216 2255 3423 2307 serpen-

1845 2317 1973 2372 tibus
2001 2320 2054 2371 in
2092 2329 2225 2373 terra
2245 2337 2266 2385 ;
2304 2321 2445 2390 quod
2475 2321 2666 2378 deinde
2693 2339 2800 2378 non
2838 2325 3067 2389 additur,
3114 2326 3426 2383 subauditur

1842 2408 2052 2463 mundis
2078 2418 2133 2463 et
2160 2410 2445 2466 immundis
2473 2427 2488 2475 ;
2514 2423 2567 2467 et
2590 2413 2910 2483 adjungitnr,
2938 2414 3056 2469 Duo
3085 2417 3186 2471 duo
3218 2420 3237 2449 ²
3263 2420 3423 2474 intra-

1842 2509 2013 2554 uerunt
2034 2499 2102 2552 ad
2130 2499 2242 2554 Noe
2268 2500 2318 2554 in
2345 2516 2537 2566 arcam,
2565 2506 2819 2558 masculus
2845 2516 2889 2558 et
2916 2506 3123 2575 femina.
3157 2510 3422 2574 Quaeritur

1841 2590 2108 2661 quomodo
2149 2592 2393 2659 superius
2419 2592 2720 2647 distinxerit
2751 2594 2855 2647 duo
2884 2594 2988 2648 duo
3015 2596 3081 2650 ab
3112 2598 3417 2665 immundis,

1841 2698 1981 2737 nunc
2005 2690 2180 2737 autem
2211 2683 2324 2737 sive
2344 2699 2373 2735 a
2399 2682 2610 2737 mundis
2635 2684 2746 2738 sive
2774 2684 2841 2737 ab
2872 2684 3154 2740 immundis
3183 2688 3285 2742 duo
3310 2689 3417 2743 duo

1841 2774 1981 2831 dicat
2024 2776 2269 2830 intrasse.
2302 2775 2406 2829 Sed
2454 2775 2553 2830 hoc
2605 2777 2833 2831 refertur
2880 2793 2981 2831 non
3027 2778 3093 2833 ad
3141 2796 3417 2836 numerum

1840 2866 2155 2921 mundorum
2188 2867 2270 2920 vel
2297 2866 2684 2921 itnmundorum
2713 2869 3037 2933 animalium,
3065 2871 3157 2924 sed
3198 2871 3263 2925 ad
3309 2888 3423 2927 nta-

1839 2960 2042 3013 sculum
2064 2968 2116 3011 et
2137 2956 2386 3011 feminam
2412 2974 2427 3022 ;
2458 2959 2578 3028 quia
2602 2958 2652 3011 iu
2679 2959 2924 3012 omnibus
2944 2959 3056 3013 sive
3074 2961 3283 3015 mundis
3304 2963 3418 3017 sive

1838 3053 2123 3111 immundis
2149 3057 2254 3111 duo
2288 3065 2430 3119 sunt,
2459 3055 2727 3109 masculus
2751 3065 2807 3110 et
2831 3056 3047 3111 femina.

1912 3149 2001 3203 IX.
2043 3148 2140 3221 [lb.
2169 3166 2264 3215 vn,
2300 3147 2409 3221 15.]
2433 3148 2729 3203 Notandum
2756 3149 2895 3219 quod
2932 3152 3189 3220 scriptum
3218 3152 3420 3217 est,ln

1836 3258 1934 3313 quo
1976 3252 2047 3296 est
2079 3244 2285 3313 spiritus
2329 3243 2464 3307 vitaz,
2498 3258 2601 3296 non
2645 3243 2813 3297 solum
2856 3242 2923 3297 de
2964 3244 3282 3311 hominibus,
3324 3246 3416 3301 sed

1837 3334 1994 3387 etiam
2015 3333 2081 3387 de
2102 3334 2384 3401 pecoribus
2412 3333 2630 3399 dictum,
2654 3342 2869 3402 propter
2898 3334 3022 3388 illud
3045 3335 3183 3405 quod
3206 3335 3416 3406 quidam

1837 3423 1902 3477 de
1927 3422 2123 3491 Spiritu
2151 3434 2334 3478 sancto
2366 3425 2549 3478 volunt
2577 3423 2893 3491 intelligere,
2919 3424 3008 3477 ubi
3036 3426 3290 3494 scriptum
3314 3438 3411 3493 est,

1836 3511 1903 3567 Et
1924 3515 2186 3584 insufﬂauit
2208 3513 2343 3568 Deus
2370 3514 2421 3567 in
2448 3515 2627 3584 faciem
2647 3514 2752 3582 ejus
2778 3514 3011 3583 spiritum
3037 3516 3149 3568 vita?
3173 3515 3324 3585 (Gen.
3354 3534 3413 3585 ιι,

1838 3607 1890 3676 7)
1913 3623 1926 3661 :
1951 3608 2090 3676 quod
2112 3608 2300 3661 melius
2319 3607 2531 3674 quidam
2558 3606 2767 3661 codices
2790 3607 3002 3672 habent,
3025 3608 3204 3677 ﬂatum
3226 3610 3358 3663 vitae.

1905 3700 1974 3756 Χ.
2017 3700 2113 3773 [lb.
2155 3715 2260 3762 vu,
2291 3696 2406 3770 20.]
2454 3700 2528 3754 De
2576 3699 2831 3753 montium
2894 3699 3168 3755 altitudine
3195 3742 3211 3768 ,
3258 3717 3413 3771 quam

1840 3807 2053 3845 omnem
2109 3792 2363 3859 scriptum
2414 3798 2498 3845 est
2547 3789 2934 3845 transcendisse
2982 3806 3171 3859 aquam
3224 3792 3415 3847 cubitis

1834 3882 2154 3952 quindecim,
2190 3881 2445 3950 quaeritur
2492 3887 2706 3949 propter
2739 3878 2947 3949 Olympi
2998 3880 3192 3933 montis
3249 3880 3414 3937 histo-

1834 3978 1990 4030 riam.
2021 3973 2074 4028 Si
2096 3972 2236 4025 enim
2266 3981 2406 4026 terra
2431 3970 2677 4025 invadere
2695 3969 2868 4041 potuit
2892 3970 3119 4039 spatium
3148 3958 3412 4040 tranquilli

1835 4066 1975 4123 illius
2008 4066 2170 4131 aeris,
2214 4064 2304 4118 ubi
2331 4062 2523 4117 dicitur
2564 4076 2659 4115 nec
2688 4061 2853 4114 nubes
2881 4060 3067 4127 videri,
3105 4075 3201 4115 nec
3230 4073 3413 4115 ventos

1834 4158 2037 4221 sentiri,
2066 4172 2160 4210 cur
2186 4171 2288 4209 non
2316 4163 2369 4209 et
2396 4168 2527 4222 aqua
2558 4152 2883 4207 crescendo?
3082 4220 3083 4227 κ

1905 4250 1994 4306 ιιι.
2037 4250 2138 4323 [lb.
2168 4266 2264 4317 vn,
2290 4247 2405 4320 24.]
2443 4247 2592 4314 Quod
2633 4248 2883 4318 scriptum
2916 4256 3017 4313 est,
3064 4246 3304 4301 Exaltata
3342 4258 3413 4300 est

1832 4360 1963 4414 aqua
1988 4358 2137 4413 super
2166 4352 2349 4394 terram
2368 4348 2565 4393 centum
2601 4326 2963 4409 quinquaginta
2989 4337 3133 4403 dies;
3160 4325 3413 4408 qamt‘itur

1834 4444 2009 4490 utrum
2036 4449 2200 4502 usque
2228 4433 2294 4488 ad
2326 4434 2465 4487 hunc
2492 4432 2633 4485 diem
2677 4432 2925 4495 creverit,
2958 4446 3023 4484 an
3055 4446 3149 4500 per
3188 4440 3260 4484 tot
3300 4430 3413 4485 dies

1834 4527 1885 4580 in
1910 4525 2187 4580 altitudine
2217 4540 2316 4592 qua
2343 4531 2583 4577 creverat
2608 4521 2863 4575 manserit
2889 4539 2901 4573 :
2934 4520 3181 4587 quoniam
3212 4520 3297 4573 alii
3328 4520 3412 4574 in-

1836 4624 2089 4684 terpretes
2134 4614 2342 4683 planius
2378 4612 2623 4667 videntur
2658 4612 2759 4666 hoc
2806 4611 3004 4666 dicere.
3048 4610 3177 4665 Nam
3222 4611 3411 4681 Aquila

1833 4706 1987 4769 dixit,
2042 4706 2269 4759 Ubtinuit
2309 4720 2327 4757 :
2371 4703 2742 4775 Symmachus,
2792 4690 3194 4770 Prtevaluerunt,
3242 4703 3291 4757 id
3333 4715 3414 4759 est

1832 4813 1980 4865 aquai
1999 4796 2038 4847 ³.

1902 4889 2017 4945 XII.
2060 4888 2156 4961 [lb.
2184 4904 2296 4951 vin,
2324 4886 2397 4959 1.]
2436 4884 2585 4954 Quod
2615 4874 2868 4955 scriptum
2896 4872 3033 4953 cst‘,
3061 4894 3177 4953 post
3202 4894 3409 4940 centum

1833 4982 2208 5055 quinquaginta
2237 4979 2349 5033 dies
2374 4978 2655 5033 adductum
2692 4992 2810 5032 esse
2835 4976 3076 5045 Spiritum
3108 4990 3266 5045 super
3293 4962 3407 5028 ter-

1834 5089 1967 5140 ram,
1994 5082 2048 5128 et
2073 5073 2294 5128 desiisse
2319 5085 2527 5141 aquam,
2558 5079 2613 5124 et
2639 5069 2915 5124 conclusos
2935 5064 3107 5120 fontes
3135 5064 3333 5135 abyssi,
3356 5076 3410 5121 et

1897 5252 1913 5283 ³
1939 5248 2011 5298 sic
2027 5246 2192 5309 plures
2209 5254 2261 5297 et
2278 5245 2493 5309 melioris
2514 5250 2646 5309 notae
2664 5250 2769 5291 Mss.
2794 5222 2849 5289 tit
2880 5237 3046 5309 excusi
3070 5232 3326 5309 ferebant;
3355 5245 3414 5289 Ut

1832 5299 2293 5381 (tabem-inferiora,
2313 5306 2503 5357 haberet
2516 5303 2677 5355 media
2693 5309 2740 5353 et
2755 5299 3020 5365 superiora,
3041 5299 3153 5365 qua
3164 5300 3413 5364 appellan-

1829 5379 1909 5425 tur
1933 5378 2256 5424 tricamerata.
2658 5414 2663 5417 ,
2726 5414 2731 5425 ,η
3320 5422 3321 5425 η

1896 5439 1915 5467 ²
1936 5443 1982 5503 tn
2002 5436 2177 5513 editis,
2206 5442 2311 5482 Duo
2339 5434 2383 5482 et
2414 5428 2525 5480 duo.
2551 5427 2696 5476 Abest
2715 5425 2984 5487 coniunctio
3004 5460 3022 5487 ,
3040 5429 3103 5487 et,
3131 5432 3161 5474 a
3180 5429 3287 5474 Ms.
3314 5436 3365 5475 et
3386 5437 3413 5473 a

1831 5504 2454 5626 Ψῗὲἓᾉέὶὶλιῖγωραίιιενωιι
2475 5561 2615 5614 aqua:
2626 5564 2646 5612 ;
2665 5550 2842 5600 omisso
2858 5585 2873 5611 ,
2894 5545 2950 5600 id
2969 5553 3059 5610 est,
3082 5542 3212 5613 quod
3231 5547 3415 5599 habent

1832 5624 1981 5673 nostri
2006 5630 2176 5666 omnes
2196 5624 2300 5665 Mss.

1874 5672 1883 5739 ς
1895 5686 1918 5717 ι
1935 5682 2049 5751 Ε(ιίιί
2069 5693 2081 5727 :
2110 5678 2239 5749 ()qu
2251 5675 2485 5751 scriptum
2504 5680 2577 5751 _est
2596 5672 2855 5751 equitatum
2872 5687 2975 5727 esse
2990 5684 3171 5751 aqngm
3182 5678 3286 5751 post
3304 5683 3417 5751 cen-

1834 5736 1934 5796 tum
1955 5734 2293 5807 quinquaginta
2315 5734 2419 5807 dies
2435 5773 2451 5800 ,
2472 5746 2518 5807 _et
2552 5738 2817 5793 adductum
2840 5750 2941 5789 esse
2956 5734 3229 5807 _spiri‘ttnn';
3260 5734 3416 5784 refra-

1834 5799 2064 5874 gantibus
2075 5799 2271 5867 'sep'tem
2296 5802 2514 5854 melioris
2532 5809 2659 5854 noue
2679 5808 2787 5852 Mss.
2808 5814 2935 5867 quos
2953 5799 3031 5852 hic
3044 5799 3311 5863 sequimur.
