3902 6318
521 308 619 368 851

522 430 818 482 cataractas
840 422 984 488 01011,
1022 429 1077 478 et
1102 419 1369 477 detentam
1398 417 1628 488 pluviam
1656 415 1724 471 de
1748 415 1920 480 caelo;
1951 428 2101 483 quae-

521 520 658 576 ritur
685 527 860 574 utrum
889 526 1009 586 post
1043 522 1255 568 centum
1284 510 1657 582 quinquaginta
1687 508 1802 563 dies
1826 506 1941 562 haec
1966 507 2101 561 facta

520 610 647 678 sint,
689 626 755 663 an
800 622 896 678 per
938 605 1428 676 recapitulationetn
1472 604 1649 657 omnia
1686 614 2102 657 commemorata

520 706 647 766 sint.
693 718 813 773 qua:
843 712 961 773 post
1002 701 1345 772 quadraginta
1387 699 1503 755 dies
1533 699 1723 769 pluvia:
1762 678 2104 764 1101101000-

519 804 645 851 runt
671 812 685 849 :
713 793 899 849 1111100
923 793 1092 848 solum
1113 791 1178 846 ad
1204 801 1417 846 centum
1444 790 1818 859 quinquaginta
1842 785 1959 841 dies
1985 800 2105 855 per-

523 886 706 949 tineat,
734 884 874 955 quod
905 899 1069 953 usque
1096 881 1162 936 ad
1194 882 1337 951 ipsos
1363 894 1497 949 aqua
1528 880 1754 934 esaltata
1780 887 1886 943 est,
1917 885 2009 930 aut
2034 874 2101 929 de

520 975 754 1031 fontibus
780 974 959 1046 abyssi
983 980 1227 1028 cessante
1246 972 1357 1040 jam
1397 968 1593 1039 pluvia,
1624 976 1718 1023 aut
1755 968 1876 1038 quia
1908 966 2103 1020 mansit

520 1066 573 1121 in
597 1066 873 1121 altitudine
908 1079 1023 1129 sua,
1055 1063 1180 1117 dum
1213 1062 1360 1116 nullo
1380 1061 1601 1131 Spiritu‘
1640 1061 1963 1123 siccaretur;
1990 1072 2099 1112 ca:-

519 1166 630 1213 tera
656 1173 780 1212 vero
804 1171 921 1226 quae
959 1155 1097 1209 dicta
1136 1163 1277 1215 sunt,
1313 1168 1416 1205 non
1443 1161 1563 1221 post
1598 1161 1811 1205 centum
1836 1149 2099 1219 quinqua-

515 1249 660 1319 ginta
686 1249 802 1304 dies
842 1246 1021 1303 omnia
1066 1245 1197 1300 facta
1228 1245 1356 1307 sint,
1399 1244 1494 1298 sed
1531 1250 1943 1298 commemorata
1994 1239 2101 1295 sint

516 1338 715 1407 omnia,
745 1353 865 1409 quae
903 1352 968 1393 ex
1001 1337 1106 1391 ﬁne
1137 1335 1482 1407 quadraginta
1522 1333 1729 1389 dierum
1770 1331 1883 1387 ﬁeri
1912 1344 2098 1401 caepe-

518 1440 663 1487 runt.

586 1521 723 1578 XIII.
766 1520 865 1594 [Ib.
901 1536 1016 1584 11111,
1044 1516 1190 1591 6-9.]
1218 1516 1370 1586 Quod
1408 1516 1663 1586 scriptum
1687 1523 1789 1579 est,
1819 1512 2095 1569 dimissum

517 1628 637 1670 esse
662 1627 899 1676 corvum,
929 1625 1029 1664 nec
1051 1608 1273 1664 rediisse
1296 1624 1311 1672 ;
1334 1614 1390 1663 et
1407 1607 1678 1661 dimissam
1712 1613 1831 1673 post
1857 1618 1979 1658 eum
2008 1617 2099 1657 co-

519 1702 772 1767 lumbam,
819 1710 872 1753 et
898 1700 1066 1768 ipsam
1103 1698 1344 1762 rediisse,
1386 1694 1529 1765 quod
1558 1708 1663 1747 non
1694 1692 1984 1746 invenisset
2013 1707 2099 1744 re-

516 1791 691 1861 quiem
748 1789 971 1858 pedibus
1016 1787 1167 1841 suis:
1196 1786 1421 1855 quaestio
1465 1784 1602 1838 solet
1639 1782 1859 1847 oboriri,
1919 1791 2095 1836 utrum

515 1895 708 1937 corvus
733 1888 972 1934 mortuus
1004 1877 1093 1943 sit,
1124 1892 1190 1929 an
1217 1877 1397 1945 aliquo
1434 1873 1594 1929 modo
1622 1875 1801 1928 vivere
1829 1870 2097 1943 potuerit?

514 1974 637 2045 quia
663 1972 842 2045 utique
870 1971 915 2027 si
945 1970 1045 2025 fuit
1085 1978 1223 2024 terra
1253 1968 1341 2022 ubi
1387 1967 1764 2036 requiesceret,
1806 1966 1966 2020 etiam
2007 1979 2099 2019 co-

514 2068 694 2125 Iumba
733 2066 969 2137 requiem
1006 2064 1177 2136 potuit
1224 2060 1463 2116 invenire
1508 2058 1730 2129 pedibus
1773 2059 1906 2113 suis.
1946 2057 2097 2113 Unde

513 2158 794 2229 conjicitur
818 2171 848 2210 a
879 2154 1063 2210 multis
1087 2152 1228 2224 quod
1266 2150 1512 2207 cadaveri
1540 2150 1771 2219 potuerit
1797 2163 1988 2204 corvus
2017 2150 2096 2203 iu-

515 2249 713 2314 sidere,
744 2246 884 2319 quod
910 2244 1155 2301 columba
1183 2242 1494 2299 naturaliter
1520 2237 1733 2311 refugit.

587 2339 728 2395 XIV.
751 2337 850 2412 [Ib.
884 2352 999 2403 11111,
1028 2335 1108 2409 9.]
1148 2335 1275 2390 1ιο111
1314 2334 1535 2405 quaestio
1573 2342 1658 2387 est
1695 2332 1961 2404 quomodo
1998 2347 2092 2387 co-

514 2430 693 2486 lumba
726 2443 835 2485 non
859 2428 1122 2482 invenerit
1146 2425 1235 2480 ubi
1260 2423 1542 2491 resideret,
1574 2423 1618 2477 si
1644 2423 1776 2493 jam,
1805 2423 1941 2478 sicut
1971 2437 2096 2476 nar-

513 2521 734 2577 rationis
783 2519 917 2574 ordo
958 2517 1279 2583 contexitur,
1324 2515 1519 2569 nudata
1566 2513 1776 2568 fuerant
1820 2514 2094 2567 cacumina

513 2613 790 2668 montium.
817 2610 947 2679 Qua:
976 2610 1183 2665 videtur
1211 2608 1434 2679 qumstio
1460 2615 1550 2661 aut
1579 2621 1675 2677 per
1697 2605 2094 2675 recapitulatio-

511 2721 633 2761 nem
670 2718 827 2775 posse
866 2701 1109 2769 dissolvi,
1158 2710 1214 2754 ut
1252 2715 1315 2755 ea
1344 2697 1607 2769 posterius
1649 2704 1861 2750 narrata
1896 2698 2095 2752 intelli-

508 2802 720 2865 gantur,
742 2808 861 2863 quae
881 2793 1028 2862 prius
1052 2791 1187 2845 facta
1213 2797 1368 2854 sunt;
1398 2795 1489 2841 aut
1512 2787 1689 2857 potius
1712 2786 1832 2856 quia
1860 2786 2093 2841 nondum

511 2887 707 2943 siccata
738 2886 966 2940 fuerant.

580 2978 698 3034 XV.
731 2976 831 3049 [Ib.
865 2990 977 3042 vut,
1004 2972 1122 3046 2I.]
1137 2972 1270 3039 Quid
1302 2971 1400 3025 sibi
1427 2971 1537 3026 vult
1564 2969 1705 3041 quod
1732 2970 1988 3025 Dominus
2011 2969 2095 3023 di-

510 3071 603 3134 cit,
635 3068 755 3122 Non
792 3067 1034 3137 adjiciam
1065 3066 1229 3118 adhuc
1254 3063 1553 3117 maledicere
1578 3078 1730 3132 super
1763 3072 1951 3116 terram
1977 3079 2096 3132 pro-

513 3170 621 3232 pter
639 3175 793 3229 opera
821 3156 1109 3221 hominum;
1132 3155 1251 3228 quia
1274 3155 1506 3226 apposita
1531 3164 1602 3208 est
1628 3169 1764 3208 mens
1788 3154 2003 3208 hominis
2027 3154 2095 3208 ad

512 3251 733 3322 maligna
758 3267 789 3302 a
807 3248 1121 3321 juventute’.
1160 3246 1279 3301 Non
1305 3244 1544 3313 adjiciam
1576 3261 1692 3316 ergo
1720 3246 1889 3299 adhuc
1918 3262 2094 3316 percu-

512 3354 614 3399 tere
663 3358 863 3397 onmem
911 3356 1115 3393 carnem
1164 3339 1344 3405 vivam,
1393 3338 1813 3408 quemadmodum
1857 3338 1991 3408 feci;
2041 3347 2095 3393 ct

509 3433 702 3491 deinde
740 3431 975 3503 adjungit
1010 3445 1129 3500 qua:
1172 3429 1461 3484 secundum
1502 3428 1798 3498 largitatem
1840 3428 2094 3485 bonitatis

509 3542 621 3582 sua:
645 3525 805 3580 donat
835 3519 1413 3590 hominibusindignis?
1440 3519 1623 3575 Utrum
1657 3520 1740 3574 hic
1764 3519 2091 3575 Testamenti

508 3619 643 3676 Novi
670 3615 992 3687 indulgentia
1017 3616 1234 3684 ﬁgurata
1259 3614 1348 3678 sit,
1375 3620 1429 3667 et
1454 3612 1717 3682 praeterita
1747 3612 1875 3667 ultio
1904 3612 1968 3667 ad
1992 3613 2095 3667 Vc-

510 3723 596 3768 tus
625 3713 887 3784 pertineat
918 3708 1317 3764 Testamentum
1351 3724 1363 3759 :
1396 3705 1498 3760 hoc
1535 3712 1638 3771 est,
1670 3704 1799 3759 illud
1840 3705 1906 3760 ad
1939 3706 2092 3776 chis

512 3807 871 3867 severitatem,
902 3800 1004 3854 hoc
1030 3798 1094 3852 ad
1115 3798 1296 3867 gratia:
1319 3796 1606 3851 bonitatem
1622 3796 1678 3851 ⁸⁸1

582 3894 721 3949 XVI.
762 3892 863 3965 [Ib.
904 3907 986 3959 Ix,
1017 3890 1097 3964 5.]
1133 3889 1269 3955 Quid
1310 3900 1413 3955 est,
1457 3888 1524 3942 Et
1567 3890 1630 3942 de
1672 3906 1827 3943 manu
1877 3890 2091 3944 hominis

511 3989 684 4063 fratris
704 3987 961 4058 exquiram
980 3986 1203 4038 animam
1223 3983 1475 4037 hominis?
1495 3984 1571 4036 An
1589 3998 1799 4037 omnem
1823 3983 2089 4038 hominem

510 4084 727 4138 fratrem
773 4078 947 4135 omnis
989 4075 1256 4132 hominis‘
1303 4074 1524 4145 intelligi
1576 4076 1759 4144 voluit,
1800 4079 2089 4133 secundum

510 4175 879 4246 cognationem
909 4188 974 4228 ex
996 4186 1102 4226 uno
1128 4169 1379 4225 ductam?

583 4265 746 4324 XVII.
771 4266 872 4339 [Ib.
905 4280 979 4332 ts,
1008 4260 1125 4336 25.]
1165 4263 1337 4330 Quare
1375 4274 1600 4332 peccans
1637 4257 1802 4315 Cham
1833 4263 1885 4315 in
1926 4262 2089 4331 patris

508 4360 730 4425 offensa,
758 4374 862 4413 non
894 4357 945 4412 in
987 4357 1183 4427 seipso,
1215 4353 1307 4409 sed
1339 4344 1390 4408 in
1424 4354 1532 4408 ﬁlio
1560 4368 1657 4408 suo
1693 4353 1940 4410 Chanaan
1978 4372 2090 4410 ma-

508 4451 787 4514 ledicitur;
838 4449 939 4503 nisi
981 4447 1104 4517 quia
1151 4445 1524 4516 prophetatum
1570 4453 1653 4499 est
1699 4446 2089 4515 quodammodo

510 4554 707 4598 terram
730 4539 997 4604 Chanaan,
1022 4539 1209 4610 ejectis
1233 4537 1353 4593 inde
1380 4536 1695 4592 Chananmis
1715 4547 1768 4593 et
1786 4539 2085 4607 debellatis,

509 4642 821 4703 accepturos
841 4630 1004 4687 fuisse
1034 4630 1173 4686 ﬁlios
1199 4629 1381 4695 Israel,
1409 4629 1499 4699 qui
1527 4630 1771 4685 venirent
1791 4631 1857 4687 de
1885 4634 2088 4688 semine

509 4723 673 4780 Sem?

580 4813 767 4874 XVIII.
810 4813 909 4887 [Ib.
932 4829 991 4882 ι,
1010 4811 1088 4886 8.]
1125 4812 1390 4880 Quaeritur
1416 4813 1681 4884 quomodo
1704 4814 1904 4870 dictum
1935 4817 2001 4871 sit
2021 4816 2087 4872 de

505 4906 821 4972 Nembroth,
871 4903 967 4959 Hic
1012 4904 1159 4974 coepit
1189 4920 1294 4959 esse
1334 4904 1476 4976 gigas
1517 4921 1669 4977 super
1709 4915 1927 4970 terram;
1965 4922 2084 4962 cum

506 5003 747 5075 gigantes
785 5008 839 5056 et
871 5008 1024 5054 antea
1067 5006 1221 5053 natos
1255 4996 1530 5068 Scriptum
1566 5010 1971 5056 commemoret.
2002 5002 2083 5056 An

506 5097 645 5154 forte
667 5096 789 5168 quia
816 5103 935 5165 post
953 5091 1209 5149 diluvium
1235 5093 1441 5147 novitas
1459 5094 1672 5163 generis
1700 5094 1913 5148 humani
1934 5109 2086 5165 repa-

505 5188 661 5245 randi
688 5186 866 5243 denuo
890 5193 1362 5251 commemoratur,
1392 5184 1446 5238 in
1474 5199 1577 5254 qua
1604 5185 1835 5239 novitate
1865 5186 1951 5241 hic
1974 5202 2085 5242 eae-

503 5286 582 5357 pit
602 5296 723 5339 esse
751 5279 897 5352 gigas
922 5295 1082 5350 super
1113 5277 1345 5334 terram?

566 5394 585 5427 ι
610 5400 712 5443 Am.
735 5397 811 5441 tu.
836 5397 895 5452 et,
926 5396 1056 5451 ιον,
1076 5390 1195 5440 dum
1226 5385 1383 5440 inille
1609 5394 1666 5439 At
1699 5393 1799 5438 Rat.
1841 5396 1894 5439 et
1913 5403 2084 5443 omnes

501 5462 629 5515 Mssa
658 5453 774 5517 dum
794 5450 925 5517 nullo
946 5452 1134 5517 spiritu.
1225 5512 1238 5517 _
1422 5450 1430 5452 “
1787 5512 1799 5517 _
1855 5512 1866 5517 _
1932 5500 1939 5507 ,

566 5520 587 5551 ³
612 5512 727 5566 111111
746 5550 762 5575 ,
806 5514 871 5565 ad
900 5512 1135 5577 malitiam
1170 5512 1475 5577 ajuventut’.
1501 5519 1557 5563 At
1574 5521 1678 5563 rutss.
1700 5512 2004 5577 Corbeiensis
2031 5521 2083 5566 et

502 5579 694 5674 mgypii
717 5574 831 5637 duo,
855 5576 920 5626 ad
943 5577 1152 5649 maligna
1177 5574 1349 5647 :juvta
1372 5588 1519 5648 graec.
1545 5582 1672 5636 LXX,
1696 5581 1749 5625 ta
1770 5574 1964 5641 ponéra.

615 5650 633 5674 \
648 5649 759 5674 num
779 5639 932 5674 mlmr
957 5640 1273 5674 l‘nrlmmneim
1302 5644 1554 5674 twn-stulam,

615 5639 760 5709 fetus
779 5639 1275 5709 eodex_CorI3eieusis,
1302 5639 1560 5709 ueritatem.

566 5702 588 5735 ⁸
612 5701 753 5759 aditi,
777 5698 978 5762 hominis
998 5698 1185 5749 nomine
1202 5698 1416 5762 uitelligi.
1441 5706 1604 5762 Abest,
1626 5698 1844 5762 nomine,
1868 5711 1898 5749 a
1917 5705 2023 5750 Mss.
2050 5713 2079 5751 e

504 5764 681 5833 quibus
699 5762 794 5812 duo
817 5762 924 5824 ejus
944 5760 1049 5813 I000
1070 5762 1269 5823 habent,
1291 5758 1369 5814 vel
1381 5758 1600 5815 111111ιὶ1ιὶ1.

1314 286 1794 369 ὈυᾹΞΒΤΙΟΝυΜ
1830 297 1888 354 s.
1928 290 2290 353 AUGUSTINI
2327 292 2393 351 lN
2432 292 2993 355 usprs'rsucuuu
3246 274 3257 275 ί
3336 276 3357 299 ”
3646 306 3719 367 55,
3826 274 3827 345 ῖ

2280 411 2423 468 XIX.
2454 410 2551 485 [Ib.
2585 428 2644 479 χ,
2674 412 2789 485 25.]
2827 412 3091 480 Quaeritur
3114 414 3238 485 quid
3271 415 3358 485 sit,
3385 416 3448 473 Et
3482 419 3623 478 Hebes
3640 431 3718 481 nati

2207 513 2325 558 sunt
2365 504 2461 574 ﬁlii
2510 505 2649 570 duo;
2701 520 2881 559 nomen
2920 506 3069 559 unius
3118 504 3363 575 Phalech,
3406 513 3515 581 quia
3556 514 3602 569 in
3638 518 3698 573 die

2210 598 2299 653 bus
2317 599 2429 669 ejus
2454 597 2614 651 divisa
2637 608 2709 653 est
2737 608 2869 652 terra
2896 614 2915 653 :
2942 600 3042 653 nisi
3074 599 3209 655 forte
3249 602 3299 655 iu
3322 602 3500 660 diebus
3523 607 3621 677 ejus
3639 609 3713 665 Iin-

2207 703 2429 761 guarum
2461 690 2550 745 illa
2575 690 2857 746 diversitas
2884 691 3165 758 exstiterit,
3194 701 3460 764 perquam
3482 699 3717 757 laetamen

2208 791 2266 835 ut
2292 790 2478 851 gentes
2505 781 2888 835 dividerentur.

2279 871 2400 927 XX.
2443 872 2543 944 [Ib.
2583 888 2657 936 ιι,
2682 870 2759 945 1.]
2799 871 2867 926 Et
2890 882 2998 926 erat
3031 874 3193 928 omnis
3217 883 3348 930 terra
3374 878 3547 933 fabium
3570 896 3718 938 unum:

2207 964 2475 1034 quomodo
2498 963 2599 1018 hoc
2620 972 2796 1034 potest
2821 964 3059 1035 intelligi,
3082 967 3291 1035 quando
3320 972 3545 1039 superius
3565 972 3715 1031 dictum

2207 1064 2291 1110 est
2321 1053 2461 1124 quod
2499 1055 2589 1108 lilii
2628 1053 2762 1120 Noe,
2794 1056 2873 1110 vel
2914 1055 3142 1110 ﬁliorum
3172 1058 3288 1127 ejus
3319 1059 3562 1115 distributi
3582 1076 3717 1119 essent

2206 1160 2305 1216 per
2336 1155 2530 1201 terram
2560 1147 2852 1202 secundum
2879 1149 3046 1203 tribus
3083 1158 3137 1205 et
3178 1153 3458 1207 secundum
3482 1166 3655 1225 gentes,
3683 1168 3721 1212 et

2205 1237 2498 1292 secundum
2527 1237 2731 1307 linguas
2771 1253 2917 1304 suas,
2964 1240 3064 1294 nisi
3105 1241 3229 1311 quia
3257 1257 3351 1312 per
3385 1247 3717 1315 recapitulalio-

2207 1344 2328 1383 nem
2347 1340 2529 1400 postea
2557 1341 2940 1386 commemorat
2967 1333 3106 1402 quod
3135 1336 3280 1403 prius
3304 1337 3449 1392 erat?
3468 1340 3551 1395 sed
3571 1342 3718 1397 obscu-

2208 1422 2418 1476 ritatem
2452 1422 2578 1477 facit
2600 1422 2742 1493 quod
2770 1438 2835 1478 eo
2858 1438 3052 1493 genere
3081 1425 3361 1481 locutionis
3389 1428 3480 1483 ista
3511 1434 3717 1499 contexit,

2204 1512 2355 1581 quasi
2400 1512 2633 1568 narratio
2669 1513 2737 1569 de
2774 1514 2839 1568 iis
2877 1530 2997 1585 qua:
3025 1525 3207 1585 postea
3236 1516 3369 1572 facta
3402 1529 3535 1586 sunt,
3570 1536 3717 1577 consc-

2204 1614 2415 1675 quatttr.
3443 1651 3451 1658 .

2278 1694 2417 1749 XXI.
2447 1696 2548 1768 [Ib.
2577 1714 2653 1763 XI,
2682 1697 2761 1771 4.]
2809 1698 2980 1755 Venite
3012 1701 3318 1771 a’diﬁcemus
3348 1705 3480 1759 nobis
3504 1707 3717 1774 ciuitatem,

2205 1794 2250 1837 et
2288 1786 2467 1839 turrim
2501 1790 2646 1857 cujus
2685 1800 2835 1861 caput
2863 1793 2958 1844 erit
3000 1808 3155 1862 usque
3192 1795 3244 1847 in
3269 1796 3459 1850 ctutum.
3499 1796 3548 1854 Si
3576 1798 3656 1853 hoc
3677 1815 3719 1854 se

2204 1888 2362 1944 posse
2392 1876 2753 1945 crediderunt,
2783 1880 3002 1934 nimium
3033 1883 3193 1938 stulta
3219 1886 3431 1941 audacia
3454 1898 3504 1943 et
3526 1890 3719 1958 impietas

2203 1964 2637 2035 deprehenditur.
2663 1969 2729 2025 Et
2752 1970 2873 2040 quia
2894 1972 2964 2026 01)
2985 1974 3086 2028 hoc
3108 1976 3200 2029 Dei
3222 1977 3445 2032 vindicta
3468 1989 3623 2034 secuta
3640 1990 3718 2042 est,

2204 2067 2263 2112 ut
2281 2073 2465 2113 eorum
2492 2061 2685 2131 lingua:
2711 2061 3093 2131 dividerentur,
3126 2082 3234 2121 non
3258 2068 3479 2125 absurde
3502 2069 3593 2126 hoc
3613 2072 3721 2140 cogi-

2204 2158 2344 2206 tasse
2362 2152 2669 2207 creduntur.

2286 2241 2453 2297 XXII.
2496 2242 2595 2315 [Ib.
2622 2260 2702 2313 1t,
2731 2241 2809 2319 7.]
2822 2244 2995 2302 Venite
3017 2247 3398 2319 descendemus,
3421 2262 3465 2307 et
3488 2254 3719 2325 confunda-

2202 2349 2314 2387 mus
2340 2334 2407 2387 ibi
2433 2333 2660 2405 linguam
2682 2338 2911 2405 eorum‘,
2937 2355 3002 2394 ne
3031 2341 3210 2395 audiat
3246 2347 3562 2415 unusquisque
3588 2361 3718 2399 vocem

2203 2427 2425 2496 proximi
2452 2442 2471 2481 :
2500 2436 2678 2483 utrum
2704 2428 2772 2485 ad
2798 2430 3028 2501 Angelos
3062 2433 3318 2490 Dominus
3346 2437 3442 2492 1100
3465 2438 3637 2492 dixisse
3664 2437 3722 2491 in-

2205 2515 2493 2586 telligitur?
2530 2532 2596 2572 an
2624 2518 2915 2574 secundum
2946 2521 3072 2576 illud
3100 2524 3457 2595 accipiendum
3492 2535 3581 2592 est,
3614 2524 3722 2595 quod

2203 2604 2255 2660 in
2286 2608 2506 2662 exordio
2532 2608 2651 2663 libri
2680 2609 2894 2680 legitur,
2924 2608 3202 2670 Faciamus
3238 2618 3479 2672 hominem
3502 2616 3723 2687 1111111111ῃί-

2201 2712 2315 2751 nem
2352 2708 2398 2751 et
2434 2699 2812 2755 similitudinem
2856 2712 3079 2758 nostram
3123 2704 3280 2778 (Gen.
3315 2724 3351 2775 1,
3382 2708 3469 2778 26)
3496 2708 3518 2762 ?
3544 2706 3651 2762 Nam
3683 2715 3723 2760 et

2201 2790 2466 2857 quomodo
2493 2801 2672 2861 postea
2691 2793 2885 2849 dicitur
2900 2797 3154 2867 singulari
3182 2815 3418 2865 numero,
3439 2803 3546 2871 quia
3562 2801 3724 2854 111101111-

2201 2885 2333 2955 fudit
2358 2884 2598 2939 Dominus
2619 2886 2751 2940 labia
2771 2896 2917 2943 terra:
2930 2904 2948 2942 :
2961 2890 3040 2944 sic
3063 2899 3116 2945 et
3136 2891 3248 2948 illic
3264 2909 3383 2948 cum
3401 2895 3578 2948 dictum
3596 2903 3721 2957 esset,

2202 2973 2473 3029 Faciamus
2492 2976 2560 3029 ad
2578 2977 2847 3048 imaginem
2870 2988 3128 3045 nostram;
3157 2983 3211 3037 in
3237 2984 3646 3054 consequentibus
3668 2992 3725 3035 ta-

2200 3079 2324 3119 men
2347 3081 2451 3120 non
2478 3065 2679 3121 dictum
2696 3076 2798 3132 est,
2816 3067 3102 3138 Fecerunt,
3131 3072 3252 3141 sed,
3288 3074 3423 3129 Fecit
3446 3074 3588 3128 Deus.

2272 3154 2459 3210 XXIII.
2480 3154 2583 3228 [Ib.
2612 3173 2688 3226 XI,
2714 3159 2802 3225 I2,
2833 3158 2946 3233 13.]
2983 3161 3135 3227 Quod
3164 3166 3413 3236 scriptum
3441 3175 3533 3230 est,
3562 3164 3616 3218 Et
3646 3172 3725 3217 erat

2199 3246 2479 3317 Arphaxad
2496 3265 2746 3304 annorum
2771 3260 2969 3305 centum
2989 3254 3199 3325 triginta
3218 3259 3447 3328 quinque,
3475 3273 3575 3310 cum
3593 3256 3725 3326 genuit

2201 3336 2469 3406 Chainan;
2510 3350 2557 3395 et
2595 3341 2718 3396 vixit
2745 3342 3027 3412 Arphaxad
3054 3358 3322 3419 postquam
3357 3350 3514 3418 genuit
3540 3346 3725 3401 Chainan

2198 3447 2358 3486 annos
2391 3433 2804 3506 quadringentos,
2844 3436 2946 3500 vel,
2985 3436 3121 3491 sicut
3165 3440 3217 3494 in
3253 3455 3422 3511 grteco
3460 3438 3722 3499 inuenimus,

2197 3539 2359 3578 annos
2398 3533 2675 3589 trecentos;
2708 3526 2963 3595 quaeritur
3003 3531 3272 3597 quomodo
3309 3532 3493 3586 dixerit
3527 3530 3645 3584 Deus
3674 3525 3724 3579 ad

2197 3614 2331 3681 Noe,
2373 3614 2541 3670 Erunt
2577 3617 2700 3669 anni
2724 3617 2838 3671 vitte
2865 3634 3039 3673 eorum
3068 3630 3271 3676 centum
3309 3623 3491 3694 viginti.
3526 3618 3723 3676 Nondum

2197 3706 2340 3760 enim
2386 3714 2541 3761 natus
2580 3716 2697 3761 erat
2739 3707 3023 3779 Arphaxad
3051 3713 3270 3780 quando
3310 3714 3439 3767 dixit
3478 3714 3567 3765 hoc
3598 3711 3720 3771 Deus,

2198 3812 2296 3853 1100
2326 3797 2423 3852 fuit
2453 3799 2504 3853 in
2541 3813 2665 3853 arca
2693 3814 2812 3854 cum
2840 3802 3148 3869 parentibus
3177 3806 3287 3859 suis
3317 3824 3330 3858 :
3362 3803 3603 3875 quomodo
3626 3812 3724 3868 ergo

2196 3889 2560 3960 intelliguntur
2578 3889 2833 3962 deinceps
2852 3894 2979 3947 anni
2996 3894 3115 3948 vitae
3138 3894 3383 3951 humana:
3406 3892 3722 3965 prmdicticen-

2199 3990 2307 4035 tum
2342 3981 2548 4053 viginti,
2595 3997 2717 4037 cum
2762 3984 3063 4040 inveniatur
3115 3985 3279 4042 homo
3318 3988 3501 4043 vixisse
3539 3981 3723 4053 amplius

2196 4074 2594 4146 quadringentis
2631 4077 2824 4131 annis?
2867 4076 2978 4132 Nisi
3020 4079 3143 4148 quia
3186 4080 3509 4151 intelligitur,
3537 4085 3642 4131 ante
3664 4076 3725 4125 vi-
3826 4074 3827 4151 l

2193 4169 2327 4239 ginti
2364 4183 2534 4224 annos
2572 4184 2733 4240 quam
2772 4168 3028 4239 inciperet
3068 4184 3197 4226 arca
3238 4171 3371 4239 ﬁeri,
3415 4184 3525 4241 111110
3549 4176 3722 4223 centum

2195 4263 2347 4316 annis
2373 4262 2509 4316 facta
2535 4262 2829 4332 reperitur,
2853 4261 2956 4317 1100
2981 4262 3147 4318 1)011111
3182 4264 3381 4320 dixisse
3403 4263 3466 4317 ad
3487 4261 3603 4324 Noe,
3626 4270 3721 4312 cum

2190 4353 2301 4423 jam
2327 4354 2710 4422 praenuntiaret
2735 4351 2998 4409 facturum
3037 4368 3097 4409 se
3123 4369 3248 4411 esse
3270 4355 3537 4417 diluvium,
3558 4363 3644 4405 nec
3660 4346 3722 4399 vi-

2194 4456 2262 4500 tae
2284 4446 2531 4501 humana:
2554 4447 2807 4518 deinceps
2831 4446 3022 4505 futurae
3066 4449 3121 4505 in
3159 4450 3228 4505 iis
3253 4450 3340 4520 qui
3371 4456 3485 4519 post
3507 4442 3721 4501 diluvium

2194 4547 2544 4593 nascerentur
2581 4539 2807 4609 spatium
2848 4540 3183 4609 praedixisse,
3226 4541 3323 4597 sed
3348 4540 3465 4595 vita:
3488 4535 3720 4593 hominum

2192 4644 2327 4700 quos
2354 4628 2529 4684 fuerat
2555 4629 2757 4685 diluvio
2779 4630 3071 4686 deleturus.

2263 4719 2453 4776 XXIV.
2477 4719 2577 4793 [Ib.
2593 4737 2644 4787 x1,
2656 4721 2720 4775 2i
2733 4719 2772 4794 .]
2808 4720 3074 4788 Quteritur
3090 4736 3254 4792 quare
3271 4723 3511 4795 scriptum
3527 4719 3604 4787 sit,
3625 4713 3719 4773 Sem

2192 4822 2298 4867 erat
2322 4822 2464 4883 pater
2484 4815 2707 4867 omnium
2734 4814 2956 4882 ﬁliorum
2985 4812 3155 4869 Heber
3175 4830 3195 4879 ;
3216 4831 3337 4871 cum
3358 4817 3625 4872 inveniatur
3647 4808 3719 4862 [le-

2190 4904 2288 4960 ber
2302 4906 2518 4975 quintus
2531 4919 2562 4959 a
2586 4904 2711 4959 Sem
2734 4904 2841 4958 11110
2862 4904 2973 4961 Νο0
2992 4923 3005 4960 :
3026 4914 3203 4961 utrum
3221 4909 3343 4978 quia
3358 4923 3418 4963 ex
3448 4906 3529 4960 illo
3548 4898 3718 4958 Hebraei
3826 4964 3827 4975 χ

2190 4996 2439 5054 dicuntur
2475 4997 2757 5068 appellati?
2781 5013 2876 5069 per
2911 4998 3058 5055 illum
3096 5003 3237 5058 enim
3263 5000 3522 5073 generatio
3547 4992 3719 5065 transiit
3826 4988 3827 5021 ῖ

2190 5090 2257 5145 ad
2290 5090 2577 5145 Abraham.
2608 5088 2746 5157 Quid
2771 5105 2897 5162 ergo
2919 5093 3241 5162 probabilius
3259 5096 3344 5158 sit,
3379 5090 3606 5147 Hebraeos
3629 5093 3719 5138 tan-

2191 5198 2347 5254 quam
2375 5181 2660 5239 Heberteos
2678 5182 2867 5251 dictos,
2889 5199 2957 5240 an
2974 5193 3223 5256 tanquam
3244 5184 3541 5247 Abrahzeos,
3564 5174 3718 5234 merito

2190 5274 2442 5346 quaeritur
2462 5273 2557 5348 (a).

2254 5430 2271 5462 ι
2295 5428 2431 5489 aditi,
2451 5427 2834 5495 linguaseorum.
2850 5436 2905 5480 Et
2916 5430 3058 5493 paulo
3076 5431 3215 5492 infra,
3232 5429 3439 5495 confudit
3458 5420 3718 5495 murinus?-

2189 5488 2318 5556 bium
2340 5488 2504 5542 terrae.
2517 5488 2619 5556 TNos
2633 5494 2773 5554 juxta
2795 5488 3017 5556 graecum
3030 5528 3045 5553 ,
3061 5488 3221 5556 prima
3243 5496 3301 5542 ad
3320 5488 3636 5556 'Corbeieusen!
3651 5492 3715 5556 σεξ

2187 5540 2352 5619 assa
2365 5540 2671 5619 reponimus,
2690 5540 3120 5619 sarmentum
3130 5540 3347 5619 nugas;
3361 5540 3521 5604 eam
3536 5563 3552 5611 ;
3570 5540 3714 5597 deinde

2187 5618 2248 5667 ad
2268 5616 2388 5667 alios
2407 5616 2517 5665 eum
2540 5616 2713 5665 eodem
2727 5616 2938 5678 septem,
2962 5616 3088 5668 labia
3109 5616 3268 5669 terr'te.

2188 5699 2445 5815 θεωῶω.
2480 5698 2645 5749 1113.16
2678 5698 2742 5747 de
2763 5698 2898 5750 civit.
2924 5701 3027 5761 Dei,
3050 5713 3153 5765 cap.
3181 5698 3238 5753 ὅτ
3265 5705 3312 5751 et
3351 5695 3434 5747 lib.
3463 5694 3492 5745 2
3523 5687 3714 5741 nem.
