3902 6310
332 305 504 366 XXV.
547 302 647 379 [Ib.
674 317 751 373 xi,
782 301 898 380 26.]
939 305 989 362 1.
1031 294 1311 376 Quomodo
1347 308 1710 379 accipiendum
1748 313 1842 380 sit,

252 397 403 471 quod
434 413 557 455 cum
585 408 729 454 esset
766 399 968 454 Tharra
988 400 1005 431 ί
1034 410 1182 470 pater
1208 401 1435 456 Abrahae
1458 417 1718 458 annorum
1758 419 1846 460 se-

250 493 551 565 ptuaginta,
573 493 758 563 genuit
783 492 1073 560 Abraham,
1106 503 1162 547 et
1187 502 1370 563 postea
1395 510 1517 550 cum
1542 496 1654 551 suis
1676 498 1847 552 omni-

250 586 359 642 bus
386 587 584 641 mansit
604 586 656 639 in
682 585 944 651 Charran,
982 593 1038 641 et
1058 586 1191 641 vixit
1210 599 1383 642 annos
1405 586 1664 644 ducentos
1687 590 1845 659 quin-

250 692 364 749 que
392 679 445 731 in
474 676 733 742 Charran,
760 687 815 733 et
841 686 1078 757 mortuus
1107 687 1189 734 est
1215 694 1233 735 :
1262 687 1320 735 et
1344 680 1478 737 dixit
1506 682 1760 737 Dominus
1777 682 1845 737 ad

250 768 527 826 Abraham
549 778 608 823 ut
633 770 804 824 exiret
831 769 899 824 de
926 768 1188 839 Charran,
1214 780 1269 827 et
1282 773 1411 828 exiit
1436 773 1579 840 inde,
1607 789 1729 829 cum
1756 790 1844 831 es-

252 868 341 916 set
388 859 531 914 idem
579 859 848 914 Abraham
891 861 1223 931 septuaginta
1262 862 1496 932 quinque
1546 864 1845 919 annorum?

250 950 368 1005 Nisi
396 950 521 1019 quia
541 963 638 1019 per
661 950 1144 1019 recapitulationem
1166 953 1483 1019 ostenditur,
1505 954 1625 1009 vivo
1642 956 1845 1012 Tharra

247 1041 488 1096 locutum
515 1054 634 1095 esse
663 1040 975 1106 Dominum;
1020 1051 1077 1096 et
1102 1042 1369 1097 Abraham
1413 1044 1531 1099 vivo
1556 1054 1707 1115 patre
1746 1061 1843 1102 suo

246 1132 544 1187 secundum
593 1142 916 1202 praeceptum
962 1133 1191 1202 Domini,
1236 1136 1436 1192 exiisse
1476 1137 1544 1192 de
1580 1136 1839 1205 Charran,

246 1240 371 1279 cum
418 1232 561 1278 esset
588 1225 918 1295 septuaginta
956 1225 1187 1296 quinque
1221 1241 1503 1294 annorum,
1550 1232 1842 1286 centesimo

247 1324 306 1371 et
328 1315 735 1386 quadragesimo
763 1317 948 1385 quinto
987 1332 1130 1372 anno
1167 1318 1288 1373 vitae
1317 1320 1481 1388 patris
1520 1323 1625 1389 sui,
1657 1324 1701 1377 si
1728 1322 1843 1378 dies

245 1411 373 1465 vitae
400 1409 565 1479 patris
588 1408 672 1464 sui
700 1409 825 1464 anni
852 1409 1063 1464 ducenti
1088 1411 1321 1481 quinque
1357 1412 1572 1467 fuerunt
1598 1431 1612 1469 :
1640 1424 1696 1468 ut
1721 1415 1842 1470 ideo

244 1501 506 1570 scriptum
550 1500 641 1567 sit,
666 1498 897 1554 Fuerunt
920 1502 1043 1555 anni
1067 1503 1184 1557 vitae
1216 1501 1428 1558 That-ra:
1463 1506 1665 1559 ducenti
1689 1508 1839 1574 quin-

243 1607 346 1663 que
364 1592 416 1643 in
439 1589 691 1657 Charran,
716 1591 840 1661 quia
861 1592 931 1646 ibi
953 1591 1238 1663 complevit
1262 1609 1451 1651 omnes
1474 1602 1652 1661 annos
1680 1598 1841 1652 totius

243 1682 375 1736 vitae
399 1695 531 1740 suae.
558 1680 790 1737 Solvitur
809 1696 938 1754 ergo
957 1683 1181 1753 quaestio
1208 1698 1307 1753 per
1325 1686 1837 1755 recapitulationem,

243 1787 371 1843 quae
393 1772 776 1827 indissolubilis
802 1784 1124 1841 remaneret,
1156 1775 1200 1830 si
1217 1786 1340 1846 post
1369 1788 1593 1832 mortem
1621 1779 1839 1835 Thame

242 1863 610 1935 acciperemus
637 1864 869 1919 locutum
899 1878 1019 1920 esse
1062 1865 1344 1921 Dominum
1381 1868 1447 1923 ad
1485 1868 1753 1924 Abraham
1784 1880 1841 1925 ut

244 1954 421 2008 exiret
446 1953 513 2009 de
540 1952 804 2022 Charran,
836 1955 959 2025 quia
1002 1970 1107 2011 non
1137 1960 1347 2026 poterat
1381 1973 1505 2015 esse
1530 1959 1703 2016 adhuc
1738 1977 1839 2017 an-

242 2062 438 2103 norum
474 2048 804 2117 septuaginta
836 2048 1068 2119 quinque
1096 2064 1216 2104 cum
1246 2060 1395 2120 pater
1414 2051 1530 2121 ejus
1549 2053 1659 2122 jam
1691 2069 1837 2109 mor-

242 2148 371 2193 tuus
406 2146 571 2205 esset,
613 2140 704 2210 qui
742 2154 864 2195 eum
904 2143 1295 2213 septuagesimo
1330 2146 1504 2199 aetatis
1544 2160 1657 2201 suae
1698 2162 1838 2203 anno

240 2240 533 2300 genuerat;
570 2236 629 2283 ut
651 2229 919 2285 Abraham
948 2240 1069 2300 post
1094 2242 1323 2287 mortem
1349 2235 1515 2304 patris
1554 2237 1636 2290 sui
1664 2251 1836 2292 anno-

241 2333 366 2374 rum
391 2327 533 2373 esset
553 2326 766 2373 centum
790 2319 1004 2391 triginta
1029 2322 1282 2392 quinque,
1310 2323 1355 2377 si
1379 2338 1567 2379 omnes
1592 2328 1715 2380 anni
1742 2343 1838 2397 pa-

242 2409 343 2463 tris
368 2408 483 2477 ejus
502 2407 716 2463 ducenti
736 2410 970 2480 quinque
992 2409 1225 2467 fuerunt.
1251 2413 1634 2483 Recapitulatio
1661 2418 1839 2488 itaque

243 2500 370 2566 ista,
415 2499 461 2553 si
499 2497 805 2554 advertatur
841 2500 895 2554 in
939 2499 1247 2572 Scripturis,
1290 2506 1483 2561 multas
1516 2510 1838 2577 quaestiones

245 2590 429 2655 solvit,
474 2605 594 2659 qua:
637 2589 1030 2647 indissolubiles
1072 2604 1294 2662 possunt
1336 2596 1506 2651 videri
1546 2600 1836 2655 secundum

245 2679 407 2733 etiam
428 2679 761 2748 superiorum
781 2683 1133 2750 quaestionum
1151 2684 1557 2755 expositionem,
1581 2703 1677 2759 per
1694 2705 1842 2745 eam-

244 2770 370 2825 dem
397 2770 886 2841 recapitulationem
909 2772 1124 2829 factam.

316 2858 372 2912 2.
414 2860 724 2931 Quanquam
766 2871 820 2916 et
862 2862 1016 2918 aliter
1058 2866 1158 2920 ista
1199 2867 1422 2937 quaestio
1462 2884 1495 2924 a
1523 2872 1837 2941 quibusdam

248 2951 509 3019 solvatur,
540 2966 605 3006 ex
636 2952 726 3006 illo
751 2955 1047 3023 computari
1088 2970 1257 3012 annos
1289 2961 1463 3016 aetatis
1491 2962 1743 3031 Abrahae,
1773 2983 1839 3022 ex

246 3056 356 3113 quo
383 3041 638 3098 liberatus
664 3051 748 3098 est
775 3043 843 3099 de
873 3043 993 3116 igne
1017 3042 1413 3120 Chaldaeorum,
1441 3053 1497 3107 in
1520 3070 1680 3126 quem
1712 3058 1840 3114 mis-

252 3146 348 3186 sus
406 3140 464 3186 ut
510 3132 740 3195 arderet,
790 3134 912 3203 quia
960 3136 1207 3193 eumdem
1248 3140 1425 3211 ignem
1463 3147 1841 3215 superstitione

246 3221 617 3278 Chaldzeorum
665 3225 843 3280 colere
892 3227 1076 3294 noluit,
1127 3230 1382 3288 liberatus
1437 3234 1581 3302 inde,
1635 3240 1733 3293 etsi
1785 3242 1839 3295 in

244 3311 535 3384 Scripturis
561 3329 667 3369 non
690 3316 902 3387 legitur,
934 3317 1154 3375 Judaica
1186 3332 1365 3378 tamen
1394 3328 1702 3384 narratione
1728 3341 1837 3386 tra-

245 3405 413 3459 ditur.
465 3405 647 3461 Potest
685 3416 740 3462 et
784 3408 864 3463 sic
904 3408 1059 3477 solvi,
1105 3412 1355 3482 quoniam
1409 3415 1681 3487 Scriptura
1721 3438 1839 3492 qua:

246 3496 402 3562 dixit,
435 3493 563 3551 Cum
604 3506 729 3553 esset
767 3497 971 3554 Tharra
1012 3518 1262 3558 annorum
1296 3509 1636 3581 septuaginta,
1667 3516 1839 3585 genuit

247 3589 509 3641 Abraham
529 3597 576 3642 et
598 3588 813 3645 Nachor
840 3601 888 3646 et
907 3592 1077 3647 Arran
1093 3612 1114 3660 ;
1144 3612 1251 3651 non
1279 3599 1461 3670 utique
1485 3601 1588 3659 hoc
1614 3605 1840 3678 intelligi

244 3677 439 3746 vehit,
480 3678 602 3749 quia
650 3680 841 3737 eodem
884 3697 1026 3738 anno
1077 3689 1468 3759 septuagesimo
1518 3696 1690 3749 aetatis
1728 3677 1839 3754 suac

242 3785 438 3827 omnes
464 3779 574 3827 tres
609 3775 813 3843 genuit,
843 3776 937 3831 sed
973 3791 1043 3832 ex
1074 3794 1181 3848 quo
1206 3795 1345 3838 anno
1370 3798 1629 3854 generare
1653 3792 1837 3861 cmpit,

243 3876 373 3918 eum
420 3877 618 3917 annum
661 3870 1097 3925 commemoravit
1136 3869 1430 3942 Scriptura.
1471 3876 1613 3934 Fieri
1658 3892 1837 3938 autem

244 3962 426 4025 potest
450 3964 507 4009 ut
525 3958 786 4025 posterior
804 3958 873 4013 sit
899 3970 1185 4029 generatus
1206 3964 1499 4036 Abraham,
1526 3970 1622 4026 sed
1645 3975 1838 4031 merito

242 4048 599 4115 excellentiae,
640 4065 744 4121 qua
787 4050 840 4105 in
889 4052 1181 4124 Scripturis
1220 4058 1374 4114 valde
1410 4064 1834 4136 commendatur,

244 4140 396 4209 prior
432 4139 592 4196 fuerit
620 4143 923 4198 nominatus
952 4164 966 4200 :
999 4149 1137 4203 sicut
1168 4152 1424 4222 propheta
1464 4156 1695 4225 priorem
1736 4176 1838 4218 no-

242 4232 470 4287 minavit
494 4235 775 4303 minorem,
802 4233 963 4292 Iacob
984 4238 1161 4307 dilexi,
1187 4239 1330 4297 Esau
1354 4254 1521 4301 autem
1545 4249 1663 4304 odio
1683 4251 1839 4308 habui

245 4321 502 4392 (Malach.
534 4340 571 4391 ι,
598 4324 655 4393 2,
688 4324 778 4399 5);
809 4328 935 4382 etin
965 4328 1403 4402 Paralipomenon
1428 4351 1550 4393 cum
1576 4340 1644 4395 sit
1674 4356 1835 4413 quar-

243 4420 336 4467 tus
364 4414 616 4469 nascendi
643 4416 831 4473 ordine
868 4418 1053 4488 Judas,
1092 4422 1238 4491 prior
1270 4437 1354 4480 est
1389 4441 1836 4490 commemoratus

245 4501 292 4575 (ι
320 4501 501 4558 Paral.
529 4521 601 4573 iv,
630 4505 706 4580 1),
730 4522 759 4561 a
790 4524 896 4579 quo
913 4498 1153 4568 'Judaicze
1179 4517 1324 4585 genti
1348 4534 1544 4576 nomen
1582 4532 1687 4591 est,
1713 4541 1837 4595 pro-

247 4604 370 4665 pter
395 4597 588 4651 tribum
623 4599 841 4669 regiam.
869 4600 1213 4660 Commodius
1240 4617 1417 4664 autem
1444 4611 1625 4680 plures
1662 4616 1834 4674 exitus

244 4687 611 4755 inveniuntur,
638 4690 829 4759 quibus
848 4692 1166 4762 quaestiones
1189 4696 1430 4755 dil‘liciles
1454 4701 1830 4763 dissolvantur.

318 4777 375 4831 3.
397 4774 795 4835 Consideranda
812 4792 896 4838 est
938 4797 1066 4839 sane
1096 4789 1330 4842 narratio
1360 4789 1614 4862 Stephani
1639 4796 1706 4852 de
1735 4798 1835 4855 hac

247 4881 329 4935 re,
351 4868 437 4923 cui
466 4872 636 4939 magis
672 4871 859 4926 harum
880 4875 1274 4943 expositionum
1321 4896 1425 4935 non
1454 4896 1735 4956 repugnet.
1766 4889 1834 4945 Et

249 4962 382 5017 illud
411 4963 622 5032 quidem
650 4964 791 5035 cogit
810 4976 866 5021 ut
894 4982 999 5022 non
1028 4969 1161 5024 sicut
1187 4975 1391 5029 narrari
1412 4976 1621 5033 videtur
1646 4981 1698 5035 in
1724 4981 1832 5040 Ge-

249 5054 401 5125 nesi(
425 5052 553 5109 Gen.
604 5070 697 5123 xu,
731 5058 755 5110 1
781 5056 826 5127 ),
852 5068 971 5126 post
1016 5070 1243 5117 mortem
1270 5063 1489 5123 Tharrze
1536 5070 1742 5128 locutus
1764 5075 1834 5129 sit

249 5144 392 5200 Deus
418 5144 487 5201 ad
518 5146 806 5215 Abraham,
835 5158 892 5203 ut
933 5150 1104 5206 exiret
1129 5152 1198 5209 de
1221 5160 1536 5227 cognatione
1562 5178 1657 5219 sua
1684 5176 1737 5220 et
1764 5166 1831 5223 de

248 5236 409 5291 domo
436 5239 600 5307 patris
620 5239 702 5294 sui
728 5254 744 5305 ;
770 5239 866 5295 sed
886 5255 1006 5295 cum
1022 5254 1162 5299 esset
1187 5246 1239 5299 in
1257 5246 1631 5320 Mesopotamia
1655 5257 1829 5326 prius-

248 5343 406 5394 quam
436 5327 702 5385 habitaret
726 5331 779 5384 in
808 5330 1068 5399 Charran,
1091 5335 1201 5405 jam
1252 5340 1432 5409 utique
1476 5358 1722 5413 egressus
1762 5349 1830 5405 de

247 5429 393 5478 terra
412 5419 802 5491 Chaldaeorum,
832 5433 889 5478 ut
910 5426 962 5479 in
995 5425 1298 5484 illoitinere
1328 5432 1654 5504 intelligatur
1676 5439 1727 5492 ei
1750 5439 1831 5494 lo-

307 5586 928 5668 fg_em,.ﬁge._At
962 5593 1015 5642 in
1047 5598 1156 5646 Ias.
1189 5604 1498 5664 comtanter,
1537 5602 1722 5668 Thura,
1744 5605 1826 5658 vel

246 5645 468 5712 πωπω
492 5657 544 5699 et
562 5645 701 5701 sic'ln
724 5664 900 5715 graeco.

522 5731 752 5797 Sanc'r.
793 5735 1075 5800 Anons'r.
1118 5740 1228 5805 ΠΙ.

1617 194 1825 253 LIBER
1860 194 2133 256 PRIMUS.

1958 322 2115 368 cutus
2148 313 2310 369 Deus.
2356 314 2459 371 Sed
2487 318 2625 389 quod
2674 314 2976 394 Stephanus
3012 336 3196 398 postea
3227 332 3304 389 sic
3334 349 3537 408 narrat,

1954 401 2100 457 Tunc
2125 404 2384 460 Abraham
2407 424 2634 478 egressus
2663 412 2728 467 de
2762 425 2895 470 terra
2921 418 3271 478 Chaldworum
3300 401 3543 486 habitavit

1952 496 2008 550 in
2034 497 2299 562 Charran;
2328 508 2374 553 ct
2400 499 2537 568 inde,
2565 513 2831 575 postquam
2878 520 3105 567 mortuus
3138 526 3209 569 est
3239 528 3383 587 pater
3410 522 3540 591 ejus,

1952 585 2213 641 collocavit
2257 604 2370 643 eum
2396 591 2451 644 in
2496 600 2628 645 terra
2654 594 2783 665 hac(
2808 597 2921 651 Act.
2961 615 3056 668 vn,
3082 604 3117 657 4
3144 585 3323 675 );non
3352 585 3543 679 parvas

1951 678 2105 733 all‘ert
2131 682 2401 750 angusnas
2431 681 2553 738 huic
2590 688 2941 755 expositioni,
2979 706 3098 759 quae
3125 692 3184 747 ﬁt
3207 710 3305 764 per
3330 678 3542 772 recapi-

1953 770 2283 826 tulationem.
2312 771 2531 829 Videtur
2549 777 2691 830 enim
2718 779 2967 836 habuisse
2994 783 3277 854 imperium
3305 770 3541 861 Domini,

1951 873 2058 928 quo
2083 860 2132 914 ei
2158 860 2329 917 fuerat
2352 862 2563 920 locutus
2595 867 2647 921 in
2676 869 2864 924 itinere
2890 872 3304 949 Mesopotamiae,
3322 860 3544 953 egresso

1950 948 2018 1003 de
2076 961 2215 1006 terra
2243 953 2633 1022 Chaldaeorum,
2664 970 2717 1013 et
2746 963 2892 1016 eunti
2944 964 2996 1017 in
3027 948 3295 1039 Charran,
3337 948 3393 1029 et
3434 974 3541 1033 hoc

1949 1040 2227 1111 imperium
2250 1056 2368 1114 post
2389 1058 2613 1102 mortem
2639 1052 2802 1118 patris
2822 1058 2904 1107 sui
2930 1056 3241 1115 obedienter
3260 1062 3537 1137 implesse,

1948 1146 2069 1185 cum
2100 1133 2309 1201 dicitur,
2340 1135 2405 1188 Et
2426 1137 2664 1192 habitavit
2690 1141 2743 1193 in
2763 1141 3027 1209 Charran;
3047 1156 3094 1199 et
3109 1148 3247 1217 inde,
3270 1133 3541 1227 postquam

1948 1231 2174 1277 mortuus
2204 1236 2274 1277 est
2294 1234 2437 1294 pater
2462 1229 2589 1296 ejus,
2624 1231 2881 1285 collocavit
2901 1233 3049 1286 illum
3074 1236 3127 1289 in
3154 1246 3286 1293 terra
3308 1244 3421 1297 hac.
3455 1247 3537 1302 Ac

1949 1328 2042 1382 per
2065 1316 2165 1369 hoc
2192 1326 2371 1370 manet
2392 1319 2636 1387 quaestio,
2668 1322 2711 1375 si
2733 1326 3062 1394 septuaginta
3088 1329 3322 1401 quinque
3365 1351 3536 1394 anno-

1948 1404 2100 1472 rum(
2130 1406 2264 1459 sicut
2311 1408 2586 1464 evidenter
2631 1410 2900 1481 Scriptura
2940 1414 3213 1475 Geneseos
3258 1422 3537 1500 loquitur)

1946 1492 2065 1560 fuit,
2107 1496 2318 1565 quando
2346 1513 2593 1568 egressus
2625 1512 2707 1556 est
2735 1502 2804 1558 de
2831 1504 3093 1576 Charran,
3121 1492 3388 1580 quomodo

1946 1589 2117 1656 possit
2136 1588 2237 1644 hoc
2257 1606 2459 1657 verum,
2491 1594 2591 1647 nisi
2620 1592 2760 1649 forte
2780 1597 2920 1665 quod
2933 1600 3007 1653 ait
3031 1599 3353 1673 Stephanus,
3386 1606 3534 1664 Tunc

1946 1679 2201 1734 Abraham
2222 1700 2445 1753 egressus
2465 1696 2537 1738 est
2566 1686 2628 1739 de
2656 1696 2791 1741 terra
2818 1687 3171 1746 Chaldaeorum
3200 1706 3248 1749 et
3289 1696 3534 1754 habitavit

1945 1771 1997 1823 in
2014 1770 2266 1840 C/tarran,
2288 1790 2392 1828 non
2414 1779 2491 1830 sic
2517 1778 2829 1847 accipiatur,
2854 1779 3004 1837 Tunc
3019 1798 3263 1853 egressus
3281 1798 3363 1843 est
3383 1799 3536 1859 post-

1943 1877 2167 1933 eaquam
2216 1868 2264 1919 ei
2317 1868 2527 1921 locutus
2580 1880 2664 1923 est
2713 1870 2999 1939 Dominus;
3024 1873 3135 1943 jam
3162 1878 3304 1931 enim
3330 1882 3532 1939 eratin

1943 1956 2342 2026 Mes0potamia,
2368 1960 2503 2014 sicut
2522 1976 2679 2029 supra
2703 1962 2902 2017 dictum
2924 1973 3028 2029 est,
3052 1968 3264 2036 quando
3281 1970 3409 2026 illud
3432 1987 3530 2028 au-

1943 2046 2121 2101 divita
2148 2048 2374 2102 Domino
2407 2068 2417 2101 :
2452 2051 2548 2106 sed
2578 2052 2689 2120 ipsa
2716 2055 2893 2123 regula
2922 2058 3377 2127 recapitulationis
3400 2077 3533 2119 con-

1944 2146 2130 2192 texere
2155 2140 2319 2193 voluit
2339 2140 2661 2211 Stephanus,
2686 2154 2739 2198 et
2754 2144 2911 2199 simul
2941 2147 3142 2215 dicere,
3184 2150 3323 2206 unde
3348 2168 3532 2223 egres-

1942 2244 2057 2295 sus,
2088 2230 2175 2283 ubi
2203 2230 2539 2297 habitaverit,
2568 2250 2691 2288 cum
2718 2236 2809 2301 ait,
2841 2236 2979 2290 Tunc
3023 2239 3280 2296 Abraham
3302 2261 3533 2315 egressus

1942 2329 2013 2371 est
2042 2319 2105 2372 de
2136 2319 2291 2374 Terra
2318 2320 2691 2391 Chaldaeorum,
2724 2336 2770 2378 et
2798 2326 3038 2382 habitavit
3084 2331 3137 2383 in
3180 2331 3426 2389 Charran.
3468 2337 3531 2393 In

1941 2410 2119 2464 medio
2136 2421 2332 2479 autem,
2352 2413 2518 2480 idest,
2544 2415 2682 2469 inter
2701 2432 2969 2486 egressum
3000 2419 3067 2474 de
3085 2430 3225 2477 terra
3250 2426 3533 2485 Chaldaeo-

1944 2516 2085 2566 rum,
2109 2512 2163 2555 et
2204 2500 2587 2557 habitationem
2614 2508 2665 2559 in
2685 2507 2946 2573 Charran,
2973 2509 3177 2567 locutus
3193 2524 3276 2568 est
3294 2517 3343 2570 ei
3363 2498 3529 2575 Deus.

1942 2592 2135 2649 Postea
2168 2609 2293 2649 vero
2324 2596 2463 2666 quod
2495 2598 2734 2668 adjungit
2777 2598 3097 2669 Stephanus,
3130 2605 3199 2659 Et
3222 2608 3360 2675 inde,
3385 2619 3533 2680 post-

1940 2700 2092 2753 quam
2116 2696 2341 2739 mortuus
2375 2696 2445 2739 est
2497 2697 2638 2757 pater
2676 2690 2805 2760 ejus,
2834 2690 3097 2747 collocavit
3123 2695 3268 2750 illum
3304 2698 3357 2751 in
3394 2709 3531 2755 terra

1942 2774 2076 2841 hac;
2105 2777 2415 2833 intuendum
2438 2789 2539 2846 est,
2562 2780 2684 2850 quia
2710 2798 2816 2837 non
2832 2782 2983 2850 dixit,
3005 2786 3070 2840 Et
3091 2798 3366 2858 postquam
3388 2807 3536 2848 moro

1944 2873 2066 2920 tuus
2093 2877 2175 2922 est
2222 2877 2375 2938 pater
2400 2873 2533 2938 ejus,
2569 2886 2814 2941 egressus
2861 2882 2944 2929 est
2989 2876 3056 2931 de
3098 2877 3369 2946 Charran;
3402 2884 3521 2951 sed,

1943 2956 2074 3012 Inde
2102 2961 2362 3015 collocavit
2388 2978 2501 3015 eum
2521 2961 2660 3016 Deus
2676 2964 2729 3017 in
2754 2974 2889 3019 terra
2906 2967 3000 3021 hac
3027 2984 3045 3021 .'
3074 2978 3130 3023 ut
3165 2980 3287 3041 post
3316 2972 3529 3030 habita-

1944 3049 2139 3103 tionem
2160 3052 2212 3104 in
2232 3051 2469 3105 Charran
2488 3053 2843 3110 collocaretur
2868 3058 2921 3111 in
2946 3068 3086 3113 terra
3121 3058 3393 3131 Chanaan,
3422 3079 3534 3125 non

1944 3150 2065 3208 post
2087 3151 2313 3197 mortem
2344 3145 2511 3213 patris
2539 3160 2807 3214 egressus,
2839 3149 2933 3204 sed
2962 3161 3083 3219 post
3109 3163 3333 3211 mortem
3364 3158 3533 3228 patris

1942 3231 2233 3286 Collocatus
2277 3234 2328 3287 in
2360 3243 2503 3289 terra
2531 3236 2806 3304 Chanaan,
2846 3247 2906 3294 ut
2944 3243 3083 3296 ordo
3113 3246 3392 3302 verborum
3436 3250 3535 3319 sit,

1944 3323 2207 3379 Habitavit
2235 3326 2288 3378 in
2322 3326 2579 3393 Charran,
2607 3340 2660 3384 et
2692 3331 2813 3384 inde
2838 3331 3284 3391 collocavitillum
3309 3339 3363 3393 in
3387 3348 3533 3397 terra

1943 3411 2062 3480 hac,
2094 3424 2373 3485 postquam
2394 3428 2633 3473 mortuus
2651 3430 2731 3473 est
2758 3432 2901 3490 pater
2928 3424 3077 3493 ejus;
3106 3436 3164 3481 ut
3184 3436 3308 3485 tunc
3326 3431 3530 3487 intelli-

1941 3517 2128 3571 gamus
2171 3506 2489 3562 collocatum
2515 3510 2599 3564 vel
2626 3512 2968 3567 constitutum
3010 3515 3280 3574 Abraham
3304 3520 3357 3574 in
3385 3531 3531 3580 terra

1942 3594 2215 3665 Chanaan,
2248 3601 2460 3669 quando
2480 3601 2587 3655 illic
2636 3618 2757 3656 cum
2799 3616 3045 3674 nepotem
3092 3612 3345 3681 suscepit,
3375 3613 3529 3684 cujus

1943 3688 2246 3743 universum
2272 3705 2453 3746 semen
2485 3692 2591 3747 illic
2614 3692 2787 3747 fuerat
2805 3705 3179 3768 regnaturum,
3202 3714 3265 3757 ex
3295 3704 3528 3771 promis-

1943 3794 2004 3834 so
2033 3781 2130 3835 Dei
2172 3782 2481 3839 haereditate
2504 3784 2716 3839 donata.
2739 3786 2872 3841 Nam
2901 3804 2966 3843 cx
2996 3791 3110 3859 ipso
3139 3791 3405 3850 Abraham
3427 3810 3531 3852 na-

1943 3879 2027 3926 tus
2039 3881 2121 3928 est
2141 3871 2331 3929 lsmael
2359 3875 2426 3931 de
2447 3877 2608 3947 Agar,
2636 3879 2741 3933 nati
2762 3890 2817 3935 et
2836 3881 2921 3934 alii
2938 3897 3003 3937 ex
3026 3883 3278 3953 Cetbura,
3304 3888 3369 3943 ad
3392 3903 3531 3959 quos

1942 3964 2083 4020 illius
2113 3976 2265 4021 terrm
2291 3984 2399 4023 non
2431 3972 2722 4039 pertineret
2751 3972 3052 4031 haereditas.
3073 3979 3137 4032 Et
3161 3995 3227 4034 ex
3256 3980 3401 4037 Isaac
3424 3998 3527 4040 na-

1942 4064 2030 4112 tus
2046 4057 2311 4133 est__Esau,
2337 4060 2427 4130 qui
2454 4062 2699 4118 similiter
2718 4064 2785 4119 ab
2822 4067 2911 4120 illa
2932 4068 3243 4128 haereditate
3262 4075 3525 4133 alienatus

1941 4156 2042 4203 est.
2060 4148 2143 4204 Ex
2158 4148 2323 4206 Jacob
2345 4160 2521 4207 autem
2545 4153 2654 4208 lilio
2673 4155 2840 4224 Isaac,
2855 4170 3113 4229 quotquot
3128 4162 3220 4216 lilii
3238 4167 3347 4219 nati
3367 4177 3521 4237 sunt,

1941 4237 1995 4294 id
2037 4250 2120 4295 est
2147 4242 2458 4298 universum
2487 4259 2671 4300 semen
2707 4248 2840 4317 ejus,
2886 4252 2951 4303 ad
2983 4252 3122 4307 illam
3155 4254 3526 4318 hacreditatem

1940 4330 2211 4398 pertinuit.
2241 4332 2330 4386 Sic
2352 4347 2479 4402 ergo
2505 4334 2795 4390 collocatus
2818 4346 2873 4392 et
2895 4343 3210 4398 constitutus
3224 4344 3278 4399 in
3302 4346 3392 4402 illa
3411 4356 3526 4405 ter-

1941 4434 1999 4472 ra
2026 4420 2314 4485 Abraham,
2338 4421 2588 4491 quoniam
2631 4424 2759 4479 vixit
2793 4442 2957 4497 usque
2978 4430 3044 4483 ad
3072 4434 3399 4492 nativitatem
3427 4438 3525 4496 Ja-

1939 4509 2060 4575 cob,
2088 4511 2133 4564 si
2159 4519 2304 4565 recte
2329 4511 2668 4583 intelligitur;
2696 4517 2868 4571 soluta
2885 4524 3108 4588 quaestio
3127 4535 3210 4579 est
3229 4528 3526 4587 secundum

1940 4600 2433 4670 recapitulationem
2456 4619 2470 4669 ;
2497 4607 2737 4674 quamvis
2757 4618 2810 4663 et
2833 4609 2950 4665 alite
2969 4613 3260 4674 solutiones
3278 4634 3384 4675 non
3399 4630 3528 4679 sunt

1938 4692 2361 4747 contemnendae.

2010 4784 2200 4840 XXV'l.
2226 4786 2324 4861 [Ib.
2357 4804 2453 4854 χιι,
2500 4790 2584 4857 12,
2619 4791 2751 4867 1/1.]
2784 4793 2894 4850 Erit
2919 4814 3039 4870 ergo
3066 4817 3178 4855 cum
3221 4812 3268 4857 le
3310 4806 3529 4864 viderint

1938 4876 2197 4951 Egyptii,
2227 4881 2389 4934 dicent
2415 4884 2533 4953 quia
2562 4901 2689 4938 uxor
2702 4886 2839 4941 illius
2866 4890 2988 4943 lucc.
3022 4890 3238 4947 Factum
3263 4908 3334 4949 est
3357 4911 3527 4955 autem

1937 4974 2106 5025 statim
2131 4984 2185 5026 ut
2208 4974 2408 5027 intravit
2428 4976 2681 5031 Abraham
2702 4980 2753 5032 in
2773 4979 3080 5052 Egyplum,
3103 4986 3322 5040 videntes
3350 4987 3519 5060 zEgy-

1940 5065 2031 5136 ptii
2046 5066 2323 5119 mulierem
2346 5068 2463 5136 quia
2494 5072 2718 5137 speciosa
2742 5085 2847 5125 erat
2880 5077 3043 5129 valde.
3073 5076 3349 5143 Quomodo
3375 5083 3519 5137 acci-

1936 5157 2129 5227 piatur,
2156 5160 2296 5227 quod
2324 5161 2589 5216 Abraham
2612 5166 2894 5220 veniensin
2918 5168 3206 5239 Egyptum
3228 5172 3400 5229 celare
3428 5191 3521 5232 vo-

1936 5248 2031 5303 luit
2057 5265 2274 5305 uxorem
2304 5266 2451 5307 suam
2474 5270 2593 5310 esse
2618 5255 2803 5311 Saram
2829 5261 2866 5323 ί,
2892 5260 3183 5317 secundum
3203 5265 3379 5322 omnia
3402 5284 3519 5339 qua)

1934 5341 2002 5396 de
2029 5340 2131 5397 hac
2177 5345 2457 5414 rescripta
2506 5357 2651 5413 sunt,
2697 5358 2871 5402 utrum
2930 5351 3031 5406 hoc
3072 5360 3380 5414 convenerit
3414 5370 3521 5417 tam

1934 5444 2118 5489 sancto
2167 5434 2300 5499 viro,
2351 5451 2417 5490 an
2455 5437 2816 5493 subdcfectio'
2843 5440 2965 5497 ﬁdei
3000 5442 3115 5513 ejus
3168 5446 3517 5523 intelligatur,

1998 5550 2015 5625 ἒ
2172 5554 2455 5625 consecter.
2467 5561 2579 5625 Ρυω
2598 5552 2798 5625 semina
2818 5566 2893 5615 ντν
2911 5556 2981 5625 uti
3002 5558 3131 5620 apud
3150 5565 3280 5622 LXX,
3304 5578 3522 5625 sanan.

1996 5608 2726 5695 .‘Hi‘bj’f’f.ﬁefiffff’l'ﬂﬁfﬁef:
2749 5608 3288 5695 ξςφεςὲιάυωόξυιειηωέεῖ
3304 5608 3522 5695 ἶ*αῶῗῶ

1932 5668 2073 5734 factio
2088 5666 2241 5731 ﬁdei;
2262 5672 2329 5719 uti
2352 5666 2541 5721 rursum
2567 5666 2733 5738 postea
2752 5666 2843 5728 ωῖῖ
2859 5680 2907 5739 6,
2932 5666 3200 5743 ᾳυὶὶεέιῖέοζ

2824 5762 3217 5836 {Dim-huit.)
