3902 6300
262 330 381 389 857

257 440 565 502 locutiones
609 439 882 512 proprias,
920 434 1039 512 quae
1069 436 1321 493 idiomata
1348 446 1637 495 vocantur.
1670 444 1869 509 quanto

260 534 439 607 magis
464 531 758 589 secundum
786 546 877 587 eas
905 546 1036 604 quas
1062 544 1183 585 cum
1203 527 1326 585 aliis
1342 527 1538 607 linguis
1557 543 1869 585 communes

260 632 545 705 habenti
1868 606 1871 611 ⁵

340 702 556 799 XXXII:
582 714 982 799 [1ὒ.ινιιι,1’6.]
1004 714 1270 789 Quaeritur
1291 714 1559 788 quomodo
1581 715 1777 771 dictum
1800 716 1869 799 sit

258 818 336 874 ad
378 786 649 873 Abraham
680 814 748 869 de
786 786 895 868 lilio
933 786 1081 884 ejus,
1116 809 1185 864 Et
1230 786 1371 883 reges
1409 809 1633 883 gentium
1673 808 1737 862 ea:
1776 786 1869 885 illo

258 918 415 964 erunt
442 923 461 961 :
490 918 670 962 utrum
693 900 815 977 quia
842 919 947 959 non
970 901 1215 973 provenit
1240 899 1531 956 secundum
1560 915 1719 976 regna
1756 898 1867 975 ter-

256 1017 393 1059 rena
410 1042 426 1070 ,
458 992 761 1057 secundum
784 995 1077 1051 Ecclesiam
1105 990 1276 1065 accipi
1299 992 1529 1060 debeat;
1557 1008 1623 1046 an
1650 1002 1868 1064 propter

258 1094 408 1149 Esau
440 1095 599 1151 etiam
631 1091 696 1145 ad
730 1091 959 1146 litteram
981 1086 1221 1159 contigit.
1868 1062 1875 1081 ’

336 1185 580 1241 XXXIII.
612 1182 710 1261 [lb.
738 1198 889 1248 xvm,
918 1177 999 1256 2.]
1029 1166 1095 1235 Et
1131 1179 1306 1236 videns
1348 1179 1665 1253 procucurrit
1693 1180 1746 1237 in
1774 1170 1865 1237 οό-

252 1280 397 1334 viam
429 1278 531 1335 illis
566 1276 629 1331 ab
669 1276 796 1330 ostio
841 1271 1151 1328 tabernaculi
1195 1272 1312 1340 sui,
1356 1270 1402 1326 et
1444 1270 1673 1327 adoravit
1716 1268 1873 1351 super;

253 1382 481 1439 terram,
511 1378 555 1423 et
581 1367 711 1422 dixit
738 1381 759 1421 :
783 1364 1035 1433 Domine,
1080 1363 1126 1420 si
1167 1364 1333 1418 inveni
1374 1363 1592 1443 gratiam
1636 1348 1753 1416 ante
1796 1348 1879 1443 te,

253 1480 321 1517 ne
364 1472 637 1532 prwtereas
680 1474 875 1517 servum
927 1468 1089 1512 tuum.
1138 1440 1406 1527 Quaeritur
1451 1470 1573 1511 cum
1620 1462 1727 1508 tres
1764 1440 1880 1508 viri'

252 1565 450 1613 essent
505 1554 593 1624 qui
647 1554 695 1608 ei
750 1558 1138 1623 apparuerant,
1195 1542 1466 1621 quoinodo
1529 1544 1867 1616 singulariter

252 1648 549 1703 Dominum
576 1645 838 1719 appellet,
871 1642 1085 1706 dicens,
1120 1624 1356 1707 Domine,
1385 1640 1427 1693 si
1457 1637 1879 1719 invcnigratiain

252 1748 378 1795 ante
418 1747 466 1792 te
495 1753 514 1792 :
544 1753 609 1791 an
642 1734 971 1807 intelligebat
1012 1747 1174 1788 unum
1219 1747 1285 1786 ex
1330 1730 1408 1785 eis
1448 1729 1768 1794 Dominum,
1812 1736 1875 1809 ett

249 1832 395 1886 alios
425 1830 643 1900 angelos
672 1847 684 1881 :
713 1844 779 1881 an
804 1827 979 1896 potius
1002 1825 1057 1879 in
1078 1824 1279 1895 angelis
1302 1822 1580 1876 Dominum
1604 1812 1858 1891 sentiens,

256 1922 499 1977 Domino
526 1920 701 1991 potius
724 1933 881 1990 quam
909 1916 1110 1989 angelis
1135 1915 1279 1986 loqui
1303 1912 1502 1985 elegit:
1528 1902 1650 1991 quia
1674 1910 1778 1967 uno
1798 1904 1873 1973 ex'

251 2015 433 2069 tribus
481 1988 601 2067 cum
654 1988 771 2081 ipso
812 1988 1081 2063 Abraham
1130 1996 1313 2079 postea
1364 1988 1708 2067 remanente,
1755 1996 1864 2077 duo

248 2107 548 2162 mittuntur
578 2105 629 2157 in
657 2101 975 2166 Sodomam,
1004 2107 1061 2155 et
1089 2098 1193 2153 illis
1223 2096 1301 2152 sic
1330 2096 1563 2169 loquitur
1586 2094 1720 2149 Loth
1747 2103 1863 2148 tan-

248 2215 423 2271 quam
453 2198 697 2252 Domino.
1808 2180 1819 2187 ‘

318 2285 577 2345 XXXIV.
599 2286 698 2360 [lb.
723 2301 874 2350 xvm,
899 2281 977 2355 4.]
1010 2282 1255 2337 Sumatur
1281 2297 1435 2349 aqua,
1459 2288 1505 2333 et
1531 2278 1688 2332 lavem
1712 2276 1865 2351 pedes

249 2392 453 2437 vestros
474 2423 489 2446 ,
525 2389 571 2434 et
595 2379 890 2451 refrigerate
917 2375 1009 2429 sub
1035 2374 1214 2428 arbore
1232 2414 1247 2439 ,
1280 2380 1325 2426 et
1352 2388 1550 2426 sumam
1576 2386 1787 2442 panem,
1813 2362 1869 2425 et

248 2474 589 2539 manducate.
621 2472 890 2542 Qua-ritur
916 2467 962 2523 si
995 2465 1213 2538 angelos
1242 2462 1598 2534 intelligebat,
1641 2477 1864 2549 quomo-

246 2567 318 2623 do
349 2564 589 2635 potuerit
629 2562 695 2623 ad
735 2562 874 2615 hanc
914 2557 1293 2612 humanitatem
1320 2555 1577 2615 invitare;
1609 2554 1860 2625 quoniam

246 2658 482 2715 refectio
518 2655 725 2727 mortali
756 2652 903 2710 carni
926 2653 943 2682 ί
977 2650 1277 2706 necessaria
1303 2658 1414 2714 est,
1446 2662 1552 2701 non
1585 2638 1863 2707 immorta-

246 2752 389 2815 litati
426 2748 772 2823 Angelorum.

313 2860 550 2919 XXXV.
607 2859 705 2932 [lb.
751 2873 915 2921 xvm,
962 2852 1073 2927 II.]
1113 2854 1371 2913 Abraham
1414 2860 1584 2913 autem
1634 2860 1683 2905 et
1727 2849 1865 2913 Sara.

244 2958 513 3018 seniores,
548 2949 800 3022 progeni
843 2950 900 3006 in
941 2944 1114 3005 άὶειητε
1145 2961 1162 2999 ἔ
1200 2945 1488 3013 Magia"!
1518 2949 1684 3009 αωειη
1716 2938 1865 3011 δραι

245 3048 363 3117 ﬁeri
409 3043 695 3103 muliebria.
742 3042 1024 3103 Saliorum
1064 3045 1199 3093 tetas
1240 3036 1415 3095 minor
1455 3043 1537 3093 est
1571 3048 1729 3103 quam
1772 3046 1871 3095 se:

245 3157 381 3197 num
404 3181 420 3205 ,
448 3136 693 3207 quamvis
720 3142 783 3191 et.
808 3145 966 3187 senes
991 3129 1323 3200 appellentur
1353 3127 1613 3185 seniores.
1636 3123 1791 3185 Unde
1815 3125 1861 3187 si

245 3251 380 3291 vera
412 3240 538 3289 sunt
560 3245 679 3300 qua:
705 3244 741 3283 a
765 3224 1038 3287 nonnullis
1078 3222 1299 3278 medicis
1338 3228 1685 3287 asseruntur,
1729 3232 1863 3287 quo-

246 3328 406 3383 liam
435 3324 617 3379 senior
644 3321 723 3381 vir
738 3332 877 3381 eum
896 3316 1120 3375 muliere
1146 3313 1359 3375 seniore
1387 3311 1525 3367 lilios
1558 3312 1731 3391 lacere
1756 3325 1867 3375 non,

247 3423 459 3489 potest,
486 3412 700 3471 etiamsi
729 3409 903 3469 adhuc
942 3406 1157 3467 feminis
1184 3403 1458 3467 muliebria
1492 3401 1735 3467 veniant;
1772 3417 1860 3461 se-

247 3507 497 3565 cundum
529 3504 629 3561 hoc
648 3502 975 3579 admiratum
1002 3497 1271 3555 Abraham
1300 3495 1367 3553 de
1395 3492 1747 3563 promissione
1768 3492 1877 3553 lilii.

251 3602 414 3674 (Gen.
448 3614 594 3661 xvn,
624 3598 746 3666 I7),
795 3603 848 3649 et
886 3592 1198 3647 miraculum
1246 3588 1486 3658 posuisse
1526 3585 1863 3655 Apostuinm.

250 3693 505 3762 accipere
528 3700 831 3758 possumus,
856 3684 945 3741 ubi
963 3682 1095 3737 dixit
1119 3691 1401 3743 emortuum
1427 3695 1611 3748 corpus
1635 3676 1861 3745 Abram:

254 3785 447 3856 (Rom.
474 3797 548 3846 iv,
582 3780 695 3849 I9).
727 3777 1041 3837 Emortunm
1076 3774 1273 3855 quippe
1315 3787 1509 3841 corpus
1538 3785 1643 3829 non
1675 3770 1747 3825 ita
1780 3770 1861 3821 iu-

252 3873 613 3945 telligendnm
645 3879 729 3929 est
745 3884 853 3937 ,ac
878 3869 922 3924 si
954 3866 1172 3924 omnino
1202 3865 1401 3921 nuIJant
1431 3863 1532 3917 vim
1577 3859 1861 3930 generandi

253 3966 467 4031 habere
494 3971 711 4035 posset,
737 3962 781 4025 si
812 3959 1004 4017 mulier
1027 3956 1278 4027 juvenilis
1302 3956 1323 3986 ²
1355 3954 1525 4013 uitatis
1553 3961 1726 4035 esset;
1769 3950 1873 4013 sed

254 4032 557 4121 secundum
603 4055 706 4111 hoc
745 4062 1079 4115 emortuum,
1112 4058 1170 4101 ut
1211 4046 1369 4115 etiam
1418 4045 1483 4099 de
1515 4032 1864 4114 proraetiuris

256 4152 435 4209 aetatis
478 4147 702 4205 muliere
729 4160 836 4203 non
868 4149 1066 4212 posset.
1110 4128 1247 4197 Nam
1272 4136 1392 4197 ideo
1420 4135 1485 4191 dt‘.
1514 4133 1741 4195 ευιιιυηι
1769 4149 1863 4203 ρο-

257 4245 397 4309 tuit,
440 4241 566 4311 quia
606 4247 661 4293 et
694 4235 944 4306 juvenilis
974 4232 1115 4293 illam
1144 4228 1347 4311 invenit
1369 4227 1561 4285 anatis.
1593 4223 1682 4285 Sic
1720 4226 1861 4287 enim

257 4334 471 4395 medici,
491 4329 729 4395 tradunt,
759 4325 1010 4397 quoniam
1038 4322 1191 4391 cujus
1217 4335 1410 4389 corpus
1446 4318 1541 4372 viri
1571 4316 1863 4385 secunde

259 4426 368 4483 hoc
396 4426 506 4495 jam
536 4420 757 4485 defecit,
803 4427 860 4473 ut
888 4431 1009 4475 cum
1045 4414 1242 4473 femina
1284 4409 1633 4481 provectioris,
1669 4410 1860 4476 aetatis,

260 4520 511 4590 quamvis
537 4521 808 4571 menstrua
836 4508 1011 4571 adhuc
1036 4506 1293 4577 patiatur,
1319 4518 1575 4575 generare
1604 4516 1709 4563 non
1738 4516 1862 4569 pos-

262 4613 328 4666 sit
350 4653 369 4678 ,
403 4609 473 4664 de
508 4605 791 4677 juvencula
828 4607 1021 4673 potest.
1058 4598 1122 4653 Et
1161 4610 1349 4653 rursus,
1388 4593 1578 4653 mulier
1611 4608 1728 4665 quin
1756 4594 1863 4665 jam

263 4709 535 4775 provecta)
560 4698 733 4757 anatis
761 4704 879 4760 est,
916 4690 1158 4761 quamvis
1182 4686 1355 4741 adhuc
1379 4691 1651 4745 menstrua
1676 4680 1863 4751 (quit,

265 4807 323 4851 ut
352 4795 421 4851 de
461 4791 671 4851 seniore
708 4801 899 4859 parere
937 4798 1043 4843 non
1089 4780 1286 4853 possit,
1327 4777 1395 4833 ds
1435 4776 1630 4844 juvene
1670 4780 1867 4851 potest,

267 4889 403 4944 illud
433 4888 613 4956 itaque
642 4884 761 4941 ideo
790 4877 1103 4943 miraculum
1147 4873 1276 4937 fuit,
1319 4870 1438 4941 quia
1484 4866 1777 4935 semiudum
1813 4866 1866 4928 id

267 4982 412 5052 quod
438 4980 673 5037 diximus
692 5012 715 5041 ,η
738 4982 982 5030 emortuo
1007 4983 1232 5038 corriore
1260 4966 1355 5025 viri
1379 4998 1392 5031 ,
1423 4964 1617 5034 femina
1656 4975 1868 5033 quoque

272 5080 541 5145 provecta:
562 5070 739 5141 atatis
760 5064 879 5131 fuit,
911 5071 969 5119 ut
995 5062 1044 5116 ei
1070 5059 1399 5121 destitissent
1426 5052 1866 5145 ﬁerimnliebria.

271 5142 404 5222 Nam
428 5164 481 5223 si
520 5159 660 5232 quod
691 5159 769 5213 ait
798 5152 1121 5225 Apostolus,
1150 5165 1333 5221 corpus
1361 5156 1677 5217 emortuum,
1704 5142 1869 5232 verbo

272 5261 392 5330 quis
416 5264 651 5327 premat.
676 5247 959 5321 quiatlixit
996 5253 1312 5312 ementium;
1336 5238 1449 5311 jam
1636 5249 1731 5293 nec
1756 5231 1870 5330 ani:

274 5323 709 5410 mamvbabuisse,
726 5340 822 5401 sed
840 5336 1067 5403 cadaver
1085 5333 1249 5397 fuisse
1272 5327 1671 5401 intelligidebet
1690 5342 1705 5391 ;
1727 5323 1879 5401 quod,

277 5439 668 5498 absurdissima:
714 5430 957 5489 falsitatis
994 5436 1097 5498 ast.
1144 5425 1235 5481 Sic
1280 5427 1457 5491 itaque
1504 5417 1730 5485 δοινὶιιηι
1772 5418 1869 5491 iga

279 5534 523 5607 quiestio.
551 5526 803 5598 Alioquin.
828 5521 1019 5589 merito
1062 5524 1242 5577 movet
1275 5511 1544 5607 quomodo
1574 5513 1871 5607 cum-esset

284 5601 553 5685 Abraham
580 5636 747 5693 prope
979 5612 1171 5678 aetatis,
1199 5605 1492 5668 secundum
1516 5618 1675 5676 quam
1698 5601 1875 5665 hami,

343 5752 503 5813 russi
518 5740 736 5808 m‘eiioi'is
758 5756 902 5809 notae.
926 5756 1038 5812 qm
1052 5738 1305 5813 "RW

344 5793 368 5858 λ
384 5793 1226 5884 Γ
1247 5801 1497 5865 scriptum,
1508 5793 1767 5861 juvenalit.

1611 308 1815 378 LIBER
1852 316 2125 379 PRIMUS.

1977 454 2072 493 nes
2100 448 2225 493 tunc
2252 437 2522 505 vivebant,
2553 450 2605 495 et
2640 449 2821 511 postea
2855 442 2991 499 ﬁlios
3014 446 3082 500 de
3099 445 3327 502 Cethura
3360 450 3565 521 fecerit,

1974 529 2183 585 dicatur
2212 530 2287 615 ab,
2306 532 2564 600 ApostOlo
2583 574 2599 599 ,
2631 548 2859 603 corpore
2888 547 3164 606 emortuo,
3203 546 3259 595 et
3282 556 3379 611 pro
3404 545 3568 601 mlra-

1973 620 2117 705 culo,
2147 622 2267 705 quia
2298 622 2505 703 genuit,
2538 620 2905 693 praedicetur?

2046 702 2287 771 XXXVI.
2314 702 2412 789 [11).
2436 712 2597 781 ivni,
2772 712 2839 771 Et
2878 719 3005 773 dilit
3042 720 3291 777 Dominus
3318 726 3387 778 ad
3409 724 3569 780 A’br‘a-

1975 804 2128 872 ham,
2164 803 2332 870 Quare
2361 800 2471 860 risit
2502 804 2637 861 Sura
2670 807 2723 861 in
2752 809 3017 879 semetipsa
3045 810 3245 880 dicens,
3279 803 3417 886 Ergo
3462 818 3585 871 vere

1976 888 2174 966 pariant
2197 896 2250 950 1?
2273 912 2365 969 ego
2403 907 2571 961 autem
2607 899 2767 953 senui.
2805 898 3071 969 QUmritu‘r
3104 902 3268 973 quare
3297 905 3448 959 istam
3481 923 3566 963 re-

1974 988 2198 1062 darguat
2228 989 2485 1046 Dominus
2507 1034 2521 1058 ,
2558 1008 2679 1047 cum
2706 1002 2760 1047 et
2779 994 3047 1050 Abraham
3091 992 3287 1063 riserit,
3319 1000 3419 1055 nisi
3448 1004 3569 1073 quia

1973 1082 2117 1139 illius
2142 1083 2283 1137 risus
2310 1083 2677 1138 admirationis
2715 1095 2773 1139 et
2796 1082 2993 1140 Iastium
3032 1074 3160 1155 fuit’,
3202 1080 3347 1145 S'arte
3391 1082 3579 1148 autem

1972 1174 2319 1229 dubitationis
2342 1193 2355 1240 ;
2389 1185 2439 1230 et
2462 1176 2529 1233 ab
2554 1174 2642 1230 illo
2660 1177 2760 1230 hoc
2780 1176 3059 1247 diiudicari
3080 1178 3268 1250 potuit,
3294 1176 3382 1259 qui
3406 1172 3579 1239 cord'd'

1973 1264 2248 1339 hominum
2278 1266 2442 1321 novit.

2044 1352 2306 1409 XXXVII.
2332 1354 2431 1430 [lb.
2456 1371 2586 1410 xvnt
2607 1398 2627 1423 ,
2649 1354 2760 1430 I5.]
2791 1352 3008 1431 Negavit
3046 1357 3181 1414 S‘a’ra
3211 1360 3380 1416 dicens
3401 1406 3413 1428 ,
3446 1362 3573 1419 Non

1970 1447 2061 1501 risi
2090 1462 2110 1502 :
2134 1447 2301 1502 timuit
2327 1449 2480 1503 enim.
2525 1446 2804 1515 Quomodo
2844 1444 3211 1520 intelligeba'nt
3242 1442 3406 1506 Dentri
3448 1454 3569 1511 esse

1970 1538 2060 1610 qui
2088 1540 2423 1610 loquebatur,
2450 1556 2570 1594 cum
2600 1540 2757 1593 etiam
2784 1556 2977 1610 negare
3005 1555 3131 1595 ausa
3164 1522 3232 1595 sit
3266 1534 3394 1598 Sara
3427 1534 3573 1619 quod

1971 1631 2177 1697 riserit,
2212 1641 2463 1700 tanquam
2493 1630 2592 1685 hoc
2623 1630 2713 1684 ille
2756 1638 2936 1699 posset
2966 1632 3211 1701 ignOrare
3246 1651 3257 1685 :
3293 1633 3393 1688 nisi
3433 1632 3575 1691 nine

1969 1721 2101 1777 Sara
2152 1720 2399 1776 homines
2444 1737 2539 1776 eos
2598 1721 2841 1791 putabat,
2898 1718 3166 1777 Abraham
3221 1738 3347 1779 vero
3402 1725 3577 1780 Deum

1970 1812 2336 1881 inlelligebat?
2375 1810 2481 1868 Sed
2526 1814 2685 1868 etiam
2734 1814 2845 1883 ipse
2888 1812 2976 1867 illa
3018 1810 3362 1869 humanitatis
3398 1814 3575 1871 ol'liei'a"

1969 1902 2289 1973 praebendo,
2318 1904 2385 1959 de
2412 1903 2605 1975 quibus
2632 1920 2791 1974 supra
2819 1904 2961 1970 dixi,
2995 1920 3113 1974 quia
3142 1907 3439 1962 necessaria
3467 1908 3568 1963 ιιὶδί

1970 1993 2196 2049 inﬁrma:
2222 1995 2369 2049 carni
2399 2011 2518 2051 esse
2557 2012 2661 2050 non
2693 2005 2938 2066 possent,
2966 1998 3157 2051 mirum
3197 1997 3295 2051 nisi
3325 1998 3569 2057 homines

1967 2088 2118 2157 prius
2160 2103 2279 2142 esse
2330 2087 2617 2144 arbitratus
2674 2098 2805 2143 est:
2843 2088 2936 2143 sed
2993 2088 3231 2144 fortassis
3279 2091 3330 2145 in
3377 2080 3600 2162 quibus.

1969 2177 2137 2232 Deum
2168 2178 2308 2249 loqui
2350 2180 2636 2249 intellexit,
2678 2178 2993 2249 quibusdam
3036 2170 3229 2235 divinaé
3274 2180 3569 2252 majestatis

1969 2269 2320 2326 existentibus
2348 2282 2401 2326 et
2426 2272 2803 2343 apparentibus
2826 2274 3012 2343 signis,
3032 2273 3169 2329 sicut
3190 2276 3241 2330 in
3264 2275 3567 2333 hominibus

1970 2367 2063 2422 Dei
2086 2366 2106 2400 ²
2135 2386 2276 2439 smpe
2310 2370 2619 2440 apparuiSsc
2651 2370 2922 2440 Scriptura
2962 2378 3204 2426 testatur.
3242 2360 3346 2426 Sed
3384 2389 3568 2429 rursus

1968 2460 2243 2528 quaeritur,
2274 2461 2318 2541 si
2348 2461 2417 2513 ita
2444 2471 2544 2524 est,
2581 2460 2721 2515 unde
2742 2461 2957 2531 angelos
2981 2458 3143 2515 fuisse
3168 2473 3350 2535 postea
3370 2480 3570 2537 unguo-

1969 2552 2141 2607 verint
2161 2593 2176 2619 ,
2213 2548 2317 2606 nisi
2339 2551 2475 2608 forte
2495 2568 2615 2606 cum
2637 2553 2715 2608 eis
2739 2548 3036 2607 videntibus
3062 2554 3112 2606 in
3141 2555 3332 2608 cmlum
3357 2555 3564 2614 iissent.

2039 2636 2328 2699 XXXVIII.
2362 2643 2459 2719 [lb.
2494 2661 2647 2712 xvm,
2688 2642 2795 2717 19.]
2829 2645 2945 2699 Scio
2977 2646 3128 2715 enim,
3161 2648 3279 2719 quia
3301 2650 3577 2703 constituet

1968 2739 2090 2810 {iliis
2114 2739 2245 2801 suis,
2278 2748 2323 2792 et
2355 2738 2525 2794 domui
2555 2755 2661 2793 sure
2690 2748 2801 2809 post
2832 2756 2911 2806 se,
2944 2749 2987 2791 et
3017 2741 3297 2792 custodierit
3324 2744 3431 2794 vias
3459 2737 3567 2795 Do-

1968 2831 2109 2894 mini,
2144 2840 2189 2889 ει
2218 2830 2385 2900 facere
2412 2830 2429 2861 ³
2464 2816 2715 2902 justitiam
2742 2839 2789 2882 et
2806 2829 3082 2898 judicium,
3117 2839 3172 2882 ut
3201 2828 3422 2884 adducat
3452 2814 3565 2886 Do-

1969 2922 2133 2977 minus
2175 2922 2227 2975 in
2270 2922 2524 2975 Abraham
2570 2921 2772 2985 omnia,
2813 2936 2924 2991 qua:
2968 2921 3162 2975 locutus
3200 2931 3271 2975 est
3303 2922 3371 2975 ad
3398 2923 3565 2979 illum.

1970 3012 2105 3067 Ecce
2136 3013 2224 3067 ubi
2259 3014 2516 3082 promittit
2551 3012 2805 3067 Dominus
2831 3010 3059 3066 Abralia:
3090 3028 3194 3066 non
3224 3012 3393 3067 solum
3426 3030 3566 3084 pra:-

1968 3104 2095 3167 mia,
2129 3104 2223 3159 sed
2255 3105 2415 3159 ctiam
2446 3100 2801 3158 obedientiam
2825 3104 3044 3172 justitiu!
3071 3102 3301 3157 ﬁliorum
3332 3103 3479 3176 ejus,
3512 3116 3569 3167 ut

1968 3195 2107 3273 circa
2138 3210 2231 3249 eos
2262 3195 2422 3249 etiam
2450 3193 2665 3264 praemia
2696 3192 2953 3263 promissa
2984 3188 3366 3265 compleantur.

2040 3286 2281 3347 XXXIX.
2308 3285 2407 3360 [lb.
2436 3303 2593 3351 xvm,
2625 3284 2742 3359 2L]
2792 3284 3110 3340 Descendens
3153 3303 3270 3358 ergo
3310 3287 3484 3343 videbo
3524 3287 3569 3345 si

1968 3378 2243 3437 secundum
2275 3378 2544 3431 clamorem
2585 3377 2810 3448 ipsorum
2841 3377 3113 3431 venientem
3141 3379 3209 3430 ad
3236 3395 3313 3433 me
3335 3396 3568 3435 causant-

1972 3480 2206 3545 mantur,
2242 3471 2283 3521 si
2323 3479 2489 3523 autent
2534 3485 2669 3533 non,
2713 3476 2767 3519 ut
2802 3472 2978 3520 sciant.
3026 3462 3199 3523 Verba
3242 3468 3356 3523 hinc
3385 3470 3430 3524 si
3461 3487 3568 3527 non

1968 3562 2261 3627 dubitantis
2287 3561 2415 3632 quid
2440 3560 2667 3619 duorum
2690 3561 2864 3630 potius
2886 3554 3199 3621 eventurum
3225 3561 3312 3623 sit,
3342 3563 3436 3617 sed
3462 3563 3568 3618 ira-

1969 3654 2167 3707 scentis
2210 3662 2263 3705 et
2305 3651 2556 3705 minantis
2600 3650 2957 3721 accipiamus,
3009 3649 3150 3704 nulla
3196 3654 3417 3725 qumstio
3460 3666 3563 3709 est.

1970 3746 2114 3799 More
2158 3744 2352 3814 quippe
2392 3744 2623 3797 humano
2660 3740 2796 3797 Deus
2828 3743 2876 3795 in
2909 3742 3196 3811 Scripturis
3226 3745 3290 3796 ad
3325 3742 3567 3802 homines

1969 3835 2237 3905 loquitur,
2276 3844 2329 3887 et
2371 3832 2485 3904 ejus
2532 3834 2663 3887 iram
2710 3844 2971 3887 noverunt
3011 3833 3127 3907 sine
3171 3834 3567 3902 perturbatione

1969 3928 2085 3996 ejus
2118 3925 2411 3995 intelligere
2434 3967 2448 3993 ,
2480 3925 2569 3995 qui
2601 3933 2881 3979 noverunt.
2920 3922 3168 3981 Solemus
3196 3934 3375 3980 autem
3404 3927 3564 3983 etiam

1970 4020 2047 4075 sic
2078 4018 2357 4075 minaciter
2389 4018 2570 4088 loqui,
2602 4017 2888 4071 Videamus
2917 4018 2960 4071 si
2993 4033 3096 4071 non
3131 4018 3222 4072 tibi
3252 4018 3387 4074 facio
3408 4061 3423 4088 ,
3454 4031 3564 4090 aut,

1974 4111 2261 4165 Videamus
2290 4110 2330 4163 si
2364 4126 2467 4163 non
2501 4109 2573 4163 illi
2606 4108 2817 4176 fecero,
2863 4118 2915 4164 et
2937 4150 2952 4177 ,
2983 4110 3024 4163 si
3059 4125 3161 4163 non
3206 4120 3428 4179 potuero
3472 4111 3565 4167 tibi

1969 4200 2179 4267 facere;
2214 4202 2333 4275 vel,
2380 4200 2592 4267 Sciam,
2636 4199 2686 4253 id
2733 4210 2846 4267 est,
2898 4198 2998 4253 hoc
3042 4199 3213 4271 ipsum
3260 4201 3563 4272 experibor,

1970 4300 2145 4344 utrum
2180 4307 2283 4343 non
2319 4289 2515 4358 possim
2549 4306 2561 4342 :
2589 4287 2730 4357 quod
2757 4304 2874 4340 cum
2904 4287 3155 4342 minando
3185 4304 3290 4342 non
3322 4290 3567 4358 ignoran-

1969 4382 2040 4436 do
2064 4381 2281 4445 dicitur,
2316 4380 2433 4435 irati
2456 4388 2676 4449 apparet
2698 4378 2950 4443 affectus;
2979 4382 3073 4433 sed
3106 4381 3428 4447 perturbatio
3457 4399 3565 4439 non

1970 4470 2111 4525 cadit
2146 4470 2196 4522 in
2231 4470 2420 4523 Deum.
2456 4469 2569 4524 Mos
2591 4478 2769 4523 autem
2798 4468 3042 4523 humana:
3072 4466 3349 4526 locutionis
3374 4482 3429 4527 et
3456 4473 3564 4529 usi-

1972 4570 2110 4617 tatus
2132 4572 2233 4628 est,
2279 4570 2335 4615 ut
2376 4562 2619 4614 humana:
2648 4560 2936 4615 inﬁrmitati
2957 4573 3213 4639 congruat
3235 4562 3279 4629 ⁸,
3310 4562 3393 4619 cui
3427 4565 3565 4621 Deus

1971 4664 2180 4735 coaptat
2208 4650 2527 4710 Iecutionem
2556 4670 2726 4708 suam.

2042 4742 2153 4802 XL.
2185 4746 2282 4822 [lb.
2316 4764 2467 4814 xvtn,
2488 4744 2599 4820 32.]
2631 4746 2805 4813 Qumri
2836 4748 2970 4802 solet
2997 4758 3170 4803 utrum
3201 4749 3344 4821 quod
3373 4750 3440 4804 de
3464 4748 3565 4807 So-

1974 4840 2149 4894 domis
2173 4839 2305 4892 dixit
2327 4838 2485 4904 Deus,
2518 4855 2621 4892 non
2649 4855 2706 4893 se
2732 4838 2955 4911 perdere
2978 4840 3171 4904 locum,
3200 4841 3243 4895 si
3268 4842 3560 4896 inveniren-

1975 4938 2061 4985 tur
2095 4930 2199 4986 illic
2236 4931 2316 4985 vel
2356 4930 2543 4984 decem
2580 4930 2737 4999 justi,
2776 4931 2991 4998 speciali
3023 4930 3246 5000 quadam
3277 4932 3563 5001 sententia,

1973 5025 2039 5079 de
2071 5024 2157 5078 illa
2184 5023 2417 5087 civitate,
2447 5040 2515 5077 an
2537 5023 2605 5077 de
2626 5022 2874 5077 omnibus
2896 5022 3291 5101 intelligendum
3319 5025 3387 5077 sit
3406 5040 3561 5095 gene-

1974 5115 2178 5180 raliter,
2214 5130 2432 5184 parcere
2458 5113 2623 5168 Deum
2656 5114 2794 5179 loco,
2827 5113 2880 5167 in
2907 5129 3240 5185 quocumque
3268 5114 3349 5169 vel
3380 5115 3565 5175 decem

1971 5208 2099 5279 justi
2125 5202 2341 5262 fuerint.
2366 5206 2421 5261 In
2445 5222 2545 5277 qua
2568 5207 2862 5275 quaastione
2884 5221 2987 5260 non
3010 5216 3091 5260 εμῑ
3112 5204 3325 5277 quidem
3348 5223 3567 5263 necesse

1978 5309 2036 5354 ut
2060 5300 2161 5354 hoc
2187 5299 2253 5353 de
2278 5299 2420 5353 omni
2462 5298 2580 5352 loco
2615 5296 2857 5366 accipere
2887 5296 3267 5366 compellantur
3303 5317 3315 5351 :
3351 5314 3566 5369 verum-

1979 5400 2157 5463 tamen
2182 5389 2248 5445 de
2272 5388 2516 5453 Sodomis
2545 5388 2714 5460 potuit
2736 5397 2787 5441 et
2810 5389 2887 5443 sic
2913 5386 3036 5453 dici,
3060 5387 3182 5458 quia
3205 5386 3404 5449 sciebat
3426 5391 3565 5451 Deus

2041 5546 2059 5577 ι
2084 5545 2161 5608 sic
2176 5550 2285 5608 ayss.
2304 5542 2444 5604 juxta
2464 5550 2696 5605 gnem.
2722 5540 2841 5608 Editi
2858 5544 2993 5602 vero,
3013 5550 3099 5607 ego
3119 5553 3232 5593 vero
3252 5542 3458 5608 parram.

2041 5605 2224 5676 ἴβεων
2251 5603 2421 5676 θέῖἔεῖῖ-
2448 5603 2785 5676 “Ws-2.1M-
2820 5658 2840 5676 .
2880 5652 2883 5657 -
2978 5668 2986 5676 .
3252 5603 3271 5661 ’ν

2042 5666 2064 5699 ³
2086 5666 2293 5737 81011ξῆ
2300 5666 2615 5737 λιξξιέιὲνᾳξρ.
2643 5672 2767 5713 l..\'.\'.
2797 5674 2849 5715 At
2872 5667 2988 5727 eiliii
3015 5668 3213 5731 habent,
3235 5675 3282 5718 nt
3302 5676 3571 5729 custodiant

1980 5678 2594 5789 sissesisse

2043 5791 2064 5821 δ
2090 5798 2216 5853 λιεεη
2239 5791 2469 5853 congruit.
