3902 6298
286 286 393 353 559
1084 271 1546 349 QUAESTIONUM
1585 271 1645 329 S.
1686 263 2052 328 AUGUSTINI
2090 265 2158 324 IN
2192 260 2753 324 HEPTATEUCHUM
3476 265 3581 325 ω

287 414 362 472 ibi
402 425 509 468 non
554 420 673 465 esse
717 404 806 462 vel
846 401 1065 465 decem;
1098 408 1152 453 et
1185 397 1306 453 ideo
1342 395 1420 450 sic
1455 389 1879 465 respondebatur
1983 388 2211 443 cordiam
2254 394 2369 441 ante
2406 394 2483 451 te,
2525 394 2573 439 et
2594 380 2929 453 magniﬁcasti
2955 381 3213 454 justitiam
3237 388 3408 452 tuam,
3433 400 3585 457 quam

291 507 553 569 Abrahae,
588 509 644 556 ut
672 497 1061 569 significaretur
1090 506 1191 546 nec
1221 496 1299 543 tot
1332 487 1403 542 ibi
1447 499 1605 557 posse
1632 482 1878 549 inveniri,
1986 480 2114 551 facis
2154 480 2208 534 in
2258 494 2371 544 me,
2421 485 2477 569 ut
2520 475 2652 569 vivat
2698 474 2871 528 anima
2913 490 3060 569 mea;
3116 490 3206 546 ego
3251 483 3430 569 autem
3486 492 3586 569 non

292 599 358 654 ad
383 564 845 666 exaggerationem
875 584 1167 655 iniquitatis
1193 581 1424 635 illorum.
1459 577 1575 633 Non
1609 577 1753 632 enim
1782 590 1881 631 ne-
1986 588 2208 666 possumg
2228 569 2398 625 salvus
2583 568 2652 666 in
2674 575 2877 631 monte,
2998 564 3130 666 forte
3153 566 3587 666 comprehendant

291 703 441 745 cesse
471 658 587 742 erat
617 684 726 738 Deo
752 690 859 735 tam
886 674 1158 731 sceleratis
1188 670 1493 726 hominibus
1528 682 1784 740 parcere,
1817 681 1885 722 ne
1989 680 2070 720 me
2103 662 2243 717 mala
2270 672 2319 717 et
2345 661 2558 716 moriar.
2607 658 2735 715 Haec
2776 658 3178 730 perturbatione
3217 658 3436 715 timoris
3483 675 3587 715 non

292 795 412 833 ctuu
456 777 559 831 illis
606 771 856 841 perderet
888 767 1095 837 justus;
1141 778 1263 819 cum
1310 768 1525 833 posset,
1558 758 1717 829 justis
1761 756 1886 812 inde
1989 754 2243 812 credebat
2268 754 2367 823 ipsi
2395 753 2655 818 Domino,
2696 767 2855 823 quem
2894 751 2945 805 in
2973 750 3178 823 angelis
3203 752 3587 822 cognoscebat,

294 870 553 933 liberatis,
577 864 802 920 reddere
829 859 1005 929 impiis
1034 856 1191 926 digna
1215 853 1472 923 supplicia
1496 870 1509 905 :
1535 849 1649 916 sed,
1678 857 1736 904 ut
1752 848 1883 914 dixi,
1990 863 2093 920 qua
2120 847 2280 901 etiam
2306 844 2434 901 illud
2466 844 2536 901 de
2561 843 2770 900 ﬁliabus
2794 843 2904 898 suis
2933 843 3322 915 prostituendis
3349 843 3586 903 dixerat:

293 961 361 1016 ad
388 953 772 1013 ostendendam
811 948 1192 1019 malignitatem
1223 943 1577 1000 multitudinis
1607 941 1770 1007 illius,
1800 940 1886 995 di-
1994 950 2051 995 ut
2083 938 2440 1009 intelligamus
2485 952 2592 992 non
2626 952 2722 1007 pro
2764 936 3084 992 auctoritate
3116 935 3427 992 habendum
3452 936 3591 1007 quod

294 1053 402 1115 xit,
436 1048 497 1104 Si
534 1047 704 1100 decem
738 1042 806 1096 ibi
844 1042 1113 1105 invenero,
1159 1052 1366 1106 parcam
1393 1035 1637 1088 universa:
1662 1030 1887 1097 civitati;
1994 1032 2129 1089 dixit
2165 1032 2233 1086 de
2275 1029 2604 1101 turpitudine
2643 1028 2869 1083 ﬁliarum
2903 1045 2916 1081 :
2947 1043 3055 1082 non
3091 1028 3235 1083 enim
3261 1038 3323 1084 et
3350 1026 3457 1083 hoc
3499 1043 3592 1098 pro

296 1150 547 1209 tanquam
573 1137 618 1191 si
644 1134 866 1197 diceret,
889 1130 1050 1187 Certe
1072 1143 1284 1199 possum
1313 1141 1413 1180 nec
1433 1126 1547 1194 pios
1566 1139 1686 1178 cum
1714 1122 1890 1192 impiis
1994 1122 2311 1177 auctoritate
2342 1120 2643 1176 habendum
2672 1127 2756 1176 est
2775 1161 2790 1187 ,
2820 1119 2931 1175 Deo
2957 1134 3064 1175 non
3089 1133 3211 1176 esse
3237 1117 3586 1209 credendum.

300 1229 552 1301 perdere,
596 1240 696 1281 nec
740 1234 915 1278 tamen
963 1227 1242 1291 propterea
1288 1216 1463 1285 impiis
1507 1228 1724 1284 parcere
1766 1211 1889 1282 quia

300 1321 535 1377 liberatis
564 1328 617 1372 et
642 1314 901 1386 separatis
931 1312 1053 1367 inde
1089 1309 1193 1382 piis
1213 1322 1474 1378 ,tpossum
1517 1306 1694 1376 impiis
1730 1304 1890 1373 digna

299 1413 629 1484 rependere;
659 1416 716 1464 et
752 1416 931 1462 tamen
968 1405 1011 1459 si
1043 1402 1113 1457 ibi
1142 1399 1511 1464 inveniantur,
1552 1412 1745 1467 parco;
1791 1399 1893 1449 hoc

299 1515 413 1573 est,
444 1504 566 1574 quia
591 1516 690 1556 nec
714 1508 793 1554 tot
819 1498 890 1553 ibi
920 1503 1135 1565 possent
1163 1492 1408 1547 inveniri.
1436 1490 1565 1544 Tale
1590 1486 1787 1558 aliquid
1812 1494 1896 1541 est

300 1597 440 1667 apud
469 1594 787 1655 Jeremiam,
832 1588 919 1643 ubi
967 1587 1071 1651 ait,
1117 1584 1334 1638 Circuite
1371 1583 1477 1636 vias
1502 1579 1813 1644 Jerusalem,
1847 1586 1895 1632 et

303 1688 461 1742 videte
479 1727 494 1751 ,
523 1694 567 1739 et
592 1683 799 1751 quaerite
834 1681 888 1732 in
924 1677 1103 1750 plateis
1128 1677 1236 1747 ejus
1256 1716 1271 1739 ,
1305 1684 1350 1728 et
1375 1674 1656 1744 cognoscite
1683 1672 1725 1725 si
1754 1671 1895 1725 inve-

304 1781 449 1833 nietis
474 1776 725 1831 hominem
753 1773 1016 1843 facientem
1034 1768 1287 1843 justitiam
1316 1776 1363 1822 et
1390 1776 1691 1838 quaerentem
1721 1764 1893 1833 ﬁdem,

307 1880 356 1925 et
394 1868 641 1941 propitius
675 1880 760 1919 ero
792 1862 1006 1932 peccatis
1043 1876 1213 1915 eorum
1258 1856 1467 1929 (Jerem.
1504 1871 1557 1920 ν,
1589 1854 1642 1929 1)
1669 1872 1681 1908 :
1711 1854 1764 1909 id
1793 1863 1894 1919 est,

312 1962 543 2016 invenite
557 1958 636 2013 vel
654 1971 839 2022 unum,
857 1963 912 2010 et
934 1967 1093 2023 parco
1112 1951 1321 2005 caeteris
1340 1966 1354 2014 ;
1385 1949 1453 2003 ad
1471 1944 1898 2017 exaggerandum

314 2064 367 2110 et
386 2048 858 2109 demonstrandum
886 2045 1023 2116 quod
1050 2059 1147 2099 nec
1174 2058 1308 2096 unus
1336 2041 1405 2096 ibi
1428 2048 1609 2110 posset
1630 2036 1874 2094 inveniri.

384 2143 518 2199 XLI.
559 2140 658 2215 [lb.
694 2155 814 2206 ιιι,
846 2135 923 2209 1.]
954 2134 1106 2202 Quod
1131 2132 1363 2188 occurrit
1389 2131 1525 2185 Loth
1568 2129 1769 2200 angelis
1790 2170 1804 2194 ,
1846 2135 1903 2182 et

308 2239 547 2292 adoravit
591 2235 643 2287 in
685 2231 911 2295 faciem,
956 2227 1167 2282 videtur
1198 2225 1519 2279 intellexisse
1558 2222 1699 2293 quod
1727 2220 1901 2292 angeli

310 2334 522 2391 essent;
553 2323 647 2379 sed
675 2337 857 2377 rursus
900 2334 1020 2374 cum
1063 2332 1158 2372 eos
1198 2316 1265 2370 ad
1292 2314 1634 2370 refectionem
1662 2311 1902 2382 corporis

312 2418 517 2481 invitat,
541 2430 659 2483 quae
681 2410 994 2466 mortalibus
1016 2406 1315 2463 necessaria
1336 2415 1437 2471 est,
1461 2404 1669 2459 videtur
1689 2413 1904 2473 putasse

311 2507 452 2579 quod
480 2504 724 2558 homines
744 2510 925 2557 essent
953 2518 965 2553 :
996 2514 1123 2569 ergo
1148 2496 1373 2567 qumstio
1395 2495 1641 2551 similiter
1660 2493 1900 2558 solvitur,

312 2610 370 2653 ut
398 2598 569 2653 soluta
597 2604 681 2650 est
711 2595 761 2647 in
792 2592 958 2647 tribus
988 2590 1077 2659 qui
1111 2597 1371 2643 venerunt
1407 2585 1475 2641 ad
1514 2584 1814 2649 Abraham,
1849 2592 1906 2638 ut

312 2688 575 2758 aliquibus
609 2685 773 2755 signis
813 2689 1092 2752 appareret
1134 2693 1227 2734 eos
1269 2677 1519 2732 divinitus
1564 2678 1784 2742 missos,
1815 2675 1905 2744 qui

316 2791 491 2833 tamen
522 2776 764 2829 homines
790 2772 1157 2827 crederentur.
1188 2768 1318 2822 Nam
1359 2766 1460 2821 hoc
1499 2775 1552 2821 et
1591 2766 1640 2819 in
1668 2764 1906 2835 Epistola

314 2887 431 2941 qua)
457 2879 541 2925 est
568 2868 633 2921 ad
663 2866 937 2930 Hebraeos,
966 2878 1085 2917 cum
1115 2861 1181 2915 de
1206 2858 1579 2928 hospitalitatis
1606 2859 1746 2912 bono
1764 2856 1909 2912 Scri-

317 2974 468 3031 ptura
491 2961 817 3028 loqueretur,
839 2956 912 3009 ait
937 2973 950 3008 :
978 2953 1081 3007 Per
1105 2952 1235 3004 hanc
1261 2952 1391 3004 enim
1412 2951 1616 3019 quidam
1636 2950 1907 3003 nescientes

318 3053 534 3125 hospitio
560 3057 850 3120 receperunt
874 3046 1081 3117 angelos
1109 3042 1289 3113 (Hebr.
1320 3058 1447 3109 xm,
1474 3042 1552 3112 2).

386 3143 548 3198 XLII.
582 3140 679 3214 [lb.
700 3156 815 3204 ιιι,
846 3136 926 3210 8.]
955 3134 1108 3204 Quod
1136 3135 1209 3188 ait
1241 3132 1528 3189 Sodomitis
1561 3130 1697 3186 Loth
1718 3172 1733 3197 ,
1776 3129 1910 3185 Sunt

319 3237 443 3289 mihi
473 3236 586 3287 dua:
615 3233 737 3302 ﬁlia:
774 3246 885 3300 qua:
923 3228 1148 3282 nondum
1172 3234 1414 3280 noverunt
1441 3225 1569 3278 viros
1591 3265 1604 3289 ,
1633 3223 1910 3295 producam

320 3327 436 3381 illas
463 3325 531 3378 ad
552 3340 673 3387 vos;
700 3320 895 3375 utimini
934 3319 1037 3372 illis
1062 3320 1310 3387 quomodo
1340 3316 1581 3385 placuerit
1608 3314 1763 3381 vobis,
1790 3323 1906 3368 tan-

322 3432 424 3473 tum
456 3420 506 3471 in
534 3417 663 3470 viros
688 3415 811 3469 istos
840 3428 901 3466 ne
926 3410 1127 3484 faciatis
1151 3410 1411 3480 iniquum;
1436 3408 1684 3478 quoniam
1716 3408 1911 3477 prosti-

324 3524 471 3564 tuere
500 3507 708 3562 volebat
746 3505 881 3558 tilias
918 3517 1043 3556 suas
1082 3501 1179 3554 hac
1217 3499 1675 3569 compensatione,
1716 3508 1773 3552 ut
1810 3499 1910 3554 viri

325 3602 559 3671 hospites
582 3599 697 3668 ejus
721 3596 851 3651 nihil
876 3610 905 3649 a
928 3593 1216 3650 Sodomitis
1238 3592 1341 3646 tale
1364 3601 1670 3661 paterentur
1694 3611 1707 3647 :
1732 3600 1908 3647 utrum

323 3690 645 3746 admittenda
676 3690 744 3744 sit
773 3687 1135 3757 compensatio
1176 3684 1495 3755 ﬂagitiorum
1532 3684 1617 3739 vel
1653 3700 1909 3755 quorum-

322 3800 425 3854 que
452 3791 808 3853 peccatorum,
834 3788 890 3832 ut
910 3793 1004 3832 nos
1026 3777 1277 3831 faciamus
1300 3776 1423 3830 mali
1444 3776 1661 3846 aliquid,
1690 3792 1756 3831 ne
1776 3776 1910 3832 alius

322 3874 532 3942 gravius
562 3872 756 3925 malum
788 3868 975 3932 faciat;
1019 3882 1088 3921 an
1128 3867 1301 3936 potius
1334 3866 1714 3935 perturbationi
1747 3867 1906 3936 Loth,

326 3980 431 4017 non
457 3962 680 4017 consilio
710 3957 1044 4014 tribuendum
1075 3957 1143 4011 sit
1171 3956 1292 4026 quia
1332 3956 1431 4010 hoc
1459 3956 1683 4022 dixerit,
1719 3959 1911 4014 merito

326 4055 602 4125 quaeritur.
639 4053 707 4105 Et
734 4050 981 4105 nimirum
1009 4048 1453 4117 periculosissime
1479 4047 1773 4103 admittitur
1798 4048 1912 4105 haec

326 4143 688 4215 compensatio
717 4159 731 4196 :
762 4141 807 4195 si
836 4147 1012 4194 autem
1041 4138 1422 4208 perturbationi
1451 4139 1696 4195 humanae
1724 4140 1902 4195 tribui-

328 4248 439 4301 tur,
468 4246 522 4291 et
561 4233 726 4289 menti
768 4242 912 4287 tanto
942 4230 1081 4285 malo
1111 4239 1364 4301 per-motae
1384 4272 1398 4298 ,
1429 4230 1573 4286 nullo
1600 4230 1760 4287 modo
1788 4232 1912 4289 imi-

327 4326 484 4383 tanda
513 4336 613 4381 est.

397 4415 579 4473 XLIII.
610 4414 708 4488 [lb.
737 4430 858 4481 ιιι,
887 4412 998 4486 11.]
1029 4411 1175 4468 Viros
1214 4429 1327 4468 vero
1363 4413 1448 4484 qui
1475 4422 1617 4468 eram
1644 4414 1711 4467 ad
1729 4413 1914 4468 ostium

328 4512 505 4563 domus
545 4516 893 4578 percusserunt
933 4506 1172 4561 cwcitate.
1218 4505 1388 4561 Grcecr
1430 4508 1658 4573 habent,
1685 4510 1911 4580 ἀορασιᾳ,

328 4600 470 4671 quod
498 4599 662 4668 magis
690 4597 982 4667 significat,
1023 4598 1065 4651 si
1095 4597 1199 4652 dici
1223 4608 1438 4667 posset,
1463 4599 1729 4654 avidentia
1748 4641 1762 4666 ,
1794 4617 1913 4671 qua:

332 4693 487 4748 faciat
512 4706 616 4744 non
644 4689 833 4755 videri,
867 4703 973 4742 non
999 4690 1197 4756 omnia,
1225 4689 1318 4743 sed
1349 4690 1488 4758 quod
1512 4705 1619 4745 non
1646 4706 1780 4762 opus
1808 4701 1909 4747 est.

329 4785 461 4840 Nam
491 4782 680 4836 merito
708 4790 885 4835 movet
915 4780 1179 4850 quomodo
1207 4790 1490 4850 potuerunt
1515 4782 1742 4839 deficere
1766 4799 1915 4855 qua:-

331 4874 501 4932 rendo
549 4872 778 4939 ostium,
834 4872 876 4926 si
927 4869 1018 4925 tali
1061 4881 1211 4927 erant
1257 4875 1492 4929 cazcitate
1539 4877 1807 4945 percussi,
1859 4886 1915 4932 ut

330 4969 548 5022 omnino
578 4966 707 5021 nihil
733 4965 989 5021 viderent.
1023 4967 1135 5021 Hoc
1158 4968 1300 5023 enim
1327 4969 1483 5024 modo
1503 4985 1597 5025 sua
1616 4970 1915 5027 calamitate

338 5059 554 5125 turbati,
588 5058 807 5113 ulterius
836 5059 1029 5113 ostium
1063 5074 1169 5113 non
1200 5060 1549 5130 requirerent.
1581 5063 1687 5118 Hac
1711 5067 1915 5135 ἀορασιᾳ

330 5161 387 5207 ει
414 5153 487 5206 illi
516 5151 751 5221 percussi
779 5160 923 5218 sunt,
952 5151 1040 5221 qui
1068 5151 1374 5221 quaerebant
1397 5152 1641 5208 Elismum
1669 5153 1758 5224 (IV
1782 5153 1909 5226 Reg.

333 5260 415 5309 γι,
446 5242 555 5314 18).
602 5242 748 5297 Hanc
785 5252 839 5296 et
880 5241 952 5295 illi
992 5240 1321 5308 habuerunt,
1364 5244 1453 5312 qui
1484 5244 1761 5299 Dominum
1796 5254 1916 5315 post

333 5333 777 5388 resurrectionem
803 5348 923 5387 cum
946 5331 1036 5387 illo
1062 5332 1393 5388 ambulantes
1416 5334 1465 5387 in
1488 5334 1571 5388 via
1591 5350 1695 5389 non
1721 5350 1916 5407 cogno-

333 5433 521 5478 verunt
545 5422 692 5496 (Luc.
719 5439 874 5491 xxw,
908 5423 1028 5496 16);
1060 5424 1302 5495 quamvis
1329 5424 1397 5477 ibi
1428 5440 1532 5478 non
1559 5425 1629 5480 sit
1664 5426 1765 5483 hoc
1798 5443 1916 5483 ver-

331 5515 456 5568 bum
487 5520 716 5584 positutn
739 5554 753 5579 ,
781 5514 874 5567 sed
904 5528 993 5569 res
1020 5515 1131 5584 ipsa
1162 5515 1503 5585 intelligatur.

402 5605 586 5661 XLIV.
615 5606 714 5681 [lb.
747 5622 875 5672 ιιι,
908 5607 1009 5673 18,
1044 5608 1154 5681 19.]
1195 5610 1335 5663 Dixit
1361 5620 1527 5663 autem
1573 5608 1704 5665 Loth
1741 5611 1809 5666 ad
1848 5613 1915 5668 il-

331 5713 389 5759 os
427 5713 444 5752 :
491 5696 627 5764 Oro,
692 5696 937 5765 Domine,
991 5699 1108 5768 quia
1152 5700 1338 5757 invenit
1388 5717 1512 5770 puer
1554 5710 1669 5760 tuus
1714 5705 1913 5761 miseri-

2096 1212 2254 1269 XLV.
2285 1210 2387 1286 [lb.
2420 1228 2543 1278 ιιι,
2569 1209 2688 1283 29.]
2738 1209 2805 1264 Et
2842 1209 3130 1265 recordatus
3155 1218 3228 1265 est
3254 1207 3403 1265 Deus
3428 1208 3590 1263 Abra-

1997 1303 2150 1371 ham,
2190 1313 2236 1357 et
2278 1304 2459 1358 exemit
2496 1301 2628 1355 Loth
2654 1304 2719 1356 de
2752 1301 2916 1355 medio
2954 1301 3244 1356 eversionis.
3301 1300 3590 1358 Commen-

1999 1394 2091 1449 dat
2154 1394 2427 1464 Scriptura
2496 1392 2699 1447 meritis
2768 1392 2937 1463 magis
2998 1390 3234 1447 Abrahae
3311 1391 3591 1448 liberatum

2001 1500 2120 1541 esse
2180 1485 2357 1553 Loth,
2425 1493 2485 1540 ut
2545 1483 2901 1555 intelligamus
2951 1481 3158 1553 justum
3208 1482 3351 1539 Loth
3399 1482 3592 1539 dictum

2000 1575 2291 1631 secundum
2321 1574 2604 1646 quemdam
2652 1573 2869 1629 modum
2895 1614 2909 1639 ,
2962 1573 3195 1629 maxime
3235 1571 3387 1645 quod
3434 1588 3593 1629 unum

2004 1683 2188 1723 verum
2218 1667 2383 1729 Deum
2413 1667 2642 1733 colebat,
2670 1674 2724 1722 et
2750 1674 2967 1737 propter
2991 1666 3453 1737 comparationem
3482 1680 3596 1722 sce-

2004 1759 2175 1815 lerum
2203 1758 2578 1827 Sodomorum,
2613 1759 2752 1814 inter
2780 1774 2916 1831 quos
2942 1759 3129 1815 vivens
3153 1758 3221 1815 ad
3247 1759 3420 1814 vitam
3446 1758 3593 1815 simi-

2006 1852 2111 1907 lem
2136 1867 2243 1906 non
2267 1851 2437 1921 potuit
2462 1852 2725 1905 inclinari.

2099 1940 2285 1996 XLVI.
2318 1939 2435 2013 [lb.
2487 1956 2610 2009 xix,
2655 1939 2786 2013 30.]
2848 1941 3084 1998 Ascendit
3139 1949 3314 1997 autem
3361 1940 3495 1997 Loth
3536 1940 3597 1996 de

2008 2034 2205 2105 Segor,
2251 2043 2296 2088 et
2325 2034 2526 2089 sedebat
2576 2035 2631 2088 in
2673 2043 2858 2089 monte.
2904 2035 3095 2090 Mirum
3137 2036 3240 2091 nisi
3291 2036 3409 2108 ipse
3449 2048 3596 2091 mons

2009 2133 2132 2192 est,
2174 2124 2226 2179 in
2256 2141 2414 2195 quem
2446 2133 2640 2196 sponte
2666 2125 2942 2193 ascendit,
2991 2141 3096 2197 quo
3133 2116 3461 2184 admonente
3498 2126 3597 2182 Do-

2007 2216 2155 2271 mino
2195 2216 2485 2272 ascendere
2534 2217 2698 2273 noluit
2728 2235 2743 2271 :
2772 2226 2866 2272 aut
2908 2218 3053 2274 enim
3101 2219 3279 2275 nullus
3308 2228 3395 2275 est
3440 2218 3592 2286 alius,

2008 2316 2101 2362 aut
2119 2323 2224 2362 non
2256 2316 2495 2378 apparet.
3080 2330 3083 2333 η

2106 2398 2456 2472 XLVII.[Ib.
2506 2414 2634 2467 ιιι,
2685 2398 2814 2473 30.]
2868 2397 3059 2455 Timuit
3096 2401 3228 2457 enim
3270 2401 3499 2457 habitare
3538 2399 3591 2456 in

2013 2492 2195 2564 Segor.
2255 2491 2552 2547 Intirmitati
2596 2492 2713 2562 ejus
2755 2493 3011 2549 Dominus
3050 2502 3106 2548 et
3153 2495 3337 2550 timori
3380 2505 3597 2549 conces-

2012 2596 2156 2641 serat
2190 2584 2457 2640 civitatem
2501 2599 2660 2656 quam
2701 2584 2837 2640 Loth
2876 2585 2990 2655 ipse
3026 2585 3330 2657 delegerat,
3373 2594 3427 2641 et
3451 2585 3503 2640 in
3539 2597 3597 2640 ea

2014 2675 2333 2747 promiserat
2370 2675 2420 2729 ei
2461 2675 2799 2731 securitatem
2824 2715 2840 2742 ,
2872 2674 3015 2747 quod
3056 2686 3277 2748 propter
3306 2676 3457 2732 illum
3483 2688 3596 2746 par-

2015 2776 2159 2823 ceret
2196 2766 2393 2821 civitati
2424 2783 2437 2819 :
2471 2774 2648 2822 tamen
2676 2767 2837 2822 etiam
2862 2767 2935 2823 ibi
2968 2782 3091 2825 esse
3116 2768 3333 2836 timuit;
3374 2769 3448 2825 ita
3474 2767 3597 2824 ﬁdes

2013 2858 2131 2929 ejus
2158 2873 2263 2913 non
2290 2859 2464 2929 magni
2494 2858 2705 2914 roboris
2726 2858 2841 2914 fuit.

2085 2949 2316 3006 XLVIII.
2347 2949 2463 3023 [lb.
2504 2965 2616 3016 xx,
2663 2948 2759 3024 2.]
2821 2950 2965 3006 Dixit
3010 2957 3181 3007 autem
3231 2951 3493 3008 Abraham
3540 2950 3601 3007 de

2016 3040 2153 3096 Sara
2197 3057 2356 3095 uxore
2404 3056 2499 3094 sua
2522 3083 2538 3108 ,
2586 3040 2748 3096 Soror
2789 3058 2901 3110 mea
2945 3049 3039 3097 est.
3100 3040 3298 3098 Timuit
3351 3044 3484 3099 enim
3523 3041 3598 3096 di-

2015 3147 2126 3186 cere
2143 3173 2158 3198 ,
2206 3129 2349 3186 Uxor
2386 3147 2498 3186 mea
2521 3141 2593 3186 est
2609 3174 2624 3200 ,
2660 3149 2724 3187 ne
2764 3137 2892 3205 forte
2920 3133 3199 3190 occiderent
3222 3151 3342 3191 eum
3364 3135 3459 3191 viri
3484 3135 3598 3190 ciri—

2017 3225 2135 3278 tatis
2158 3232 2367 3296 propter
2387 3224 2547 3280 illam.
2580 3225 2758 3293 Quaeri
2782 3226 2918 3283 solet
2936 3227 3207 3299 quomodo
3229 3227 3410 3286 adhuc
3431 3228 3484 3284 in
3511 3226 3594 3282 illa

2016 3326 2177 3373 aetate
2218 3332 2315 3388 pro
2374 3316 2522 3373 Sara:
2568 3317 2962 3389 pulchritudine
3004 3318 3272 3375 Abraham
3321 3318 3595 3392 periclitari

2017 3407 2305 3464 metuebat.
2346 3406 2451 3465 Sed
2484 3409 2654 3480 magis
2694 3407 2881 3466 forma:
2927 3408 3069 3465 illius
3105 3410 3188 3467 vis
3218 3410 3464 3468 miranda
3497 3416 3592 3475 est,

2016 3515 2135 3571 qua:
2180 3499 2355 3555 adhuc
2397 3502 2567 3556 amari
2615 3510 2854 3572 poterat,
2904 3517 3064 3574 quam
3105 3504 3337 3575 quaestio
3378 3501 3595 3561 difﬁcilis

2017 3591 2270 3663 putanda.

2086 3683 2276 3739 XLIX.
2309 3682 2420 3757 [lb.
2465 3699 2571 3752 xx,
2619 3682 2707 3759 6.]
2763 3683 2916 3755 Quod
2963 3685 3041 3741 ait
3086 3685 3228 3743 Deus
3271 3688 3344 3745 ad
3389 3686 3592 3745 Abime-

2016 3774 2134 3831 lech
2156 3818 2172 3843 ,
2218 3784 2439 3846 propter
2472 3776 2693 3845 Saram,
2735 3775 2806 3831 Et
2832 3778 3031 3850 peperci
3064 3780 3155 3834 tibi
3181 3790 3240 3834 ut
3277 3797 3385 3837 non
3424 3795 3591 3853 pecca-

2015 3885 2097 3925 res
2135 3869 2189 3923 in
2226 3885 2334 3935 me,
2385 3868 2598 3939 quando
2634 3884 2758 3925 eum
2796 3870 3072 3927 admonuit
3111 3888 3337 3930 uxorem
3373 3873 3590 3931 Abrahae

2017 3975 2137 4017 esse
2159 4003 2175 4029 ,
2218 3976 2377 4032 quam
2422 3961 2639 4032 putabat
2681 3977 2922 4018 sororem
2955 3981 2969 4017 :
2998 3963 3391 4024 advertendum
3427 3974 3506 4023 est
3540 3971 3590 4021 et

2018 4054 2309 4109 notandum
2332 4096 2347 4121 ,
2395 4054 2447 4109 in
2489 4055 2657 4110 Deum
2679 4057 2927 4127 peccari,
2969 4057 3184 4128 quando
3211 4060 3335 4115 talia
3361 4058 3590 4117 commit-

2020 4152 2201 4199 tuntur
2222 4160 2340 4214 quae
2368 4153 2554 4216 putant
2578 4144 2822 4201 homines
2840 4146 3028 4203 leviter
3062 4147 3324 4216 habenda,
3354 4159 3587 4222 tanquam

2019 4234 2075 4289 in
2108 4250 2269 4290 carne
2296 4246 2528 4307 peccata.
2580 4235 2731 4305 Quod
2765 4246 2942 4293 autem
2971 4237 3104 4294 dixit
3125 4239 3176 4295 ei
3198 4281 3214 4306 ,
3245 4240 3383 4297 Ecce
3407 4251 3460 4296 tu
3484 4254 3587 4293 mo-

2018 4326 2163 4381 rieris
2196 4342 2215 4380 :
2242 4327 2403 4382 etiam
2432 4328 2533 4383 hoc
2561 4327 2851 4383 notandum
2877 4337 2979 4397 est,
3004 4331 3273 4401 quomodo
3294 4333 3435 4390 dicat
3460 4332 3586 4388 Deus

2021 4429 2273 4490 tanquam
2299 4420 2595 4491 praedicens
2621 4422 2738 4477 sine
2769 4422 2931 4478 dubio
2972 4421 3206 4480 futurum
3233 4427 3379 4497 quod
3414 4424 3586 4480 admo-

2021 4511 2195 4568 nendo
2224 4512 2385 4581 dicit,
2414 4523 2471 4569 ut
2496 4529 2527 4570 a
2558 4523 2777 4584 peccato
2804 4515 3122 4573 abstinendo
3147 4531 3418 4576 caveatur.

2090 4605 2155 4661 L.
2183 4604 2284 4679 [lb.
2318 4622 2433 4670 ιιι,
2462 4604 2542 4679 8.]
2569 4606 2755 4662 Merito
2793 4608 3049 4677 quatritur
3070 4623 3169 4665 cur
3195 4610 3461 4668 Abraham
3494 4619 3583 4665 nec

2020 4696 2109 4754 die
2149 4712 2255 4768 quo
2279 4708 2433 4753 natus
2462 4708 2545 4754 est
2584 4699 2631 4754 ei
2661 4698 2800 4754 ﬁlius
2822 4741 2837 4765 ,
2867 4714 2967 4756 nec
3011 4700 3100 4757 die
3123 4717 3230 4773 quo
3257 4703 3583 4760 circumcisus

2021 4800 2122 4857 est,
2153 4791 2247 4846 sed
2270 4792 2358 4847 die
2380 4806 2486 4862 quo
2512 4792 2806 4848 ablactatus
2831 4800 2940 4859 est,
2975 4794 3190 4864 epulum
3215 4794 3419 4853 fecerit.
3447 4791 3582 4863 Quod

2021 4880 2126 4937 nisi
2148 4881 2216 4936 ad
2244 4883 2475 4953 aliquam
2502 4883 2831 4953 spiritualem
2860 4883 3298 4955 signiﬁcationem
3318 4887 3580 4948 referatur,

2021 4974 2163 5029 nulla
2186 4974 2377 5030 solutio
2396 4974 2703 5044 quaestionis
2729 4983 2811 5030 est
2834 4991 2850 5041 ;
2883 4984 3009 5032 tunc
3035 4977 3239 5034 scilicet
3264 4994 3383 5035 esse
3404 4977 3582 5034 debere

2022 5079 2269 5139 magnum
2306 5064 2555 5133 gaudium
2603 5065 2889 5136 spiritualis
2938 5068 3146 5136 aetatis,
3176 5070 3388 5139 quando
3434 5063 3578 5122 fuerit

2021 5154 2192 5210 factus
2216 5155 2377 5212 homo
2404 5171 2573 5212 novus
2596 5157 2915 5227 spiritualis,
2936 5157 2988 5213 id
3014 5167 3117 5226 est,
3146 5174 3253 5216 non
3284 5162 3401 5217 talis
3427 5154 3579 5230 quali-

2022 5247 2123 5304 bus
2148 5248 2275 5303 dicit
2293 5250 2579 5320 Apostolus
2596 5289 2613 5317 ,
2641 5248 2747 5304 Lac
2768 5250 2906 5305 vobis
2925 5260 3097 5321 potum
3117 5251 3255 5321 dedi,
3279 5269 3377 5308 non
3401 5257 3578 5308 escam;

2022 5342 2244 5397 nondum
2266 5344 2396 5397 enim
2427 5345 2664 5415 poteratis
2696 5359 2715 5399 :
2741 5345 2829 5401 sed
2854 5360 2944 5399 nec
2967 5345 3134 5401 adhuc
3160 5346 3400 5415 potestis;
3433 5339 3581 5398 adhuc

2022 5437 2157 5491 enim
2183 5437 2298 5490 estis
2319 5436 2545 5491 carnales
2577 5435 2619 5508 (I
2647 5436 2761 5493 Cor.
2786 5452 2864 5501 ιιι,
2894 5434 2971 5511 2).

2092 5525 2176 5580 LI.
2205 5526 2304 5599 [lb.
2334 5543 2451 5594 ιιι,
2485 5526 2595 5601 10.]
2625 5530 2891 5596 Quaeritur
2918 5529 3047 5585 Sara
3073 5527 3307 5596 dicente,
3339 5528 3476 5602 Ejite
3493 5536 3579 5577 ιη·

2022 5619 2193 5674 cillam
2218 5632 2264 5675 et
2287 5622 2451 5691 ﬁlium
2480 5622 2616 5691 ejus,
2665 5639 2765 5677 non
2789 5623 2921 5676 enim
2946 5623 3037 5677 erit
3060 5622 3219 5678 heres
3237 5624 3374 5693 ﬁlius
3400 5615 3583 5673 andi”

2023 5728 2138 5769 cum
2166 5712 2270 5767 tilio
2296 5729 2405 5768 meo
2432 5712 2582 5770 Isaac
2602 5758 2615 5781 ,
2658 5730 2823 5785 quare
2845 5714 3190 5773 mntristatus
3213 5715 3285 5773 sit
3305 5708 3576 5774 Abraham.
