3902 6302
338 399 463 445 eum
500 382 603 439 ista
628 374 791 434 fuerit
817 369 1095 445 prophetia
1119 410 1134 434 ,
1166 380 1325 439 quam
1354 364 1535 435 utique
1558 362 1727 434 magis
1749 360 1932 417 debuit

339 489 503 536 nosse
530 474 647 545 ipse
668 482 829 542 quam
857 465 1010 521 Sara.
1062 459 1170 517 Sed
1200 456 1594 528 intelligendum
1621 462 1724 521 est,
1754 453 1840 545 vel
1864 468 1929 509 ex

338 566 668 628 revelatione
707 561 811 617 hoc
833 544 1039 615 dixisse
1057 554 1245 610 Saram
1265 593 1279 614 .
1322 550 1444 621 quia
1482 548 1628 618 prius
1653 546 1729 601 illi
1762 544 1934 600 fuerat

337 660 673 723 revelatum;
713 654 863 710 illum
891 662 1028 706 vero
1051 660 1213 718 quem
1240 642 1309 699 de
1331 642 1433 696 bac
1458 649 1639 709 postea
1668 636 1924 693 Dominus

339 752 592 817 instruit,
631 755 856 820 paterno
880 742 1071 798 ail’ectu
1097 752 1198 810 pro
1225 734 1334 790 ﬁlio
1361 733 1526 788 fuisse
1567 737 1928 792 commotum;

335 845 428 903 vel
450 842 640 899 ambos
665 838 812 910 prius
837 832 1070 891 nescisse
1096 826 1352 901 quidnam
1382 822 1511 880 illud
1536 829 1715 885 esset,
1746 826 1801 875 et
1841 832 1935 889 per

337 938 531 994 Saram
559 930 885 988 nescientem
915 924 1019 979 hoc
1055 918 1363 991 prophetica
1391 915 1592 971 dictum
1625 925 1745 967 esse
1763 951 1779 976 ,
1808 923 1933 964 cum

336 1030 432 1086 illa
469 1033 618 1085 mota
654 1028 805 1081 esset
836 1014 1081 1077 muliebri
1116 1013 1297 1069 animo
1332 1017 1552 1081 propter
1592 1004 1798 1061 ancillae
1838 1015 1933 1058 su-

675 1221 791 1275 XXI,
819 1200 935 1277 43.]
969 1197 1273 1258 Notandum
1301 1194 1517 1290 quodet
1542 1191 1730 1290 lsmae-l
1758 1189 1935 1290 dictus

336 1305 413 1363 sit
432 1320 467 1361 ι
485 1282 600 1360 Deo
621 1313 806 1356 semen
834 1291 1083 1358 Abrahae,
1109 1296 1328 1362 propter
1352 1285 1484 1341 illud
1509 1282 1651 1353 quod
1677 1282 1757 1337 sic
1786 1282 1931 1334 acci-

335 1397 596 1471 piendum
620 1393 779 1450 docet
810 1385 1093 1459 Apostolus
1116 1380 1258 1453 quod
1288 1379 1487 1434 dictum
1530 1384 1645 1471 est,
1689 1371 1758 1427 In
1784 1370 1933 1471 Isaae

335 1462 602 1548 bocabitnr
624 1485 713 1541 tibi
735 1494 939 1545 rerum;
979 1477 1034 1533 id
1059 1485 1133 1531 est
1152 1517 1167 1540 ,
1213 1489 1316 1528 non
1344 1470 1440 1541 ﬁlii
1474 1468 1643 1523 carnis
1662 1509 1677 1531 ,
1722 1472 1811 1521 sed
1837 1462 1935 1534 filii

710 1575 1019 1647 deputantur
1036 1571 1089 1624 in
1111 1568 1297 1624 semine
1325 1565 1502 1633 (Rom.
1529 1578 1618 1655 ιι,
1753 1558 1807 1629 8)
1835 1575 1849 1612 :
1876 1565 1935 1613 ut

336 1652 448 1731 hoc
464 1671 682 1745 proprie
698 1668 965 1740 pertineat
990 1660 1060 1717 ad
1080 1660 1228 1715 Isaac
1240 1700 1256 1726 ,
1288 1657 1379 1728 qui
1403 1670 1511 1754 non
1528 1654 1629 1754 fuit
1654 1652 1794 1754 ﬁlius
1816 1665 1934 1754 car-

339 1770 450 1833 nis,
470 1744 568 1823 sed
597 1763 737 1820 filius
764 1754 1156 1834 promissionis,
1174 1750 1267 1808 ubi
1290 1746 1579 1821 promissio
1595 1745 1655 1801 lit
1674 1744 1740 1800 de
1760 1744 1936 1799 omni-

342 1860 445 1917 bus
472 1855 738 1929 gentibus.

412 1949 545 2007 LIII.
577 1947 677 2020 [Ib.
695 1959 810 2010 XXI,
828 1939 943 2016 IL]
977 1936 1213 1996 Surrexit
1227 1945 1395 1989 autem
1412 1931 1667 1986 Abraham
1692 1943 1859 1992 mane,
1885 1937 1937 1981 et

340 2042 556 2115 summit
579 2054 734 2110 panes
756 2044 803 2091 et
825 2044 989 2090 utrem
1012 2044 1178 2101 aqua,
1207 2036 1253 2082 et
1274 2026 1413 2081 dedit
1440 2024 1605 2115 Agar,
1634 2031 1689 2115 et
1700 2020 1936 2115 imposuit

342 2138 397 2190 in
416 2111 685 2195 humeros,
717 2135 766 2182 et
801 2138 1044 2199 puerum,
1071 2130 1118 2174 et
1143 2118 1333 2173 dimisit
1351 2116 1517 2171 illam.
1549 2112 1691 2167 Fieri
1713 2111 1936 2181 quaestio

348 2224 486 2281 solet
510 2216 781 2293 quomodo
806 2211 1120 2285 imposuerit
1138 2209 1192 2264 in
1219 2208 1475 2261 humeros
1502 2212 1555 2259 et
1583 2217 1802 2272 puerum
1828 2209 1935 2255 tam

347 2313 627 2388 grandem.
678 2309 810 2365 Nam
844 2305 935 2377 qui
982 2303 1155 2359 iuerat
1193 2307 1348 2354 antea
1398 2310 1559 2365 quam
1598 2302 1752 2347 natus
1796 2300 1939 2346 esset

344 2408 527 2472 Isaac,
582 2401 838 2459 tredecim
880 2410 1143 2452 annorum
1192 2389 1578 2453 circumcisus,
1629 2400 1751 2441 cum
1796 2394 1938 2440 esset

343 2498 621 2558 Abraham
646 2492 930 2562 nonaginta
952 2501 1144 2544 novem
1169 2527 1183 2551 ,
1231 2492 1285 2537 et
1312 2491 1465 2536 natus
1492 2479 1562 2533 sit
1583 2478 1729 2533 Isaac
1753 2486 1935 2532 cente-

342 2591 501 2648 nario
524 2596 696 2660 patre,
730 2582 953 2639 ludebat
974 2587 1151 2633 autem
1190 2572 1379 2629 Ismael
1408 2586 1528 2626 cum
1559 2569 1705 2623 Isaac
1729 2566 1939 2660 quando

342 2683 479 2741 Sara
520 2659 786 2737 commota
824 2680 943 2738 est,
994 2669 1178 2739 utique
1221 2681 1343 2721 cum
1385 2661 1760 2734 grandiusculo
1784 2702 1799 2726 ,
1848 2659 1940 2729 qui

342 2778 453 2847 jam
499 2773 671 2829 fuerat
699 2767 1020 2830 ablactatus;
1049 2758 1290 2833 profecto
1314 2770 1573 2811 annorum
1603 2753 1700 2847 fuit
1721 2750 1937 2816 lsmael,

345 2844 565 2939 quando
593 2875 715 2916 cum
736 2865 910 2913 matre
933 2867 1030 2910 sua
1068 2851 1138 2908 de
1164 2851 1325 2905 domo
1354 2847 1521 2916 patris
1545 2844 1809 2939 expulsus
1836 2851 1937 2939 est,

347 2933 581 3028 amplius
603 2948 894 3009 sexdecim.
920 2944 1026 3001 Sed
1046 2952 1105 2997 ut
1125 2942 1227 2997 hoc
1245 2939 1385 3010 quod
1412 2953 1531 2993 cum
1553 2934 1773 3007 parvulo
1796 2933 1940 3000 lusit,

348 3064 449 3120 per
492 3040 985 3114 recapitulationem
1022 3035 1225 3092 dictum
1260 3031 1617 3102 accipiamus,
1658 3037 1941 3120 antequam

354 3119 713 3196 ablactaretur
738 3132 921 3198 Isaac;
963 3125 1206 3200 profecto
1233 3124 1393 3178 etiam
1420 3122 1499 3176 sic
1534 3119 1761 3190 amplius
1786 3131 1943 3187 quam

355 3229 617 3289 tredecim
638 3238 901 3282 annorum
923 3236 1057 3293 puer
1081 3220 1134 3275 in
1163 3219 1418 3272 humeros
1444 3213 1648 3279 matris,
1680 3226 1801 3267 cum
1827 3218 1945 3264 utre

352 3336 411 3383 et
451 3322 714 3395 panibus,
764 3316 924 3374 nimis
965 3312 1255 3369 absurdum
1288 3318 1372 3363 est
1404 3316 1463 3361 ut
1506 3305 1948 3395 impositusresse

354 3394 625 3472 credatur.
649 3410 818 3478 Quam
848 3405 1001 3462 facile
1029 3412 1207 3458 autem
1235 3398 1458 3455 solvitur
1484 3396 1728 3466 quzestio,
1760 3394 1803 3448 si
1834 3408 1945 3447 non

355 3505 761 3569 subaudiamus,
794 3498 1084 3571 imposuit;
1113 3494 1229 3556 sed,
1257 3491 1421 3547 dedit.
1448 3488 1601 3545 Dedit
1616 3486 1756 3543 enim
1779 3485 1949 3541 Abra-

357 3599 508 3666 ham,
539 3595 679 3651 sicut
702 3593 956 3660 scriptum
984 3597 1094 3650 est,
1142 3582 1299 3651 matri
1328 3581 1443 3651 ejus
1473 3593 1637 3650 panes
1662 3587 1716 3633 et
1752 3586 1943 3641 utrem,

358 3705 482 3762 quae
518 3687 609 3742 illa
644 3681 901 3755 imposuit
928 3681 981 3735 in
1009 3679 1260 3732 humeros
1290 3687 1435 3727 suos.
1478 3670 1613 3725 Cum
1652 3678 1826 3723 autem
1854 3666 1951 3762 ad-

353 3760 597 3857 iunctum
642 3788 697 3834 et
732 3777 938 3833 dictum
973 3780 1057 3829 est
1094 3780 1139 3825 et
1178 3784 1426 3841 puerum,
1477 3763 1823 3857 subaudimus
1856 3760 1952 3815 de-

359 3853 475 3943 dit,
517 3872 606 3944 qui
636 3882 804 3943 panes
830 3874 887 3924 et
914 3874 1086 3921 utrem
1114 3860 1370 3924 dederat;
1415 3871 1559 3924 non,
1607 3855 1661 3910 in
1700 3853 1953 3909 humeros

360 3964 634 4037 imposuit.

432 4055 567 4115 LIV.
602 4053 707 4129 [Ib.
734 4067 832 4108 XXI
857 4090 874 4118 ,
907 4044 1123 4119 45-18.]
1151 4043 1348 4112 Defeci!
1376 4050 1543 4096 autem
1572 4056 1704 4109 aqua
1732 4039 1798 4094 de
1820 4046 1950 4104 utre,

365 4161 415 4208 et
453 4147 667 4224 projecit
706 4158 919 4216 puerum
947 4139 1038 4196 sub
1067 4154 1223 4192 unam
1265 4134 1510 4199 abietem,
1546 4140 1592 4185 et
1618 4130 1955 4235 discessit,.et

366 4243 540 4299 sedere
572 4236 721 4310 capit
750 4242 926 4291 contra
954 4231 1103 4287 illum
1133 4229 1282 4299 longe
1319 4233 1565 4297 quantum
1593 4240 1741 4277 arcus
1768 4229 1956 4286 mittit;

368 4333 498 4390 dixit
521 4330 673 4395 enim,
708 4325 832 4381 Non
856 4322 1028 4379 uidebo
1052 4329 1261 4375 mortem
1277 4317 1371 4388 ﬁlii
1392 4315 1489 4369 mei
1520 4330 1540 4369 :
1566 4323 1613 4369 et
1635 4313 1763 4368 sedit
1782 4321 1958 4367 contra

368 4414 509 4482 eum.
530 4421 843 4479 Exclamans
861 4424 1029 4471 autem
1058 4429 1185 4486 puer
1208 4409 1457 4482 ploravit;
1483 4416 1529 4461 et
1548 4405 1802 4462 exaudivit
1819 4403 1959 4459 Deus

373 4533 543 4573 vocem
578 4512 719 4587 pueri
760 4510 825 4565 de
860 4509 969 4563 loco
1002 4504 1087 4559 ubi
1120 4512 1227 4557 erat
1260 4509 1352 4556 :et
1388 4498 1579 4553 vocavit
1616 4496 1824 4587 angelus
1861 4494 1959 4548 Dei

371 4611 512 4683 Agar
534 4586 599 4662 de
619 4604 765 4669 creto,
793 4610 841 4657 et
870 4599 999 4654 dixit
1024 4596 1089 4662 ei,
1124 4593 1260 4660 Quid
1285 4604 1376 4655 est,
1409 4590 1587 4683 Agar?
1614 4586 1740 4683 Noli
1765 4586 1958 4650 timere,

375 4679 633 4759 Wiuit
668 4697 800 4753 enim
837 4692 977 4748 Deus
1003 4703 1173 4743 vocem
1202 4684 1296 4755 ﬁlii
1326 4683 1399 4736 tui
1432 4681 1496 4735 de
1522 4680 1631 4735 loco
1663 4679 1718 4731 in
1745 4693 1843 4747 quo
1866 4683 1958 4730 est.

378 4794 578 4865 Surge,
621 4797 670 4845 et
705 4786 877 4856 accipe
914 4796 1158 4856 puerum,
1186 4786 1233 4832 et
1253 4784 1361 4830 tene
1388 4771 1535 4828 illum
1562 4773 1639 4871 in“
1650 4786 1804 4871 manu
1829 4777 1961 4871 tuas

376 4887 432 4941 in
460 4861 700 4954 magnam
747 4878 880 4933 enim
923 4883 1120 4947 gentem
1161 4869 1347 4940 faciam
1390 4866 1554 4920 illum.
1608 4861 1756 4961 Solet
1798 4861 1965 4961 quaeri

382 4948 685 5045 quomodo,
714 4982 837 5024 cum
864 4979 997 5037 puer
1029 4968 1173 5017 esset
1197 4970 1459 5013 annorum
1494 4952 1721 5023 amplius
1742 4948 1966 5051 quinde-

382 5044 485 5120 cim
511 5106 526 5131 ,
577 5055 866 5132 proiecerit
898 5068 1021 5110 eum
1061 5059 1231 5105 mater
1268 5046 1368 5102 sub
1414 5044 1661 5143 arborem
1695 5080 1713 5108 ,
1755 5048 1809 5095 et
1845 5044 1967 5143 ierit

380 5157 540 5227 longe
566 5158 826 5225 quantum
854 5159 1011 5202 arcus
1037 5141 1200 5199 mittit
1221 5181 1235 5204 ,
1260 5154 1332 5236 ne
1360 5136 1563 5236 videret
1585 5148 1707 5236 eum
1723 5136 1966 5236 morien-

383 5222 500 5303 tem
516 5263 533 5312 ;
559 5222 711 5316 quasi
736 5240 879 5297 enim
905 5251 1065 5308 quem
1103 5230 1351 5305 portabat
1378 5227 1684 5326 projecerit,
1722 5224 1795 5278 ita

385 5347 470 5394 tur
494 5313 689 5393 sonare
716 5329 859 5403 quod
882 5327 1093 5392 dicitur,
1120 5323 1351 5381 maxime
1374 5319 1494 5390 quia
1520 5318 1777 5389 sequitur,
1805 5313 1969 5369 Flevit

386 5451 531 5509 puer.
579 5428 688 5488 Sed
722 5422 1121 5496 intelligendum
1166 5426 1250 5475 est
1293 5417 1587 5487 projectum
1630 5426 1765 5509 esse
1794 5424 1899 5464 non
1938 5424 1969 5463 a

387 5503 668 5596 portante,
707 5518 801 5576 sed
829 5515 990 5579 utfit,
1029 5512 1097 5568 ab
1121 5511 1299 5566 animo
1320 5549 1335 5573 ,
1360 5517 1608 5575 tanquam
1634 5503 1969 5558 moriturum.

388 5614 572 5687 Neque
596 5611 738 5668 enim
768 5606 909 5679 quod
938 5605 1193 5675 scriptum
1222 5609 1306 5656 est
1324 5641 1339 5667 ,
1371 5597 1637 5668 Projectus
1673 5611 1785 5649 sum
1812 5611 1846 5647 a
1888 5598 1971 5665 {a-

387 5710 467 5765 cie
494 5706 754 5762 oculorum
790 5711 990 5757 tuorum
1017 5692 1187 5769 (Ρεαι.
1209 5707 1323 5749 xxx
1346 5733 1361 5760 ,
1386 5687 1512 5762 2'5),
1543 5687 1852 5760 portabatur
1876 5687 1970 5756 qui

1686 249 1889 307 LIBER
1927 246 2199 306 PRIMUS.

2028 354 2145 415 hoc
2179 359 2332 414 dixit.
2381 360 2451 417 Et
2484 370 2569 418 est
2608 361 2663 418 in
2704 362 3015 435 quotidiana
3047 365 3299 437 loquendi
3321 383 3419 425 usu
3441 410 3455 435 ,
3496 385 3621 427 cum

2038 451 2227 522 projici
2265 453 2459 508 dicitur
2497 454 2689 525 aliquis
2729 456 2799 511 ab
2835 457 3013 528 aliquo
3051 472 3174 514 cum
3218 475 3325 530 quo
3360 471 3475 518 erat
3497 504 3511 528 ,
3549 479 3622 521 ne

2037 544 2111 598 ab
2142 544 2236 599 illo
2268 544 2514 601 videatur
2533 557 2625 601 aut
2665 563 2784 602 cum
2814 549 2906 604 illo
2937 560 3169 607 maneat.
3218 551 3617 625 Intelligendum

2039 644 2124 690 est
2147 645 2327 691 autem
2360 636 2501 707 quod
2529 637 2802 707 Scriptura
2831 641 3025 707 tacuit,
3053 640 3126 697 ita
3160 641 3472 701 discessisse
3507 663 3621 702 ma-

2042 736 2177 783 trem
2206 743 2238 782 a
2269 728 2377 783 ﬁlio
2396 769 2413 795 ,
2452 740 2508 785 ut
2540 747 2672 799 puer
2696 732 2960 802 ignoraret
2984 748 3095 805 quo
3121 743 3291 791 mater
3314 736 3536 807 abierit,
3566 748 3622 794 et

2037 833 2157 873 eam
2184 819 2238 873 in
2268 820 2603 876 silvestribus
2649 824 2903 894 stirpibus
2932 826 3185 896 latuisse,
3223 843 3293 884 ue
3335 828 3501 884 ﬁlium
3533 832 3622 888 siti

2038 908 2375 968 deficientem
2406 914 2630 975 videret.
2661 914 2753 970 Ille
2785 927 2960 971 autem
2982 919 3142 973 etiam
3171 918 3260 974 illa
3287 929 3463 986 aetate,
3492 923 3621 992 quid

2037 1004 2231 1060 mirum
2259 1006 2304 1059 si
2330 1015 2500 1061 matre
2529 1007 2726 1062 diutius
2757 1025 2863 1064 non
2889 1011 2999 1064 visa
3037 1021 3091 1065 et
3116 1021 3361 1083 tanquam
3394 1015 3619 1083 perdita,

2038 1108 2105 1149 eo
2148 1094 2299 1162 loco,
2348 1096 2436 1151 ubi
2478 1097 2624 1152 solus
2662 1107 3030 1165 remanserat,
3068 1100 3253 1156 ﬂevit?
3306 1102 3458 1171 Quod
3495 1120 3625 1175 ergo

2038 1196 2219 1257 postea
2252 1188 2445 1243 dicitur
2468 1230 2480 1253 ,
2511 1190 2696 1260 Accipe
2720 1207 2962 1261 puerum,
2998 1208 3102 1247 non
3143 1203 3203 1249 ut
3233 1210 3354 1249 eum
3385 1196 3452 1252 de
3482 1207 3622 1253 terra

2038 1283 2184 1337 velut
2207 1283 2475 1353 jacentem
2504 1286 2733 1353 tolleret,
2764 1286 2964 1343 dictum
2994 1299 3094 1352 est,
3124 1291 3217 1345 sed
3238 1301 3295 1345 ut
3322 1292 3373 1347 ei
3397 1292 3624 1362 conjun-

2037 1383 2288 1444 geretur,
2332 1386 2387 1430 et
2427 1391 2549 1430 eum
2592 1392 2751 1431 manu
2796 1387 3003 1433 teneret
3047 1378 3299 1451 deinceps
3342 1383 3618 1445 comitem,
3696 1418 3701 1439 -.

2037 1464 2174 1519 sicut
2202 1473 2317 1519 erat
2348 1484 2359 1519 :
2391 1466 2534 1536 quod
2562 1467 2872 1539 plerumque
2889 1466 3089 1526 faciunt
3108 1472 3265 1527 simul
3284 1473 3621 1530 ambulantes

2037 1555 2321 1624 cujuslibet
2348 1558 2540 1613 aetatis.

2108 1644 2219 1701 LV.
2249 1645 2347 1717 [Ib.
2366 1662 2485 1712 ιιι,
2508 1647 2622 1721 22.]
2654 1648 2872 1704 Factum
2897 1660 2970 1705 est
2990 1662 3158 1707 autem
3180 1654 3235 1707 in
3254 1663 3473 1724 tempore
3501 1656 3613 1719 illo,

2038 1746 2085 1792 et
2109 1736 2239 1790 dixit
2259 1737 2566 1806 Abimelech,
2590 1749 2694 1795 etc.
2726 1741 2901 1810 Qumri
2931 1752 3122 1812 potest,
3144 1745 3356 1815 quando
3375 1762 3495 1801 cum
3523 1746 3625 1801 isto

2041 1827 2348 1883 Abimelech
2378 1840 2591 1899 pactum
2622 1830 2748 1886 fecit
2772 1832 3040 1888 Abraham
3065 1876 3080 1901 ,
3119 1844 3173 1891 et
3209 1837 3503 1906 appellatus
3544 1848 3625 1894 est

2038 1929 2230 1988 puteus
2254 1935 2409 1989 quem
2448 1921 2609 1987 fodit,
2638 1923 2838 1979 Puteus
2861 1925 3167 1994 jurationis,
3194 1929 3460 1997 quomodo
3492 1945 3623 1985 con-

2040 2021 2192 2081 gruat
2217 2014 2445 2067 veritati.
2488 2017 2632 2086 Agar
2659 2017 2801 2072 enim
2842 2019 2909 2074 de
2945 2019 3174 2074 Abrahae
3215 2020 3376 2076 domo
3404 2024 3623 2092 expulsa

2041 2117 2161 2156 cum
2190 2104 2295 2158 lilio
2316 2146 2329 2165 ,
2354 2105 2497 2175 juxta
2530 2116 2769 2176 puteum,
2811 2109 2966 2163 sicuti
2990 2110 3187 2165 dictum
3214 2120 3319 2179 est,
3341 2112 3627 2182 jurationis

2042 2195 2276 2259 errabat,
2304 2197 2393 2265 qui
2431 2197 2582 2251 valde
2606 2207 2790 2267 postea
2818 2200 3010 2255 dicitur
3039 2200 3205 2255 factus
3234 2202 3302 2256 ab
3322 2202 3623 2257 Abraham:

2042 2284 2114 2339 ibi
2160 2289 2303 2341 enim
2333 2287 2642 2343 Abimelech
2689 2300 2743 2344 et
2784 2290 3051 2346 Abraham
3090 2291 3434 2362 juraverunt,
3485 2295 3627 2364 quod

2043 2377 2278 2431 nondum
2311 2379 2495 2448 utique
2539 2379 2732 2435 factum
2772 2392 2920 2448 erat,
2966 2399 3087 2438 cum
3114 2383 3182 2439 de
3216 2385 3377 2441 domo
3402 2386 3629 2442 Abrahae

2043 2468 2187 2537 Agar
2217 2484 2337 2523 cum
2367 2470 2477 2523 lilio
2520 2470 2707 2526 fuisset
2734 2474 2971 2543 expulsa.
3023 2475 3301 2541 Quomodo
3326 2492 3452 2548 ergo
3480 2494 3629 2533 erra-

2042 2560 2137 2615 bat
2165 2561 2310 2628 juxta
2352 2571 2569 2631 puteum
2609 2564 2925 2631 jurationis?
2969 2568 3051 2620 An
3095 2569 3287 2621 factum
3322 2572 3432 2637 jam
3469 2570 3631 2626 fuisse

2046 2650 2445 2722 intelligendum
2469 2664 2567 2718 εει,
2595 2665 2647 2708 ει
2676 2670 2769 2723 per
2790 2658 3278 2725 recapitulationem
3297 2670 3475 2729 postea
3493 2677 3631 2716 com.

2049 2752 2403 2798 memoratum
2456 2744 2597 2813 quod
2650 2747 2757 2815 egit
2804 2746 3069 2803 Abraham
3120 2764 3242 2804 cum
3284 2750 3633 2807 Abimelech?

2047 2834 2160 2889 Nisi
2184 2834 2320 2889 forte
2349 2837 2437 2906 qui
2463 2836 2619 2907 longe
2642 2848 2824 2906 postea
2850 2839 3039 2893 librum
3070 2839 3300 2909 scripsit,
3324 2856 3388 2895 ex
3418 2842 3634 2898 nomine

2050 2928 2191 2996 putei
2211 2928 2499 2996 jurationis
2525 2929 2816 2997 appellavit
2840 2930 3136 3000 regionem,
3168 2932 3220 2985 in
3248 2949 3351 3002 qua
3375 2949 3493 2988 cum
3524 2933 3634 2988 filio

2049 3026 2225 3072 mater
2253 3017 2501 3083 errabat,
2544 3028 2791 3089 tanquam
2822 3019 3053 3087 diceret,
3091 3022 3312 3076 Errabat
3350 3023 3400 3076 in
3427 3023 3511 3077 illa
3542 3039 3632 3078 re-

2048 3108 2236 3177 gione,
2279 3108 2366 3162 ubi
2396 3117 2589 3177 puteus
2610 3111 2893 3178 jurationis
2921 3111 3085 3166 factus
3112 3122 3193 3166 est
3226 3130 3237 3165 :
3272 3114 3511 3183 quamvis
3541 3130 3635 3182 pu-

2052 3209 2177 3256 teus
2203 3211 2386 3271 postea
2415 3202 2483 3255 sit
2510 3201 2677 3256 factus
2695 3244 2709 3268 ,
2734 3202 2826 3256 sed
2856 3204 3011 3273 longe
3034 3212 3155 3258 ante
3184 3213 3391 3259 nitatem
3414 3208 3635 3275 scripto-

2052 3292 2160 3357 ris;
2203 3293 2280 3347 sic
2306 3302 2483 3346 autem
2525 3293 2886 3362 appellabatur
2919 3303 3107 3362 puteus
3132 3312 3252 3350 cum
3283 3297 3413 3351 liber
3431 3297 3635 3352 scribe-

2053 3395 2230 3450 retur,
2281 3400 2475 3438 nomen
2518 3392 2704 3437 tenens
2734 3386 3037 3455 antiquum,
3079 3387 3216 3456 quod
3249 3388 3514 3442 Abraham
3543 3390 3640 3443 imo

2054 3483 2324 3545 posuerat.
2354 3475 2409 3530 Si
2433 3483 2608 3529 autem
2639 3474 2751 3544 ipse
2778 3484 2859 3528 est
2886 3486 3094 3543 puteus,
3126 3493 3281 3546 quem
3304 3478 3499 3546 apertis
3521 3494 3642 3532 ocu-

2055 3569 2119 3621 lis
2144 3569 2275 3623 vidit
2308 3570 2469 3636 Agar,
2488 3566 2614 3620 nihil
2643 3576 2806 3621 restat
2827 3567 2924 3620 nisi
2948 3577 3003 3621 ut
3036 3585 3129 3636 per
3154 3570 3637 3638 recapitulationem

2056 3660 2280 3729 quaestio
2306 3659 2643 3712 dissolvatur.
2686 3657 2794 3712 Nec
2825 3674 3039 3712 movere
3063 3659 3215 3713 debet
3251 3661 3516 3729 quomodo
3546 3677 3639 3731 pu-

2057 3760 2219 3813 teum,
2246 3765 2401 3819 quem
2434 3749 2640 3803 foderat
2662 3749 2927 3804 Abraham
2949 3792 2962 3813 ,
2993 3750 3261 3805 nesciebat
3285 3752 3424 3820 Agar
3450 3751 3492 3805 si
3519 3762 3642 3806 ante

2056 3849 2139 3894 est
2176 3839 2263 3893 ille
2309 3838 2485 3893 fossus
2529 3854 2688 3907 quam
2731 3839 2816 3893 illa
2861 3841 3100 3909 expulsa.
3144 3840 3311 3895 Valde
3348 3842 3487 3895 enim
3526 3842 3643 3898 ﬁeri

2058 3931 2230 4001 potuit
2257 3939 2313 3984 ut
2354 3945 2604 4000 pecorum
2646 3944 2859 3984 suorum
2898 3946 3086 3998 causa,
3131 3931 3286 4002 longe
3325 3948 3354 3987 a
3393 3932 3552 3987 domo
3591 3934 3645 3988 in

2060 4039 2164 4094 qua
2190 4037 2309 4077 cum
2354 4023 2465 4076 suis
2501 4021 2803 4090 habitabat,
2851 4033 3062 4093 puteum
3102 4023 3335 4091 foderet,
3367 4041 3523 4095 quem
3556 4026 3643 4085 illa

2061 4115 2310 4170 nesciret.

2134 4205 2266 4260 LVI.
2300 4204 2400 4276 [Ib.
2430 4220 2549 4271 XXI,
2583 4203 2696 4275 35.]
2725 4203 2899 4271 Quaeri
2945 4212 3119 4275 potest
3154 4206 3418 4276 quomodo
3444 4206 3511 4261 ad
3551 4222 3646 4277 pu-

2066 4306 2206 4352 teum
2244 4295 2531 4365 juramenti
2561 4310 2746 4363 agrum
2780 4296 2796 4326 ¹
2830 4295 3158 4364 plantaverat
3181 4294 3445 4349 Abraham
3471 4338 3485 4363 ,
3518 4297 3561 4351 si
3593 4297 3642 4352 in

2068 4397 2205 4442 terra
2236 4388 2346 4449 illa,
2378 4384 2828 4454 quemadmodum
2855 4385 3156 4453 Stephanus
3185 4385 3330 4451 dicit,
3362 4402 3466 4441 non
3495 4402 3647 4443 acce-

2068 4487 2217 4547 perat
2259 4475 2623 4530 haereditatem
2645 4518 2660 4541 ,
2710 4491 2806 4529 nec
2849 4476 3074 4545 spatium
3107 4477 3258 4547 pedis
3286 4478 3419 4550 (Act.
3444 4494 3537 4546 vn,
3571 4481 3650 4551 5).

2068 4568 2176 4625 Sed
2198 4584 2260 4623 ea
2285 4576 2368 4622 est
2396 4566 2738 4636 intelligenda
2774 4565 3058 4620 hmreditas
3084 4584 3238 4636 quam
3263 4569 3401 4622 Deus
3431 4586 3653 4625 munere

2071 4677 2168 4716 suo
2197 4659 2368 4715 fuerat
2396 4658 2638 4725 daturus,
2661 4674 2766 4712 non
2793 4670 2967 4729 empta
2997 4662 3187 4730 pretio.
3220 4661 3535 4734 Intelligitur
3558 4681 3655 4718 au-

2074 4764 2179 4811 tem
2209 4754 2433 4825 spatium
2469 4752 2609 4807 circa
2638 4761 2853 4821 puteum
2880 4753 2947 4807 ad
2980 4753 3106 4808 illud
3133 4757 3415 4827 emptionis
3443 4766 3654 4825 pactum

2074 4846 2339 4917 pertinere
2358 4887 2373 4911 ,
2403 4845 2455 4898 in
2481 4858 2587 4914 quo
2611 4842 2821 4897 fuerant
2846 4860 2997 4914 agna:
3022 4857 3225 4915 septem
3246 4846 3381 4900 data:
3401 4888 3416 4912 ,
3444 4847 3655 4917 quando

2072 4936 2382 4995 Abimelech
2408 4946 2463 4991 et
2489 4936 2756 4990 Abraham
2788 4936 2887 4991 sibi
2915 4936 3072 4990 etiam
3097 4936 3425 5004 juraveruut.

2146 5028 2299 5083 LVII.
2327 5028 2424 5101 [Ib.
2442 5044 2580 5094 XXII,
2606 5026 2682 5100 1.]
2713 5027 2776 5080 Ει
2798 5029 3002 5081 tentavit
3024 5027 3157 5081 Deus
3182 5030 3453 5083 Abraham.
3479 5030 3657 5098 Quaeri

2074 5122 2208 5177 solet
2237 5120 2505 5191 quomodo
2534 5118 2637 5174 hoc
2666 5134 2847 5171 verum
2881 5119 2983 5183 sit,
3014 5134 3135 5172 cum
3170 5119 3312 5173 dicat
3342 5122 3391 5173 in
3420 5121 3660 5190 Epistola

2075 5227 2167 5267 sua
2198 5210 2428 5267 Jacobus
2470 5208 2611 5279 quod
2646 5210 2785 5263 Deus
2834 5208 3103 5262 neminem
3136 5217 3303 5262 tentat
3331 5208 3576 5281 (Jacobi,
3608 5228 3660 5275 ι,

2077 5306 2167 5377 I3)
2196 5324 2209 5359 :
2235 5305 2336 5359 nisi
2366 5302 2487 5373 quia
2516 5301 2783 5356 locutione
2813 5299 3204 5367 Scripturarum
3230 5301 3364 5354 solet
3391 5300 3515 5367 dici,
3549 5312 3661 5356 teu-

2081 5407 2174 5462 tat,
2204 5412 2300 5466 pro
2329 5411 2393 5448 eo
2421 5392 2561 5462 quod
2582 5403 2662 5445 est
2693 5392 2900 5460 probat.
2926 5390 2967 5443 Τ
2971 5391 3169 5445 entatio
3195 5407 3323 5447 vero
3351 5392 3436 5446 illa
3463 5393 3532 5448 de
3559 5410 3661 5463 qua
3684 5426 3687 5429 λ

2078 5488 2306 5543 Jacobus
2333 5483 2498 5548 dicit,
2530 5498 2637 5537 non
2680 5482 2989 5552 intelligitur
3016 5482 3115 5537 nisi
3141 5499 3242 5553 qua
3270 5485 3492 5555 quisque
3533 5501 3659 5558 pec-

2082 5576 2527 5606 nnIA:m1sl:ﬂﬂIIII‘
2578 5572 2730 5606 ῐῐηιὶο
2770 5574 3044 5606 Ληηοιηῑηο
3076 5574 3196 5606 Αἶηὶί
3226 5592 3239 5606 ι
3279 5573 3353 5606 Νι.
3386 5580 3509 5606 [ιη’.
3554 5585 3631 5606 ι...

2080 5587 2198 5634 cato
2225 5576 2545 5646 implicatur.
2578 5572 2731 5629 Unde
2762 5574 3047 5644 Apostolus
3074 5574 3239 5631 dicit:
3270 5573 3353 5630 Ne
3380 5580 3509 5647 forte
3550 5585 3657 5637 ten-

2146 5693 2163 5723 ι
2188 5696 2293 5742 uss.
2314 5690 2566 5739 Beccensis
2582 5695 2633 5741 et
2652 5688 2978 5751 Michaelinus,
3002 5702 3185 5743 nemus.
