3902 6338
307 262 420 321 665
1082 248 1547 322 QUESTIONUM
1584 247 1640 305 S.
1669 242 1909 307 AUGUSI

2015 241 2039 302 Ι
2065 241 2144 300 -ΙΝ
2182 239 2743 299 llEPTATEUCHUM
3491 241 3609 301 565

303 374 493 448 ,tavcrit
830 365 1282 440 ιαισιιμττιιῳ.
1311 382 1397 431 ιιι,
1429 365 1506 434 5).
1535 362 1664 420 Nam
1695 371 1749 418 et
1773 360 1900 420 alibi

318 468 700 540 scriptumst“,
715 462 904 534 ,Τςηιαι
929 478 1017 530 ιφ
1042 459 1293 524 θρηιὸωε
1322 457 1468 518 Deus
1485 465 1643 516 vester
1659 496 1677 524 .
1697 463 1755 510 ut
1774 455 1905 516 Δάαι

315 563 361 626 εἰ
615 572 738 626 eum
755 554 944 631 tum.
966 569 1096 622 xm,
1122 552 1182 626 ὃ)
1208 567 1229 609 :
1251 551 1546 612 etiamhoc
1563 564 1781 621 genere
1819 547 1903 603 lo-

313 649 841 721 cutionis..mm,
861 647 1186 714 diuturno“.
1209 645 1340 706 sesi
1355 643 1658 714 diceretur,
1683 640 1904 700 utar—ire

317 758 418 816 Ψ
441 741 640 814 ἰθείας
663 740 929 813 moenium
949 738 1100 800 uires
1140 734 1442 796 dilectionis
1476 749 1589 792 sua
1619 733 1902 793 rhominem

301 815 518 909 ιιιφε,
561 834 669 907 nisi
705 831 893 898 rugam
937 830 1306 902 experimento
1337 828 1505 888 etum
1545 825 1724 884 eidem
1751 827 1903 883 inno-

309 933 545 998 sescent-

381 1014 704 1092 .L.Vlll._.[.lh.
728 1028 866 1085 ml,
893 1009 1010 1087 19.]
1033 1010 1151 1069 Vox
1176 1008 1353 1082 angeli
1375 1008 1445 1070 de
1475 1009 1614 1066 cmlo
1640 1008 1705 1068 ad
1726 1008 1904 1064 Abra-

315 1109 446 1166 ham
466 1149 482 1174 ,
536 1105 622 1168 Nc
653 1103 1439 1178 injiciasrmuminpmm,
1470 1117 1628 1174 neque
1670 1101 1830 1169 facias
1859 1100 1905 1154 ei

311 1200 612 1272 quidquam.
655 1196 815 1256 lado
837 1195 974 1253 enim
1001 1195 1250 1266 cognovi,
1272 1192 1511 1263 quoniam
1531 1191 1704 1246 timeas
1740 1189 1904 1244 Deum

323 1301 419 1362 tu;
449 1291 608 1350 etiam
639 1289 739 1350 ista
764 1287 988 1363 quastio
1015 1285 1176 1358 simili
1201 1283 1472 1342 locutione
1510 1281 1732 1338 solvitur
1761 1300 1773 1333 :
1805 1282 1905 1335 hoc

321 1391 404 1447 est
418 1377 754 1452 enim,Nunc
769 1377 996 1450 cognovi,
1017 1376 1258 1448 quoniam
1278 1374 1452 1432 tinteas
1475 1371 1640 1426 Deum
1663 1380 1739 1456 tu,
1759 1370 1904 1441 quod

313 1474 606 1545 signiﬁcat,
635 1471 790 1528 Nunc
819 1480 869 1526 te
906 1469 1018 1526 .l'eci
1043 1481 1388 1540 cognoscere.
1435 1465 1494 1522 ιιι
1525 1463 1904 1534 consequenti-

273 1596 280 1598 ε
322 1569 422 1622 bus
461 1575 642 1621 autem
671 1565 774 1619 hoc
819 1577 989 1634 genus
1016 1561 1299 1616 locutionis
1345 1558 1620 1616 evidenter
1643 1564 1902 1627 apparet,

313 1657 410 1730 ubi
442 1655 658 1722 dicitur,
690 1652 760 1710 Et
783 1651 976 1716 uocauit
994 1650 1254 1710 Abraham
1282 1665 1461 1706 nmen
1477 1649 1588 1706 νιοσὶ
1604 1648 1769 1711 illius,
1795 1646 1904 1700 Do-

322 1747 491 1810 minus
515 1745 675 1810 vidit;
702 1744 956 1812 audirent
983 1742 1160 1813 hodie,
1191 1739 1260 1797 In
1285 1749 1450 1795 monte
1469 1739 1721 1796 Dominus
1741 1754 1907 1809 appa-

323 1838 446 1896 ruit.
483 1836 652 1906 Vidit,
680 1850 780 1907 pro
821 1851 887 1892 eo
918 1833 1058 1905 quod
1101 1819 1183 1894 est
1209 1831 1471 1902 apparuit,
1502 1829 1602 1884 hoc
1637 1839 1723 1886 est
1749 1828 1903 1896 sidit,

312 1946 424 2008 6ιιιό
447 1946 517 1990 .eo
545 1927 686 2002 quod
712 1937 795 1992 est
835 1927 1005 1996 videri
1041 1925 1196 1989 fecit;
1213 1922 1524 1994 significans
1549 1937 1644 1992 per
1666 1919 1906 1978 efﬁcien-

325 2034 434 2092 tem
451 2023 512 2082 id
537 2016 679 2094 Quod
697 2018 956 2086 efﬁcitur,
978 2018 1124 2076 sicut
1144 2017 1308 2086 frigus
1334 2014 1540 2085 pigrum
1557 2012 1700 2082 quod
1732 2013 1908 2084 pigros

313 2116 472 2178 Iacit.

387 2206 534 2268 LIX.
553 2189 666 2282 ¹[11).
683 2220 824 2271 nu,
850 2199 1171 2276 12.1mm
1193 2197 1454 2270 pepercisti
1481 2196 1591 2267 ﬁlio
1617 2205 1702 2250 tuo
1726 2195 1909 2250 dilecto

317 2308 530 2378 propter
552 2314 656 2356 me.
680 2291 1242 2366 NumquidlAhraham
1275 2297 1490 2360 propter
1517 2287 1777 2358 Angelum
1801 2302 1907 2342 non

313 2389 696 2463 .pepercltfilio
724 2403 854 2451 suo,
900 2393 957 2441 et
994 2398 1112 2440 non
1139 2390 1356 2452 propter
1397 2380 1605 2436 Deum?
1633 2381 1739 2436 Aut
1778 2393 1910 2449 ergo

309 2483 495 2554 angeli
519 2479 1026 2540 nominenominus
1050 2473 1294 2530 Christus
1319 2471 1648 2543 signiﬁcatus
1671 2479 1752 2526 est
1773 2510 1790 2536 ,
1820 2470 1908 2539 qui

323 2575 438 2634 sine
481 2572 640 2628 dubio
680 2572 819 2628 Deus
868 2576 982 2634 est,
1028 2574 1080 2621 et
1119 2562 1400 2620 manifeste
1439 2577 1470 2616 a
1516 2561 1771 2631 propheta
1820 2561 1906 2614 di~

323 2674 440 2739 ctus
458 2672 559 2730 est,
588 2661 756 2734 magni
767 2659 964 2718 consilii
987 2657 1210 2728 Angelus
1228 2652 1380 2728 (Isai.
1402 2668 1483 2720 rx,
1507 2653 1568 2719 6,
1588 2669 1688 2706 sec.
1705 2650 1910 2722 LXX);

323 2753 575 2826 autquod
603 2753 744 2812 Deus
773 2758 889 2806 erat
932 2749 984 2806 in
1011 2746 1234 2818 angelo,
1267 2755 1321 2801 et
1343 2760 1408 2799 ex
1439 2758 1664 2814 persona
1696 2742 1791 2796 Dei
1815 2757 1912 2795 an-

315 2847 473 2924 gelus
518 2843 865 2915 loquebatur,
912 2839 1063 2896 sicut
1110 2837 1163 2892 in
1213 2833 1496 2905 Prophetis
1541 2832 1699 2886 etiam
1749 2831 1906 2885 solet.

319 2937 454 2998 Nam
495 2936 549 2994 in
575 2931 1027 3008 consequentibus
1053 2927 1158 2983 hoc
1192 2925 1361 2996 magis
1399 2924 1608 2980 videtur
1651 2937 1909 2993 apparere

319 3028 412 3088 ubi
439 3025 653 3098 legitur,
679 3023 748 3080 Et
769 3021 960 3076 vocavit
977 3018 1189 3089 angelus
1215 3015 1423 3072 Domini
1447 3013 1707 3069 Abraham
1729 3014 1909 3067 iterum

324 3118 541 3182 decreto
563 3158 577 3182 ,
605 3117 806 3180 dicens,
843 3111 956 3170 Per
980 3110 1329 3180 memetipsum
1355 3108 1550 3179 iuravi,
1577 3106 1699 3161 dicit
1727 3106 1908 3160 Domi-

312 3226 443 3268 ..mts.
475 3207 590 3264 Non
619 3206 772 3262 facile
798 3203 940 3260 enim
971 3201 1239 3260 invenitur
1257 3199 1516 3256 Dominus
1541 3196 1785 3256 Christus
1808 3197 1910 3252 Pa-

327 3313 463 3360 trem
489 3299 772 3357 Dominum
801 3297 980 3353 dicere
1015 3305 1266 3364 tanquam
1295 3307 1454 3349 suum
1483 3291 1784 3356 Dominum,
1817 3289 1910 3344 illo

327 3390 622 3466 praesertim
645 3399 886 3459 tempore
911 3395 1194 3456 antequam
1223 3390 1462 3440 sumeret
1486 3396 1724 3438 carnem.
1774 3380 1909 3435 Nam

327 3481 618 3542 secundum
643 3479 701 3536 id
727 3477 866 3549 quod
891 3476 1114 3532 formam
1139 3473 1281 3530 servi
1301 3471 1544 3542 occepit,
1582 3487 1687 3527 non
1726 3471 1908 3526 incon-

319 3581 579 3646 gruenter
603 3569 705 3627 hoc
741 3568 846 3626 dici
873 3567 1100 3626 videtur.
1143 3563 1277 3620 Nam
1303 3561 1595 3626 secundum
1641 3560 1800 3630 hujus
1835 3561 1911 3614 rei

328 3663 523 3719 futura:
551 3660 880 3732 prophetiam
904 3657 1033 3714 illud
1057 3665 1142 3712 est
1164 3656 1216 3711 in
1244 3654 1479 3718 Psalmo,
1509 3649 1760 3708 Dominus
1786 3652 1913 3707 dixit

329 3754 396 3811 ad
421 3770 500 3807 me
523 3795 536 3816 ,
573 3749 618 3804 Γ
620 3751 737 3808 ilius
760 3765 900 3806 meus
925 3764 977 3802 es
1003 3758 1057 3801 tu
1082 3745 1251 3819 (Psal.
1284 3757 1351 3810 ιι,
1379 3742 1455 3814 7).
1485 3741 1616 3797 Nam
1659 3758 1831 3814 neque
1859 3742 1913 3796 in

316 3846 445 3915 ipso
476 3842 761 3912 Evangelia
789 3839 942 3894 facile
971 3837 1271 3894 invenimus
1311 3849 1346 3890 a
1375 3835 1586 3889 Christo
1617 3834 1780 3890 Deum
1803 3835 1914 3889 Pa-

333 3947 467 3990 trem
490 3934 769 3989 Dominum
795 3929 1114 4001 appellatum
1131 3969 1144 3990 ,
1168 3925 1311 3997 quod
1328 3925 1590 3982 Dominus
1609 3925 1726 3996 ejus
1740 3933 1912 3992 esset;

331 4026 574 4094 quamvis
593 4024 766 4082 Deum
794 4020 1124 4076 inveniamus
1150 4019 1202 4072 in
1233 4017 1324 4071 illo
1353 4017 1494 4082 loco,
1524 4017 1610 4071 ubi
1635 4018 1733 4083 ait,
1773 4016 1916 4073 Vada

331 4117 401 4172 ad
427 4113 633 4169 Paﬁem
681 4129 846 4167 meum
869 4121 916 4166 et
946 4110 1153 4164 Patrem
1181 4118 1397 4163 oestrum
1417 4150 1431 4174 ,
1474 4107 1637 4162 Deum
1676 4125 1842 4165 meum
1869 4116 1918 4164 et

332 4207 498 4264 Deum
537 4213 751 4276 vestrum
779 4201 958 4274 (learn.
984 4216 1054 4258 xx
1081 4241 1097 4267 ,
1130 4200 1241 4270 i7).
1275 4199 1426 4266 Quod
1455 4207 1631 4254 autem
1655 4199 1915 4269 scriptum

332 4310 414 4358 est
438 4340 453 4366 ,
479 4296 626 4354 Dixit
667 4295 918 4356 Dominus
961 4290 1181 4352 Domino
1224 4307 1332 4346 meo
1361 4289 1548 4364 (Psai.
1575 4305 1694 4358 crx,
1725 4290 1782 4362 1)
1801 4331 1816 4354 ,
1848 4290 1918 4347 ad

332 4391 504 4462 ipsum
533 4389 621 4459 qui
652 4387 963 4458 loquebatur
987 4383 1246 4449 refertur,
1275 4382 1468 4448 idest,
1494 4381 1640 4440 Dixit
1668 4383 1918 4439 Dominus

331 4479 555 4534 Domino
592 4496 701 4533 meo
722 4521 734 4541 .
756 4477 924 4538 ,Pater
947 4476 1148 4532 scilicet
1174 4474 1311 4530 Filio
1341 4493 1353 4529 :
1384 4484 1464 4539 et,
1491 4473 1637 4530 Pluit
1666 4474 1918 4532 Dominus

333 4590 365 4630 α
391 4571 642 4637 Domino,
673 4571 762 4641 qui
797 4569 1065 4624 scribebat
1092 4568 1222 4622 dixit
1253 4565 1404 4639 (Gen.
1433 4566 1700 4642 senii);
1727 4579 1785 4624 ut
1808 4570 1916 4624 Do-

337 4663 514 4722 minus
542 4660 656 4730 ejus
683 4675 714 4714 a
740 4660 962 4716 Domino
993 4659 1110 4729 ejus
1129 4700 1145 4726 ,
1177 4658 1229 4714 id
1260 4668 1370 4724 est,
1399 4659 1867 4718 Dominus-noster
1885 4675 1919 4716 a

336 4754 560 4816 Domino
588 4761 780 4812 nostro
811 4753 1009 4821 pluisse
1039 4752 1389 4822 intelligatur,
1417 4750 1584 4810 Filius
1602 4767 1634 4808 a
1665 4752 1841 4814 Patre.

403 4847 516 4910 LX.
551 4844 819 4924 [manu
839 4841 957 4918 21.]
985 4844 1136 4912 Quod
1168 4848 1222 4899 iu
1248 4843 1334 4904 his
1373 4859 1507 4916 quos
1542 4846 1919 4908 nuntiaverunt

333 4940 563 4998 Ahrabm
587 4947 742 4996 natos
765 4952 886 4998 esse
917 4938 1055 4994 filios
1083 4934 1338 5002 Melchte,
1371 4937 1676 4994 nominatur
1704 4936 1920 4995 etCha-

332 5031 647 5108 muelpater
657 5027 943 5102 Syrorum,
973 5041 1080 5083 non
1103 5026 1288 5096 utique
1310 5027 1383 5082 illi
1409 5028 1500 5098 qui
1517 5029 1915 5096 nuntiaverunt,

333 5123 581 5182 nuntiare
625 5129 839 5194 patrem
890 5121 1149 5192 Syrorum
1217 5125 1504 5188 potuerunt
1545 5136 1560 5172 :
1601 5134 1669 5176 ex
1713 5120 1920 5190 origine

331 5215 527 5287 quippe
556 5214 695 5269 illius
713 5212 967 5286 Syrorum
989 5224 1163 5284 genus
1183 5209 1340 5279 longe
1363 5218 1546 5280 postea
1573 5222 1917 5280 propagatum

324 5318 434 5374 est.
472 5306 576 5362 Sed
627 5306 828 5361 dictum
875 5314 957 5361 est
997 5317 1028 5356 a
1061 5316 1285 5371 perantia
1316 5300 1635 5369 scribentis,
1680 5301 1771 5371 qui
1800 5309 1918 5372 post

333 5397 508 5452 omnia
541 5397 625 5450 illa
655 5405 891 5465 tempora
921 5393 1035 5448 lure
1061 5391 1346 5448 scribendo
1375 5392 1638 5456 narravit;
1667 5393 1919 5461 quemad-

336 5489 549 5542 modum
597 5500 758 5557 supra
805 5486 1038 5542 diximus
1082 5484 1150 5539 de
1195 5494 1354 5554 puteo
1398 5482 1683 5553 jurationis
1729 5482 1915 5556 (Sup.

335 5587 510 5652 quwst.
544 5579 661 5648 55).

341 5658 344 5660 ⁷
405 5669 540 5725 LXI.
571 5669 669 5741 [ιιι.
691 5684 845 5734 κιηι,
873 5665 952 5740 7.]
983 5665 1277 5748 suum
1306 5676 1474 5724 ωαπ
1497 5668 1755 5726 Abraham
1789 5669 1918 5726 ado-

1996 357 2132 412 rauit
2170 356 2414 428 populum
2431 363 2595 412 terra.
2626 353 2894 424 Quaeritur
2909 352 3184 426 quomodo
3203 355 3470 428 scriptum
3493 359 3598 424 sit,

2010 447 2282 516 Dominum
2308 447 2470 504 Deum
2487 446 2966 517 tumnadorabis,“
2991 448 3069 502 illi
3080 449 3178 512 soli
3203 449 3594 522 serviaiDeut.

2003 558 2086 610 an.
2119 544 2219 608 ως
2239 558 2304 610 -ι,
2325 541 2455 614 20)η;
2497 556 2626 610 eum
2645 540 3400 608 Abrahamsichonoraverit
3425 559 3600 616 popu-

1997 635 2704 706 lumqwmdamgentium,
2728 645 2788 697 ut
2812 634 2973 703 etiam
2992 634 3262 700 adoraret.
3289 637 3397 704 Sed
3423 639 3606 694 anim-

1999 725 2390 793 advertendum
2420 735 2510 786 est
2543 727 2598 782 in
2619 725 2822 796 eodem
2840 734 3154 797 praecepto,
3190 742 3308 782 non
3353 727 3557 786 dictum
3585 771 3600 790 ,

1999 817 2486 880 .DominumDeam
2521 816 2876 882 tuumsolurn
2911 817 3171 876 adorabis
3190 859 3204 880 ,
3233 818 3374 883 sicut
3397 819 3604 875 dictum

1997 918 2110 973 est,
2131 909 2299 972 ,Etilli
2318 909 2413 972 soli
2430 909 2635 974 servias,
2651 907 2802 978 quod
2823 916 2912 968 est
2923 923 3103 978 grates
3120 916 3424 981 .Aotrptbaug.
3456 909 3607 966 Talis

1997 1001 2152 1054 enim
2191 1001 2418 1054 servitus
2444 999 2651 1055 nonnisi
2679 998 2790 1054 Deo
2819 998 3068 1054 debetur.
3101 998 3252 1055 Unde
3275 999 3608 1066 damnantur

2010 1090 2322 1155 idololalrtB,
2338 1089 2389 1143 id
2407 1098 2509 1155 est,
2527 1088 2788 1159 ejusmodi
2808 1090 3118 1144 servitutem
3147 1089 3461 1152 exhibentes
3485 1091 3607 1146 ido-

1996 1181 2106 1246 .l'ts,
2131 1197 2258 1252 qum
2297 1180 2519 1236 debetur
2541 1180 2669 1248 Deo.
2700 1178 2810 1235 Nec
2838 1189 3053 1234 moveat
3082 1180 3221 1250 quod
3249 1180 3358 1235 alio
3388 1182 3514 1238 loco
3545 1182 3604 1236 in

1995 1272 2234 1342 ,quadam
2263 1271 2538 1340 Scriptura
2565 1270 2812 1342 prohibet
2839 1271 3055 1344 angelus
3075 1270 3346 1328 hominem
3375 1271 3606 1340 adorare

2005 1377 2067 1422 se
2090 1404 2105 1425 ,
2134 1373 2187 1418 et
2221 1362 2474 1416 admonet
2501 1369 2558 1416 ut
2595 1357 2854 1418 Dominus
2895 1362 3074 1432 potius
3119 1361 3600 1435 adoretur,(Apoc.

2003 1469 2124 1515 .xrx,
2158 1453 2268 1526 10).
2301 1453 2446 1509 Talis
2475 1453 2615 1508 enim
2655 1461 2973 1524 apparuerat
2996 1453 3215 1525 angelus
3241 1461 3297 1510 ut
3333 1468 3444 1530 pro
3487 1455 3601 1511 Deo

2011 1554 2188 1614 posset
2217 1545 2463 1612 adorari;
2491 1553 2546 1598 et
2574 1543 2694 1600 ideo
2722 1544 2891 1602 fuerat
2914 1543 3262 1614 corrigendus
3283 1529 3558 1612 adorator.

2082 1635 2236 1693 LXII.
2265 1635 2539 1710 ﬂinxxw,
2559 1633 2640 1710 5.]
2659 1635 2812 1705 Quod
2838 1633 3102 1702 Abraham
3125 1634 3278 1704 jubet
3301 1651 3473 1708 puero
3500 1652 3601 1691 suo

2010 1739 2068 1784 ut
2112 1744 2322 1782 manum
2359 1744 2509 1783 suam
2540 1737 2702 1798 ponat
2737 1727 2836 1783 sub
2863 1727 2983 1797 ejus
3023 1726 3258 1790 femore,
3295 1739 3349 1800 et
3372 1727 3451 1784 sic
3474 1743 3600 1785 eum

2010 1819 2220 1887 adjurat
2245 1834 2337 1889 per
2366 1819 2644 1873 Dominum
2676 1820 2839 1873 Deum
2861 1819 3001 1882 cmli,
3026 1825 3080 1872 et
3101 1818 3381 1889 Dominum
3410 1829 3596 1890 terrae,

2012 1912 2150 1968 solet
2195 1912 2470 1981 imperitos
2514 1925 2764 1978 moverer;
2813 1925 2926 1980 non
2962 1909 3298 1968 attendentes
3351 1895 3600 1986 magnam

2007 2005 2168 2061 istam
2207 2004 2275 2060 de
2319 2005 2528 2060 Christo
2569 2005 2836 2060 exstitisse
2879 2003 3246 2076 prophetiam,
3295 2004 3436 2075 quod
3484 2005 3602 2076 ipse

1997 2095 2432 2158 ,DominusDeus
2451 2095 2569 2150 θαιιί
2598 2103 2651 2150 et
2672 2094 2927 2149 Dominus
2949 2103 3105 2160 terrae
3125 2093 3176 2148 in
3199 2109 3263 2149 ea
3287 2109 3449 2152 carne
3471 2111 3601 2151 ven-

2018 2196 2170 2244 turus
2196 2198 2372 2256 esset,
2403 2202 2520 2258 qua:
2549 2186 2613 2242 de
2635 2186 2732 2240 illo
2761 2184 2964 2242 femore
2993 2195 3285 2256 propagata
3314 2195 3418 2242 est.

2083 2277 2264 2335 LXIII.
2291 2276 2392 2352 [1b.
2420 2293 2573 2344 xxxv,
2604 2273 2816 2349 12-14.]
2838 2275 3195 2346 Qumrendum
3222 2292 3329 2347 quo
3352 2276 3602 2334 diﬁ'crant

2009 2370 2386 2441 augurationes
2407 2369 2606 2424 illicita:
2620 2368 2687 2423 ab
2707 2368 2793 2422 illa
2821 2368 3078 2438 petitione
3099 2368 3234 2440 signi
3250 2408 3266 2432 ,
3288 2384 3392 2439 qua
3414 2369 3602 2440 petivit

2006 2479 2200 2520 servus
2225 2462 2456 2518 Abrahae
2486 2470 2542 2517 ut
2564 2461 2612 2514 ei
2638 2461 2776 2515 Deus
2800 2459 3113 2532 ostenderet
3152 2461 3319 2530 ipsam
3348 2475 3469 2517 esse
3507 2459 3599 2516 fu-

2009 2566 2187 2612 turam
2215 2571 2436 2610 uxorem
2453 2553 2654 2610 domini
2674 2553 2755 2608 sui
2781 2552 2930 2608 Isaac
2955 2594 2972 2621 ,
2995 2569 3024 2607 a
3052 2569 3155 2624 qua
3181 2569 3303 2608 cum
3327 2555 3603 2625 petivisset

2016 2657 2072 2700 ut
2098 2646 2334 2713 biberet,
2374 2646 2641 2701 diceretur
2664 2645 2776 2711 illi,
2806 2643 2930 2698 Bibe
2956 2655 3002 2698 et
3035 2655 3111 2712 tu,
3144 2653 3192 2699 et
3217 2646 3483 2717 adaquabo
3505 2663 3596 2702 ca-

2016 2739 2169 2811 melos
2197 2746 2308 2792 tuos
2327 2735 2652 2807 quoadusque
2671 2736 2834 2790 bibere
2861 2735 3106 2790 desinent.
3141 2736 3296 2790 Aliud
3320 2746 3402 2792 est
3422 2737 3562 2792 enim
3579 2777 3600 2805 ,

2013 2827 2207 2884 mirum
2230 2825 2428 2896 aliquid
2454 2833 2637 2898 petere
2664 2826 2805 2904 quod
2829 2825 2944 2898 ipso
2974 2825 3233 2882 miraculo
3260 2826 3471 2898 signum
3493 2826 3594 2893 sit;

2012 2919 2156 2990 aliud
2178 2935 2241 2973 ea
2270 2918 2556 2974 observare
2580 2960 2594 2982 ,
2630 2933 2748 2988 qua:
2774 2918 2843 2972 ita
2874 2915 3009 2973 fiunt
3049 2925 3108 2971 ut
3153 2916 3283 2972 mira
3326 2934 3432 2974 non
3455 2918 3594 2985 sint,

2011 3012 2108 3070 sed
2135 3027 2164 3064 a
2192 3011 2586 3082 conjectoribus
2636 3008 3008 3079 superstitiosa
3061 3009 3291 3072 vanitate
3331 3010 3597 3081 interpre-

2013 3111 2218 3160 tentur.
2251 3103 2357 3158 Sed
2386 3101 2488 3156 hoc
2517 3102 2688 3171 ipsum
2713 3102 2872 3157 etiam
2893 3101 3036 3171 quod
3063 3102 3254 3156 mirum
3280 3101 3481 3172 aliquid
3508 3117 3600 3173 po-

2004 3197 2242 3254 .stulatur
2262 3237 2276 3260 ,
2325 3211 2430 3266 quo
2471 3194 2797 3266 significetur
2825 3193 2966 3265 quod
2995 3196 3219 3266 quisque
3243 3196 3356 3250 vult
3400 3212 3560 3254 nosse
3582 3238 3597 3262 ,

2017 3297 2192 3342 utrum
2208 3286 2509 3344 audendum
2535 3286 2624 3352 sit,
2657 3301 2762 3341 non
2789 3301 2949 3356 parva
2973 3287 3197 3356 quaestio
3219 3297 3316 3342 est.
3349 3289 3428 3344 Eo
3451 3304 3602 3344 nam-

2000 3394 2119 3454 ,que
2133 3380 2382 3450 pertinet,
2405 3377 2545 3448 quod
2565 3378 2808 3434 dicuntur
2829 3377 2921 3448 qui
2953 3377 3057 3433 hoc
3084 3395 3187 3432 non
3208 3388 3354 3434 recte
3380 3378 3598 3445 faciunt,

2019 3481 2222 3528 tentare
2251 3471 2549 3528 Dominum.
2575 3469 2707 3526 Nam
2740 3471 2851 3540 ipse
2889 3471 3144 3528 Dominus
3170 3485 3290 3524 cum
3332 3486 3363 3524 a
3389 3470 3603 3526 diabolo

2020 3570 2346 3626 tentaretur,
2376 3560 2736 3620 testimonium
2775 3560 2839 3616 de
2867 3560 3152 3631 Scripturis
3173 3561 3446 3627 adhibuit,
3479 3561 3602 3618 Non

2017 3655 2229 3712 tentabis
2273 3655 2547 3712 Dominum
2574 3653 2738 3710 Deum
2763 3662 2904 3708 tuum
2931 3655 2950 3726 (
2977 3653 3127 3708 Deut.
3161 3669 3236 3719 vr,
3268 3653 3366 3722 16;
3409 3654 3597 3708 Matth.

2019 3763 2094 3813 tv,
2126 3749 2202 3818 7).
2233 3745 2625 3816 Suggerebatur
2668 3743 2808 3799 enim
2859 3752 3106 3815 tanquam
3135 3742 3336 3798 homini
3367 3753 3424 3799 ut
3451 3745 3602 3815 signo

2013 3840 2198 3910 aliquo
2219 3838 2519 3908 exploraret
2541 3838 2652 3906 ipse
2671 3847 2898 3908 quantus
2921 3844 3081 3900 esset,
3103 3835 3152 3891 id
3171 3845 3272 3904 est,
3297 3852 3454 3906 quam
3469 3838 3603 3891 mul-

2024 3939 2131 3983 tum
2154 3930 2291 3999 apud
2323 3927 2482 3980 Deum
2509 3937 2724 3998 posset;
2753 3925 2894 3996 quod
2929 3925 3114 3981 vitiose
3146 3927 3236 3993 ﬁt,
3263 3942 3382 3983 cum
3411 3928 3488 3984 ﬁt.
3520 3929 3602 3982 Ab

2016 4021 2125 4076 hoc
2152 4029 2327 4075 autem
2355 4019 2673 4075 discernitur
2699 4018 2840 4089 quod
2865 4016 3082 4074 Gedeon
3122 4017 3246 4074 fecit
3274 4035 3463 4090 pugme
3500 4023 3601 4074 im-

2024 4114 2260 4168 minente
2288 4109 2526 4183 periculo
2567 4110 2589 4181 (
2612 4110 2738 4164 Jud.
2766 4126 2819 4166 vr
2841 4151 2856 4176 ,
2897 4111 2985 4182 17)
3020 4128 3034 4165 :
3065 4112 3382 4167 consultatio
3411 4114 3601 4185 quippe

2016 4204 2111 4260 illa
2137 4205 2303 4276 magis
2324 4219 2481 4276 quam
2511 4203 2727 4261 tentatio
2751 4202 2842 4258 Dei
2869 4201 2986 4260 fuit.
3013 4201 3164 4260 Unde
3189 4211 3243 4259 et
3262 4203 3440 4259 Achaz
3461 4205 3598 4275 apud

2019 4295 2212 4356 lsaiam
2241 4297 2390 4352 timet
2422 4296 2628 4366 signum
2658 4303 2872 4365 petere,
2908 4309 2975 4349 ne
2996 4295 3161 4348 Deum
3194 4303 3400 4352 tentare
3427 4296 3604 4352 videa-a

2015 4396 2141 4455 Itur,
2183 4403 2307 4445 cum
2353 4387 2453 4442 hoc
2483 4403 2605 4444 eum
2656 4387 2914 4442 Dominus
2940 4387 3226 4443 adu’toneat
3253 4403 3346 4459 per
3373 4389 3602 4461 prophe-

2015 4490 2133 4544 tam
2161 4478 2334 4550 (Isai.
2373 4493 2459 4546 vt,
2491 4479 2548 4532 ll
2581 4518 2594 4542 ,
2625 4475 2712 4550 12)
2737 4493 2754 4545 ;
2782 4477 2944 4532 credo
2965 4518 2981 4542 ,
3027 4479 3339 4534 existimans
3369 4479 3510 4550 quod
3535 4481 3601 4535 ab

2015 4573 2140 4648 ipso
2181 4569 2439 4642 propheta
2483 4569 2846 4640 exploraretur
2875 4577 3050 4624 utrum
3104 4571 3355 4640 prmeepti
3398 4584 3596 4627 memor

2005 4671 2162 4730 .esset
2180 4704 2198 4731 ,
2216 4678 2323 4734 quo
2352 4672 2558 4720 tentare
2582 4662 2748 4718 Deum
2765 4663 3136 4733 prohibentur.

2091 4754 2275 4812 LXIV.
2305 4753 2405 4830 [1b.
2427 4771 2574 4820 ων,
2599 4756 2691 4823 37,
2732 4752 2847 4828 58.]
2886 4753 3089 4810 Servus
3127 4753 3356 4811 Abrahae
3383 4769 3601 4811 narrans

2021 4861 2140 4918 quae
2170 4847 2270 4902 sibi
2299 4846 2542 4904 mandata
2581 4846 2796 4902 fuerant
2822 4861 2851 4900 a
2881 4844 3103 4906 domino
3145 4861 3272 4911 suo,
3323 4847 3455 4903 dicit
3480 4863 3599 4904 eum

2017 4937 2123 5012 sibi
2169 4938 2402 5008 dixisse,
2457 4937 2581 4994 Non
2605 4955 2771 4996 sumes
2810 4955 3021 4994 uxorem
3063 4939 3172 5009 ﬁlio
3209 4955 3316 4992 meo
3343 4956 3374 4992 a
3402 4940 3602 5010 ﬁliabus

2011 5028 2458 5096 .Cltananteorum,
2507 5030 2637 5085 inter
2660 5046 2782 5100 quos
2815 5046 2907 5101 ego
2940 5030 3111 5086 habito
3138 5031 3192 5084 in
3233 5040 3368 5086 terra
3393 5047 3600 5098 eorum;

2020 5121 2186 5188 sedit:
2212 5120 2414 5184 domum
2441 5122 2602 5192 patris
2651 5122 2747 5176 mei
2770 5122 2863 5176 ibis
2885 5162 2900 5187 ,
2950 5122 3072 5176 etin
3117 5121 3298 5177 tribum
3327 5140 3492 5178 meam
3510 5165 3526 5191 ,
3557 5131 3604 5178 et

2019 5229 2186 5280 sanies
2212 5228 2420 5268 uxorem
2455 5213 2566 5282 ﬁlio
2615 5229 2722 5267 areo
2751 5213 2868 5268 inde
2895 5229 2914 5268 .'
2939 5224 2993 5269 et
3037 5224 3224 5270 cmtera
3274 5215 3317 5269 si
3365 5217 3605 5286 legantur

2021 5305 2465 5374 quemadmodum
2508 5305 2579 5358 illi
2611 5307 2866 5362 mandata
2912 5307 3054 5371 sint,
3107 5308 3370 5361 sententia
3415 5308 3602 5363 eadem

2020 5397 2318 5464 reperitur;
2371 5397 2526 5450 verba
2571 5412 2699 5450 vero
2743 5412 2849 5451 non
2883 5398 3091 5457 omnia.
3123 5399 3201 5454 vel
3232 5399 3376 5469 ipsa,
3421 5400 3498 5452 \‘el
3533 5406 3602 5452 Ita

2020 5486 2162 5562 dicta
2190 5497 2328 5543 sunt.
2363 5487 2516 5557 Quod
2544 5487 2938 5544 admonendum
2973 5489 3146 5559 putavi
3173 5500 3388 5560 propter
3409 5487 3602 5546 stultos

2021 5589 2075 5632 et
2096 5580 2337 5640 indoctos
2356 5580 2620 5648 homines,
2639 5580 2728 5650 qui
2762 5581 3110 5650 Evangelistis
3133 5582 3253 5637 hinc
3277 5583 3600 5645 calumnian—

2019 5677 2139 5738 tur,
2167 5670 2309 5741 quod
2333 5671 2388 5726 in
2412 5671 2676 5742 aliquibus
2703 5673 2881 5728 verbis
2908 5688 3019 5728 non
3051 5673 3193 5727 omni
3222 5673 3382 5730 modo
3404 5686 3598 5732 convo-
