3902 6348
479 291 589 350 86⁸1

479 415 600 472 est,
628 403 754 477 quia
779 403 926 459 venit
965 402 1295 473 interrogem
1336 399 1619 456 Dominum
1652 411 1774 451 cum
1813 393 2073 465 gestirent

1281 281 1746 355 QUESTIONUM
1781 288 1840 339 δ.
1880 275 2243 337 AUGUSTINI
2283 281 2350 337 IN
2388 283 2944 346 HEPTATEUCBUM
3595 304 3673 366 ιω

2246 393 2454 451 LXXV.
2479 395 2577 471 [Ib.
2597 415 2738 466 xxvn,
2769 398 2845 474 1.]
2871 401 2926 457 In
2948 416 3015 459 eo
3033 403 3530 482 quodscriptumost,
3547 415 3671 476 Facta

479 499 764 571 puerperia
787 497 844 552 in
869 504 1024 551 utero
1042 496 1180 565 ejus,
1206 493 1461 564 quaeritur
1484 507 1590 562 quo
1613 490 1754 546 ierit.
1779 488 1892 545 Non
1924 486 2087 580 enim
2176 495 2247 539 est
2259 496 2425 580 autem
2437 489 2971 580 {antessuperterrarm
2986 497 3672 580 prwmquufau

479 600 635 648 erant
665 600 789 644 tunc
814 587 1087 662 prophetae
1103 629 1118 653 ,
1148 594 1241 642 aut
1267 583 1574 640 sacerdotes
1609 580 1900 639 secundum
1923 578 2070 636 ordi-
2173 585 2249 629 est
2267 577 2318 630 in
2339 587 2560 648 tempore
2571 579 2828 637 Abraham
2846 598 2867 638 :
2888 584 3012 639 abiit
3028 595 3194 642 autem
3213 586 3357 646 Isaac

477 693 604 738 nem
640 677 965 736 tabernaculi
1009 677 1092 733 vel
1133 675 1310 745 templi
1341 674 1569 730 Domini.
1597 672 1716 743 Quo
1757 685 1886 744 ergo
1922 670 2063 737 ierit,

479 772 675 828 merito
696 778 894 838 movet,
923 767 1027 824 nisi
1056 767 1192 824 forte
1213 766 1280 822 ad
1309 767 1485 822 locum
1509 765 1597 820 ubi
1627 779 1775 820 aram
1802 763 2064 820 constitu-

476 871 594 919 erat
611 861 899 917 Abraham.
924 859 1031 916 Sed
1061 859 1169 914 illic
1195 858 1462 929 quomodo
1495 871 1749 928 responsa
1774 856 2061 920 audierit‘,

481 954 701 1010 omnino
728 961 866 1009 tacet
898 951 1202 1023 Scriptura;
1232 959 1410 1006 utrum
1438 965 1534 1020 per
1556 949 1785 1019 aliquem
1811 947 2062 1004 sacerdo-

475 1053 610 1112 tem,
640 1044 782 1115 quod
811 1043 1120 1099 incredibile
1139 1047 1241 1107 est,
1271 1042 1315 1096 si
1346 1051 1477 1106 erat,
1503 1056 1609 1096 non
1631 1039 1792 1096 fuisse
1820 1039 2063 1095 nomina-

477 1147 613 1204 tum,
656 1147 710 1193 et
753 1136 953 1192 nullam
996 1135 1069 1189 ibi
1120 1135 1339 1190 omnino
1380 1134 1714 1189 sacerdotum
1764 1133 2060 1203 aliquorum

471 1227 665 1285 factam
692 1243 810 1284 esse
831 1229 1173 1283 mentionem.
1196 1229 1276 1281 An
1305 1227 1437 1280 forte
1465 1226 1536 1279 ibi
1555 1241 1676 1280 cum
1703 1225 1904 1280 orando
1925 1223 2057 1280 alle-

471 1328 688 1391 gassent
732 1319 992 1375 desideria
1035 1334 1150 1384 sua,
1199 1317 1534 1372 dormiebant
1576 1317 1626 1370 in
1668 1316 1808 1382 loco,
1857 1325 1914 1370 ut
1962 1331 2058 1385 per

468 1410 736 1466 somnium
782 1408 1162 1465 monerentur?
1199 1407 1280 1462 An
1324 1407 1495 1461 adhuc
1535 1407 1744 1461 vivebat
1779 1405 2057 1460 Melchise-

472 1497 630 1566 dech,
661 1499 816 1568 cujus
843 1506 987 1552 tanta
1025 1498 1123 1552 fuit
1147 1497 1482 1560 excellentia,
1518 1504 1633 1551 uta
1662 1497 1930 1550 nonnullis
1953 1494 2054 1550 du-

467 1589 701 1659 bitetur,
735 1600 913 1646 utrum
962 1591 1160 1655 homo,
1190 1605 1256 1644 an
1297 1590 1516 1660 angelus
1543 1589 1734 1643 fuerit?
1776 1592 1856 1643 An
1902 1599 2056 1644 erant

465 1683 625 1753 aliqui
656 1685 786 1739 tales
809 1685 966 1739 etiam
990 1682 1078 1736 illo
1100 1679 1336 1752 tempore
1366 1681 1608 1735 homines
1638 1682 1750 1744 Dei,
1783 1681 1835 1734 in
1863 1681 2053 1752 quibus

466 1782 648 1843 posset
677 1774 818 1830 Deus
864 1773 1212 1842 interrogari?
1248 1771 1511 1841 Quidquid
1555 1771 1745 1826 horum
1774 1782 1890 1837 est,
1926 1779 1979 1826 et
2007 1771 2052 1825 si

466 1865 593 1935 quid
619 1865 761 1920 aliud
796 1865 936 1935 quod
972 1879 1058 1918 me
1083 1865 1215 1919 forte
1237 1907 1249 1923 .
1284 1880 1350 1916 ne
1377 1878 1850 1918 commemorarem
1871 1905 1886 1928 ,
1917 1879 2052 1933 prae-

463 1958 706 2024 terierit,
754 1959 964 2014 mentiri
1011 1968 1190 2013 tamen
1233 1956 1504 2026 Scriptura
1547 1972 1650 2009 non
1680 1964 1892 2024 potest,
1934 1971 2051 2026 quae

465 2050 600 2104 dixit
641 2050 936 2105 Rebeccam
985 2051 1110 2104 iisse
1151 2049 1217 2102 ad
1271 2045 1701 2118 interrogandum
1745 2046 2046 2113 Dominum,

460 2141 618 2212 eique
644 2142 921 2197 Dominum
943 2141 1300 2212 respondisse.

532 2235 764 2290 LXXIII.
796 2235 894 2309 [Ib.
911 2253 1036 2300 xxv,
1057 2235 1172 2308 25.]
1201 2237 1253 2290 In
1283 2251 1347 2291 eo
1376 2235 1516 2304 quod
1549 2235 1802 2289 Dominus
1830 2250 2049 2304 respon-

461 2327 540 2382 dit
564 2327 820 2382 Rebeccae
837 2367 852 2392 ,
884 2327 1014 2382 Duae
1034 2337 1201 2398 gentes
1225 2329 1278 2381 in
1312 2335 1449 2382 utero
1475 2335 1560 2381 tuo
1579 2335 1718 2389 sunt,
1751 2336 1796 2380 et
1825 2327 1925 2380 duo
1951 2341 2044 2396 po-

458 2422 569 2491 puli
609 2421 674 2475 de
713 2428 881 2475 ventre
921 2431 1008 2475 tuo
1045 2421 1432 2490 separabantur,
1475 2428 1519 2473 et
1557 2420 1773 2489 papulas
1803 2416 2047 2488 populum

458 2511 735 2580 superabit,
763 2519 810 2564 et
837 2512 1003 2583 major
1027 2511 1204 2564 serviet
1235 2511 1438 2576 minori,
1469 2510 1725 2580 spirituali
1753 2510 2047 2581 intelligen-

457 2603 526 2656 tia
552 2604 793 2658 carnales
822 2604 874 2657 in
906 2604 1101 2673 populo
1143 2605 1236 2659 Dei
1270 2604 1634 2674 signiﬁcantur
1667 2619 1761 2672 per
1787 2604 2044 2672 majorem

454 2692 656 2759 ﬁlium,
688 2701 745 2748 et
772 2693 1073 2763 spirituales
1113 2711 1208 2764 per
1243 2695 1508 2751 minorem
1541 2714 1553 2749 :
1600 2695 1719 2764 quia
1750 2693 1892 2749 sicut
1914 2695 2046 2750 dicit

454 2784 762 2851 Apostolus,
783 2783 902 2838 Non
919 2785 1060 2854 prius
1077 2785 1212 2855 quod
1231 2786 1512 2854 spirituale,
1533 2786 1621 2840 sed
1639 2785 1774 2854 quod
1793 2785 2042 2850 animale;

457 2885 630 2945 postea
648 2917 663 2940 ,
695 2878 957 2946 spirituate
984 2877 1026 2951 (Ι
1052 2876 1169 2933 Cor.
1197 2893 1288 2944 xv,
1320 2877 1431 2949 46).
1464 2877 1614 2932 Solet
1637 2886 1694 2931 et
1716 2878 1793 2932 sic
1819 2876 2041 2946 intelligi

451 2966 557 3019 hoc
581 2967 720 3035 quod
763 2966 961 3022 dictum
1006 2975 1108 3036 est,
1149 2975 1207 3022 ut
1231 2967 1284 3022 in
1323 2968 1463 3022 Esau
1501 2969 1754 3039 ﬁguratus
1780 2969 1848 3021 sit
1873 2968 2043 3037 major

453 3058 684 3126 p0pulus
718 3060 838 3123 Dei,
865 3059 968 3116 hoc
995 3068 1077 3116 est
1116 3060 1434 3116 Israeliticus
1462 3061 1753 3115 secundum
1779 3075 1991 3116 carnem
2022 3080 2035 3115 :

453 3162 550 3216 per
576 3149 740 3203 Jacob
773 3160 950 3206 autem
995 3150 1246 3221 ﬁguratus
1275 3153 1344 3205 sit
1386 3152 1498 3220 ipse
1541 3151 1706 3206 Jacob
1745 3152 2038 3207 secundum

449 3240 778 3307 spiritualem
799 3242 1125 3310 progeniem.
1149 3240 1254 3298 Sed
1273 3243 1430 3296 etiam
1452 3241 1704 3297 historica
1717 3245 2038 3312 pr0prietate

447 3330 554 3386 hoc
581 3346 896 3400 responsum
924 3334 1191 3388 invenitur
1218 3349 1336 3388 esse
1360 3335 1714 3403 completum,
1748 3334 1836 3389 ubi
1865 3351 2034 3406 popu-

446 3422 530 3477 lus
560 3421 743 3491 Israel,
769 3423 871 3479 hoc
905 3433 988 3479 est
1014 3425 1179 3480 Jacob
1218 3427 1390 3479 minor
1417 3425 1572 3492 ﬁlius,
1604 3432 1870 3495 superavit
1910 3427 2034 3484 Idu-

445 3528 632 3578 mazos,
661 3515 761 3569 hoc
783 3528 866 3569 εει
892 3527 1103 3587 gentem
1127 3532 1285 3585 quam
1310 3518 1622 3588 propagavit
1648 3519 1809 3584 Esau,
1835 3534 2034 3590 eosque

442 3604 570 3661 fecit
599 3607 904 3661 tributarios
932 3622 1024 3675 per
1055 3607 1219 3661 David
1249 3624 1262 3660 :
1291 3607 1432 3678 quod
1458 3607 1550 3662 diu
1582 3607 1792 3664 fuerunt
1814 3649 1830 3676 ,
1866 3625 2034 3680 usque

443 3697 509 3751 ad
536 3712 712 3768 regem
744 3695 968 3771 [scilicet
993 3698 1173 3753 Joram
1195 3697 1238 3771 ⁸]
1261 3701 1360 3756 sub
1379 3716 1484 3770 quo
1505 3700 1718 3756 Idumaei
1742 3702 2035 3758 rebellave-

440 3798 586 3855 runt,
617 3797 672 3843 et
697 3789 882 3860 jugum
910 3787 1269 3845 Israelitarum
1288 3790 1506 3846 Idumaei
1530 3808 1559 3845 a
1583 3793 1790 3848 cervice
1816 3809 1911 3848 sua
1936 3793 2032 3848 de-

440 3890 756 3947 posuerunt,
787 3880 1079 3935 secundum
1109 3884 1436 3952 prophetiam
1468 3885 1632 3954 ipsius
1653 3885 1798 3942 Isaac
1815 3887 2029 3958 quando

441 3971 700 4026 minorem
733 3987 830 4040 pro
853 3973 1058 4043 majore
1084 3975 1386 4040 benedixit;
1411 3977 1512 4031 hoc
1530 3979 1672 4032 enim
1693 3979 1826 4034 dixit
1851 3979 2023 4035 eidem

439 4059 654 4130 majori,
685 4075 808 4116 cum
833 4071 886 4118 et
908 4063 1080 4134 ipsum
1108 4075 1293 4136 postea
1319 4067 1660 4125 benediceret
1681 4068 1830 4141 (Gen.
1855 4086 2022 4139 xxvn,

435 4150 551 4206 40).

504 4163 507 4192 ¹
537 4192 551 4206 .

504 4151 741 4299 LXXIV.
766 4245 866 4319 [Ib.
893 4263 1017 4316 xxv,
1045 4248 1161 4322 27.]
1189 4249 1350 4306 Iacob
1378 4261 1544 4307 autem
1584 4263 1691 4308 erat
1719 4255 1868 4310 homo
1904 4257 2028 4312 sim-

433 4338 552 4407 plex:
595 4337 826 4393 habitans
872 4340 1097 4395 domum.
1145 4342 1298 4408 Quod
1318 4358 1492 4414 graece
1529 4344 1722 4401 dicitur
1760 4354 2019 4418 ἄπλαστος,
2055 4393 2060 4397 .

431 4427 536 4481 hoc
565 4427 715 4483 latini
743 4429 1034 4500 simplicem
1068 4431 1396 4500 interpretati
1421 4443 1563 4490 sunt.
1596 4435 1818 4507 Proprie
1842 4449 2018 4495 autem

432 4525 674 4582 ἄπλαστος
696 4536 805 4575 non
822 4522 974 4578 ﬁctus
994 4540 1009 4588 ;
1032 4523 1170 4578 unde
1185 4524 1344 4595 aliqui
1371 4526 1519 4580 latini
1541 4527 1877 4599 interpretes,
1903 4532 2021 4588 sine

430 4610 578 4676 dolo,
603 4610 933 4680 interpretati
962 4623 1105 4679 sunt,
1139 4615 1398 4682 dicentes,
1428 4616 1554 4671 Erat
1576 4617 1738 4674 Jacob
1765 4623 1874 4676 sine
1899 4622 2018 4678 dolo

433 4701 666 4756 habitans
690 4703 743 4756 in
762 4703 912 4758 domo
935 4720 953 4758 :
979 4713 1036 4759 ut
1053 4720 1244 4776 magna
1268 4708 1338 4762 sit
1358 4711 1600 4778 quaestio,
1629 4713 1898 4782 quomodo
1923 4730 2018 4785 per

431 4793 612 4848 dolum
633 4796 902 4864 acceperit
921 4796 1342 4855 benedictionem
1363 4802 1453 4870 qui
1478 4811 1593 4857 erat
1607 4803 1724 4860 sine
1742 4805 1886 4862 dolo.
1912 4807 2016 4864 Sed

427 4886 494 4944 ad
525 4886 928 4958 signiﬁcandum
955 4904 1201 4960 magnum
1229 4893 1427 4964 aliquid
1454 4895 1557 4952 hoc
1581 4895 1850 4969 Scriptura
1874 4915 2013 4970 pra:-

427 4980 577 5039 misit
597 4979 636 5034 ³.
669 4980 805 5036 Hinc
843 4982 985 5037 enim
1024 4984 1254 5042 maxime
1282 4987 1522 5058 cogimur
1557 4989 1626 5046 ad
1675 4991 2013 5064 intelligenda

425 5069 520 5138 illo
565 5070 686 5127 loco
722 5073 1013 5143 spiritualia
1034 5115 1049 5140 ,
1077 5076 1199 5145 quia
1241 5077 1356 5133 sine
1391 5078 1515 5135 dolo
1553 5088 1672 5137 erat
1705 5084 1797 5153 qui
1829 5084 2012 5141 dolum

422 5161 570 5229 fecit.
607 5163 763 5221 Unde
786 5166 914 5236 quid
943 5167 1294 5235 sentiremus,
1331 5171 1384 5225 in
1420 5185 1667 5230 sermone
1693 5175 1922 5244 quodam
1943 5178 2012 5235 ad

423 5255 678 5328 populum
702 5257 884 5316 habito
909 5261 1040 5317 satis
1057 5261 1289 5318 diximus
1315 5262 1506 5332 (Serm.
1533 5265 1586 5331 .1,
1622 5283 1674 5320 ιι.
1701 5267 1914 5342 16-24).

487 5415 510 5491 ξ
522 5415 673 5491 sicin
692 5421 800 5469 Uss.
825 5417 1053 5469 Beccensi
1077 5423 1130 5470 et
1149 5415 1445 5470 Michaelino.
1470 5425 1520 5469 in
1549 5423 1760 5485 caeteris,
1783 5436 2011 5491 resporm

421 5475 615 5530 datur.

487 5539 509 5571 ⁸
529 5539 577 5588 ld
598 5539 740 5590 abest
763 5552 790 5591 α
811 5546 920 5591 Mss.

485 5599 628 5676 fam.
637 5609 729 5672 _t-:r.'
753 5611 819 5676 net
852 5611 958 5676 [ογ.
968 5637 989 5676 _,
1023 5603 1208 5676 aliquid
1238 5605 1365 5671 quod
1397 5605 1644 5676 scriptura
1679 5610 2004 5676 praemisit.

423 5663 764 5737 uitiatiqpid
792 5665 939 5737 quod_
955 5663 1200 5731 Scriptura
1233 5663 1484 5734 prmisit.
1502 5663 1691 5737 ’ωηεέ
1699 5672 1877 5730 melius

2171 681 2336 738 regem
2357 667 2744 727 Pbilistinorum
2761 674 2814 728 in
2831 672 3025 732 Geram
3036 693 3059 742 ;
3072 679 3318 748 quaeritur
3329 681 3425 738 hoc
3437 688 3614 756 quando
3623 692 3673 748 sit

2170 756 2366 813 factum
2382 778 2396 813 :
2411 771 2588 816 utrum
2616 772 2960 836 posteaquam
2977 768 3116 824 Esau
3136 771 3672 854 vendiditprimogenits

2169 867 2263 906 sua
2283 853 2403 908 cibo
2422 854 2714 921 lenticulas;
2742 868 2862 928 post
2884 859 3026 915 illam
3047 862 3242 935 quippe
3262 867 3580 926 narrationem
3599 872 3674 930 hoc

2169 945 2371 998 narrari
2400 945 2586 1017 incipit
2615 963 2628 1000 :
2656 964 2759 1016 an,
2787 959 2845 1005 ut
2873 951 2988 1007 ﬁeri
3031 955 3202 1022 solet,
3235 971 3326 1026 per
3349 961 3675 1030 recapitulatio-
3721 947 3739 959 ’

2167 1047 2287 1088 nem
2319 1046 2565 1092 narrator
2586 1038 2651 1094 ad
2678 1054 2740 1094 ea
2769 1056 3015 1098 reversus
3040 1045 3142 1109 sit,
3178 1061 3295 1102 cum
3335 1064 3605 1120 progressus
3624 1055 3675 1112 ds

2167 1121 2287 1178 ﬁliis
2312 1124 2427 1192 ejus
2463 1126 2530 1181 ad
2568 1143 2688 1183 eum
2715 1129 2887 1184 locum
2918 1135 3263 1202 pervenisset,
3288 1141 3373 1210 qui
3398 1141 3460 1197 de
3482 1143 3677 1202 lenticula

2164 1228 2610 1274 commemoratus
2631 1230 2732 1276 est.
2762 1222 2937 1278 Movet
2961 1235 3157 1292 autem,
3189 1229 3307 1296 quia
3337 1231 3440 1302 ipse
3465 1233 3676 1293 invenitur

2162 1306 2469 1398 Abimelech
2497 1352 2514 1377 ,
2559 1312 2649 1382 qui
2687 1315 2846 1369 etiam
2893 1317 3076 1372 Saram
3120 1323 3515 1392 concupiverat:
3550 1327 3678 1398 ipsius

2161 1395 2304 1450 enim
2333 1402 2724 1471 paranymphus
2751 1415 2806 1460 et
2838 1407 3083 1477 princeps
3111 1410 3310 1467 militiae
3330 1454 3346 1479 ,
3373 1415 3454 1485 qui
3477 1416 3538 1470 ibi
3561 1395 3654 1474 com

2161 1492 2441 1546 memorati
2463 1505 2605 1561 sunt,
2633 1495 2792 1550 etiam
2819 1499 2904 1552 hic
2927 1513 3422 1570 commemorantur,
3447 1516 3596 1564 utrum
3613 1511 3678 1566 vel

2159 1579 2340 1636 vivere
2392 1584 2673 1651 potuerint.
2726 1586 2948 1654 Quando
2997 1592 3139 1645 enim
3193 1592 3356 1650 factus
3403 1606 3478 1652 est
3521 1599 3680 1656 amicus

2159 1670 2406 1740 Abrahae,
2432 1676 2665 1731 nondum
2686 1686 2844 1735 natus
2861 1690 2976 1734 erat
3001 1681 3163 1751 Isaac,
3191 1685 3282 1741 sed
3297 1687 3401 1757 jam
3423 1691 3677 1758 promissis.

2160 1761 2425 1820 Ponamus
2451 1777 2572 1822 ante
2600 1783 2797 1824 annum
2841 1786 3001 1841 quam
3029 1786 3336 1832 nasceretur
3355 1780 3370 1810 ³
3400 1780 3555 1848 Isaac,
3581 1782 3681 1838 illud

2157 1851 2320 1907 fuisse
2344 1854 2540 1910 factum
2569 1876 2582 1911 :
2615 1859 2806 1916 deinde
2835 1861 2980 1917 Isaac
3009 1868 3242 1939 suscepit
3269 1869 3418 1938 Iilios,
3443 1887 3548 1927 cum
3571 1883 3683 1929 esset

2156 1959 2415 2002 annorum
2441 1952 2747 2022 sexaginta;
2789 1956 2864 2009 illi
2901 1965 3078 2014 autem
3100 1959 3323 2030 juvenes
3350 1974 3492 2018 erant
3514 1965 3683 2034 quando

2159 2039 2393 2095 vendidit
2422 2041 2558 2096 Esau
2587 2046 2933 2118 primogenita
2961 2063 3054 2105 sua
3087 2068 3099 2104 :
3129 2068 3384 2122 ponamus
3403 2056 3545 2110 etiam
3572 2057 3684 2128 ipsos

2160 2130 2299 2185 circa
2341 2134 2524 2203 viginti
2563 2151 2732 2192 annos
2774 2137 2972 2207 fuisse;
3027 2142 3161 2199 ﬁunt
3211 2147 3334 2202 anni
3380 2149 3535 2202 aetatis
3571 2149 3686 2204 Isaac

2155 2237 2323 2292 usque
2346 2225 2412 2280 ad
2439 2226 2566 2282 illud
2586 2228 2779 2285 factum
2802 2231 3028 2288 ﬁliorum
3049 2235 3187 2305 ejus,
3211 2237 3417 2294 circiter
3431 2240 3682 2310 octoginta:

2153 2313 2545 2372 adolescentem
2590 2321 2911 2390 accipiamus
2951 2324 3110 2381 fuisse
3152 2328 3474 2396 Abimelech,
3515 2329 3686 2400 quando

2150 2418 2373 2464 matrem
2405 2410 2570 2480 ipsius
2593 2415 2925 2483 concupivit,
2953 2425 3010 2472 et
3036 2418 3267 2474 Abrahae
3293 2422 3485 2476 amicus
3520 2429 3592 2476 est
3623 2419 3685 2475 Ia-

2151 2507 2299 2564 ctus;
2330 2503 2500 2570 potuit
2536 2518 2664 2574 ergo
2698 2504 2808 2574 jam
2837 2521 2960 2562 esse
2984 2510 3132 2578 quasi
3158 2513 3506 2577 centenarias,
3531 2513 3569 2567 si
3595 2519 3688 2583 post

2151 2590 2278 2646 illud
2300 2592 2495 2648 factum
2525 2594 2751 2650 ﬁliorum
2780 2613 2998 2653 suorum
3028 2601 3266 2670 perrexit
3293 2604 3344 2658 in
3371 2605 3502 2660 illam
3528 2614 3686 2658 terram

2149 2679 2304 2735 famis
2331 2684 2647 2739 necessitate
2677 2684 2838 2742 Isaac.
2886 2687 3000 2743 Non
3039 2705 3166 2761 ergo
3197 2707 3263 2748 ex
3309 2692 3407 2749 hoc
3447 2694 3571 2764 cogit
3605 2691 3688 2748 ulla

2148 2772 2458 2839 necessitas,
2490 2787 2587 2842 per
2613 2777 3100 2845 recapitulationcm
3125 2792 3315 2851 putare
3335 2792 3577 2838 narratam
3591 2796 3688 2851 pro-

2150 2860 2427 2917 fectionem
2455 2863 2602 2920 Isaac
2631 2865 2684 2920 in
2705 2865 2923 2923 Gerara.
2951 2869 3055 2925 Sed
3084 2872 3210 2941 quia
3235 2873 3308 2929 ibi
3327 2873 3562 2930 diuturno
3579 2882 3688 2928 tem-

2147 2965 2276 3020 pore
2304 2953 2464 3009 fuisse
2490 2953 2638 3010 Isaac
2663 2957 2930 3025 scribitur,
2957 2969 3012 3015 et
3036 2970 3226 3031 puteos
3247 2963 3458 3028 fodisse,
3483 2963 3606 3020 etde
3623 2963 3688 3018 his

2145 3044 2506 3112 contendisse,
2535 3053 2592 3102 et
2633 3047 2856 3103 ditatum
2898 3049 3063 3107 fuisse
3089 3055 3352 3124 pecunia;
3399 3055 3574 3110 mirum
3609 3051 3690 3107 nisi

2145 3137 2545 3206 recapitulando
2571 3138 2668 3193 ista
2695 3151 3201 3213 commemorantur,
3231 3161 3352 3217 quae
3379 3145 3493 3200 ideo
3517 3143 3690 3212 fuerant

2146 3229 2499 3295 praetermissa
2520 3270 2535 3295 ,
2565 3238 2621 3283 ut
2647 3232 2875 3301 primum
2901 3233 2967 3289 de
2992 3234 3113 3290 ﬁliis
3141 3237 3263 3307 ejus
3305 3252 3468 3310 usque
3489 3236 3550 3293 ad
3571 3235 3690 3292 illum

2142 3317 2316 3373 locum
2347 3319 2414 3375 de
2441 3321 2691 3376 lenticula
2715 3325 2950 3381 narratio
2979 3329 3306 3397 perveniret.

2213 3411 2446 3468 LXXVI.
2479 3412 2578 3486 [Ib.
2606 3431 2746 3481 xxvi,
2783 3416 2870 3484 12,
2901 3417 3013 3492 13.]
3045 3419 3168 3476 Ideo
3193 3422 3338 3494 quod
3367 3424 3602 3494 scriptum
3627 3426 3692 3477 est

2140 3501 2208 3560 de
2233 3502 2395 3569 Isaac,
2422 3501 2685 3561 Benedixit
2710 3518 2877 3563 autem
2895 3526 3008 3564 eam
3027 3509 3300 3580 Dominus,
3325 3523 3369 3588 et
3393 3515 3620 3569 exultem
3634 3517 3691 3566 at

2140 3594 2290 3648 homo
2311 3637 2324 3660 ,
2357 3605 2402 3650 et
2432 3599 2704 3666 procedens
2732 3601 2898 3670 major
2934 3601 3083 3670 ﬁebat
3102 3644 3116 3667 ,
3147 3596 3692 3677 quoadusquc‘magnttt

2139 3688 2304 3756 factus
2321 3696 2395 3740 est
2415 3687 2577 3752 valde,
2599 3689 2888 3746 secundum
2911 3701 3179 3750 terrenam
3204 3695 3503 3753 felicitatem
3522 3695 3689 3750 dictum

2136 3781 2412 3851 sequentia
2450 3782 2662 3839 docent.
2696 3784 3017 3858 Exsequitur
3054 3788 3202 3844 enim
3241 3800 3482 3846 narrator
3508 3785 3691 3844 easdem

2136 3872 2254 3942 ejus
2283 3873 2515 3939 divitias,
2541 3876 2733 3945 quibus
2752 3891 2975 3948 magnus
2999 3877 3169 3935 factus
3196 3891 3310 3946 est;
3332 3892 3386 3937 et
3408 3882 3522 3936 hinc
3544 3886 3691 3934 motus

2135 3966 2465 4033 Abimelech,
2499 3969 2672 4023 timuit
2690 3969 2836 4026 illum
2859 3970 2931 4027 ibi
2955 3986 3094 4034 esse,
3125 3988 3196 4028 ne
3223 3974 3458 4044 potentia
3480 3971 3587 4043 ejus
3608 3966 3692 4026 sibi

2133 4067 2277 4114 esset
2319 4059 2526 4114 infesta.
2568 4060 2876 4130 Quanquam
2921 4077 3051 4133 ergo
3093 4063 3296 4136 aliquid
3325 4063 3585 4135 spirituale
3611 4061 3690 4115 ista

2132 4148 2451 4218 signiﬁcent,
2478 4157 2654 4204 tamen
2676 4151 2965 4206 secundum
2988 4151 3041 4207 id
3056 4155 3204 4224 quod
3225 4155 3574 4226 contigerunt,
3591 4149 3692 4205 ideo

2131 4243 2466 4313 praemissum
2491 4251 2602 4308 est,
2635 4242 2896 4297 Benedixit
2919 4261 3032 4298 eum
3059 4243 3312 4301 Dominus
3337 4289 3352 4310 ,
3385 4255 3441 4301 ut
3466 4258 3583 4299 sana
3605 4239 3692 4296 ﬁde

2130 4332 2484 4403 intelligamus
2503 4331 2664 4386 etiam
2685 4333 2781 4386 ista
2799 4335 3110 4404 temporalia
3140 4336 3304 4402 dona,
3327 4351 3433 4394 nec
3453 4334 3563 4392 dari
3583 4345 3680 4405 pos-

2129 4442 2207 4493 se,
2240 4442 2340 4482 nec
2363 4426 2564 4496 sperari
2605 4426 2833 4495 debere,
2880 4427 3042 4482 etiam
3085 4444 3208 4484 cum
3236 4431 3308 4486 ab
3344 4427 3692 4486 inﬁrmioribus

2126 4527 2466 4589 appetuntur,
2488 4519 2590 4577 nisi
2614 4518 2684 4574 ab
2703 4534 2808 4573 uno
2834 4519 2945 4575 Deo
2974 4539 2988 4576 :
3010 4529 3068 4576 ut
3087 4523 3177 4593 qui
3202 4521 3258 4576 in
3287 4522 3519 4579 minimis
3545 4515 3691 4574 ﬁdelis

2125 4620 2242 4678 est,
2270 4611 2429 4667 etiam
2458 4611 2511 4665 in
2539 4612 2745 4682 magnis
2776 4610 2943 4668 ﬁdelis
2967 4613 3066 4680 sit;
3108 4623 3166 4670 et
3195 4615 3289 4687 qui
3322 4615 3376 4670 in
3412 4622 3688 4670 mammona

2125 4702 2308 4773 iniquo
2356 4702 2523 4760 ﬁdelis
2566 4703 2812 4758 inventus
2856 4712 2970 4769 est,
3022 4704 3181 4759 etiam
3233 4722 3421 4762 verum
3471 4703 3689 4774 accipere

2122 4805 2390 4852 mereatur
2409 4838 2423 4862 ,
2455 4797 2593 4852 sicut
2621 4797 2874 4852 Dominus
2905 4797 2954 4852 in
2985 4797 3277 4871 Evangelio
3303 4801 3532 4872 loquitur
3557 4795 3688 4869 (Litt.

2120 4905 2206 4945 xv:
2224 4932 2237 4954 ,
2268 4888 2388 4963 10).
2413 4891 2557 4946 Talia
2583 4892 2742 4946 etiam
2770 4892 2837 4947 de
2864 4893 3131 4950 Abraham
3152 4894 3296 4951 dicta
3324 4906 3475 4963 sunt,
3497 4890 3628 4967 quod
3645 4888 3690 4946 ei

2121 4997 2342 5038 munere
2369 4982 2460 5037 Dei
2500 4983 2862 5052 provenerint.
2907 4984 3059 5041 Unde
3101 5002 3207 5042 non
3257 5003 3448 5058 parum
3489 4983 3689 5042 aediﬁcat

2118 5088 2302 5130 sanam
2329 5073 2485 5130 ﬁdem
2516 5076 2600 5146 pie
2634 5076 3044 5147 intelligentibus
3073 5080 3169 5134 ista
3201 5082 3472 5146 narratio,
3502 5073 3688 5136 etiamsi

2117 5163 2185 5220 de
2231 5163 2314 5220 his
2353 5163 2513 5220 rebus
2551 5165 2833 5238 allegorica
2869 5165 3183 5240 signiﬁcatio
3227 5171 3377 5230 nulla
3408 5177 3686 5245 possetu-

2115 5258 2284 5326 sculpi
2313 5259 2355 5309 ¹.

2186 5349 2444 5405 LXXVII.
2473 5349 2570 5424 [Ib.
2599 5367 2743 5418 xxvn,
2782 5352 2896 5427 28.]
2924 5353 3043 5408 Fiat
3069 5360 3348 5413 exsecratio
3378 5359 3506 5413 inter
3535 5370 3620 5413 nos
3643 5358 3688 5410 d

2113 5444 2243 5498 inm
2266 5453 2348 5510 te;
2377 5444 2430 5499 id
2456 5453 2557 5512 est,
2581 5446 2780 5516 juratio
2801 5461 2921 5517 quae
2941 5450 3237 5506 maledictis
3257 5452 3558 5524 obstringit,
3582 5461 3686 5523 φη

2115 5538 2359 5594 accidant
2382 5539 2430 5595 ei
2456 5539 2544 5610 qui
2574 5540 2924 5611 pejeraverit:
2958 5543 3251 5602 secundum
3275 5562 3440 5620 quam
3460 5542 3685 5607 considr

2177 5677 2193 5743 ξ
2219 5677 2291 5724 sic
2306 5685 2413 5728 Mss.
2440 5684 2496 5727 At
2519 5677 2653 5743 editi,
2675 5684 2928 5743 antequam
2944 5688 3238 5736 nasceretur.

2057 5746 2065 5752 ‘
2117 5751 2140 5760 κ
2177 5741 2325 5791 'uss.
2349 5741 3036 5805 tresprobaeuoteejexctadi.
