3902 6308
47 976 68 1032 ἔ

43 1099 68 1126 ι

163 252 279 314 569

165 367 409 428 randum
445 367 531 420 est
571 356 714 434 quod
735 362 792 412 et
827 364 1016 434 servus
1040 345 1268 404 Abrahae
1314 337 1774 403 commemoravit,

167 472 413 521 narrans
437 456 518 512 eis
537 428 773 524 aquibus
795 430 1003 514 accepit
1019 453 1244 494 uxorem
1262 434 1478 490 domino
1496 445 1592 486 suo
1609 428 1775 484 Isaac.

248 545 544 610 LXXVIII.
572 543 683 619 [11).
728 553 855 596 xxvi
874 576 890 602 ,
935 532 1048 607 32.]
1075 529 1210 599 Quid
1240 535 1322 585 est
1351 524 1492 597 quod
1521 523 1778 592 scriptum

168 657 281 713 est,
314 643 463 718 quod
490 613 612 697 cum
631 633 905 692 venissent
927 626 1076 699 pueri
1106 624 1253 679 Isaac
1283 631 1336 676 et
1361 618 1640 681 dixissent,
1675 613 1781 668 Fo-

170 709 353 798 dimus
388 745 635 808 puteum,
683 737 729 784 et
769 742 872 780 non
906 719 1188 776 invenimus
1231 729 1448 787 aquam;
1496 709 1781 781 appellavit

129 833 140 843 ’
171 798 437 891 eumdem
461 835 678 899 puteum
717 818 865 874 Isaac
886 807 1287 885 juramentum?
1317 807 1398 860 An
1427 800 1671 874 quamvis
1698 798 1778 854 la-

134 901 140 914 .
904 911 914 914 “
994 907 1042 914 ’⁸
1139 905 1149 914 ⁸
1371 902 1382 914 ⁸
1502 897 1516 914 1
1557 895 1644 914 L9-
1683 893 1744 914 Δ--

172 942 330 986 ctum
377 893 482 991 sit,
519 922 573 976 in
615 917 847 986 aliquam
873 905 1314 980 signiﬁcationem
1341 902 1458 954 sine
1486 895 1651 953 dubio
1677 893 1778 948 du-

125 991 136 1038 ?
175 1020 421 1080 cendum
450 1024 536 1073 est
555 1007 919 1083 spiritualem;
951 999 1201 1073 quoniam
1233 995 1365 1050 nihil
1394 991 1556 1048 habet
1579 1002 1778 1043 conve-

115 1091 120 1095 ι
178 1117 406 1176 ηἰεηιίω
467 1105 760 1166 secundum
822 1101 1090 1160 litteram,
1135 1101 1198 1148 ut
1246 1090 1367 1145 ideo
1417 1087 1779 1157 juramentum

179 1172 542 1281 appellaverit
567 1207 785 1272 puteum
808 1234 824 1260 ,
855 1188 997 1262 quod
1027 1186 1098 1242 ibi
1129 1198 1265 1254 aqua
1296 1197 1400 1236 non
1429 1178 1500 1233 sit
1525 1172 1781 1230 inventa?

179 1269 505 1373 Qdanquam
559 1269 649 1347 alii
704 1289 1024 1354 interpretes
1074 1289 1273 1349 pueros
1315 1273 1462 1327 Isaac
1512 1269 1780 1323 inventam

178 1359 378 1465 potius.
397 1399 590 1458 aquam
620 1378 892 1435 nuntiasse
912 1373 1198 1427 dixerunt:
1227 1363 1319 1419 sed
1343 1362 1501 1418 etiam
1525 1359 1600 1412 sic
1616 1370 1783 1427 quare

174 1449 551 1557 juramenium
590 1469 913 1544 appellatum
955 1472 1074 1529 est,
1118 1459 1208 1517 ubi
1247 1455 1390 1512 nulla
1431 1453 1604 1509 fuerat
1643 1449 1783 1504 facta

172 1575 385 1650 juratio
398 1574 424 1628 ?

262 1662 511 1724 LXXIX.
535 1659 645 1733 [11).
673 1670 840 1720 xxvu,
863 1645 1036 1720 I-I7.]
1065 1644 1326 1713 Quoniam
1356 1647 1534 1693 tantus
1561 1633 1786 1704 patriar-

181 1761 293 1817 cha
315 1758 486 1821 Isaac,
509 1729 792 1818 antequam
813 1740 1092 1803 moriatur,
1115 1732 1307 1805 quaerit
1324 1746 1354 1785 a
1376 1729 1484 1782 ﬁlio
1504 1741 1601 1780 suo
1625 1738 1786 1777 vena-

181 1852 397 1907 tionem
425 1854 480 1900 et
504 1815 704 1900 escam,
731 1834 940 1906 qualem
966 1836 1128 1893 amat,
1156 1840 1250 1894 pro
1282 1835 1473 1891 magno
1499 1815 1782 1881 beneﬁcio,

181 1905 257 1999 et
279 1933 547 2012 promittit
573 1905 1024 1986 benedictionem,
1057 1916 1205 1971 nullo
1229 1911 1388 1967 modo
1419 1922 1612 1964 vacare
1640 1905 1786 1960 arbi-

183 2002 401 2092 tramur
443 2045 472 2082 a
526 2019 911 2096 signilicatione
965 2010 1276 2083 prephetica
1314 2023 1328 2059 :
1373 2002 1603 2057 maxime
1649 2013 1785 2068 quo-

184 2131 341 2184 niam
359 2090 735 2180 festinat'uxor
759 2110 876 2180 ejus
896 2115 954 2160 ut
981 2105 1122 2159 illam
1153 2097 1581 2155 benedictionem
1613 2090 1788 2144 minor

183 2179 453 2286 accipiat,
497 2221 656 2281 quem
699 2179 812 2273 ipsa
861 2196 1146 2266 diligebat,
1191 2197 1245 2245 et
1274 2197 1465 2243 caztera
1506 2185 1557 2237 in
1598 2179 1788 2236 eadem

183 2271 756 2368 narratione-multum
784 2296 1003 2349 movent
1024 2285 1092 2341 ad
1112 2283 1315 2354 majora
1343 2272 1686 2347 intelligenda
1703 2271 1789 2326 vel

186 2396 541 2474 requirenda.

271 2455 487 2550 lux.
521 2485 622 2560 [11).
651 2495 815 2543 xxvu,
847 2472 962 2546 δελ]
988 2468 1139 2540 Quod
1163 2465 1360 2520 habent
1383 2457 1531 2514 latini
1553 2455 1786 2520 codices,

187 2585 422 2658 Expavit
461 2545 629 2634 autem
673 2573 823 2628 Isaac
863 2545 1049 2639 pavore
1076 2573 1258 2629 magno
1287 2552 1434 2609 valde
1455 2593 1469 2616 ,
1500 2547 1661 2658 graeci
1691 2545 1791 2599 ha-

186 2641 329 2739 bedt
350 2719 365 2744 ,
394 2683 557 2743 ἕξιστη
589 2675 636 2723 δὲ
664 2656 810 2720 Iacuit:
836 2669 1052 2716 εχστασιν
1078 2660 1283 2722 μεγάλη-δ
1304 2651 1499 2720 σῴδρα,
1529 2641 1618 2695 ubi
1647 2645 1790 2739 tanta

189 2728 492 2830 commodo
536 2755 879 2824 intelligitur,
925 2759 984 2803 ut
1021 2742 1262 2816 quaedam
1305 2735 1499 2792 mentis
1542 2728 1792 2787 alienatio

189 2868 537 2934 sequeretur.
558 2854 676 2923 Ipsa
698 2821 839 2903 enim
868 2841 1078 2914 proprie
1098 2836 1291 2890 dicitur
1308 2828 1550 2885 ecstasis.
1582 2825 1650 2880 Et
1668 2821 1792 2893 quia

191 2915 346 3014 solet
373 2955 424 3007 in
460 2956 771 3016 magnarum
800 2950 978 2992 rerum
1002 2925 1414 2986 revelationibus
1445 2918 1580 2981 ﬁeri,
1608 2916 1661 2970 in
1694 2915 1793 2969 hac

195 3008 614 3114 intelligendum
643 3042 728 3091 est
754 3031 944 3086 factam
976 3039 1094 3080 esse
1119 3016 1446 3090 spiritualem
1469 3008 1792 3106 admonitio-

195 3154 354 3204 nem,
380 3096 440 3189 δι
460 3129 803 3187 conﬁrmaret
823 3115 1248 3176 benedictionem
1272 3121 1422 3162 suam
1446 3101 1552 3156 ﬁlio
1575 3096 1792 3163 minori,

193 3190 504 3301 cui—potius
529 3216 864 3277 irascendum
897 3210 993 3265 fuit
1017 3205 1158 3277 quod
1181 3198 1424 3257 fefellerit
1449 3203 1674 3265 patrem.
1705 3190 1797 3245 Sic

199 3334 266 3381 et
295 3293 362 3376 de
391 3317 560 3374 Adam
587 3326 709 3367 cum
741 3303 1088 3378 prophetatur
1117 3296 1219 3349 hoc
1250 3293 1643 3345 sacramentum
1681 3295 1796 3334 ma-

196 3371 406 3487 guunt,
426 3405 566 3479 quod
597 3402 726 3458 dicit
743 3371 1046 3468 —Apostolus
1072 3389 1124 3442 in
1149 3384 1363 3441 Christo
1383 3389 1435 3433 ct
1456 3379 1512 3478 in
1532 3371 1794 3433 Ecclesia,

197 3469 503 3560 :Erunt'duo
526 3498 582 3551 in
609 3506 760 3547 carne
788 3503 911 3551 una,
940 3482 1133 3537 dicitur
1160 3473 1300 3546 quod
1326 3469 1546 3527 ecstasis
1569 3477 1798 3537 praeces-

200 3597 343 3653 serit
370 3589 522 3665 (Gen.
552 3603 609 3650 Il,
642 3580 834 3646 921-24,
865 3587 910 3631 et
937 3572 1126 3644 Ephes.
1151 3584 1207 3634 v,
1239 3566 1330 3627 51,
1362 3560 1474 3628 52).

279 3699 518 3762 LXXXI.
552 3697 652 3773 [11).
683 3707 831 3749 xxvu
854 3732 869 3758 ,
898 3683 1014 3758 42.]
1054 3677 1334 3749 Quomodo
1373 3670 1683 3728 annuntiata
1712 3666 1800 3721 vel

203 3798 510 3860 renuntiata
539 3760 667 3848 sunt
685 3786 847 3842 verba
874 3783 1013 3837 Esau
1048 3776 1326 3837 Rebeccae,
1355 3767 1548 3839 quibus
1572 3760 1797 3819 commi-

204 3903 372 3953 natus
396 3898 479 3946 est
503 3883 749 3945 occidere
773 3880 989 3934 fratrem
1012 3885 1190 3935 suum,
1214 3880 1333 3922 cum
1358 3862 1631 3929 Scriptura
1660 3855 1802 3910 dicat

207 3992 320 4046 hoc
340 4000 462 4042 eum
487 3983 541 4037 iu
562 3994 656 4034 sua
678 3972 999 4045 cogitatione
1018 3964 1246 4025 dixisse;
1276 3957 1376 4014 nisi
1399 3955 1520 4026 quia
1550 3952 1674 4005 hinc
1714 3962 1803 4001 no-

207 4043 299 4137 bis
328 4079 483 4133 datur
512 4043 833 4139 intelligere,
861 4059 1002 4134 quod
1029 4054 1283 4113 divinitus
1318 4050 1396 4105 eis
1429 4043 1804 4139 revelabantur

211 4129 614 4228 omnia—iUnde
640 4129 715 4215 ad
730 4129 980 4226 maguum
1014 4145 1328 4220 mysterium
1368 4138 1629 4228 pertinet,
1661 4129 1803 4228 quod

217 4263 387 4319 ﬁlium
417 4271 572 4313 suum
600 4225 859 4308 minorem
883 4258 983 4316 pro
1010 4239 1211 4308 majore
1239 4234 1404 4288 voluit
1430 4225 1696 4285 benedici.

285 4317 547 4409 Luxu.
580 4340 803 4419 [1b.28,
830 4334 910 4408 2.]
954 4331 1106 4402 Quod
1146 4328 1343 4382 habent
1385 4321 1532 4376 latini
1567 4317 1801 4382 codices,

216 4451 368 4505 Isaac
389 4410 604 4499 dicente
629 4437 741 4492 ﬁlio
766 4446 885 4496 suo,
920 4426 1062 4482 Vade
1087 4425 1139 4477 in
1171 4416 1611 4488 Mesopotamiam,
1639 4412 1694 4466 in
1714 4410 1807 4464 do-

218 4555 360 4596 mum
391 4529 607 4590 Bathuel
630 4525 789 4598 patris
815 4520 989 4575 matris
1019 4527 1138 4581 tute,
1173 4523 1219 4568 et
1247 4526 1388 4566 sume
1413 4507 1530 4561 inde
1557 4505 1645 4559 tibi
1672 4520 1805 4558 uxo-

217 4646 359 4696 rem;
384 4624 542 4700 graeci
569 4596 784 4678 codices
811 4629 919 4670 non
947 4610 1145 4665 habent
1183 4605 1351 4667 Vade,
1390 4600 1486 4658 sed
1517 4604 1636 4672 fuge
1657 4612 1678 4651 :
1706 4596 1808 4652 hoc

221 4689 611 4789 θεῑίάζτόδραθι.
639 4709 792 4768 Unde
813 4702 1125 4773 intelligitur
1143 4698 1303 4754 etiam
1326 4695 1472 4749 Isaac
1496 4689 1810 4761 cognovisse

220 4783 366 4886 quod
409 4783 548 4865 ﬁlius
584 4804 701 4876 ejus
729 4801 868 4856 Esau
894 4797 960 4852 de
987 4794 1149 4849 fratre
1169 4804 1267 4846 suo
1293 4788 1342 4843 in
1368 4783 1686 4856 cogitatione
1715 4796 1808 4836 sua

217 4904 435 4965 dixerit.

303 5012 584 5074 LXXXIII.
616 5009 925 5085 [Ih.xxvm,
959 5002 1025 5058 I6
1044 5043 1060 5068 ,
1090 4996 1201 5070 I7.]
1225 4996 1294 5050 Et
1316 4992 1532 5085 surrexit
1559 4987 1721 5044 Jacob
1750 4988 1814 5042 de

225 5125 413 5170 somno
431 5123 541 5170 suo,
574 5084 632 5158 et
645 5101 793 5163 dixit,
827 5097 958 5162 Quia
980 5102 1055 5148 est
1086 5091 1333 5145 Dominus
1363 5087 1417 5140 in
1444 5084 1553 5139 loco
1580 5085 1696 5143 hoc,
1719 5096 1812 5151 ego

222 5211 399 5258 autent
421 5193 739 5253 nesciebam:
767 5200 815 5246 et
842 5187 1036 5249 timuit,
1081 5192 1128 5237 et
1169 5181 1324 5245 dixit,
1373 5178 1538 5244 Quam
1580 5174 1814 5230 terribilis

229 5301 375 5352 locus
405 5289 519 5346 hic!
547 5288 641 5342 hoc
670 5287 686 5318 ⁸
719 5301 818 5338 non
849 5289 920 5335 est
959 5277 1056 5332 nisi
1083 5276 1263 5329 domus
1289 5271 1423 5335 Dei;
1452 5280 1498 5324 et
1529 5269 1635 5323 hazc
1672 5275 1816 5337 porta

227 5398 308 5446 est
335 5385 465 5441 creti.
497 5383 625 5438 Haec
650 5379 807 5432 verba
836 5373 901 5428 ad
934 5368 1262 5442 prophetiam
1287 5365 1574 5435 pertinent,
1600 5361 1722 5432 quia
1744 5361 1815 5415 ibi

229 5482 473 5538 futurum
499 5479 617 5531 erat
639 5462 1062 5527 tabernaculum,
1090 5457 1231 5530 quod
1257 5453 1532 5512 constituit
1563 5451 1817 5506 Dominus

303 5617 1110 5684 'Editittlicnonestnisidomm
1130 5612 1236 5665 Dei.
1262 5619 1369 5663 Mss.
1394 5606 1819 5670 vero,hoc,quod

233 5690 736 5762 ingraeoesttauto.

1547 223 1751 280 LIBER
1788 220 2062 277 PRIMUS.

3353 212 3462 270 570

1887 335 1941 391 in
1969 334 2271 390 hominibus
2297 333 2349 389 in
2378 333 2556 403 primo
2585 330 2783 402 popqu
2817 343 2935 386 suo.
2965 329 3178 385 Portam
3218 329 3338 385 celi
3370 344 3469 383 au-

1887 435 1994 481 tem
2022 426 2098 481 sic
2126 425 2421 496 intelligere
2441 423 2718 489 debemus,
2743 429 2993 492 tanquam
3024 421 3148 476 inde
3177 420 3269 475 ﬁat
3290 419 3470 478 aditus

1885 518 2223 574 credentibus
2259 517 2325 571 ad
2356 514 2740 585 capessendum
2766 528 2986 584 regnum
3011 513 3291 568 ctelorum.

1959 608 2240 664 LXXXIV.
2274 607 2360 680 [In
2388 623 2580 673 xxvm,
2610 604 2724 678 I8.]
2747 604 2900 673 Quod
2927 606 3110 659 statuit
3137 604 3365 675 lapidem
3385 603 3475 658 Ja-

1887 701 1987 757 cob
2007 744 2020 767 ,
2051 715 2208 770 quem
2238 700 2338 755 sibi
2364 699 2430 752 ad
2460 707 2618 766 caput
2645 705 2929 767 posuerat,
2957 705 3012 750 et
3036 693 3312 749 constituit
3349 709 3473 748 eum

1888 794 2118 857 titulum,
2148 801 2202 847 et
2232 791 2462 863 perfudit
2501 790 2648 845 illum
2677 789 2829 854 oleo,
2861 804 2966 843 non
3002 787 3199 858 aliquid
3243 787 3470 842 idolola-

1890 885 2005 939 triae
2044 883 2219 938 simile
2256 882 2408 946 fecit;
2455 897 2559 936 non
2603 881 2746 935 enim
2777 880 2864 933 vel
2893 889 3018 934 tunc
3044 880 3128 933 vel
3160 886 3338 948 postea
3365 876 3473 932 fre—

1889 974 2163 1045 quentavit
2191 973 2417 1046 lapidem
2447 971 2740 1034 adorando,
2773 971 2854 1025 vel
2879 971 2927 1024 ei
2960 968 3347 1025 sacriﬁcando:
3383 965 3480 1022 sed

1890 1068 2098 1139 signum
2143 1066 2240 1122 fuit
2285 1067 2337 1121 in
2378 1064 2654 1137 prophetia
2685 1063 3084 1118 evidentissima
3109 1061 3478 1125 constitutum,

1889 1175 2009 1229 qua:
2040 1160 2271 1228 pertinet
2299 1156 2364 1212 ad
2405 1157 2748 1222 unctionem,
2796 1153 2938 1209 unde
2976 1153 3175 1209 Christi
3218 1166 3412 1208 nomen
3447 1166 3482 1207 ι

1890 1251 2177 1306 chrismate
2201 1258 2302 1305 est.

1964 1345 2228 1400 LXXXV.
2247 1343 2344 1417 [11).
2361 1359 2553 1405 xxvnt,
2578 1339 2690 1413 19.]
2713 1339 2778 1393 Et
2803 1340 2992 1393 vocavit
3011 1336 3170 1391 Jacob
3186 1353 3364 1390 nomen
3385 1335 3486 1390 loci

1889 1436 2028 1491 illius
2049 1436 2243 1490 Domus
2268 1435 2386 1502 Dei,
2409 1445 2453 1489 et
2488 1433 2783 1489 Ulamtnaus
2807 1441 2912 1484 erat
2943 1445 3120 1483 nomen
3141 1428 3326 1481 civitati
3345 1435 3482 1483 anu.

1889 1529 2045 1584 Juxta
2067 1529 2333 1583 civitatem
2360 1526 2621 1581 dormisse
2647 1526 2689 1579 si
2722 1523 3063 1592 intelligatur,
3095 1521 3236 1574 nulla
3260 1519 3485 1589 quaastio

1891 1630 2000 1687 est;
2031 1623 2075 1676 si
2101 1629 2280 1675 autem
2305 1621 2355 1673 in
2384 1620 2596 1673 civitate
2617 1660 2631 1685 ,
2663 1618 2855 1670 mirum
2881 1615 3084 1670 videtur
3102 1611 3368 1684 quomodo
3389 1627 3487 1682 po-

1893 1715 2054 1770 tuerit
2101 1715 2247 1768 illum
2297 1714 2504 1767 titulum
2549 1687 2892 1766 coristituere.
2935 1707 3085 1774 Quod
3126 1715 3302 1761 autem
3342 1704 3487 1758 vovit

1891 1815 2072 1861 votum
2097 1807 2140 1860 si
2165 1813 2570 1874 prosperaretur
2586 1801 2761 1857 eundo
2777 1808 2829 1854 et
2842 1798 3131 1860 redeundo,
3149 1796 3490 1864 decimasque

1894 1897 2137 1968 promisit
2167 1895 2348 1950 domui
2381 1895 2478 1950 Dei
2519 1895 2704 1947 futura:
2737 1893 2785 1944 in
2817 1891 2935 1944 loco
2963 1889 3073 1951 illo,
3107 1885 3382 1958 prophetia
3406 1892 3490 1939 est

1894 1991 2085 2044 domus
2122 1989 2236 2052 Dei,
2271 1988 2357 2041 ubi
2395 1994 2451 2041 et
2489 1986 2600 2055 ipse
2625 1983 2840 2039 rediens
2863 1983 2971 2036 Deo
3009 1978 3351 2040 sacriﬁcavit;
3381 1989 3487 2030 non

1894 2081 2043 2136 illum
2085 2080 2316 2149 lapidem
2351 2078 2517 2132 Deum
2548 2076 2842 2145 appellans,
2894 2072 2988 2127 sed
3031 2070 3245 2126 domum
3287 2068 3404 2136 Dei,
3433 2065 3489 2123 id

1893 2182 1995 2238 est,
2026 2173 2146 2241 quia
2172 2172 2221 2225 in
2245 2170 2336 2224 illo
2364 2170 2482 2224 loco
2515 2166 2684 2222 futura
2713 2173 2826 2220 erat
2846 2163 3034 2218 domus
3066 2161 3180 2216 Dei.

1967 2261 2255 2317 LXXXVI.
2276 2260 2536 2333 [lb.xxrx,
2556 2256 2667 2329 10.]
2680 2256 2830 2324 Quod
2855 2255 3000 2310 venit
3025 2252 3222 2306 Rachel
3236 2266 3355 2307 cum
3385 2248 3491 2305 ovi-

1894 2354 1995 2409 bus
2022 2354 2184 2423 patris
2213 2354 2314 2414 sui,
2359 2361 2414 2405 et
2455 2351 2583 2405 dicit
2623 2349 2894 2416 Scriptura
2935 2344 3074 2415 quod
3104 2358 3225 2398 cum
3263 2341 3490 2397 vidisset

1896 2447 2060 2502 Jacob
2081 2445 2277 2500 Rachel
2306 2444 2464 2497 ﬁliam
2494 2442 2672 2496 Laban
2700 2440 2874 2494 fratris
2903 2436 3090 2491 matris
3110 2451 3241 2500 suat,
3263 2432 3492 2488 accessit

1897 2548 1952 2595 et
1994 2539 2216 2594 revolvit
2264 2535 2493 2606 lapidem
2533 2535 2599 2587 ab
2637 2549 2730 2587 ore
2774 2531 2949 2600 putei;
2994 2529 3160 2597 magis
3205 2525 3492 2581 notandum

1898 2641 1998 2696 est,
2031 2628 2227 2699 aliquid
2250 2628 2576 2696 Scripturam
2605 2622 3012 2693 praetermittere
3035 2618 3174 2689 quod
3200 2617 3495 2686 intelligere

1897 2721 2174 2782 debemus,
2208 2733 2365 2789 quam
2406 2717 2509 2770 ulla
2560 2704 2782 2785 quzestio
2828 2708 3231 2766 commovenda.
3291 2707 3494 2763 Intelli-

1899 2814 2041 2884 gitur
2069 2814 2212 2867 enim
2241 2809 2382 2880 quod
2425 2808 2537 2874 illi,
2567 2823 2685 2860 cum
2735 2805 2924 2874 quibus
2973 2805 3142 2873 primo
3182 2801 3497 2870 loquebatur

1898 2908 2083 2973 Jacob,
2110 2904 2416 2974 interrogati
2443 2918 2561 2973 qua:
2581 2908 2724 2956 esset
2743 2914 2859 2968 qtae
2880 2897 3127 2951 veniebat
3142 2910 3263 2950 cum
3282 2894 3490 2957 ovibus,

1900 3000 2001 3070 ipSt
2045 2999 2297 3054 dixerunt
2333 2996 2494 3050 ﬁliam
2535 3008 2654 3047 esse
2693 2991 2892 3053 Lahan,
2922 3003 3081 3059 quam
3122 2989 3304 3056 utique
3331 2984 3497 3040 Jacob

1901 3111 2006 3150 non
2051 3101 2304 3153 noverat;
2352 3088 2450 3146 sed
2495 3088 2636 3141 illius
2680 3085 3147 3154 interrogationem
3187 3078 3495 3149 responsio-

1902 3201 2133 3256 nemque
2178 3185 2423 3248 illorum,
2470 3178 2744 3249 Scriptura
2788 3174 3232 3246 praetermittens,
3277 3167 3498 3239 intelligi

1902 3278 2089 3333 voluit.

1976 3367 2284 3425 LXXXVII.
2314 3365 2412 3438 [11).
2443 3380 2599 3429 xxrx,
2631 3363 2716 3429 II,
2751 3357 2863 3431 12.]
2901 3356 3051 3424 Quod
3090 3355 3344 3424 scriptum
3383 3359 3494 3418 est,

1907 3462 2178 3517 Osculatus
2198 3468 2269 3512 est
2289 3455 2449 3511 Jacob
2480 3452 2693 3518 Rachel,
2721 3458 2766 3505 et
2785 3450 3074 3513 exclamans
3088 3461 3204 3500 voce
3218 3461 3310 3498 sua
3326 3442 3501 3513 ﬂevit;

1905 3560 1952 3606 et
1979 3549 2220 3604 indicavit
2246 3547 2289 3600 ei
2320 3546 2439 3614 quia
2461 3546 2621 3616 frater
2639 3550 2709 3595 est
2737 3540 2866 3609 ejus,
2897 3547 2941 3590 et
2961 3536 3080 3605 quia
3105 3535 3242 3603 ﬁlius
3265 3532 3501 3586 Rebecca!

1905 3652 1994 3698 est.
2027 3637 2440 3697 Consuetudinis
2466 3633 2682 3704 quidem
2711 3631 2827 3693 fuit,
2848 3628 3081 3683 maxime
3102 3627 3152 3680 in
3181 3625 3268 3678 illa
3290 3621 3499 3692 simpli-

1905 3736 2067 3790 citate
2093 3731 2464 3800 antiquorum,
2510 3734 2566 3779 ut
2607 3721 2887 3794 propinqui
2926 3720 3249 3790 propinquas
3287 3715 3500 3770 oscula-

1905 3835 2111 3890 rentur,
2133 3830 2187 3876 et
2213 3821 2313 3874 hoc
2340 3818 2498 3872 hodie
2526 3816 2657 3870 litin
2689 3814 2867 3868 multis
2895 3811 3023 3866 locis
3047 3829 3060 3864 :
3085 3808 3176 3864 sed
3197 3807 3364 3878 quaeri
3392 3821 3492 3875 po-

1907 3929 2011 3974 test
2035 3913 2302 3986 quomodo
2336 3912 2402 3966 ab
2431 3909 2698 3980 incognito
2724 3907 2810 3961 illa
2847 3905 3084 3960 osculum
3126 3900 3412 3970 acceperit,
3441 3899 3495 3954 si

1909 4020 2091 4081 postea
2124 4005 2374 4061 indicavit
2394 4002 2558 4058 Jacob
2585 3998 3025 4070 propinquitatem
3043 4009 3213 4048 suam.
3238 3993 3378 4061 Ergo
3413 3989 3499 4045 in-

1910 4080 2250 4170 telligendum
2291 4105 2406 4160 est,
2434 4101 2525 4147 aut
2556 4092 2703 4145 illum
2735 4089 2822 4158 qui
2847 4088 2956 4158 jam
2997 4084 3241 4140 audierat
3265 4097 3384 4152 quae
3412 4080 3502 4135 illa

1912 4201 2089 4256 esset,
2127 4189 2352 4244 ﬁdenter
2381 4187 2433 4240 in
2468 4184 2584 4253 ejus
2628 4181 2868 4236 osculum
2906 4177 3157 4241 irruisse;
3188 4182 3278 4229 aut
3321 4180 3504 4242 postea

1911 4284 2237 4353 Scripturam
2266 4290 2510 4333 narrasse
2533 4289 2634 4345 per
2656 4268 3146 4339 recapitulationem
3171 4264 3308 4335 quod
3333 4263 3504 4333 primo

1913 4377 2109 4432 factum
2137 4382 2271 4434 erat,
2296 4369 2347 4423 id
2377 4377 2478 4433 est,
2510 4364 2651 4435 quod
2677 4359 2988 4417 indicaverit
3010 4357 3174 4412 Jacob
3197 4356 3316 4425 quis
3334 4361 3498 4410 esset.

1911 4466 2135 4526 Sicutde
2151 4461 2395 4534 paradiso
2408 4469 2592 4530 postea
2609 4456 2819 4519 dicitur,
2839 4450 3105 4523 quomodo
3122 4450 3262 4505 Deus
3285 4463 3407 4504 eum
3427 4448 3507 4503 in-

1914 4557 2172 4620 stituerit,
2214 4569 2334 4609 cum
2356 4552 2466 4621 jam
2496 4549 2696 4604 dictum
2729 4554 2871 4602 esset
2897 4543 3040 4614 quod
3083 4542 3337 4612 plantavit
3366 4540 3508 4595 Deus

1915 4649 2252 4723 paradisum,
2282 4653 2338 4699 et
2362 4641 2594 4712 posuerit
2620 4639 2729 4693 illic
2756 4636 3024 4692 hominem
3054 4649 3210 4703 quem
3243 4633 3506 4688 ﬁnxerat:

1916 4752 1971 4800 et
1992 4741 2153 4796 multa
2184 4737 2284 4791 alia
2316 4750 2411 4806 per
2437 4729 2926 4803 recapitulationem
2957 4726 3098 4780 dicta
3121 4723 3507 4793 intelliguntur.

1988 4825 2318 4886 LXXXVIII.
2346 4823 2446 4898 [11).
2470 4838 2632 4887 xxrx,
2671 4818 2787 4891 20.]
2815 4818 2965 4886 Quod
2996 4817 3250 4886 scriptum
3295 4822 3397 4879 est,
3445 4810 3511 4864 Et

1918 4923 2115 4978 servivit
2148 4916 2296 4973 Iacob
2326 4932 2420 4988 pro
2449 4912 2645 4968 Rachel
2666 4912 2811 4966 annis
2839 4919 3062 4979 septem,-
3085 4915 3134 4962 et
3152 4915 3291 4959 erant
3314 4906 3368 4957 in
3389 4918 3502 4955 con-

1917 5023 2093 5086 spectu
2121 5028 2230 5082 ejus
2268 5010 2402 5063 velut
2442 5007 2591 5078 pauci
2620 5005 2727 5061 dies
2748 5047 2762 5072 ,
2808 5019 2866 5058 eo
2905 5000 3041 5073 quod
3072 4998 3312 5068 diligebat
3345 4993 3509 5059 illam,

1921 5085 2271 5178 quaerendum
2299 5099 2567 5172 quomodo
2595 5097 2794 5152 dictum
2842 5095 2943 5157 sit,
2992 5106 3113 5145 cum
3156 5087 3323 5157 magis
3350 5085 3512 5140 etiam

1923 5176 2086 5254 breve
2114 5204 2326 5266 tempus
2355 5193 2568 5261 longum
2603 5202 2724 5242 esse
2751 5185 2920 5240 soleat
2958 5178 3275 5235 amantibus.
3306 5176 3512 5230 Dictum

1923 5299 2006 5346 est
2041 5301 2169 5359 ergo
2208 5292 2426 5357 propter
2454 5281 2687 5336 laborem
2716 5274 3003 5337 servitutis,
3033 5284 3190 5342 quem
3220 5267 3433 5324 facilem
3460 5275 3516 5322 et

1927 5357 2280 5438 levem—amor
2311 5372 2558 5428 faciebat.
3527 5357 3548 5398 ι

1997 5466 2287 5526 LXXXIX.
2311 5464 2409 5538 [11).
2427 5477 2582 5524 xxrx,
2602 5458 2761 5513 27—3I
2775 5454 2815 5528 .]
2832 5454 2887 5509 Si
2910 5467 3091 5525 parum
3113 5451 3418 5507 advertatur
3436 5449 3517 5504 rei

1929 5565 2084 5633 hujus
2119 5558 2350 5615 narratio
2369 5596 2384 5620 ,
2414 5551 2684 5624 potabitur
2705 5547 2847 5619 quod
2887 5554 3226 5617 posteaquam
3251 5541 3400 5597 Liam
3424 5538 3518 5597 Ja-

1929 5657 2028 5712 cob
2048 5652 2199 5709 duxit
2231 5663 2472 5715 uxorem,
2503 5642 2693 5700 deinde
2721 5640 2942 5698 servivit
2966 5637 3100 5693 alios
3123 5643 3328 5708 septem
3345 5642 3518 5690 annos
