3902 6302
585 337 694 399 δῖδ

576 456 734 516 Unus
768 471 898 529 ergo
924 465 1087 530 atque
1129 457 1269 512 idem
1298 456 1465 514 Iacob
1508 465 1563 512 et
1600 456 1821 513 claudus
1858 466 1913 513 et
1950 454 2171 513 benedi-

575 564 696 610 ctus
723 569 738 607 :
767 551 988 609 claudus
1011 553 1065 608 in
1092 552 1374 608 latitudine
1397 551 1635 619 femoris,
1663 562 1915 622 tanquam
1951 550 2004 605 in
2036 549 2173 605 mul-

579 644 805 701 titudine
830 646 1077 715 generis,
1106 642 1176 701 de
1212 643 1406 715 quibus
1445 642 1644 698 dictum
1682 652 1785 707 est,
1820 640 1887 696 Et
1909 640 2170 695 claudica-

574 745 747 791 verunt
773 752 807 789 a
832 736 1021 792 semitis
1045 735 1150 791 suis
1184 733 1357 807 (Psal.
1400 749 1537 800 xvu,
1567 732 1657 802 46)
1680 750 1700 798 ;
1732 730 2043 788 benedictus
2068 745 2167 785 au-

575 838 680 884 tem
703 828 756 883 in
784 828 863 883 eis
890 826 958 884 de
989 828 1183 899 quibus
1206 828 1406 884 dictum
1435 835 1538 890 est.
1571 825 1822 895 Reliquiw
1850 840 1939 895 per
1962 823 2169 880 electio-

572 936 686 974 nem
716 920 895 991 gratia!
911 919 1065 975 salvas
1087 924 1237 992 facta
1252 928 1369 975 sunt
1391 917 1569 992 (Rom.
1590 933 1668 983 ιι,
1696 918 1775 989 5).

648 1010 755 1067 CV.
791 1009 896 1085 [lb.
926 1028 1119 1077 xxxm,
1148 1010 1263 1085 10.]
1293 1010 1431 1080 Quid
1459 1010 1560 1065 sibi
1598 1010 1710 1065 vult
1734 1009 1875 1081 quod
1900 1009 2064 1066 Iacob
2091 1010 2168 1067 ait

570 1108 723 1161 fratri
752 1120 870 1170 suo,
906 1103 1127 1175 Propter
1165 1105 1259 1159 hoc
1299 1104 1402 1157 vidi
1426 1104 1610 1176 [aciem
1639 1111 1798 1169 tuam,
1836 1102 2165 1171 quemadmo-

570 1195 694 1251 dum
718 1214 833 1252 cum
869 1197 1003 1253 videt
1035 1196 1217 1267 aliquis
1245 1195 1429 1267 faciem
1458 1195 1595 1250 Dei?
1632 1204 1808 1251 utrum
1839 1195 2082 1264 paventis
2110 1204 2165 1251 et

573 1289 865 1359 perturbati
908 1287 1073 1343 animi
1120 1288 1281 1343 verba
1312 1302 1477 1358 usque
1522 1288 1575 1342 in
1619 1287 1757 1342 hanc
1800 1287 2161 1343 adulationem

573 1377 971 1449 proruperunt?
1005 1393 1071 1431 an
1098 1376 1390 1433 secundum
1421 1377 1651 1448 aliquem
1692 1377 2020 1433 intellectum
2045 1377 2164 1433 sine

570 1478 790 1541 peccato
832 1468 971 1524 dicta
1017 1469 1183 1538 accipi
1224 1468 1488 1539 possunt?
1537 1466 1803 1522 Fortassis
1849 1467 1994 1523 enim
2038 1468 2161 1538 quia

569 1561 695 1616 dicti
720 1569 843 1615 sunt
878 1568 933 1615 et
959 1558 1206 1615 Gentium
1255 1558 1348 1625 dii,
1392 1574 1510 1629 qua:
1550 1567 1674 1613 sunt
1719 1558 2005 1625 daemonia,
2052 1572 2161 1613 non

570 1650 944 1721 praajudicetur
970 1665 1036 1705 ex
1068 1649 1151 1704 bis
1181 1649 1360 1705 verbis
1391 1648 1593 1704 homini
1624 1649 1740 1704 Dei.
1770 1648 1887 1704 Non
1908 1650 2050 1704 enim
2080 1649 2162 1704 di-

568 1740 667 1803 xit,
697 1740 1159 1809 Quemadmodum
1194 1741 1237 1796 si
1260 1740 1498 1797 viderem
1525 1740 1715 1796 faciem
1747 1740 1860 1807 Dei,
1893 1741 2008 1805 sed,
2033 1739 2158 1794 Cum

568 1830 701 1887 videt
738 1832 956 1901 aliquis;
1000 1831 1113 1901 ipse
1161 1841 1337 1887 autem
1384 1832 1614 1902 aliquis,
1657 1848 1814 1902 quem
1863 1832 2161 1903 signiﬁcare

568 1923 759 1994 possit,
810 1922 1073 1979 incertum
1113 1932 1233 1979 est:
1276 1935 1433 1993 atque
1478 1923 1548 1978 ita
1592 1924 1818 1979 fortasse
1868 1933 2157 1994 temperata

569 2024 697 2071 sunt
716 2016 894 2078 verba,
930 2025 986 2071 ut
1008 2023 1063 2070 et
1092 2015 1204 2085 ipse
1243 2015 1382 2070 Esau
1410 2015 1508 2070 sibi
1558 2015 1791 2069 delatum
1821 2024 2023 2070 tantum
2064 2014 2161 2071 ho-

488 2176 495 2181 ,
567 2122 759 2164 norem
787 2116 938 2177 grate
966 2105 1271 2176 acciperet,
1303 2116 1357 2159 et
1382 2107 1474 2176 qui
1506 2106 1620 2160 haec
1649 2106 1809 2159 etiam
1842 2106 1995 2160 aliter
2020 2107 2036 2137 ί
2073 2107 2158 2160 in-

569 2199 808 2270 telligere
833 2206 1073 2268 possunt,
1105 2213 1227 2251 eum
1254 2213 1286 2252 a
1311 2212 1417 2267 quo
1442 2196 1583 2252 dicta
1607 2206 1730 2251 sunt
1760 2197 1907 2252 nullo
1932 2196 2159 2254 crimine

566 2290 855 2361 impietatis
895 2298 1201 2359 arguerent.
1233 2288 1385 2356 Quod
1426 2289 1527 2343 etsi
1553 2288 1784 2359 benigno
1814 2289 1993 2343 animo
2017 2289 2158 2343 dicta

567 2380 686 2437 haec
710 2380 870 2435 verba
898 2380 1132 2436 fraterna
1166 2390 1310 2446 sunt,
1339 2381 1587 2451 quoniam
1614 2387 1669 2435 et
1688 2390 1809 2450 post
1828 2380 2019 2435 bonam
2041 2394 2159 2435 sus-

567 2472 869 2543 ceptionem
936 2480 1112 2527 metus
1169 2472 1282 2542 ipse
1334 2472 1643 2537 transierat;
1693 2471 1863 2542 potuit
1907 2473 1984 2526 sic
2028 2471 2152 2537 dici,

565 2563 1015 2636 quemadmodum
1047 2572 1101 2619 et
1140 2563 1352 2634 Moyses
1381 2563 1673 2619 Pharaonis
1711 2564 1844 2619 deus
1876 2563 2050 2618 dictus
2076 2574 2159 2618 est

566 2652 763 2725 (Exod.
795 2668 890 2718 vn,
924 2652 1003 2726 I),
1040 2653 1333 2710 secundum
1369 2654 1511 2724 quod
1552 2654 1681 2709 dicit
1704 2654 2011 2722 Apostolus,
2043 2653 2159 2709 Etsi

563 2755 681 2802 sunt
706 2746 794 2818 qui
808 2746 1044 2801 dicuntur
1062 2747 1156 2811 dii,
1186 2747 1288 2801 sive
1305 2748 1357 2800 in
1379 2748 1523 2810 caelo,
1544 2748 1645 2801 sive
1664 2748 1717 2801 in
1744 2756 1896 2813 terra,
1924 2747 2159 2817 quemad-

566 2836 773 2891 modum
793 2847 910 2892 sunt
936 2837 1009 2890 dii
1039 2835 1206 2901 multi,
1250 2847 1297 2891 et
1326 2838 1519 2891 domini
1544 2836 1691 2891 multi
1718 2834 1759 2911 (Ι
1782 2835 1899 2892 Cor.
1919 2853 2030 2903 vm,
2060 2836 2115 2910 5)
2139 2855 2153 2892 :

565 2930 797 2985 maxime
827 2930 947 2998 quia
978 2929 1095 2983 sine
1124 2929 1372 2991 articulo,
1405 2930 1455 2983 in
1483 2944 1659 2999 grmco
1679 2929 1877 2983 dictum
1905 2937 2017 2992 est;
2049 2946 2157 3001 quo

569 3022 797 3076 articulo
823 3019 1222 3076 evidentissime
1251 3020 1388 3075 solet
1412 3020 1525 3075 veri
1547 3020 1642 3075 Dei
1670 3020 1823 3074 unius
1848 3019 1962 3075 ﬁeri
1987 3021 2157 3091 signi~

569 3112 768 3169 ﬁcatio.
808 3110 924 3167 Non
952 3112 1094 3167 enim
1122 3112 1255 3166 dixit
1278 3153 1292 3177 ,
1328 3123 1569 3183 πρόσωπον
1592 3112 1688 3166 ’τοῦ
1708 3119 1847 3176 eteo,
1882 3111 1976 3166 sed
2001 3112 2150 3177 dixit,

572 3213 813 3277 πρόσωπον
854 3204 955 3261 θεοῦ
986 3223 998 3259 :
1042 3206 1198 3260 facile
1224 3215 1403 3261 autem
1451 3206 1553 3261 hoc
1601 3206 1901 3273 intelligunt
1938 3222 2041 3276 qua
2070 3206 2154 3261 di-

566 3300 761 3356 stantia
788 3299 1015 3363 dicatur,
1031 3300 1119 3369 qui
1147 3298 1461 3355 Graecorum
1488 3299 1757 3370 eloquium
1778 3299 1963 3355 audire
1997 3308 2157 3371 atque

566 3390 863 3462 intelligere
888 3390 1083 3446 solent.

637 3501 770 3558 CVI.
801 3503 1121 3576 [lb.xxxlu,
1152 3501 1265 3574 14.]
1303 3504 1570 3570 Quaeritur
1609 3510 1784 3557 utrum
1829 3503 2157 3559 mendaciter

566 3598 869 3670 promiserit
891 3597 1055 3653 Iacob
1081 3597 1229 3652 fratri
1254 3612 1380 3660 suo,
1411 3595 1553 3666 quod
1582 3610 1812 3665 sequens
1842 3596 2008 3666 pedes
2024 3612 2153 3652 suo-

564 3704 685 3746 rum
709 3732 726 3757 ,
754 3690 808 3746 in
839 3688 1030 3745 itinere
1054 3696 1274 3759 propter
1308 3702 1443 3758 quos
1481 3686 1528 3741 si
1557 3688 1577 3717 ²
1607 3694 1933 3749 moraretur,
1962 3698 2154 3742 ventu-

563 3796 659 3837 rus
685 3788 831 3837 esset
852 3780 919 3835 ad
948 3795 1072 3835 eum
1102 3780 1154 3834 in
1200 3778 1318 3834 Seir
1346 3796 1359 3832 :
1388 3778 1491 3833 hoc
1522 3777 1664 3832 enim
1684 3819 1699 3842 ,
1727 3777 1865 3832 sicut
1884 3776 2155 3847 Scriptura

564 3872 759 3929 deinde
780 3882 992 3939 narrat,
1014 3888 1120 3927 non
1147 3872 1270 3928 fecit
1287 3912 1302 3936 ,
1328 3870 1425 3927 sed
1460 3886 1526 3927 eo
1548 3870 1783 3941 perrexit
1803 3872 1991 3927 itinere
2011 3872 2155 3942 quod

564 3964 829 4035 dirigebat
856 3964 920 4019 ad
945 3978 1093 4020 suos.
1125 3965 1206 4019 An
1234 3963 1370 4019 forte
1396 3964 1571 4018 veraci
1610 3963 1789 4019 animo
1816 3964 2154 4035 promiserat,

566 4056 662 4113 sed
686 4057 829 4113 aliud
858 4067 1038 4127 postea
1065 4056 1347 4129 cogitando
1370 4056 1609 4128 delegit?

642 4168 801 4226 CVII.
828 4168 927 4242 [lb.
951 4183 1153 4235 xxxiv,
1176 4168 1242 4234 2,
1266 4166 1343 4240 3.]
1391 4167 1669 4236 Quomodo
1715 4168 1987 4239 Scriptura
2027 4169 2158 4225 dicit

566 4261 710 4333 quod
740 4261 863 4316 vidit
888 4261 1094 4317 Sic/lem
1126 4261 1263 4329 ﬁlius
1294 4258 1505 4313 Emmor
1529 4258 1667 4313 Euan
1696 4259 1717 4289 ³
1742 4302 1755 4325 ,
1790 4261 2020 4330 princeps
2049 4269 2155 4314 ter-

566 4371 659 4422 rw,
684 4354 873 4410 Dinam
896 4354 1056 4421 ﬁliam
1078 4352 1260 4419 Iacob,
1289 4361 1335 4406 et
1360 4352 1552 4421 accepit
1572 4369 1703 4417 eam,
1728 4362 1775 4406 et
1793 4352 2027 4406 dormivit
2041 4368 2157 4406 cum

565 4465 648 4511 ea,
673 4455 720 4502 et
749 4445 1030 4500 humiliavit
1054 4461 1164 4499 eam
1192 4459 1211 4497 :
1237 4452 1284 4498 et
1308 4443 1521 4497 intendit
1544 4444 1715 4497 animo
1743 4442 1893 4497 Dina:
1922 4444 2044 4512 ﬁlice
2060 4441 2157 4497 Ia-

566 4539 679 4606 cob,
708 4548 758 4595 et
783 4538 1037 4593 admovit
1059 4536 1319 4609 virginem,
1348 4545 1394 4589 et
1426 4535 1621 4589 locutus
1645 4544 1717 4590 est
1742 4534 2018 4589 secundant
2036 4550 2153 4589 sen-

567 4647 680 4686 sum
704 4630 910 4699 virginis
937 4628 1039 4699 ipsi
1062 4626 1131 4680 “l
1167 4626 1447 4695 Quomodo
1468 4627 1617 4697 virgo
1636 4625 1951 4695 appellatur,
1978 4625 2025 4680 si
2044 4625 2157 4695 jam

567 4736 689 4779 cum
716 4721 805 4777 illa
833 4719 1155 4785 dormierat,
1180 4732 1405 4788 eamque
1439 4716 1857 4772 humiliaverat?
1885 4716 1995 4770 Nisi
2023 4715 2158 4773 forte

566 4812 718 4883 virgo
738 4825 933 4865 nomen
954 4809 1125 4864 anatis
1143 4816 1226 4863 est
1242 4806 1533 4864 secundum
1556 4805 1829 4861 hebraaum
1850 4805 2153 4875 eloquium:

564 4920 631 4959 an
656 4902 831 4974 potius
858 4916 951 4971 per
980 4898 1479 4969 recapitulationem
1503 4906 1685 4967 postea
1706 4905 2158 4951 commemoratur

562 4994 706 5068 quod
736 4994 907 5065 primo
942 4991 1135 5045 factum
1164 4989 1284 5043 est?
1315 4988 1469 5043 Prius
1494 4987 1637 5041 enim
1668 4987 1837 5055 potuit
1879 4984 2158 5041 intendere

563 5089 759 5142 animm
788 5084 955 5156 ipsius
982 5092 1039 5139 et
1078 5096 1260 5136 amare
1289 5080 1550 5149 virginem
1574 5120 1588 5142 ,
1616 5087 1671 5133 et
1697 5078 1838 5147 loqui
1864 5075 2156 5132 secundum

566 5194 785 5236 sensum
809 5176 1050 5248 virginis,
1076 5183 1131 5230 et
1154 5171 1348 5230 deinde
1373 5186 1494 5226 cum
1521 5170 1609 5226 illa
1638 5168 1872 5224 dormire
1894 5209 1907 5233 ,
1933 5181 2161 5239 eamque

566 5272 872 5328 humiliare.

516 5369 545 5456 ’ξ
638 5382 819 5441 CVIII.
862 5381 961 5456 [lb.
991 5395 1187 5445 χχχιιι,
1207 5378 1261 5445 5,
1285 5386 1338 5432 et
1360 5372 1677 5447 xxxtv,‘25.]
1698 5373 1830 5431 Cum
1858 5372 2014 5446 paulo
2038 5380 2161 5430 ante

535 5544 540 5553 ‘
634 5541 651 5573 ι
678 5546 779 5589 Duo
801 5543 932 5597 lss.,
955 5535 1103 5587 etiam
1125 5532 1218 5586 rite
1237 5530 1524 5599 intelligere.

632 5603 655 5634 ⁸
674 5608 725 5650 tn
749 5608 859 5650 ων.
878 5634 894 5660 ,
917 5595 1111 5662 propter
1141 5610 1258 5662 quos
1281 5595 1351 5648 sic
1372 5595 1659 5662 moraretur.
1725 5601 1780 5645 ιι.

635 5664 657 5695 ³
676 5669 785 5711 Mss.
807 5655 935 5718 octo;
957 5655 1424 5722 EnmwrfCIior-rteus
1443 5655 1666 5722 princeps
1687 5662 1850 5722 terra.

633 5724 655 5755 ι
678 5731 778 5770 Am.
803 5729 876 5771 Er.
902 5717 1083 5771 etim.
1106 5754 1122 5779 ,
1144 5718 1311 5783 ipsius.
1339 5726 1392 5768 Al.
1428 5717 1526 5769 Iiat.
1555 5717 1620 5769 et'
1642 5717 1857 5783 melioris
1878 5724 2005 5771 note
2032 5726 2160 5781 Mss...

582 5782 663 5849 psi
688 5784 871 5847 :iuxta
890 5780 1347 5845 interpretationem
1372 5787 1481 5832 Lxx
1500 5815 1515 5843 ,
1547 5780 1674 5833 mue.

1423 341 1889 411 QUESTIONUM
1925 340 1986 399 S.
2024 340 2389 399 AUGUSTINI
2432 339 2497 396 IN
2534 340 3095 404 HEPTATEUCHUI

3767 356 3856 414 578

2277 454 2501 525 loquens
2525 454 2690 512 Iacob
2712 471 2834 513 eum
2854 456 3019 516 fratre
3042 474 3142 515 suo
3162 459 3303 517 Esau
3324 461 3559 521 infantes
3582 464 3721 524 ﬁlios
3743 483 3853 527 suos

2274 562 2396 604 esse
2424 548 2705 619 signiﬁcet,
2720 552 2807 621 qui
2825 567 2996 622 graece
3015 553 3263 609 dicuntur
3280 560 3472 623 metu,
3496 560 3675 628 quaeri
3694 573 3850 631 potest

2274 640 2543 711 quomodo
2580 651 2867 711 potuerunt
2901 642 3079 700 facere
3120 654 3320 700 tantam
3349 656 3587 719 stragem
3612 650 3850 723 direptio-

2274 747 2504 804 nemque
2545 733 2805 802 civitatis,
2846 734 3140 792 interfectis
3184 738 3426 807 quamvis
3464 740 3519 795 in
3552 740 3739 798 dolore
3763 746 3851 801 cir-

2272 822 2618 878 cumcisionis
2646 825 2950 880 constitutis
2981 841 3076 896 pro
3100 841 3288 883 sorore
3315 844 3411 884 sua
3450 829 3608 886 Dina.
3656 830 3760 890 Sed
3784 836 3852 891 in~

2273 913 2614 985 telligendum
2641 925 2754 982 est,
2784 915 2876 971 diu
2913 916 3021 972 illic
3064 917 3335 975 habitasse
3371 919 3575 988 Iacob,
3606 923 3773 981 donec
3808 941 3852 983 et

2272 1003 2376 1059 ﬁlia
2404 1004 2521 1075 ejus
2547 1005 2696 1076 virgo
2723 1007 2902 1073 fieret,
2933 1017 2988 1062 et
3016 1007 3109 1063 filii
3154 1009 3397 1079 juvenes.
3438 1011 3577 1068 Nam
3627 1014 3701 1069 ita
3734 1019 3850 1071 scri-

2271 1104 2417 1165 ptum
2442 1107 2526 1154 est
2545 1116 2558 1154 :
2579 1097 2646 1153 Et
2670 1099 2801 1154 venit
2819 1097 2980 1155 Iacob
3004 1101 3057 1155 in
3074 1100 3251 1157 Solem
3270 1103 3324 1156 in
3344 1104 3601 1160 civitatem
3617 1106 3852 1163 Siciliam-

2266 1204 2401 1252 rum,
2423 1204 2538 1260 qua:
2561 1199 2634 1244 est
2663 1189 2717 1244 in
2739 1198 2874 1245 terra
2893 1188 3159 1259 Chanaan,
3180 1210 3296 1248 cum
3315 1194 3517 1249 advenit
3543 1196 3613 1253 de
3638 1197 3854 1270 Mesopo-

2268 1281 2424 1334 tamia
2450 1281 2651 1353 Syriae,
2675 1292 2722 1336 et
2767 1283 3015 1355 applicuit
3054 1286 3122 1339 ad
3163 1286 3343 1357 {aciem
3377 1289 3642 1355 civitatis;
3665 1302 3714 1346 et
3752 1296 3853 1348 emit

2268 1380 2463 1443 partem
2490 1374 2620 1445 agri,
2654 1374 2708 1428 in
2734 1391 2833 1444 quo
2862 1376 3034 1430 statuit
3060 1377 3166 1431 illic
3192 1377 3577 1435 tabernaculum
3604 1400 3778 1447 suum,
3799 1386 3850 1438 ab

2268 1464 2481 1519 Emmor
2503 1475 2649 1534 patre
2667 1466 2872 1522 Sic/tem
2898 1468 2913 1499 ί
2936 1477 3137 1523 centum
3156 1471 3302 1541 agnis
3320 1488 3339 1537 ;
3359 1480 3406 1525 et
3421 1475 3601 1527 statuit
3617 1474 3688 1528 ibi
3706 1493 3845 1541 aram,

2267 1563 2313 1609 et
2337 1555 2582 1611 invocavit
2608 1555 2774 1611 Deum
2822 1556 3006 1613 Israel.
3050 1559 3191 1614 Exiit
3214 1572 3382 1616 autem
3418 1562 3562 1617 Dina
3600 1565 3714 1635 [ilia
3739 1567 3846 1633 Lie,

2265 1646 2419 1717 quam
2438 1651 2630 1720 peperit
2650 1650 2751 1719 ipsi
2757 1648 2944 1718 Iacob,
2960 1662 3014 1705 ut
3033 1652 3341 1708 condisceret
3360 1655 3497 1724 ﬁlias
3516 1658 3738 1728 regionis
3757 1661 3847 1731 ejus

2267 1737 2419 1812 (Gen.
2436 1756 2628 1807 xxxm,
2644 1742 2817 1807 l8-20,
2838 1743 3159 1815 etxxxer),
3175 1754 3228 1799 et
3248 1754 3463 1800 caetera.
3490 1749 3729 1821 Apparet
3743 1766 3847 1823 ergo

2265 1830 2351 1886 his
2370 1833 2544 1887 verbis
2562 1848 2668 1888 non
2688 1843 3043 1901 transeunter,
3056 1836 3193 1891 sicut
3213 1837 3383 1892 viator
3401 1839 3566 1905 solet,
3589 1841 3696 1896 illic
3716 1857 3847 1897 man-

2263 1921 2400 1977 sisse
2429 1922 2594 1978 Iacob
2613 1965 2627 1989 ,
2652 1924 2746 1978 sed
2774 1940 2957 1995 agrum
2990 1926 3207 1994 emisse,
3238 1928 3643 1986 tabernaculum
3673 1934 3844 1987 consti-

2268 2012 2458 2079 tuisse,
2483 2028 2630 2068 aram
2661 2013 2996 2081 instruxisse,
3021 2031 3083 2071 ac
3103 2032 3197 2086 per
3217 2016 3319 2072 hoc
3340 2018 3545 2076 diutius
3562 2020 3843 2078 habitasse:

2264 2103 2426 2158 filiam
2442 2120 2571 2159 vero
2589 2106 2705 2175 ejus
2721 2121 2841 2162 cum
2859 2106 2923 2161 ad
2943 2122 3061 2162 eam
3080 2110 3313 2165 venisset
3335 2119 3574 2181 nitatem,
3595 2123 3652 2168 ut
3671 2116 3845 2169 amicas

2264 2193 2575 2265 haberejam
2596 2197 3109 2267 posset,condiscere
3122 2201 3350 2256 voluisse
3365 2202 3499 2257 tilias
3515 2204 3715 2259 civium
3728 2205 3843 2270 loci;

2260 2292 2425 2356 atque
2454 2286 2523 2340 ita
2556 2286 2744 2341 factam
2774 2302 2893 2343 esse
2922 2305 3018 2359 pro
3059 2289 3148 2345 illa
3190 2292 3627 2349 cruentissimam
3666 2295 3841 2351 eadem

2261 2384 2317 2431 et
2339 2375 2808 2446 deprzedationem,
2837 2395 2958 2450 quae
2974 2380 3106 2448 jam,
3130 2389 3186 2436 ut
3208 2390 3353 2451 puto,
3381 2385 3733 2453 quaestionem
3753 2400 3842 2441 non

2263 2465 2441 2522 habet.
2486 2468 2763 2524 Multitudo
2791 2472 2932 2525 enim
2957 2487 3061 2526 non
3091 2488 3249 2541 parva
3275 2482 3540 2531 eratcum
3563 2477 3746 2544 Iacob,
3767 2477 3840 2548 qui

2264 2559 2548 2628 plurimum
2574 2560 2771 2616 ditatus
2800 2561 2936 2627 fuit;
2974 2563 3069 2618 sed
3098 2563 3189 2620 ﬁlii
3214 2566 3331 2635 ejus
3362 2566 3414 2622 in
3456 2567 3565 2625 hoc
3594 2570 3728 2626 facto
3759 2586 3841 2625 ne-

2262 2650 2550 2716 minantur,
2578 2652 2702 2723 quia
2744 2651 2985 2723 ejusdem
3016 2655 3138 2710 facti
3184 2656 3454 2729 principes
3483 2669 3647 2733 atque
3674 2667 3838 2717 aucto-

2261 2758 2351 2799 res
2375 2742 2607 2799 fuerunt.

2332 2833 2466 2892 CIX.
2509 2834 2606 2909 [lb.
2629 2853 2817 2905 xxxnv,
2839 2836 2953 2911 30.]
2974 2837 3125 2906 Quod
3156 2841 3231 2897 ait
3272 2842 3467 2909 Iacob,
3498 2846 3695 2900 timens
3722 2844 3836 2900 bella

2262 2927 2609 2982 ﬁnitimorum
2640 2929 2778 2999 apud
2808 2930 3077 2986 civitatem
3108 2930 3306 2998 Salein,
3335 2951 3493 3005 quam
3527 2952 3838 3009 expugnave-

2261 3026 2388 3072 runt
2414 3019 2505 3072 ﬁlii
2533 3019 2667 3088 ejus,
2702 3018 2813 3092 Ego
2840 3031 3008 3076 autem
3034 3024 3244 3095 exiguus
3271 3042 3380 3081 sum
3407 3044 3643 3096 numero,
3670 3038 3718 3084 et
3738 3044 3836 3083 cono

2261 3107 2507 3163 venientes
2536 3126 2689 3178 super
2712 3126 2791 3164 me
2812 3112 3040 3166 occident
3061 3129 3175 3179 me;
3198 3126 3415 3188 propter
3439 3118 3581 3173 bella
3614 3119 3834 3188 plurium,

2259 3215 2380 3269 quae
2403 3215 2725 3271 consurgere
2752 3212 3032 3272 poterant,
3071 3219 3130 3261 se
3153 3204 3288 3261 dixit
3329 3224 3555 3264 numero
3586 3210 3833 3281 exiguum.

2261 3307 2368 3347 non
2394 3292 2536 3363 quod
2566 3294 2744 3349 minus
2774 3295 2971 3350 multos
3000 3295 3239 3363 haberet,
3275 3315 3431 3368 quam
3463 3312 3684 3371 possent
3708 3298 3836 3357 solli-

2399 3344 2536 3363 ,_-_
2566 3344 2740 3349 ea"---
2775 3344 2969 3350 --η-η-
3003 3344 3239 3363 --ην-ν,
3277 3344 3431 3368 .,-_...
3463 3344 3684 3371 μων...
3708 3344 3812 3357 ..ν-η

2260 3398 2385 3440 cere
2410 3386 2789 3455 expugnationi
2818 3386 2957 3442 illius
2986 3388 3233 3456 civitatis,
3257 3405 3376 3445 cum
3416 3406 3546 3449 suos
3586 3394 3640 3449 in
3678 3393 3839 3449 itinere
3881 3344 3883 3489 1

2260 3477 2315 3533 in
2348 3478 2469 3532 bina
2494 3487 2668 3534 castra
2695 3479 2954 3535 diviserit.

2331 3569 2446 3626 CX.
2476 3568 2575 3643 [lb.
2594 3587 2763 3639 xxxv,
2780 3573 2802 3626 I
2875 3572 3015 3627 Dixit
3040 3583 3205 3627 autem
3223 3574 3361 3628 Deus
3381 3574 3448 3628 ad
3466 3574 3651 3642 Iacob,
3676 3575 3836 3645 Surge.
3880 3614 3881 3621 η

2261 3672 2310 3716 et
2337 3664 2552 3717 ascende
2575 3664 2627 3718 in
2649 3662 2814 3717 locum
2833 3662 3030 3727 Bethel,
3057 3672 3101 3721 et
3124 3665 3293 3720 habita
3319 3667 3387 3720 ibi
3406 3681 3425 3732 ;
3449 3676 3495 3721 et
3516 3668 3602 3737 [ac
3625 3667 3693 3721 ibi
3719 3679 3837 3719 aram

2261 3688 2310 3716 ει
2337 3688 2552 3717 (sacenae
2575 3688 2627 3718 m
2649 3688 2814 3717 ιυσυιη
2833 3688 3030 3727 οειηει,
3057 3688 3101 3721 ει
3124 3688 3293 3720 uacua
3319 3688 3384 3720 ιω
3406 3688 3425 3732 ς
3449 3688 3495 3721 ει
3516 3688 3602 3737 ιασ
3625 3688 3692 3721 tot
3719 3688 3837 3719 aram

2261 3754 2390 3824 Deo,
2421 3757 2504 3826 qui
2535 3757 2767 3827 apparuit
2793 3758 2901 3823 tibi,
2929 3774 3045 3811 cum
3076 3761 3277 3831 fugeres
3300 3777 3331 3813 a
3360 3761 3490 3831 facie
3516 3761 3662 3817 Esau
3686 3758 3834 3833 fratris
3879 3688 3881 3803 ‘

2265 3850 2358 3903 tui.
2388 3849 2525 3916 Quid
2547 3859 2630 3905 est
2650 3849 2791 3920 quod
2818 3865 2926 3904 non
2950 3849 3105 3916 dixit,
3133 3852 3198 3905 Et
3219 3852 3299 3906 fac
3325 3852 3396 3907 ibi
3424 3868 3571 3908 aram
3598 3852 3747 3920 mihi,
3767 3854 3836 3918 Qui

2260 3942 2480 4011 apparui
2505 3942 2628 4006 tibi;
2662 3941 2759 3997 sed
2780 3942 2920 3997 Deus
2944 3940 3094 4009 dicit,
3121 3940 3228 3997 Fac
3253 3943 3326 3998 ibi
3341 3930 3483 3998 aram
3514 3945 3627 4000 Deo
3655 3944 3740 4015 qui
3763 3960 3836 4011 ap-
3877 3928 3879 3957 ¹

2262 4034 2430 4104 paruit
2451 4034 2576 4089 tibi?
2593 4044 2767 4089 utrum
2785 4032 2950 4088 Filius
2968 4033 3037 4089 ibi
3058 4036 3322 4104 apparuit,
3345 4044 3400 4091 et
3416 4037 3558 4092 Deus
3580 4039 3738 4093 Pater
3754 4037 3833 4091 hoc
3877 4032 3879 4120 Α

2264 4124 2436 4180 dicit?
2462 4140 2528 4180 an
2560 4125 2614 4180 in
2641 4126 2817 4196 aliquo
2836 4141 3032 4195 genere
3054 4126 3334 4183 locutionis
3354 4125 3833 4186 annumerandum?

2332 4214 2467 4271 CXI.
2498 4214 2596 4289 [lb.
2624 4231 2775 4270 xxxv
2797 4258 2811 4282 ,
2838 4214 2920 4288 1.]
2940 4215 3091 4282 Quod
3116 4216 3283 4272 Iacob
3301 4231 3624 4276 ascensurus
3653 4215 3829 4281 Betbel,

2261 4308 2350 4364 ubi
2375 4309 2559 4377 jussus
2586 4316 2670 4362 est
2694 4322 2840 4361 aram
2866 4308 3062 4374 facere,
3087 4308 3214 4363 dicit
3238 4307 3417 4364 domui
3455 4324 3567 4366 sua:
3594 4322 3651 4367 et
3686 4308 3831 4366 omni-

2261 4399 2361 4453 bus
2388 4400 2478 4469 qui
2506 4413 2627 4453 cum
2657 4397 2748 4452 illo
2777 4409 2951 4463 erant,
2982 4397 3165 4454 Tollite
3193 4400 3313 4454 deos
3338 4401 3552 4468 alienos,
3583 4402 3671 4474 qui
3694 4398 3829 4454 vobis-
3876 4462 3877 4481 χ

2260 4506 2377 4544 cum
2400 4500 2536 4557 sunt,
2558 4490 2621 4544 de
2642 4490 2807 4547 medio
2828 4500 3062 4558 vestrum,
3076 4500 3180 4548 etc.
3202 4508 3217 4557 ;
3239 4492 3431 4549 deinde
3450 4493 3666 4562 dicitur,
3683 4492 3747 4548 Et
3764 4490 3831 4544 de-

2260 4582 2440 4639 derunt
2462 4581 2626 4638 Iacob
2649 4582 2769 4638 deos
2790 4582 2981 4639 alienos
3000 4625 3015 4649 ,
3038 4584 3126 4654 qui
3150 4594 3291 4638 erant
3324 4585 3376 4638 in
3404 4586 3635 4640 manibus
3658 4596 3826 4643 eorum.
3862 4580 3875 4599 ³

2260 4684 2310 4732 et
2337 4675 2541 4731 inaures
2558 4689 2674 4742 quae
2692 4684 2834 4730 erant
2861 4676 2915 4729 in
2939 4675 3144 4730 auribus
3167 4692 3340 4730 eorum
3364 4679 3659 4747 :quaeritur
3689 4686 3828 4747 quare

2262 4778 2317 4826 et
2342 4768 2585 4835 inaures,
2617 4784 2737 4838 qua:
2765 4768 2812 4822 si
2852 4777 3165 4822 ornamenta
3194 4776 3379 4834 erant,
3408 4770 3475 4825 ad
3500 4766 3823 4826 idololatriam

2262 4877 2368 4918 non
2388 4861 2743 4933 pertinebant,
2776 4860 2879 4915 nisi
2905 4860 3027 4929 quia
3054 4859 3453 4931 intelligendum
3478 4870 3563 4918 est
3588 4860 3827 4933 phylacte-

2263 4956 2341 5010 ria
2367 4954 2534 5009 fuisse
2561 4954 2782 5007 deorum
2812 4952 3129 5009 alienorum.
3172 4953 3304 5009 Nam
3327 4955 3621 5010 Rebeccam
3645 4968 3676 5007 a
3694 4960 3825 5006 servo

2262 5047 2491 5102 Abrahae
2540 5046 2753 5100 inaures
2794 5046 3066 5116 accepisse
3110 5045 3383 5117 Scriptura
3429 5055 3680 5111 testatur;
3706 5034 3823 5113 quod

2265 5152 2369 5193 non
2392 5136 2574 5201 ﬁeret,
2599 5138 2646 5193 si
2674 5138 2754 5193 eis
2784 5137 2994 5194 inaures
3019 5137 3217 5194 habere
3231 5139 3531 5194 ornamenti
3560 5135 3716 5209 gratia
3735 5142 3821 5186 non
3872 5144 3873 5151 η

2267 5227 2470 5283 liceret.
2494 5227 2637 5299 Ergo
2663 5226 2765 5283 illa:
2790 5228 3004 5283 inaures
3025 5244 3143 5299 quae
3159 5243 3278 5283 cum
3298 5227 3451 5283 idolis
3471 5228 3607 5285 datae
3628 5232 3757 5285 sunt,
3779 5225 3825 5271 ιιι

2266 5320 2464 5376 dictum
2493 5329 2607 5386 est,
2635 5319 2898 5376 idolorum
2932 5320 3251 5393 phylacteria
3281 5319 3515 5378 fuerunt.

2341 5412 2501 5470 CXII.
2529 5412 2631 5488 [lb.
2654 5429 2812 5479 xxxv,
2828 5412 2906 5486 5.]
2930 5412 2995 5467 Et
3025 5417 3188 5485 factus
3208 5423 3279 5468 est
3304 5415 3454 5469 timor
3474 5413 3570 5470 Dei
3597 5414 3648 5466 in
3671 5406 3821 5463 civita-

2269 5504 2397 5559 tibus
2412 5520 2524 5575 qua:
2542 5505 2675 5558 circa
2695 5504 2809 5559 illos
2824 5512 2986 5571 erant,
3007 5512 3053 5556 et
3069 5520 3169 5559 non
3189 5514 3303 5559 sunt
3324 5504 3576 5561 consecuti
3588 5505 3691 5576 post
3705 5493 3819 5566 Ιῖίίοε

2332 5656 2349 5688 ¹
2374 5658 2591 5730 Quinque
2631 5652 2858 5730 melius,
2876 5661 3017 5730 ηριεε.
3036 5660 3181 5730 “seu

2268 5725 2458 5828 Wr
2482 5714 2665 5779 patrem
2681 5716 2880 5766 sichem.
2907 5723 2959 5767 Et
2980 5717 3049 5768 sic
3072 5714 3215 5768 latina
3245 5717 3392 5767 editio
3413 5716 3644 5768 versionis
3661 5714 3812 5774 81⁵⁸⁸³⁸
