3902 6310
686 198 738 215 ιη
764 195 807 202 μ,
829 192 873 198 -..-

46 234 146 293 577

48 346 230 405 Israel.
250 344 580 419 Incipiamus
595 340 1020 401 animadvertere
1039 342 1488 416 quemadmodum
1510 346 1653 403 Deus

44 452 305 516 operetur
336 441 392 496 in
432 439 709 495 hominum
756 438 1041 493 mentibus.
1091 438 1134 491 A
1176 451 1280 507 quo
1319 439 1460 491 enim
1493 439 1652 493 timor

47 538 131 592 Dei
162 537 345 592 factus
376 543 459 591 est
487 534 538 587 in
570 532 676 588 illis
698 530 1001 587 civitatibus
1025 572 1041 597 ,
1069 529 1171 584 nisi
1199 531 1269 586 ab
1299 530 1390 587 illo
1427 546 1518 602 qui
1556 546 1651 585 sua

42 628 313 699 promissa
347 626 404 682 in
426 623 847 695 Iacobﬁliisque
878 621 1169 678 tuebatur?

111 718 301 775 CXIII.
324 714 427 790 [11).
455 712 715 786 xxxv,.6.]
751 713 893 767 Venit
915 722 1081 767 autem
1108 710 1269 766 Iacob
1293 712 1346 766 in
1361 710 1521 779 Laza,
1540 728 1655 783 qua:

45 819 111 863 es:
137 810 192 862 in
229 818 377 863 terra
402 804 681 872 Chanaan,
707 820 820 876 quia
862 814 937 859 est
975 802 1170 857 Bethel.
1206 803 1651 859 Animadverten-

44 902 166 955 dum
188 908 277 956 est
298 900 408 954 tria
423 898 533 968 jam
549 897 764 952 nomina
780 894 938 965 hujus
953 893 1185 949 civitatis
1199 903 1648 962 commemorata;

46 992 385 1057 Ulammaus,
406 989 548 1061 quod
572 988 775 1045 dictum
796 1000 880 1043 est
910 1001 1028 1042 eam
1058 987 1204 1056 prius
1225 995 1463 1042 vocatam
1482 1029 1498 1054 ,
1526 1003 1650 1043 cum

45 1084 165 1138 illuc
210 1083 371 1153 prius
397 1095 624 1152 pergens
669 1080 722 1134 in
750 1079 1183 1149 Mesopotamiam
1212 1080 1448 1134 venisset
1483 1079 1650 1135 Iacob

47 1175 422 1248 (Gemxxvnt,
456 1173 580 1244 I9);
606 1183 662 1229 et
687 1171 902 1233 Bethel,
926 1170 1069 1241 quod
1109 1185 1301 1226 nomen
1333 1171 1448 1241 ipse
1477 1171 1646 1240 impo-

44 1270 145 1325 suit
175 1266 290 1334 (Id.
324 1284 495 1333 xxxv,
521 1264 646 1333 15),
678 1274 732 1320 et
776 1266 1157 1334 interpretatur
1196 1263 1393 1317 Domus
1425 1263 1516 1317 Dei
1544 1278 1558 1328 ;
1596 1271 1652 1317 et

44 1362 217 1425 Luza,
250 1359 403 1430 quod
430 1358 592 1413 modo
634 1364 1111 1412 commemoratum
1149 1362 1251 1408 est.
1308 1353 1416 1408 Nec
1453 1354 1648 1408 mirum

46 1450 202 1506 debet
227 1448 407 1504 videri
436 1466 449 1501 :
475 1446 656 1502 multis
684 1446 827 1501 enim
851 1444 983 1499 locis
1004 1445 1106 1499 hoc
1129 1443 1343 1508 accidit,
1366 1457 1421 1498 et
1440 1443 1493 1498 in
1514 1445 1649 1499 civi-

46 1544 261 1608 tatibus,
292 1551 351 1597 et
373 1542 427 1596 in
454 1538 787 1602 fluminibus,
808 1546 863 1592 et
884 1537 938 1591 in
965 1535 1264 1606 quibusque
1288 1545 1571 1601 terrarum,
1593 1545 1651 1591 ut

46 1653 105 1693 ex
131 1636 251 1691 aliis
279 1643 449 1705 atque
485 1632 605 1687 aliis
632 1631 807 1685 causis
850 1629 931 1683 vel
969 1627 1319 1693 adderentur,
1347 1626 1432 1681 vel
1472 1636 1648 1682 muta-

44 1737 229 1785 rentur
256 1725 546 1788 vocabula,
574 1724 709 1778 sicut
738 1721 898 1777 etiam
925 1720 1053 1788 ipsis
1094 1718 1420 1775 hominibus.

108 1801 297 1874 CXIV.
343 1814 450 1889 [11).
474 1829 647 1879 xxxv,
671 1812 704 1867 9
728 1809 879 1885 ,IO.]
918 1808 1113 1865 Iterum
1153 1809 1207 1864 in
1247 1809 1649 1881 Luzasapparuit

45 1911 178 1965 Deus
204 1908 401 1975 Iacob,
434 1914 491 1962 et
530 1905 665 1961 dixit
683 1903 733 1959 ei
759 1921 771 1957 :
797 1900 1000 1956 Nomen
1026 1911 1166 1953 tuum
1182 1901 1297 1971 jam
1321 1917 1422 1954 non
1443 1901 1645 1956 vocabi-

0 2048 1 2051 η
46 2013 123 2055 tur
138 1998 324 2064 Iacob,
345 1996 440 2052 sed
462 1995 627 2050 Israel
655 1994 749 2048 erit
770 2009 949 2047 nomen
979 2001 1140 2044 tuum.
1166 1991 1280 2046 Hoc
1299 1991 1351 2046 ei
1375 1991 1501 2046 dicit
1521 2006 1647 2047 ecce

46 2095 227 2149 iterum
261 2091 411 2145 Deus
436 2088 491 2143 in
518 2085 906 2151 benedictione,
934 2097 1055 2154 qua:
1099 2083 1342 2152 repetitio
1367 2081 1649 2137 conﬁrmat

45 2196 290 2252 magnum
321 2178 648 2249 promissum
672 2176 724 2230 in
752 2174 853 2229 hoc
884 2173 1119 2228 nomine.
1160 2171 1293 2225 Nam
1322 2172 1422 2225 hoc
1447 2174 1641 2242 mirum

47 2282 141 2338 est,
167 2271 370 2341 quibus
399 2268 561 2324 etiam
591 2266 755 2322 semel
798 2263 996 2319 dictum
1024 2271 1140 2328 est,
1167 2262 1395 2331 amplius
1420 2276 1513 2316 eos
1538 2277 1645 2316 non

47 2363 218 2417 vocari
242 2360 396 2432 quod
435 2358 788 2422 vocabantur,
824 2354 919 2410 sed
949 2352 1090 2423 quod
1120 2353 1199 2407 eis
1228 2367 1420 2406 novum
1450 2367 1647 2407 nomen

52 2455 447 2525 imponebatur,
467 2452 687 2506 omnino
706 2448 935 2518 amplius
958 2446 1153 2515 aliquid
1179 2461 1288 2500 non
1305 2454 1521 2499 vocatos
1545 2446 1647 2499 nisi

48 2546 179 2616 quod
208 2546 289 2601 eis
319 2542 633 2612 impositum
664 2541 734 2595 sit
758 2557 771 2593 :
803 2541 959 2592 istum
982 2546 1159 2592 autem
1183 2552 1278 2607 per
1300 2544 1463 2591 totam
1488 2536 1646 2590 vitain

0 2650 3 2657 ‘
51 2651 189 2692 suam
216 2645 271 2691 et
293 2634 559 2701 deinceps
580 2639 700 2701 post
723 2630 884 2684 vitam
910 2643 1059 2683 suam
1081 2629 1401 2699 appellatum
1421 2643 1539 2683 esse
1559 2628 1648 2682 Ja-

51 2727 160 2789 cob,
184 2727 271 2781 cui
301 2740 416 2779 non
444 2722 609 2778 semel
640 2722 657 2752 ¹
689 2720 829 2775 Deus
851 2718 1077 2785 dixerat,
1108 2718 1229 2771 Non
1246 2719 1360 2789 jam
1385 2718 1643 2773 vocaberis

51 2818 222 2887 Iacob,
243 2818 335 2874 sed
358 2815 530 2870 Israel
557 2814 651 2869 erit
678 2828 861 2868 nonten
888 2821 1030 2866 tuum
1060 2808 1169 2883 (Id.
1195 2826 1344 2865 xxxii
1369 2851 1384 2875 ,
1407 2810 1521 2881 28).
1548 2810 1644 2866 Ni-

52 2914 234 2968 mirum
256 2925 394 2981 ergo
411 2923 603 2965 nomen
633 2906 734 2962 hoc
758 2905 825 2960 ad
847 2905 991 2960 illam
1018 2912 1164 2959 recte
1191 2903 1502 2974 intelligitur
1522 2919 1643 2974 per-

54 3005 212 3059 tinere
234 3002 677 3074 promissionem,
700 2998 791 3054 ubi
810 2999 889 3052 sic
912 2996 1176 3051 videbitur
1201 2997 1361 3063 Deus,
1376 3001 1645 3067 quomodo

54 3111 151 3150 non
176 3105 261 3150 est
287 3102 452 3148 antea
483 3091 727 3147 Patribus
756 3089 922 3144 visus.
964 3086 1037 3142 lbi
1066 3102 1171 3141 non
1197 3086 1523 3147 erit,nomen
1551 3101 1646 3142 ve-

56 3196 149 3253 tus,
177 3187 303 3257 quia
334 3184 469 3239 nihil
500 3180 797 3238 remanebit
819 3179 903 3242 vel
929 3177 984 3233 in
1012 3179 1129 3248 ipso
1153 3192 1381 3248 corpore
1401 3187 1643 3233 vetusta-

56 3278 134 3345 tis,
158 3289 212 3332 et
242 3276 340 3332 Dei
374 3275 509 3329 visio
536 3286 803 3329 summum
833 3269 937 3325 erit
963 3268 1261 3338 pra-mium.

115 3369 272 3425 CXV.
317 3367 425 3443 [Ib.
450 3380 616 3431 xxxv,
646 3361 759 3434 IL]
799 3361 856 3416 In
894 3360 1170 3431 promissis
1216 3357 1383 3414 Iacob
1430 3356 1641 3423 dicittr,

58 3459 220 3519 Gentes
242 3470 290 3515 et
318 3456 735 3527 congregatioues
760 3452 982 3525 gentium
1007 3459 1152 3505 erunt
1179 3466 1243 3505 ea:
1267 3459 1315 3503 te
1347 3464 1365 3503 :
1388 3450 1646 3519 quaeritur

58 3560 219 3608 utrum
246 3558 447 3621 gentes
472 3545 759 3603 secundum
790 3557 1006 3599 carnem
1026 3583 1042 3609 ,
1075 3541 1513 3613 congregationes
1542 3557 1640 3595 an.

58 3648 153 3696 tem
193 3641 438 3713 gentium
466 3636 757 3694 secundum
799 3636 956 3690 Iidem
975 3673 991 3700 ,
1022 3647 1090 3686 an
1118 3639 1401 3702 utrumque
1426 3641 1643 3703 propter

61 3734 205 3790 ﬁdem
223 3736 468 3805 gentium
489 3731 688 3785 dictum
710 3735 811 3795 est,
826 3726 871 3780 si
893 3731 1077 3796 gentes
1100 3723 1352 3793 appellari
1366 3739 1496 3805 ,ηοω
1523 3738 1644 3793 pos-

60 3834 172 3878 sunt
200 3840 298 3879 una
326 3836 462 3894 gens
492 3819 653 3875 Israel
680 3815 973 3873 secundum
1001 3829 1238 3869 carnem.

121 3914 297 3971 CXVI.
328 3915 429 3989 [Ib.
450 3928 619 3979 xxxv,
638 3906 856 3981 I3-15.]
875 3906 1112 3962 Ascendit
1136 3917 1305 3961 autem
1341 3905 1476 3962 Deus
1498 3906 1561 3962 ab
1585 3923 1643 3962 eo

0 3988 6 4011 ί
60 4005 181 4072 loco,
206 4005 287 4059 ubi
311 3988 512 4060 locutus
539 4011 615 4057 est
640 4017 756 4056 cum
784 4014 842 4055 eo
864 4014 884 4063 ;
913 4010 958 4053 et
982 3997 1157 4052 statuit
1180 3994 1342 4051 Iacob
1366 3998 1569 4051 titulum
1588 3999 1642 4052 in

64 4098 161 4152 loco
187 4100 237 4152 in
279 4115 378 4169 quo
413 4098 613 4152 locutus
653 4102 724 4149 est
749 4108 863 4147 cum
897 4107 991 4158 eo,
1024 4090 1226 4144 titulum
1260 4090 1558 4161 lapideum;
1595 4099 1643 4145 et

63 4187 217 4243 libauit
244 4206 393 4261 super
422 4204 537 4244 eum
571 4186 788 4241 libamen
811 4224 828 4251 ,
851 4192 899 4237 et
918 4182 1105 4254 infudit
1128 4198 1281 4251 super
1305 4197 1418 4235 eum
1443 4181 1642 4249 oleum;

62 4291 102 4333 et
128 4283 307 4336 vocavit
332 4280 498 4336 Iacob
526 4294 705 4333 nomen
730 4275 832 4331 loci
846 4317 861 4343 ,
888 4275 943 4329 in
968 4290 1067 4347 quo
1096 4274 1294 4328 locutus
1329 4283 1402 4326 est
1440 4289 1555 4326 cum
1583 4289 1642 4328 eo

62 4372 158 4426 illic
177 4373 329 4443 Deus,
354 4372 553 4429 Belhel.
578 4370 770 4428 lterum
790 4368 988 4424 factum
1012 4376 1094 4421 est
1114 4365 1215 4422 hoc
1240 4367 1377 4432 loco,
1400 4366 1542 4437 quod
1564 4366 1640 4421 ra-

62 4474 192 4521 ctum
214 4467 413 4524 fuerat?
429 4482 500 4523 an
521 4466 714 4521 iterum
733 4467 1209 4518 commemoratum
1226 4459 1341 4514 est?
1361 4459 1464 4515 Sed
1481 4458 1644 4530 quod-

0 4584 13 4621 ι.
66 4558 183 4613 libet
201 4559 385 4616 horum
401 4562 495 4626 sit,
513 4572 675 4629 super
689 4554 916 4626 lapidem
942 4552 1125 4607 libavit
1142 4552 1329 4615 Iacob,
1350 4567 1458 4607 non
1478 4552 1640 4622 lapidi

69 4648 256 4706 libavit.
296 4652 409 4708 Non
433 4664 564 4721 ergo
588 4649 726 4704 sicut
752 4644 1045 4701 idololatra:
1065 4642 1241 4697 solent
1264 4657 1385 4697 aras
1410 4653 1536 4698 ante
1560 4643 1640 4697 la-

71 4742 205 4809 pides
228 4745 573 4805 constituere.
603 4749 657 4796 et
680 4748 930 4809 tanquam
955 4735 1059 4790 diis
1088 4734 1257 4789 libare
1284 4733 1568 4804 lapidibus.

26 4874 37 4898 ,
131 4831 321 4889 CXVII.
354 4833 453 4907 [1b.
484 4846 645 4897 xxxv,
660 4825 775 4900 26.]
799 4828 851 4881 l.
882 4824 1035 4893 Quod
1061 4823 1340 4879 duodecim
1371 4821 1464 4877 ﬁlii
1489 4837 1639 4878 com-

35 4914 299 4987 ‘putantur
333 4923 494 4980 Israel
516 4966 531 4991 ,
568 4921 659 4992 qui
696 4920 807 4975 nati
836 4926 958 4973 sunt
983 4917 1031 4972 ei
1053 4957 1069 4982 ,
1098 4925 1152 4971 et
1180 4914 1393 4983 dicitur,
1427 4913 1498 4968 Ili
1525 4923 1641 4969 sunt

0 5018 5 5028 '
79 5012 158 5066 lilii
175 5012 353 5084 Israel,
377 5016 464 5087 qui
483 5014 592 5069 nati
615 5020 730 5069 sunt
756 5012 801 5066 ei
821 5010 874 5065 in
895 5008 1283 5081 Mesopotamia,
1308 5024 1428 5063 cum
1452 5007 1641 5077 Benja-

0 5170 9 5181 ὲ
76 5105 172 5160 min
201 5106 349 5181 longe
370 5118 553 5181 postea
584 5116 741 5164 natus
765 5106 866 5173 sit,
895 5120 1019 5161 cum
1056 5105 1165 5175 jam
1204 5105 1503 5160 transiisset
1543 5105 1641 5160 Be-

2 5180 12 5189 ’
74 5195 206 5265 tbel,
235 5180 761 5273 etappropinquaret
795 5197 1109 5254 Bethlehem
1142 5215 1154 5251 :
1185 5197 1380 5252 frustra
1422 5197 1636 5266 quidam

75 5296 312 5344 conantes
336 5290 487 5347 istam
514 5292 725 5348 solvere
753 5290 1121 5361 quaestionem,
1149 5287 1399 5342 dixerunt
1424 5304 1528 5342 non
1559 5287 1639 5343 le-

76 5378 312 5446 gendum,
330 5383 429 5437 nati
446 5394 581 5450 sunt,
603 5383 741 5438 sicut
756 5381 902 5436 latini
922 5380 1161 5450 plerique
1181 5378 1394 5445 codices
1410 5378 1634 5445 habent;

81 5467 184 5533 sed,
211 5472 329 5541 facti
352 5486 464 5529 sunt
488 5492 507 5543 ;
532 5489 709 5547 graece
736 5473 876 5529 enim
905 5472 1160 5543 scriptum
1189 5479 1272 5526 est
1299 5476 1538 5537 ινινοντοε
1566 5470 1637 5525 ita

137 5558 237 5628 ἐἰς
257 5559 517 5628 habet_lir.,
537 5572 590 5618 et
617 5562 813 5627 melius,
825 5571 883 5615 ut
901 5565 1074 5627 probat
1092 5568 1355 5628 contextus
1385 5563 1564 5613 series.
1588 5568 1640 5611 tn

79 5618 433 5739 ξᾶεὲωἷῗνηεξί
474 5618 699 5693 adjuncta
741 5618 831 5677 hac
850 5618 965 5677 nota
998 5628 1049 5676 iu
1070 5627 1321 5691 margine:
1355 5630 1637 5685 «Fortasse,

285 5697 296 5713 .
321 5702 366 5734 ,ι

1466 232 1673 291 LIBER
1709 232 1979 295 PRIMUS.

1758 352 1999 411 volentes
2040 354 2259 430 intelligi
2285 359 2444 418 etiam
2475 360 2779 435 Beniamin,
2822 365 3064 438 quamvis
3091 366 3163 421 ibi
3190 376 3347 424 natus

1760 459 1865 500 non
1893 447 2074 516 fuerit,
2100 450 2172 505 ibi
2202 450 2394 507 factum
2419 462 2634 521 tamen;
2659 457 2778 527 quia
2796 457 2904 527 jam
2928 458 3099 513 fuerat
3119 458 3172 512 in
3195 454 3348 513 utero

1758 536 2079 607 seminatus,
2113 550 2169 596 ut
2217 558 2499 615 praegnans
2540 547 2662 601 inde
2705 546 2903 603 Rachel
2946 549 3140 604 exiisse
3163 548 3349 605 creda-

1758 637 1864 686 tur.
1907 631 2018 686 Iloc
2058 643 2234 689 autem
2278 638 2439 692 modo
2465 638 2706 701 etiamsi,
2742 642 2845 694 nati
2874 652 3025 711 sunt,
3058 643 3344 715 legeretur,

1756 733 1975 793 possent
1993 723 2192 792 dicere,
2205 726 2316 795 jam
2337 727 2389 782 in
2411 736 2565 785 utero
2585 740 2742 786 natus
2760 740 2903 800 erat,
2916 734 3040 805 quia
3058 746 3349 807 conceptus

1757 824 1907 881 erat;
1948 818 2085 874 sicut
2126 819 2195 876 de
2238 832 2420 877 sancta
2462 824 2625 880 Maria
2670 826 2873 883 dictum
2913 837 2995 884 es:
3030 828 3099 884 ad
3123 828 3344 902 Ioseph,

1759 906 1909 971 Quod
1925 911 2058 963 enim
2077 911 2130 965 in
2150 928 2209 966 ea
2228 924 2402 967 natum
2422 925 2513 984 est,
2538 916 2601 972 de
2622 917 2821 989 Spiritu
2840 929 3017 976 sancto
3037 930 3110 975 est
3130 921 3343 993 (Matth.

1756 1015 1808 1066 ι,
1836 1000 1958 1072 9-0).

1824 1092 1879 1147 2.
1906 1094 2011 1149 Sed
2031 1095 2173 1151 aliud
2196 1099 2435 1169 estquod
2458 1099 2679 1171 impedit
2702 1101 2838 1157 hanc
2860 1103 3181 1160 solutionem
3194 1120 3313 1175 qua:

1754 1182 1943 1237 stionis
1987 1186 2178 1255 hujus;
2226 1190 2347 1259 quia
2390 1191 2435 1245 si
2473 1190 2583 1259 jam
2632 1192 2703 1246 ibi
2747 1193 3026 1264 Benjamin
3056 1205 3346 1267 conceptus

1754 1282 1888 1341 erat,
1921 1276 2009 1345 qui
2037 1276 2127 1330 lilii
2154 1277 2318 1334 Iacob
2341 1281 2568 1350 grandes
2595 1281 2720 1337 inde
2748 1284 3033 1352 exierunt,
3057 1286 3143 1341 vix
3172 1302 3343 1341 anno-

1754 1381 1870 1421 rum
1891 1365 2168 1423 duodecim
2195 1386 2316 1425 esse
2342 1382 2645 1441 potuerunt.
2684 1374 2875 1445 Viginti
2902 1391 3132 1447 namque
3171 1392 3343 1433 annos

1755 1455 1862 1511 illic
1903 1459 2169 1529 explevit,
2198 1476 2423 1531 quorum
2471 1465 2657 1533 primis
2697 1475 2901 1535 septem
2939 1467 3055 1522 sine
3096 1469 3344 1540 conjugio

1754 1547 1872 1616 luit,
1889 1548 2063 1606 donec
2081 1551 2363 1607 serviendo
2383 1552 2435 1607 id
2460 1553 2846 1624 adipisceretur
2875 1557 2915 1610 ί.
2935 1557 3005 1614 Ut
3025 1573 3153 1628 ergo
3173 1559 3344 1629 primo

1753 1653 1916 1704 anno,
1944 1656 2050 1709 quo
2072 1640 2223 1697 duxit
2250 1658 2491 1710 uxorem,
2522 1645 2571 1699 ei
2598 1646 2736 1701 ﬁlius
2767 1657 3106 1715 nasceretur,
3138 1649 3343 1707 duode-

1752 1736 1855 1785 cim
1876 1747 2137 1788 annorum
2175 1749 2297 1791 esse
2320 1737 2492 1807 potuit
2521 1738 2820 1808 primitivus
2845 1781 2859 1804 ,
2887 1754 3009 1794 cum
3053 1741 3177 1797 inde
3220 1757 3345 1812 pro-

1754 1823 1923 1881 fectus
1949 1836 2050 1881 est.
2078 1827 2309 1884 Proinde
2335 1828 2379 1883 si
2399 1828 2506 1899 jam
2533 1840 2824 1901 conceptus
2848 1831 3022 1887 fuerat
3042 1833 3339 1904 Beniamin,

1752 1915 1887 1970 intra
1932 1916 2116 1972 decem
2170 1934 2384 1975 menses
2425 1920 2512 1975 illa
2550 1922 2724 1977 omnis
2763 1923 2849 1977 via
2898 1933 3109 1993 peracta
3147 1933 3263 1993 est,
3289 1936 3345 1981 et

1751 2007 2004 2078 quidquid
2034 2009 2086 2063 in
2127 2009 2317 2065 itinere
2359 2012 2612 2081 scriptum
2643 2021 2726 2067 est
2753 2011 2822 2068 de
2848 2013 3031 2069 Iacob.
3073 2014 3225 2071 Unde
3251 2032 3343 2072 se-

1750 2100 1930 2168 quitur
1958 2109 2015 2153 ut
2057 2100 2149 2154 ﬁlii
2186 2102 2302 2170 ejus
2347 2111 2452 2155 tam
2495 2102 2702 2172 parvuli
2732 2118 2828 2173 pro
2863 2119 3048 2160 sorore
3082 2119 3178 2160 sua
3209 2106 3340 2161 Dina

1752 2198 1949 2243 tantam
1978 2200 2208 2260 stragem
2237 2190 2494 2258 fecerint,
2525 2201 2604 2247 tot
2643 2193 2883 2249 homines
2925 2195 3339 2265 trucidaverint,

1752 2280 1821 2334 ita
1853 2285 2272 2352 expugnaverint
2294 2284 2562 2339 civitatem
2590 2304 2602 2339 :
2635 2286 2686 2339 in
2712 2287 2904 2357 quibus
2923 2287 3139 2343 Simeon
3162 2297 3216 2343 et
3234 2287 3340 2344 Le-

1751 2374 1824 2440 vi,
1848 2375 1935 2443 qni
1961 2376 2119 2444 primi
2147 2376 2337 2446 gladiis
2364 2377 2586 2432 accincti
2617 2378 2948 2434 intraverunt
2976 2380 3043 2435 ad
3081 2380 3202 2437 illos
3244 2379 3343 2436 ho-

1753 2465 1924 2520 mines
1949 2480 2147 2536 eosque
2173 2470 2792 2537 peremerunt,undecim
2821 2487 2979 2537 unus,
3007 2474 3143 2528 alter
3161 2483 3342 2529 autem

1751 2555 1936 2610 decem
1962 2572 2222 2612 annorum
2247 2557 2409 2615 fuisse
2432 2561 2731 2631 reperiatur
2753 2561 2962 2616 etiamsi
2984 2578 3081 2632 per
3102 2562 3341 2634 singulos

1751 2663 1921 2702 annos
1958 2649 2073 2702 sine
2100 2649 2495 2706 intermissione
2522 2651 2607 2705 illa
2633 2661 2915 2723 pepererat
2942 2672 2954 2707 :
2987 2654 3131 2724 quod
3162 2656 3342 2726 utique

1752 2740 2060 2795 incredibile
2087 2750 2189 2807 est,
2217 2741 2286 2796 ab
2310 2741 2451 2797 illius
2474 2743 2646 2797 aetatis
2675 2744 2850 2812 pueris
2885 2744 2973 2799 illa
3003 2744 3181 2800 omnia
3222 2746 3341 2801 ﬁeri

1750 2833 2025 2901 potuisse;
2052 2832 2264 2903 quando
2283 2842 2339 2889 et
2360 2835 2473 2904 ipsa
2496 2835 2624 2889 Dina
2652 2836 2740 2889 vix
2762 2835 2937 2891 adhuc
2955 2850 3050 2892 sex
3074 2852 3339 2893 annorum

1750 2922 1866 2977 fuit.

1820 3014 1873 3068 5.
1899 3014 2129 3070 Proinde
2156 3016 2311 3071 aliter
2332 3016 2583 3072 solvenda
2609 3019 2833 3089 quaestio
2861 3027 2942 3076 est
2960 3062 2976 3087 ,
3010 3030 3069 3076 ut
3095 3019 3215 3079 ideo
3246 3023 3335 3078 in-

1751 3106 2017 3177 telligatur
2044 3107 2244 3163 dictum
2267 3149 2281 3171 ,
2314 3112 2743 3166 commemoratis
2771 3112 3051 3168 duodecim
3079 3113 3229 3181 ﬁliis,
3258 3114 3334 3170 [Ii

1747 3210 1864 3253 sunt
1892 3201 1987 3268 lilii
2009 3198 2171 3254 Iacob
2188 3241 2204 3267 ,
2232 3202 2319 3272 qui
2336 3202 2461 3271 facti
2482 3214 2597 3257 sunt
2619 3204 2663 3258 ei
2682 3204 2736 3257 in
2757 3201 3127 3275 Mesopotamia
3145 3206 3335 3278 Syria,

1747 3291 1869 3360 quia
1915 3290 2053 3345 inter
2084 3306 2272 3346 omnes
2309 3293 2399 3362 qui
2430 3300 2537 3347 tam
2568 3293 2719 3348 multi
2748 3304 2929 3362 erant,
2962 3311 3100 3352 unus
3131 3306 3337 3354 tantum

1748 3389 1864 3435 erat
1906 3396 2011 3436 non
2057 3382 2126 3437 ibi
2170 3392 2358 3448 natus,
2403 3384 2493 3453 qui
2520 3394 2697 3440 tamen
2723 3385 2847 3440 inde
2872 3385 3053 3442 habuit
3081 3391 3337 3446 nascendi

1749 3487 1983 3539 causam,
2004 3472 2146 3542 quod
2168 3472 2237 3527 ibi
2266 3481 2438 3528 mater
2455 3473 2570 3543 ejus
2592 3474 2726 3544 patri
2748 3475 2992 3545 copulata
3008 3487 3110 3531 est.
3125 3477 3231 3533 Sed
3247 3494 3340 3534 so-

1749 3564 1878 3619 lutio
1906 3565 2005 3619 ista
2036 3565 2348 3633 quaestionis
2372 3565 2550 3636 aliquo
2570 3566 2818 3637 exemplo
2844 3567 3035 3624 similis
3055 3568 3339 3627 locutionis

1750 3658 2005 3713 ﬁrmanda
2034 3667 2117 3714 est
2145 3661 2185 3712 ³.

1819 3751 1873 3804 4.
1898 3749 2049 3805 Nulla
2076 3760 2249 3804 tamen
2273 3757 2357 3805 est
2386 3748 2591 3805 facilior
2614 3749 2808 3805 solutio
2827 3751 3135 3822 quaestionis
3154 3753 3331 3825 hujus,

1746 3856 1902 3912 quam
1934 3850 1989 3895 ut
2012 3856 2107 3911 per
2127 3840 2496 3911 synecdochen
2518 3841 2715 3897 dictum
2738 3843 3046 3913 accipiatur.
3075 3844 3172 3901 Ubi
3191 3847 3335 3903 enim

1748 3945 1871 4001 pars
1907 3931 2078 4001 major
2112 3940 2222 3998 est,
2263 3941 2355 3987 aut
2393 3932 2599 4002 potior,
2637 3932 2772 3988 solet
2796 3934 2912 4003 ejus
2934 3934 3149 3991 nomine
3172 3937 3334 3993 etiam

1750 4023 1880 4078 illud
1924 4024 2306 4095 comprehendi
2344 4024 2483 4095 quod
2512 4024 2580 4080 ad
2606 4025 2777 4095 ipsum
2808 4041 3005 4082 nomen
3034 4043 3141 4084 non
3164 4032 3333 4100 perti-

1749 4129 1860 4174 net.
1886 4117 2036 4173 Sicut
2061 4120 2127 4174 ad
2158 4120 2439 4176 duodecim
2471 4121 2754 4191 Apostolos
2776 4122 2885 4192 jam
2908 4138 3013 4179 non
3034 4126 3337 4195 pertinebat

1746 4211 1941 4279 Iudas,
1988 4213 2077 4283 qui
2120 4214 2278 4267 etiam
2318 4221 2557 4268 mortuus
2594 4214 2836 4269 fnitcum
2866 4217 3121 4272 Dominus
3148 4233 3334 4273 resur-

1747 4306 1885 4361 rexit
1926 4319 1957 4359 a
2000 4304 2251 4370 mortuis,
2292 4313 2348 4358 et
2386 4312 2562 4359 tamen
2588 4304 2754 4373 ipsius
2783 4305 3095 4361 duodenarii
3120 4310 3332 4364 numeri

1747 4412 1941 4453 nomen
1970 4396 2253 4466 Apostolus
2279 4396 2333 4449 in
2354 4394 2590 4464 Epistola
2619 4410 2713 4450 sua
2739 4397 2940 4464 tenuit,
2964 4398 3052 4453 ubi
3078 4398 3179 4465 ait,
3208 4415 3331 4456 eum

1746 4491 2056 4561 apparuisse
2074 4489 2179 4544 illis
2204 4486 2485 4542 duodecim
2508 4486 2680 4557 (lCor.
2713 4502 2811 4555 xv,
2843 4488 2923 4559 ὅ).
2952 4489 3087 4545 Cum
3106 4492 3334 4548 articulo

1746 4582 1888 4639 enim
1921 4581 2023 4635 hoc
2049 4580 2208 4650 graeci
2221 4579 2434 4634 codices
2451 4578 2647 4633 habent
2672 4576 2772 4651 (a),
2804 4587 2992 4634 utnon
3016 4583 3219 4651 possint
3246 4584 3331 4639 in-

1748 4674 1911 4745 telligi
1935 4672 2253 4744 quicumque
2271 4670 2587 4737 duodecim;
2611 4671 2705 4727 sed
2724 4670 2801 4725 illi
2831 4670 2883 4726 in
2908 4686 2975 4727 co
3003 4687 3227 4729 numero
3252 4676 3334 4730 iu-

1746 4767 1942 4837 signes.
1968 4766 2045 4820 Eo
2072 4764 2231 4819 modo
2250 4764 2531 4819 locutionis
2557 4772 2686 4834 puto
2709 4772 2764 4819 et
2786 4763 2915 4819 illud
2938 4778 2969 4819 a
3000 4765 3226 4822 Domino
3251 4770 3334 4822 di-

1745 4868 1887 4913 ctum
1908 4900 1922 4923 ,
1964 4856 2151 4912 Nonne
2173 4872 2264 4927 ego
2286 4871 2371 4911 vos
2400 4855 2666 4910 duodecim
2691 4857 2851 4928 elegi,
2881 4866 2927 4911 et
2951 4873 3084 4913 unus
3105 4874 3171 4915 ea:
3194 4862 3334 4916 vobis

1810 5040 1827 5071 ί
1854 5042 2055 5109 λιιι-,ετ-
2081 5042 2134 5109 et
2163 5040 2294 5109 15W.»
2318 5031 2844 5109 (lacessendam
2872 5031 2920 5109 εἰ
2940 5032 3329 5109 Wst"?-

1744 5107 1802 5150 Αι
1825 5108 1928 5150 Mss.
1955 5100 2149 5148 favente
2180 5093 2284 5147 ttat.
2318 5094 2583 5157 seruiendo,
2606 5094 2660 5145 id
2695 5093 3044 5160 adipisceretur
3072 5108 3091 5147 :
3126 5093 3329 5160 scilicet,

1742 5174 2288 5291 ωψἨῗήνηιρηάα
2321 5225 2426 5291 seu.
2461 5218 2611 5291 haec;
2646 5219 3004 5291 νεωερῑεείηειυε
3023 5217 3181 5291 cede:
3215 5224 3329 5291 αξτ-

1742 5286 1961 5337 beiensis
1984 5279 2215 5333 in'medio
2224 5289 2475 5340 contextu,
2495 5280 2563 5330 Αὸ
2580 5280 2689 5330 hinc
2711 5279 3031 5342 scribendum.
3050 5285 3237 5342 Exque
3258 5280 3332 5342 in:

1745 5349 1975 5412 telligere
2015 5353 2097 5412 est
2134 5347 2277 5412 istum
2316 5345 2532 5393 codicem
2576 5342 2700 5412 forte
2736 5340 3221 5412 descriptum‘fuis‘se
3266 5340 3326 5389 ad

1746 5402 2023 5475 exemplar_
2051 5406 2168 5457 illud
2187 5440 2201 5465 ,
2241 5408 2294 5456 in
2328 5419 2426 5469 quo
2463 5403 2716 5475 Eugypitts,
2740 5403 2824 5475 qui
2869 5402 3000 5475 hunc
3043 5402 3202 5453 locum
3238 5415 3330 5475 exs

1743 5470 2026 5540 cerp_sit,_id
2055 5483 2144 5520 sua
2174 5481 2319 5540 manu
2340 5472 2697 5540 annotaverat:
2727 5470 3151 5540 et
3179 5473 3333 5540 auget

1742 5523 1869 5599 quo'd
1895 5523 2024 5599 solet
2044 5544 2154 5583 cum
2175 5530 2371 5593 Eugypii
2394 5526 2643 5589 excerptis
2663 5527 2711 5575 in
2734 5523 3028 5577 variantibus
3041 5523 3334 5581 lectionibus

1742 5610 1861 5648 οοιιν
1867 5609 2024 5646 curre.

1810 5679 1883 5747 (a)
1904 5686 2074 5741 Graec,
2094 5674 2186 5729 tals
2205 5672 2407 5727 deduc.
2429 5680 2488 5726 AI.
2504 5669 2723 5735 Vulgata,
2743 5670 2985 5727 undecim.
