3902 6340
114 310 199 371 δε,
1461 300 1669 359 LIBER
1712 298 1986 361 PRIMUS.

112 438 288 499 septem
333 423 451 478 anni
500 422 753 477 ubertatis
796 430 849 477 et
891 419 995 475 duo
1035 418 1220 485 famis,
1251 418 1423 473 donec
1448 419 1512 472 ad
1543 422 1664 473 eum

110 531 238 591 pater
274 531 390 571 cum
437 512 686 569 fratribus
731 514 914 578 venit;
946 513 1157 583 triginta
1188 528 1375 567 novem
1427 511 1666 582 profecto

108 622 253 665 annos
274 606 458 677 agebat
480 602 681 674 Ioseph
704 604 916 674 quando
943 603 1108 660 Iacob
1150 604 1365 659 intravit
1403 604 1455 658 in
1495 601 1662 676 )Egy-

108 710 254 769 ptum.
276 696 422 751 Tunc
440 703 617 749 autem
639 694 777 749 idem
797 693 979 759 Iacob,
1006 693 1147 766 quod
1166 700 1260 750 Ore
1280 700 1378 749 suo
1397 690 1661 749 Pharaoni

102 794 238 855 dicit,
275 789 617 845 centesimum
652 797 707 845 et
735 787 1059 859 trigesimum
1092 796 1285 843 annum
1315 786 1504 856 agebat
1533 796 1662 843 rcta-

104 887 160 941 tis
196 882 336 954 (Gen.
361 896 534 946 XLVII,
558 878 653 949 9);
699 888 909 935 centum
957 888 1134 935 autem
1177 888 1230 935 et
1260 882 1440 952 viginti
1464 876 1660 951 Iacob,

103 976 292 1047 quando
332 982 445 1030 erat
484 973 671 1030 decem
716 982 771 1028 et
814 984 1014 1046 septem
1039 973 1278 1043 Ioseph:
1308 972 1451 1046 quod
1481 980 1665 1049 verum

103 1083 203 1123 esse
228 1067 370 1122 nullo
388 1065 552 1121 modo
580 1073 773 1135 potest.
799 1064 854 1120 Si
878 1065 1018 1120 enim
1042 1065 1268 1136 septimo
1293 1066 1499 1122 decimo
1523 1064 1663 1121 anno

101 1160 207 1212 vitae
230 1157 419 1227 Ioseph
442 1200 455 1223 ,
488 1156 651 1212 Iacob
674 1166 887 1212 centum
914 1156 1095 1227 viginti
1116 1165 1328 1227 ageret,
1350 1156 1532 1227 procul
1560 1156 1663 1213 du-

100 1253 177 1307 bio
216 1252 481 1322 trigesimo
520 1260 574 1307 et
602 1267 744 1307 nono
768 1266 909 1306 anno
933 1250 1128 1324 Ioseph
1151 1296 1163 1317 ,
1197 1269 1301 1309 non
1327 1264 1541 1310 centum
1567 1254 1661 1310 tri-

99 1346 256 1413 ginta,
303 1342 393 1398 sed
438 1353 649 1399 centum
694 1342 1041 1415 quadraginta
1070 1350 1123 1399 et
1147 1344 1281 1399 duos
1309 1359 1477 1400 annos
1506 1360 1663 1416 agere

100 1433 403 1487 inveniretur
426 1432 612 1488 Iacob.
636 1432 692 1489 Si
717 1442 890 1487 autem
913 1432 1000 1489 die
1024 1435 1213 1489 mortis
1239 1434 1402 1504 lsaac,
1427 1436 1662 1491 nOndum

98 1534 197 1579 erat
225 1541 480 1580 annorum
512 1525 695 1581 decem
726 1534 780 1580 et
806 1534 1007 1596 septem
1033 1525 1228 1597 Ioseph
1252 1571 1266 1595 ,
1298 1529 1393 1583 sed
1419 1529 1661 1602 aliquan-

98 1612 190 1666 tulo
216 1620 450 1682 tempore
482 1623 602 1682 post
633 1622 859 1666 mortem
891 1613 973 1666 avi
1004 1614 1085 1667 sui
1116 1613 1179 1668 ad
1211 1615 1490 1683 septimum
1520 1616 1663 1670 deci-

94 1714 220 1756 mum
249 1702 485 1772 pervenit
507 1716 705 1756 annum
728 1744 742 1767 ,
776 1717 880 1772 quo
897 1716 1038 1757 anno
1061 1703 1334 1774 Scriptura
1359 1713 1587 1761 testante
1606 1706 1661 1762 in

92 1790 350 1863 Egyptum
401 1800 485 1848 est
528 1808 559 1848 a
609 1791 860 1850 fratribus
904 1794 1187 1862 venditus,
1236 1797 1461 1865 plurium
1502 1796 1662 1883 etiam

91 1898 231 1953 quam
252 1893 464 1939 centum
485 1883 833 1955 quadraginta
856 1886 1017 1939 duum
1048 1902 1308 1941 annorum
1336 1903 1455 1944 esse
1482 1886 1664 1951 debuit

93 1982 224 2043 pater
250 1977 380 2044 ejus,
402 1977 615 2047 quando
644 1985 723 2031 est
751 1975 915 2030 ﬁlium
941 1978 991 2031 in
1013 1975 1303 2049 Egyptum
1325 1980 1659 2037 consecutus.

91 2065 338 2137 Scriptura
386 2067 586 2140 quippe
637 2074 981 2139 pesteaquam
1029 2072 1262 2124 narravit
1304 2090 1499 2127 annum
1544 2076 1663 2130 vita:

90 2158 306 2215 ιιΙιίιηυηι
355 2162 502 2216 lsaac
546 2163 899 2217 centesimum
939 2170 994 2218 et
1022 2165 1437 2234 octogesimum,
1471 2174 1523 2219 et
1548 2166 1664 2237 ejus

88 2260 291 2305 mortem
338 2266 402 2307 ac
447 2251 779 2322 sepulturam
824 2250 931 2325 (Id.
981 2269 1117 2307 xxxv
1138 2295 1153 2319 ,
1180 2252 1252 2309 28
1274 2296 1286 2319 ,
1315 2256 1405 2327 29)
1427 2297 1442 2323 ,
1471 2255 1664 2313 deinde

87 2346 503 2400 commemoravit
523 2345 971 2416 quemadmodum
999 2345 1268 2416 digressus
1298 2355 1443 2403 esset
1470 2348 1609 2408 Esau
1632 2365 1663 2409 a

91 2434 235 2490 fratre
254 2451 349 2491 suo
373 2435 444 2491 de
472 2445 611 2490 terra
636 2436 889 2490 Chanaan
919 2436 971 2489 in
1000 2444 1233 2491 montem
1265 2436 1383 2491 Seir
1407 2480 1419 2499 ,
1451 2444 1504 2493 et
1531 2438 1663 2493 cen-

94 2528 241 2583 texuit
277 2529 844 2584 commemorationem
878 2543 1059 2600 regum
1091 2538 1145 2584 et
1175 2530 1465 2601 principum
1493 2533 1667 2606 gentis

94 2622 271 2692 ipsius,
319 2622 371 2677 in
422 2638 522 2692 qua
570 2637 630 2677 se
671 2624 978 2686 constituit,
1026 2623 1109 2676 vel
1156 2639 1311 2693 quam
1363 2626 1669 2707 propagavir

84 2714 243 2782 Esau;
290 2720 412 2787 post
468 2716 623 2785 haec,
672 2716 1030 2769 narrationem
1071 2715 1139 2770 de
1168 2716 1361 2785 Ioseph
1389 2717 1466 2771 sic
1493 2714 1669 2773 intulit

103 2800 202 2875 (Id.
241 2824 430 2873 XXXVI,
472 2807 653 2877 6-45)
697 2828 709 2863 :
754 2807 1031 2863 Habitabat
1069 2817 1233 2864 autem
1262 2808 1424 2864 Iacob
1452 2812 1505 2866 in
1532 2823 1665 2868 terra

92 2896 334 2953 Chanaan.
372 2882 474 2956 Ha:
499 2910 667 2955 autem
695 2910 1035 2973 procreaturw
1059 2900 1239 2955 Iacob.
1268 2900 1465 2973 Ioseph
1496 2914 1664 2957 autem

92 2990 241 3043 decem
277 3000 323 3045 et
358 3002 548 3063 septem
594 3009 843 3046 annorum
880 3001 986 3048 erat
1026 3010 1231 3063 pascens
1271 3009 1383 3047 cum
1424 2995 1665 3067 fratribus

87 3096 201 3136 oves.
241 3081 441 3138 Deinde
480 3092 724 3139 narratur
756 3101 912 3140 causa
946 3086 1274 3141 somniorum
1316 3088 1663 3158 quemadmo-

84 3172 190 3227 dum
232 3173 449 3230 odiosus
494 3176 743 3232 fratribus
795 3176 864 3231 sit
914 3174 1118 3244 factus,
1162 3188 1217 3231 et
1258 3178 1505 3233 venditus
1548 3179 1660 3251 (Id.

85 3280 243 3322 xxxvu
265 3312 278 3334 ,
315 3269 489 3339 1-28).
521 3270 623 3323 Aut
650 3284 776 3339 ergo
802 3269 990 3325 eodem
1014 3285 1155 3324 anno
1178 3272 1405 3339 septimo
1426 3271 1657 3342 decimo,

85 3365 158 3409 aut
181 3360 337 3413 etiam
366 3360 638 3430 aliquanto
660 3360 830 3428 major
854 3346 997 3415 venit
1024 3361 1077 3414 in
1104 3360 1393 3432 Egyptum
1430 3380 1443 3415 :
1472 3378 1536 3418 ac
1568 3380 1661 3433 per

84 3446 168 3503 hoc
192 3451 443 3509 utrolibet
474 3450 631 3504 modo
654 3462 927 3520 permanet
954 3453 1199 3521 quarstio.
1233 3453 1287 3507 Si
1311 3454 1450 3507 enim
1474 3454 1659 3511 decem

83 3549 127 3595 et
144 3552 338 3613 septem
368 3558 629 3596 annorum
654 3542 753 3596 fuit
785 3553 901 3613 post
936 3552 1159 3597 mortem
1192 3545 1274 3597 avi
1307 3545 1425 3610 sui,
1449 3546 1660 3617 quando

82 3641 213 3698 pater
230 3633 348 3703 ejus
366 3642 581 3688 centum
610 3633 790 3703 viginti
824 3633 918 3686 fuit
942 3650 955 3697 ;
984 3632 1225 3705 profecto
1252 3651 1390 3691 anno
1419 3636 1534 3706 ejus
1563 3638 1658 3692 tri-

85 3720 267 3790 geéimo
296 3732 348 3780 et
396 3740 574 3789 nono,
608 3723 819 3795 quando
860 3723 1024 3779 Iacob
1071 3725 1217 3803 venit
1255 3729 1308 3781 in
1337 3726 1653 3800 Egyptum,

83 3822 276 3870 centum
304 3806 653 3888 quadraginta
681 3816 817 3871 duos
842 3830 1011 3871 annos
1033 3806 1171 3873 idem
1194 3817 1358 3873 Iacob
1384 3835 1539 3893 agere
1565 3820 1658 3876 de.

78 3903 181 3960 buit
219 3925 233 3961 :
281 3908 376 3962 fuit
400 3917 577 3964 autem
607 3918 731 3963 tunc
758 3906 922 3965 Iacob
947 3920 1159 3964 centum
1194 3912 1401 3984 triginta
1427 3931 1441 3977 ;
1470 3929 1533 3968 ac
1562 3931 1657 3984 per

20 4024 21 4029 η
80 3993 171 4051 hoc
194 3998 234 4053 si
258 3999 444 4055 decem
470 3996 523 4055 et
547 3990 748 4069 septem
775 4016 1033 4055 annorum
1062 4002 1256 4075 Ioseph
1286 4004 1336 4063 in
1364 4003 1652 4076 Egyptum

83 4098 156 4141 est
197 4090 437 4145 venditus
458 4134 473 4157 ,
516 4100 638 4145 ante
668 4090 947 4148 duodecim
978 4094 1145 4146 annos
1171 4109 1326 4163 quam
1358 4106 1655 4163 moreretur

79 4194 193 4235 avus
216 4183 326 4254 ejus
348 4226 364 4252 ,
395 4182 645 4239 venditus
669 4184 950 4237 invenitur.
987 4184 1179 4239 Decem
1209 4186 1349 4239 cnim
1375 4195 1652 4259 etseptem

80 4284 316 4329 annorum
365 4292 487 4332 esse
530 4292 635 4331 non
669 4275 867 4344 potuit,
902 4262 1002 4330 ιιίεὶ
1031 4286 1155 4333 ante
1182 4278 1457 4334 duodecim
1483 4296 1653 4337 annos

79 4364 250 4420 mortis
278 4365 445 4433 lsaac,
472 4369 770 4423 centesimo
797 4376 849 4423 et
873 4378 1060 4423 octavo
1083 4384 1221 4423 anno
1244 4371 1364 4425 vitae
1387 4372 1551 4449 patris
1571 4373 1651 4428 sui

78 4448 245 4509 Iacob.
286 4456 377 4512 llis
406 4458 548 4514 enim
582 4474 703 4515 cum
735 4458 1088 4529 adjecerimus
1114 4459 1297 4530 viginti
1324 4448 1460 4517 duos
1480 4477 1652 4519 annos

77 4544 252 4612 quibus
290 4534 492 4621 Ioseph
530 4564 698 4620 usque
737 4549 801 4605 ad
839 4548 1123 4605 adventum
1166 4551 1329 4621 patris
1360 4554 1443 4609 sui
1474 4554 1571 4611 fuit
1596 4558 1649 4617 in

20 4626 31 4646 ³
78 4633 292 4709 Ᾱίςγριο
312 4682 325 4705 ,
376 4641 503 4696 (ient
534 4643 706 4715 aetatis
732 4643 854 4698 anni
880 4641 1074 4713 Ioseph
1106 4644 1312 4714 triginta
1343 4660 1532 4701 novem
1554 4691 1569 4714 ,
1599 4658 1653 4710 et
1680 4706 1681 4709 η

77 4724 226 4784 Iacob
248 4741 459 4787 centum
485 4733 695 4803 triginta
715 4775 731 4799 ,
759 4744 812 4789 et
838 4735 978 4789 nulla
999 4734 1102 4790 erit
1124 4738 1365 4806 quaestio.
1389 4735 1495 4795 Sed
1516 4756 1649 4811 quo-

78 4824 208 4881 niam
233 4826 506 4899 Scriptura
535 4840 652 4902 post
685 4838 914 4885 mortem
945 4829 1092 4885 Isaac
1123 4832 1220 4891 ista
1250 4835 1520 4902 narravit,
1548 4850 1648 4906 pu-

79 4922 206 4972 tatur
244 4917 437 4991 Ioseph
490 4931 608 4993 post
652 4923 889 4991 ejusdem
916 4923 1000 4977 avi
1026 4924 1104 4977 sui
1132 4934 1356 4995 mortem
1384 4926 1567 4983 decem
1597 4937 1652 4993 et

77 5018 266 5077 septem
304 5002 571 5079 minorum
621 4996 801 5069 fuisse.
842 5014 1175 5084 QuaprOpter
1199 5017 1551 5090 intelligamus
1579 5021 1649 5079 de

75 5097 170 5152 vita
198 5099 370 5169 lsaac,
400 5094 649 5176 tanquam
680 5104 901 5158 multum
926 5103 1182 5175 decrepiti
1211 5109 1387 5177 senis,
1422 5111 1653 5169 tacuisse

20 5222 34 5233 -
76 5186 388 5261 Scripturam
410 5236 428 5265 ,
468 5211 592 5277 ctth
636 5197 747 5271 jam
789 5197 857 5253 de
894 5196 1058 5257 Iacob
1093 5207 1147 5263 et
1175 5201 1290 5269 ejus
1316 5201 1437 5257 filiis
1460 5204 1649 5275 laqueo,

77 5289 215 5336 retur
250 5300 264 5337 :
292 5286 423 5367 (vivo,
446 5284 636 5367 tamen
662 5289 807 5345 lsaac
825 5328 841 5356 ,
867 5288 1055 5348 decem
1079 5300 1134 5349 et
1158 5302 1362 5363 septem
1387 5308 1646 5352 annorum

78 5384 189 5427 esse
214 5362 373 5445 erepit
398 5362 613 5450 Ioseph.
1222 5362 1227 5363 γ
1304 5442 1321 5455 .

144 5462 370 5522 CXXIII.
388 5464 827 5551 {lb.nxvu,10.]
851 5472 1002 5540 Quod
1021 5472 1150 5528 dicit
1161 5474 1328 5531 Iacob
1340 5477 1407 5532 ad
1421 5477 1644 5551 Ioseph,

85 5554 220 5619 Quod
236 5570 306 5617 est
319 5564 567 5641 somnium
585 5562 831 5641 [mequod
847 5568 1144 5629 somniasti?
1163 5566 1427 5645 Numquid
1445 5574 1646 5635 venien-

86 5655 147 5702 tes
165 5653 514 5729 veniemuuigo
533 5670 757 5716 unum
774 5666 861 5716 tua
882 5673 929 5718 et
952 5665 1141 5736 pm:
1162 5668 1234 5721 tui
1260 5667 1475 5725 adorare
1492 5679 1540 5727 te
1557 5684 1643 5726 sn-

24 5823 37 5831 ί
86 5757 164 5804 rer
183 5752 401 5806 terram?
430 5753 529 5810 nisi
560 5757 613 5810 in
639 5755 815 5826 aliquo
841 5758 1095 5830 mysterio
1115 5759 1311 5818 dictum
1334 5766 1641 5838 accipiatur,
1718 5788 1737 5794 η

1067 5851 1165 5891 “tota
1214 5858 1271 5889 κν
1328 5855 1434 5874 ww.

1776 416 2043 486 quomodo
2080 417 2390 490 luteiligitur
2424 420 2492 476 de
2522 428 2691 479 matre
2718 424 2941 496 Ioseph,
2974 442 3093 497 qua:
3114 428 3225 497 jam
3250 432 3369 487 erat

1775 509 2019 563 mortua?
2039 508 2192 565 Unde
2214 526 2319 566 non
2343 513 2393 566 in
2416 510 2668 586 Egypto,
2698 530 2816 570 cum
2840 518 3237 589 sublimaretur,
3267 528 3361 593 pd-

1775 599 1990 654 tandum
2022 612 2101 656 est
2134 602 2233 656 hoc
2262 619 2380 659 esse
2409 606 2767 676 completum;
2797 611 2914 678 quia
2940 622 3040 667 nec
3066 623 3215 681 pater
3240 618 3367 672 eum

1771 690 2046 759 adoravit,
2095 693 2304 762 quando
2348 696 2415 750 ad
2458 710 2581 751 eum
2626 700 2769 753 venit
2807 694 2860 754 in
2906 698 3217 773 Egyptum,
3260 710 3365 763 uel!

1773 790 1942 836 mater
1966 782 2090 835 olim
2122 783 2370 841 defuncta
2401 790 2588 856 potuit.
2620 787 2677 843 In
2723 789 2923 845 Christi
2960 807 3089 863 ergo
3134 804 3361 864 persona

1771 870 1925 926 facile
1952 873 2171 944 intelligi
2207 882 2379 946 potest
2409 878 2569 933 etiam
2610 881 2677 935 de
2711 883 2959 949 mortuis,
2983 886 3274 941 seCundum
3299 888 3363 943 il-

1772 962 1861 1016 lud
1888 964 2027 1032 quod
2057 963 2187 1019 dicit
2216 967 2531 1037 Apostolus,
2563 970 2684 1040 quia
2709 971 2910 1025 donavit
2948 974 2994 1027 ei
3022 982 3201 1030 nomen
3226 978 3369 1049 quod

1769 1065 1841 1110 est
1865 1073 2019 1129 super
2054 1076 2205 1116 omne
2241 1079 2453 1130 nomen,
2494 1076 2549 1119 ut
2589 1067 2643 1120 in
2683 1070 2885 1123 nomine
2911 1068 3035 1124 Iesu
3061 1074 3206 1125 omne
3229 1076 3367 1149 gent:

1768 1149 2033 1217 ﬂectatur,
2063 1152 2336 1208 cmkstium
2356 1197 2370 1219 ,
2405 1158 2713 1211 terrestrium
2734 1201 2749 1224 ,
2796 1166 2842 1215 et
2868 1161 3180 1233 infernarum
3210 1160 3361 1238 (Phi-

1769 1240 1895 1309 lipp.
1930 1257 2001 1307 II,
2032 1242 2088 1310 9,
2120 1244 2231 1315 I0).

1836 1328 2067 1386 CXXIV.
2088 1332 2189 1406 (Ib.
2209 1350 2419 1406 xxxv",
2446 1337 2565 1412 ΞΒ]
2585 1341 2851 1408 Qumritur
2874 1352 3036 1414 quare
3067 1343 3361 1403 tsmemas

1767 1420 2071 1492 Scriptura,
2120 1426 2310 1496 quibus
2358 1443 2387 1483 a
2435 1428 2684 1486 fratribus
2728 1434 2972 1489 venditus
3016 1446 3097 1491 est
3139 1436 3355 1509 Ioseph,

1768 1513 1929 1566 etiam
1960 1513 2271 1573 Madianitas
2294 1529 2470 1583 vocet,
2502 1534 2622 1574 cum
2646 1521 2839 1577 ismael
2866 1527 2935 1578 sit
2963 1526 3028 1580 de
3053 1528 3195 1597 Agar
3220 1528 3363 1585 unus

1768 1602 2024 1669 Ahrahm,
2058 1605 2356 1662 Madianitae
2382 1622 2509 1664 vero
2548 1611 2615 1667 de
2647 1611 2919 1668 Cethura?
2950 1618 3028 1670 An
3069 1620 3187 1687 quia
3218 1619 3361 1675 Scri-

1766 1704 1922 1763 ptura
1954 1695 2164 1752 dixerat
2186 1697 2255 1753 de
2278 1698 2567 1769 Abraham,
2597 1704 2734 1773 quod
2762 1720 2980 1762 munera
3008 1709 3212 1765 dederit
3237 1710 3360 1769 ams

1767 1786 2184 1843 concubinarum
2224 1802 2477 1859 suarum,
2512 1795 2652 1864 Agar
2680 1796 2882 1851 scilicet
2916 1808 2969 1852 et
3001 1786 3276 1868 Cethuras,
3306 1806 3359 1860 et

1768 1878 2028 1933 dimiserit
2054 1882 2070 1911 ¹
2099 1895 2193 1936 eos
2236 1882 2305 1937 ab
2347 1883 2491 1941 lsaac
2536 1886 2642 1941 tilio
2684 1903 2782 1944 suo
2818 1890 2868 1944 in
2902 1901 3094 1946 terram
3124 1892 3355 1951 Orientis

1770 1970 1922 2041 (Gen.
1945 1980 2079 2040 ΧΠ,
2104 1974 2193 2045 6),
2224 1992 2378 2030 unam
2405 1989 2618 2048 gentem
2641 1980 2828 2037 fecisse
2851 1984 3174 2057 intelligendi
3202 1966 3365 2059 suu't‘.I

1836 2062 2048 2119 CXXV.
2077 2064 2159 2140 [in
2184 2083 2389 2132 xxxvu,
2416 2068 2533 2143 55.]
2561 2071 2633 2126 De
2652 2070 2817 2128 Iacob
2840 2078 3090 2146 scriptum
3113 2090 3214 2148 eSt,
3236 2088 3357 2137 cuti

1770 2157 1973 2225 Ingeret
1998 2157 2196 2230 Ioseph
2217 2202 2232 2227 ,
2263 2158 2565 2235 Congregnti
2592 2175 2710 2220 sunt
2739 2177 2905 2222 autem
2932 2187 3102 2227 omnes
3131 2172 3228 2238 ﬁlii
3250 2168 3362 2247 σμιίὲ

1768 2257 1813 2302 et
1840 2247 2001 2323 ﬁlia,
2029 2259 2072 2303 et
2101 2261 2340 2306 venerunt
2371 2256 2625 2311 consolari
2666 2260 2795 2312 eum.
2836 2258 2969 2329 Quae
3010 2260 3129 2318 filim
3172 2266 3364 2335 praeter

1772 2338 1999 2393 Diuum?
2044 2342 2124 2395 An
2156 2342 2291 2397 illius
2321 2354 2376 2400 et
2402 2346 2539 2402 filias
2566 2348 2693 2403 dicit
2730 2357 3125 2409 cennumeratis
3153 2348 3361 2427 nepoti-

1770 2431 1870 2486 bus
1913 2441 1966 2487 et
2010 2434 2298 2503 neptibus?
2340 2438 2451 2508 jam
2494 2441 2633 2494 enim
2684 2443 2912 2513 majores
2956 2442 3052 2501 filii
3080 2450 3195 2519 ejus
3225 2450 3361 2507 ﬁlios

1771 2520 1968 2577 habere
1998 2535 2299 2592 potuerunt.

1841 2608 2073 2671 CXXVI.
2106 2614 2203 2691 [Ib.
2225 2632 2425 2685 xxxvtt,
2453 2620 2567 2696 '55.]
2586 2620 2655 2677 Et
2680 2626 2843 2680 noluit
2869 2630 3140 2699 comatori,
3169 2633 3357 2701 dicens,

1774 2706 2025 2772 Quoniam
2046 2710 2345 2765 descendam
2365 2714 2432 2766 ad
2447 2715 2611 2781 ﬁlium
2632 2734 2798 2771 meum
2819 2718 2995 2791 lugens
3013 2722 3065 2777 in
3086 2724 3355 2797 infernum.

1770 2796 1915 2852 Solet
1945 2813 2065 2853 esse
2092 2816 2279 2871 magna
2322 2805 2574 2873 quaestio,
2607 2804 2875 2875 quomodo
2918 2796 3240 2885 intelligatur
3275 2819 3360 2873 in-

1771 2886 1986 2955 ferinus;
2016 2896 2192 2945 utrum
2218 2893 2341 2948 illuc
2361 2896 2481 2948 ntali
2506 2902 2729 2961 tantum,
2758 2914 2827 2953 an
2847 2901 3003 2956 etiam
3027 2904 3147 2961 boui
3167 2912 3360 2966 mortui

1770 2976 2095 3035 descendere
2130 2981 2353 3036 soleant.
2386 2984 2441 3038 Si
2483 3001 2609 3055 etgo
2654 2996 2853 3045 tantum
2894 2993 3053 3063 mali,
3090 2998 3360 3068 quomodo

1770 3068 1872 3125 iste
1912 3070 1974 3125 ad
2021 3071 2183 3127 tilium
2230 3090 2383 3130 suum
2426 3092 2482 3132 se
2522 3078 2649 3133 dicit
2677 3079 2943 3155 lugentem
2976 3088 3113 3143 velle
3138 3089 3358 3150 descen-

1768 3158 1937 3214 dere?
1964 3160 2078 3216 Non
2106 3165 2249 3219 enim
2276 3166 2327 3219 in
2358 3171 2527 3237 ptBniS
2551 3169 2741 3226 inferni
2770 3188 2891 3229 eum
2919 3193 3036 3234 esse
3060 3182 3246 3238 credit.
3274 3186 3357 3244 Au

1768 3252 2057 3319 perturbati
2087 3262 2140 3308 et
2163 3254 2395 3313 dolentis
2422 3260 2579 3316 verba
2607 3268 2749 3328 sunt,
2778 3266 2913 3321 mala
2937 3284 3029 3325 sua
3050 3273 3211 3330 etiam
3232 3275 3357 3334 hinc

1767 3345 2170 3411 exaggerantis?

1836 3431 2092 3490 CXXVII.
2124 3435 2226 3509 [Ib.
2250 3453 2437 3497 XXXVII
2454 3486 2467 3507 ,
2493 3445 2607 3519 56.,
2634 3444 2703 3500 Et
2728 3448 3056 3507 vendiderunt
3082 3450 3273 3529 Ioseph
3300 3456 3353 3517 in

1766 3525 2055 3599 Egyplum
2077 3526 2346 3604 Petephrw
2368 3538 2601 3607 spadoni,
2630 3545 2903 3614 praeposito
2928 3525 3220 3616 coquorum.
3249 3540 3355 3610 No4

1763 3617 1878 3672 ιυιιι
1906 3620 2117 3689 quidam
2152 3628 2488 3695 praepositum
2522 3644 2812 3701 c0quorum
2861 3637 3227 3715 interpretari,
3264 3648 3354 3721 Qui

1760 3726 1934 3781 grmce
1977 3716 2312 3789 ἀρχιμάγειρος
2356 3718 2580 3787 dicitur;
2623 3726 2717 3781 sed
2760 3732 3097 3802 praepositum
3130 3716 3350 3815 militias,

1761 3803 1845 3856 cui
1876 3814 2015 3857 esset
2047 3816 2285 3876 potestas
2321 3806 2618 3868 occidendi.
2662 3815 2795 3873 Nam
2836 3822 2912 3877 sic
2951 3820 3246 3897 appellatus
3273 3803 3355 3889 esi
3410 3816 3413 3817 ν

1759 3898 1919 3953 etiam
1951 3897 2039 3953 ille
2069 3906 2225 3970 quem
2252 3900 2745 3968 Nabuchodonosor
2773 3916 2950 3984 misit,
2990 3934 3156 3991 penes
3193 3926 3351 3996 quem

1758 3988 1935 4057 potius
1964 3990 2233 4046 invenitur
2264 3994 2520 4062 primatus
2551 3998 2708 4075 fuisse
2740 4006 2957 4061 militiae.

1830 4072 2108 4135 CXXVIII.
2130 4076 2231 4155 [1b.
2265 4100 2473 4141 xxxvut
2497 4131 2509 4151 ,
2548 4072 2682 4165 1-3.]
2730 4080 2944 4151 Factum
2982 4100 3052 4155 est
3091 4100 3256 4160 autem
3297 4110 3349 4163 in

1758 4180 1981 4239 tempore
2019 4174 2109 4228 illo
2148 4176 2402 4231 descendit
2434 4178 2604 4235 Iudas
2633 4200 2663 4235 a
2691 4180 2931 4254 fratribus
2960 4192 3063 4246 suis
3091 4196 3161 4248 ad
3181 4197 3349 4252 homi-

1756 4256 1869 4315 nen't
1909 4264 2172 4331 quemdam
2212 4266 2604 4338 Odollamilam‘,
2638 4281 2719 4329 cui
2747 4284 2925 4333 nomen
2963 4278 3080 4339 Iras
3107 4301 3126 4339 :
3154 4278 3203 4339 et
3228 4282 3354 4345 ὐίᾱῐί

1754 4352 1860 4407 illic
1882 4351 2048 4411 Iudas
2072 4357 2230 4427 ﬁliam
2258 4360 2475 4415 hominis
2494 4359 2773 4421 Chanana'i
2798 4373 2996 4427 nomine
3022 4376 3208 4431 Savam
3230 4380 3273 4444 ',
3302 4364 3349 4435 et

1756 4448 1947 4514 accepit
1971 4463 2081 4500 eam
2100 4490 2115 4515 ,
2149 4459 2192 4502 et
2224 4453 2443 4505 introivit
2471 4455 2539 4506 ad
2565 4473 2673 4509 eam
2693 4499 2709 4523 ,
2738 4469 2784 4513 et
2808 4467 3055 4533 concepi“
3084 4478 3133 4523 α
3153 4464 3355 4547 pf

1755 4536 1951 4605 ﬁlium,
1981 4547 2035 4592 et
2058 4548 2271 4594 caetera.
2305 4542 2572 4608 Quaeritur
2615 4552 2827 4617 quando
2872 4546 2971 4608 ista
3014 4556 3131 4613 fieri
3153 4536 3351 4635 pavide?

1755 4628 1895 4680 runt.
1942 4627 1998 4683 Si
2042 4632 2182 4684 enim
2231 4644 2571 4705 posteaquam
2613 4636 2807 4710 Ioseph
2847 4638 3065 4703 devenit
3095 4627 3343 4728 inVEgyL

1756 4716 1899 4789 ptu‘ti‘t
1925 4763 1939 4785 ,
1988 4725 2253 4790 quomodo
2298 4728 2434 4782 intra
2482 4731 2661 4799 viginti
2713 4730 2880 4792 ferme
2923 4738 2978 4793 et
3013 4739 3145 4798 duos
3175 4716 3345 4803 anites

1756 4808 1897 4881 (nam
1943 4824 2063 4883 post
2105 4824 2306 4870 tantum
2351 4823 2601 4889 temporis
2632 4826 2895 4895 colligitur
2925 4840 3018 4886 eos
3044 4836 3251 4891 venisse
3277 4838 3341 4892 ad

1753 4902 1996 4985 eumdem
2019 4904 2211 4977 Ioseph
2240 4909 2456 4967 fratrem
2484 4927 2635 4969 suum
2664 4917 2714 4971 in
2743 4918 3027 4992 Egyptu’m
3049 4934 3167 4981 cum
3192 4932 3342 4999 patre

1753 4994 1875 5065 suo)
1921 4994 2038 5051 fieri
2085 5003 2311 5067 potuerit
2356 5011 2411 5057 nt
2452 5003 2602 5060 Iudte
2650 5008 2738 5063 fllii
2782 5013 2895 5082 ejus
2941 5017 3111 5071 aetatis
3154 4994 3340 5075 omnes

1755 5086 1974 5156 possent
2014 5089 2208 5145 ducere
2247 5094 2474 5147 uxores?
2509 5092 2643 5151 Nam
2672 5092 2904 5157 Thamar
2936 5112 3127 5161 nurum
3166 5102 3337 5178 suam,

1755 5180 1969 5233 morttto‘
1996 5179 2346 5251 primogenita
2374 5188 2490 5252 suo,
2518 5187 2675 5243 alteri
2703 5188 2810 5246 filio
2836 5188 2982 5248 dedit
3008 5214 3023 5250 :
3050 5208 3154 5267 quo
3178 5184 3337 5261 etiam

1753 5268 1984 5335 mortuo,
2015 5272 2343 5345 exspectavit
2368 5286 2424 5329 ut
2450 5282 2717 5334 cresceret
2747 5284 2966 5349 tertius;
2994 5294 3046 5340 et
3074 5284 3193 5342 cum
3221 5284 3336 5346 ore:

1752 5360 1934 5425 visse't,
1966 5362 2071 5415 rice
2096 5362 2166 5416 illi
2196 5368 2312 5419 eain
2342 5362 2519 5433 diedit,
2555 5364 2747 5426 timens
2773 5376 2839 5427 ne
2867 5383 2921 5429 et
2948 5376 3065 5448 ipse
3094 5376 3337 5440 morere;

1753 5461 1879 5507 tur:
1914 5453 2055 5511 unde
2100 5453 2295 5511 factum
2343 5468 2426 5514 est
2469 5472 2523 5515 ut
2566 5463 2739 5517 eidem
2784 5480 2971 5522 socero
3012 5470 3111 5535 suo
3151 5472 3211 5546 se,
3249 5464 3336 5541 illa

1816 5590 1834 5622 ¹
1859 5596 1978 5641 Tres
1992 5597 2122 5652 Mss,
2145 5590 2375 5645 diviserit.
2402 5594 2719 5687 Alii
2743 5598 2978 5657 diluxerit
3004 5619 3023 5658 .'
3044 5608 3138 5661 hoc
3157 5625 3337 5687 nempe

1816 5659 2000 5687 l‘nhlllm
2026 5660 2101 5687 oet
2122 5660 2189 5687 Δ.
2227 5660 2337 5687 Ιννν
2392 5663 2587 5687 om!
2773 5662 2891 5687 ΙΙΙ-..Ι
2938 5680 3017 5687 -..-
3034 5672 3184 5687 --ᾉι-

1751 5659 2365 5731 ἓξὲρέλῆ
2391 5656 2739 5724 mu
2773 5662 2891 5716 ιιιυά
2933 5656 3337 5731 σοήῶὣῖ

1751 5712 1969 5779 vuum.
1992 5712 2246 5779 δεραταυέιο

1817 5776 1935 5826 ἐἰσ
1957 5776 2064 5827 Mss.
2084 5776 2225 5839 juxta
2244 5784 2373 5833 LXX.
2396 5788 2452 5833 At.
2475 5783 2611 5849 editi,
2633 5793 2690 5840 ut
2707 5789 2761 5841 in
2781 5790 3002 5860 “ligata,
3020 5803 3131 5850 Sua.
