3902 6316
479 290 587 355 ωδ

476 411 819 481 supponeret.
868 395 1147 471 Quomodo
1194 408 1324 465 ergo
1374 392 1489 448 haec
1537 388 1715 444 omnia
1766 384 1905 439 intra
1953 388 2062 435 tam

480 472 679 574 paucos
706 509 875 552 annos
904 491 1016 547 ﬁeri
1046 486 1341 559 potuerint,
1372 482 1564 539 merito
1596 484 1806 543 movet,
1838 472 1973 540 nisi,
2007 477 2064 525 ut

477 569 614 650 iorte
639 590 792 654 solet,
817 586 1088 655 Scriptum
1111 596 1207 650 per
1230 575 1718 647 recapitulationem
1745 569 1944 638 aliquot
1967 579 2062 618 an-

476 701 576 742 nos
605 692 727 739 ante
754 677 1025 735 venditum
1052 671 1249 743 .Ioseph
1288 670 1391 725 hoc
1432 668 1545 724 fieri
1582 666 1807 735 ccepisse
1844 656 2062 728 intelligi

477 778 639 842 velit;
669 772 918 845 quoniam
945 768 1023 825 sic
1052 764 1281 836 positum
1312 770 1415 827 est,
1447 770 1503 814 ut
1529 758 1814 818 diceretur,
1844 750 2062 805 Factum

479 879 552 926 est
594 840 761 921 autem
800 865 854 917 in
898 861 989 915 illo
1032 866 1301 926 tempore:
1342 851 1430 907 ubi
1473 858 1647 905 tamen
1688 844 1976 917 quaeritur,
2016 840 2061 895 si

480 963 666 1019 decem
693 966 748 1013 et
769 962 976 1025 septem
1004 962 1263 1005 annorum
1288 953 1403 1000 erat
1428 938 1625 1010 Joseph
1650 934 1861 1007 quando
1884 930 2065 986 vendi-

480 1067 567 1111 tus
591 1062 707 1116 est,
752 1056 881 1119 quot
917 1056 1180 1098 annorum
1223 1052 1341 1093 esse
1375 1032 1537 1090 Iudas
1579 1027 1807 1099 potuerit
1845 1031 2064 1094 quartus

482 1147 621 1201 ﬁlius
643 1112 806 1198 Iacob
826 1180 840 1205 ,
870 1129 1296 1207 quandoquidem
1321 1127 1434 1196 ipse
1469 1118 1851 1192 primogenitus
1878 1112 2061 1168 Ruben

481 1248 539 1293 ut
571 1233 855 1307 plurimum
902 1228 1121 1283 fratrem
1158 1234 1313 1276 suum
1351 1212 1548 1282 Ioseph
1576 1211 1807 1280 quinque
1843 1212 1934 1259 aut
1970 1218 2064 1257 sex

482 1301 650 1385 annos
700 1321 929 1396 potuerit
974 1326 1131 1373 aetate
1181 1308 1503 1383 praecedere.
1555 1301 1841 1359 Evidenter
1890 1306 2066 1351 autem

482 1385 754 1490 Scriptura
776 1414 901 1470 dicit
922 1410 1134 1479 triginta
1155 1415 1412 1459 annorum
1434 1397 1598 1452 fuisse
1617 1392 1833 1490 Joseph,
1855 1385 2067 1459 quando

484 1482 713 1568 innotuit
730 1503 992 1562 Pharaoni
1024 1498 1174 1570 (Gen.
1199 1509 1309 1558 xu,
1338 1491 1453 1561 46).
1484 1488 1615 1543 Cum
1640 1498 1766 1555 ergo
1791 1482 2068 1570 ipseianno

485 1603 712 1673 septimo
746 1596 955 1652 decimo
986 1590 1159 1646 aetatis
1192 1601 1301 1641 sure
1328 1580 1573 1638 venditus
1610 1574 1773 1630 fuisse
1799 1569 2066 1632 credatur,

486 1661 740 1750 tredecim
781 1700 950 1742 annos
998 1686 1277 1752 peregerat
1318 1676 1371 1729 in
1416 1670 1650 1742 [Egypto
1688 1667 1896 1736 ignotus
1933 1661 2073 1715 Pha-

487 1784 671 1849 raoni;
722 1779 790 1834 ad
844 1777 941 1832 hes
987 1781 1161 1828 autem
1214 1765 1468 1823 tredecim
1520 1773 1688 1814 annos
1734 1761 2071 1809 accesserunt

486 1840 693 1945 septem
727 1866 852 1923 anni
885 1861 1172 1924 ubertatis,
1204 1868 1257 1912 et
1288 1855 1409 1909 facti
1439 1862 1561 1906 sunt
1588 1846 1711 1902 anni
1740 1842 1957 1914 viginti;
1989 1840 2073 1894 his

489 1933 754 2021 adduntur
779 1960 904 2025 duo,
932 1955 1055 2027 quia
1078 1948 1313 2008 secundo
1337 1959 1477 2000 anno
1503 1941 1657 1997 famis
1682 1937 1894 1993 intravit
1910 1933 2073 1989 Jacob

490 2060 549 2115 in
569 2057 858 2127 Egyptum
1032 2046 1152 2100 ﬁliis
1176 2042 1305 2107 suis,
1328 2048 1384 2094 et
1403 2034 1742 2090 inveniuntur
1764 2026 1948 2097 viginti
1967 2024 2074 2079 duo

491 2117 855 2219 anni,vquibus
878 2142 1043 2196 abfuit
1065 2134 1262 2205 Ioseph
1290 2149 1319 2186 a
1346 2140 1495 2201 patre
1522 2138 1575 2183 et
1598 2142 1627 2178 a
1653 2121 1902 2178 fratribus
1926 2117 2073 2172 suis:

491 2257 598 2313 quo
620 2214 797 2295 medio
816 2244 1076 2303 tempore,
1102 2224 1369 2299 quomodo
1390 2221 1504 2278 fieri
1530 2216 1801 2289 potuerint
1823 2214 1889 2268 de
1911 2224 2076 2267 uxore

492 2302 549 2390 et
575 2331 697 2386 ﬁliis
724 2337 778 2383 et
806 2302 943 2381 nuru
965 2321 1115 2378 Iuda:
1144 2316 1321 2373 omnia
1349 2328 1466 2383 qua:
1497 2316 1797 2371 narrantur,
1829 2302 2078 2372 indagare

492 2422 708 2480 difﬁcile
734 2426 817 2475 est
848 2435 861 2471 :
896 2414 999 2469 nisi
1024 2411 1161 2467 forte
1187 2416 1245 2463 ut
1267 2403 1544 2461 credamus
1575 2398 1651 2471 (et
1672 2396 1774 2450 hoc
1796 2394 1938 2449 enim
1965 2390 2080 2445 ﬁeri

495 2510 715 2585 potuit),
744 2523 867 2563 mox
892 2516 951 2560 ut
968 2503 1275 2558 adolescere
1294 2495 1457 2551 Judas
1475 2494 1655 2561 cmpit,
1686 2501 1806 2542 eum
1832 2481 2083 2538 incidisse

493 2571 551 2661 in
575 2571 813 2657 amorem
838 2597 953 2666 ejus
981 2608 1139 2664 quam
1167 2588 1317 2644 duxit
1342 2598 1583 2649 uxorem,
1613 2577 1847 2634 nondum
1867 2571 2083 2628 vendito

494 2694 690 2763 Ioseph
722 2692 775 2746 in
805 2688 1109 2759 Egyptum.

566 2752 805 2842 CXXIX.
826 2752 925 2853 [le
948 2752 1200 2839 'nxvm,
1230 2765 1344 2841 14.]
1391 2764 1460 2820 Et
1507 2760 1744 2833 depositis
1787 2752 2085 2853 vestimentis

497 2876 752 2933 viduitatis
775 2845 882 2927 sui:
904 2887 936 2923 a
963 2885 1034 2922 se.
1069 2867 1202 2920 Hinc
1231 2862 1527 2917 insinuatur
1554 2865 1606 2911 et
1637 2850 1961 2920 temporibus
1986 2845 2088 2900 Pa-

498 2969 848 3028 triarcharum
878 2971 1024 3018 certa
1053 2969 1107 3013 et
1131 2972 1225 3012 sua
1252 2953 1416 3008 fuisse
1444 2949 1759 3005 vestimenta
1786 2941 2086 3004 viduarum,

500 3076 606 3118 non
635 3059 814 3127 utique
842 3053 965 3108 talia
996 3049 1170 3120 qualia
1196 3044 1613 3114 conjugatarum.

572 3120 785 3211 CXXX.
823 3146 922 3221 [11).
948 3157 1142 3207 xxxrx,
1162 3137 1241 3211 1.]
1268 3135 1421 3205 Quod
1449 3134 1636 3188 iterum
1659 3127 1871 3190 dicitur,
1897 3120 2090 3221 Ioseph

501 3256 667 3302 autem
697 3211 954 3312 depoiitus
978 3244 1053 3289 est
1076 3234 1130 3287 in
1155 3229 1471 3301 ngyptum,
1512 3231 1558 3276 et
1596 3217 1813 3312 possedit
1827 3232 1963 3312 eum
1989 3211 2091 3265 Pe-

506 3337 705 3408 tepltres
740 3307 900 3404 spado
936 3324 1260 3388 Pharaonis,
1305 3319 1371 3373 ad
1396 3315 1633 3372 ordinem
1658 3310 1799 3366 redit
1822 3307 2092 3376 Scriptura

503 3401 646 3486 unde
658 3401 973 3487 recesserat,
989 3426 1048 3473 ut
1062 3417 1148 3472 illa
1166 3419 1407 3468 narraret
1420 3423 1538 3478 qua:
1555 3419 1710 3474 supra
1728 3401 1931 3473 digesta
1947 3404 2089 3452 sunt.

574 3515 814 3575 CXXXI.
846 3512 948 3587 [lb.
968 3526 1058 3577 XL,
1076 3504 1188 3578 16.]
1226 3501 1378 3570 Quod
1402 3497 1560 3567 aliqui
1588 3494 1799 3550 codices
1823 3490 1969 3546 latini
1996 3488 2093 3542 ha-

504 3614 655 3679 bent,
685 3610 783 3664 tria
806 3586 1027 3660 canistra
1050 3599 1216 3663 aliae,
1242 3609 1361 3649 cum
1387 3590 1542 3662 ει·ωοί
1571 3587 1801 3642 habeant
1825 3586 2091 3653 χονδριτῶν,

505 3673 651 3776 quod
672 3702 1090 3768 interpretantur
1109 3689 1198 3761 qui
1223 3699 1378 3742 usum
1402 3680 1640 3752 ejusdem
1662 3678 1856 3776 linguae
1878 3673 2092 3738 habent,

506 3764 677 3867 panes
702 3764 829 3847 esse
846 3784 1094 3842 cibarios.
1124 3778 1226 3835 Sed
1254 3775 1380 3831 illud
1400 3779 1597 3836 movet,
1620 3764 2096 3867 quomodopanem

510 3852 769 3943 cibarium
801 3875 1031 3949 potuerit
1058 3871 1264 3927 Pharao
1295 3865 1491 3919 habere
1518 3861 1571 3915 in
1600 3857 1759 3914 escis.
1791 3854 1926 3910 Dicit
1952 3852 2095 3908 enim

509 3980 564 4033 in
604 3944 878 4045 superiore
917 3967 1151 4025 canistro
1184 3960 1345 4015 fuisse
1369 3955 1546 4011 omnia
1580 3968 1643 4007 ex
1680 3949 1870 4020 quibus
1909 3944 2101 4001 edebat

510 4037 742 4134 Pharao,
772 4077 907 4136 opus
931 4061 1188 4131 pistorum
1212 4055 1251 4106 ⁸.
1282 4049 1388 4107 Sed
1415 4042 1812 4115 intelligendum
1835 4046 1920 4095 cst
1937 4037 2098 4092 etiam

512 4168 689 4236 ipsum
716 4130 1007 4214 canistrum
1034 4147 1281 4204 habuisse
1300 4155 1463 4214 panes
1483 4137 1731 4199 cibarius,
1758 4132 1879 4204 quia
1899 4130 2099 4185 dictum

512 4221 633 4321 est,
677 4247 777 4305 tria
819 4242 1048 4301 canistra
1087 4241 1367 4309 χονδριτῶν,
1395 4240 1450 4286 et
1472 4229 1700 4296 desuper
1728 4224 1890 4279 fuisse
1918 4221 2005 4276 illa
2032 4233 2101 4274 ex

509 4316 659 4402 omni
698 4351 894 4412 genere
932 4332 1109 4405 operis
1142 4327 1357 4401 pistoris
1390 4324 1443 4377 in
1468 4320 1657 4376 eodem
1683 4316 1916 4371 canistro
1944 4323 2100 4380 supev

510 4438 673 4493 riore.

584 4522 846 4584 CXXXII.
862 4520 964 4595 [1b.
992 4532 1099 4583 xu,
1120 4511 1200 4587 1.]
1225 4510 1377 4580 Quod
1404 4506 1619 4580 putabat
1646 4519 1702 4560 se
1731 4511 1873 4595 stare
1893 4496 2103 4595 Pharao

512 4636 675 4693 super
713 4590 911 4672 ﬁumen
932 4654 950 4681 ,
991 4604 1437 4682 quemadmodum
1478 4613 1663 4657 servus
1697 4594 1921 4652 Abrahar
1948 4590 2100 4655 dixit,

515 4685 649 4769 Ecce
675 4725 764 4781 ego
790 4716 865 4761 sto
888 4719 1039 4774 super
1067 4701 1255 4771 {antem
1282 4711 1427 4766 aqua:
1452 4692 1560 4765 (Id.
1578 4705 1726 4754 xxrv,
1757 4685 1845 4759 15)
1874 4686 2019 4755 (nam
2048 4690 2106 4736 et

514 4804 587 4860 ibi
614 4776 818 4873 graecus
843 4802 924 4852 ιπί
952 4809 1035 4857 τῆς
1066 4807 1216 4859 πηγῆς
1253 4787 1385 4844 dixit
1421 4780 1867 4855 quemadmodum
1909 4776 1994 4830 hic
2025 4780 2106 4829 ιπι

517 4908 603 4954 τοῦ
616 4865 863 4961 Immo)
888 4907 901 4944 :
926 4888 1042 4943 hinc
1069 4884 1265 4940 locutio
1291 4880 1337 4935 si
1364 4877 1685 4946 intelligatur
1709 4874 1762 4927 in
1784 4869 1994 4925 Psalmo
2013 4865 2105 4921 ubi

520 4958 780 5056 scriptum
808 4958 910 5047 est,
945 4977 1043 5044 Qui
1071 4972 1300 5046 [undavit
1330 4979 1514 5024 terram
1540 4981 1691 5036 super
1718 4977 1902 5035 aquam
1933 4958 2103 5031 (Psal.

521 5096 650 5138 sxut
670 5122 683 5144 ,
712 5076 807 5145 2);
840 5088 944 5128 non
972 5078 1233 5140 coguntur
1260 5063 1504 5119 homines
1530 5070 1713 5129 putare
1756 5057 1893 5111 sicut
1918 5064 2106 5107 navem

520 5184 705 5229 natare
748 5144 943 5224 terram
988 5176 1149 5231 super
1193 5170 1405 5227 aquam.
1456 5148 1756 5207 Secundum
1800 5146 1937 5200 hanc
1963 5144 2107 5198 enim

520 5263 846 5322 locutionem
874 5264 1019 5313 recte
1039 5249 1346 5320 intelligitur
1363 5243 1504 5315 quod
1529 5242 1682 5296 altior
1700 5241 1771 5296 sit
1791 5248 1928 5294 terra
1948 5248 2107 5307 quam

521 5372 693 5429 aqua;
726 5354 884 5408 altius
912 5350 1107 5420 quippe
1134 5344 1202 5398 ab
1230 5339 1381 5411 aquis
1406 5335 1719 5401 eustollitur,
1754 5330 1843 5387 ubi
1873 5329 2110 5387 habitent

518 5457 729 5505 terrena
757 5443 1021 5499 animalia.

593 5534 879 5595 CXXXIII.
913 5532 1011 5606 [11).
1038 5543 1149 5595 xu,
1180 5521 1295 5596 30.]
1325 5518 1474 5590 Quod
1506 5517 1761 5588 scriptum
1790 5521 1891 5579 est,
1917 5510 2111 5567 Oblivi-

776 5662 913 5714 ωδ.
956 5671 1075 5724 opus
1117 5650 1414 5721 pistorium;
1459 5655 1514 5701 et
1572 5646 1711 5713 paulo
1756 5642 1911 5707 intra,
1954 5644 2115 5709 operis

1281 268 1741 349 QUESTIONUM
1781 268 1841 326 S.
1880 252 2245 323 AUGUSTIN!
2274 252 2342 314 ΙΝ
2379 251 2941 314 HEP’I‘ATEUCHUM

2168 383 2371 429 ecentur
2396 371 2631 427 ubertatis
2664 373 2849 442 futura:
2878 368 2929 422 in
2958 372 3061 421 tota
3087 374 3219 421 terra
3245 361 3468 436 Egypti
3486 405 3506 432 ,
3536 376 3650 419 non
3683 363 3771 419 fu-
3806 418 3813 425 ,

2170 476 2301 521 tura:
2321 465 2425 521 illis
2446 464 2534 534 qui
2561 464 2753 517 famem
2777 460 3063 532 patientur,
3088 466 3337 528 tanquam
3363 466 3553 527 postea
3583 455 3768 512 veniat

2168 556 2271 613 illis
2299 557 2543 622 ubertas;
2576 554 2671 611 sed
2695 554 2870 609 futura
2894 560 3011 608 erat
3029 561 3155 606 tunc
3177 548 3388 621 quando
3410 549 3763 620 loquebatur,
3814 592 3819 617 ,

2168 657 2415 718 tanquam
2441 648 2672 712 diceret,
2704 644 2975 702 Ubertatis
3004 643 3189 714 hujus,
3218 656 3375 713 quam
3415 641 3658 696 futuram
3687 641 3765 695 si-

2165 740 2483 811 gniﬁcarunt
2521 740 2683 794 boves
2712 738 2865 795 bona:
2892 746 2948 793 et
2971 736 3133 808 spicae
3161 736 3343 800 bona,
3370 734 3767 791 obliviscentur

2168 832 2411 888 homines
2440 833 2494 886 in
2520 846 2582 886 ea
2606 830 2781 896 fame,
2828 844 2986 899 quam
3030 826 3458 899 signiﬁcaveruut
3500 824 3674 880 boves
3711 832 3769 881 et

2166 922 2328 995 spica:
2354 922 2528 978 make.

2238 1014 2523 1070 CXXXIV.
2557 1012 2656 1088 [1b.
2676 1029 2783 1079 xu,
2815 1011 2929 1085 38.]
2962 1009 3223 1082 Numquid
3250 1009 3565 1065 inveniemus
3593 1007 3764 1063 horni-

2168 1125 2281 1163 nem
2310 1111 2493 1174 talem,
2518 1109 2604 1179 qui
2630 1107 2807 1160 habeat
2834 1105 3085 1177 Spiritum
3118 1103 3215 1157 Dei
3250 1103 3304 1157 in
3336 1102 3430 1157 se?
3459 1100 3609 1157 Ecce
3627 1100 3762 1170 jam,

2169 1201 2271 1255 nisi
2309 1200 2490 1266 fallor,
2524 1200 2682 1253 tertio
2711 1199 3004 1252 insinuatur
3032 1195 3186 1251 nobis
3213 1194 3269 1249 in
3293 1195 3395 1249 hoc
3419 1193 3565 1249 libro
3592 1192 3764 1262 Spiri-

2172 1300 2257 1345 tus
2277 1300 2512 1355 sanctus,
2538 1288 2589 1343 id
2611 1298 2713 1356 est,
2737 1288 2962 1358 Spiritus
2984 1287 3098 1341 Dei.
3124 1285 3306 1341 Primo
3324 1284 3414 1340 ubi
3433 1283 3639 1339 dictum
3659 1291 3763 1349 est,

2170 1380 2240 1433 Et
2269 1380 2492 1451 Spiritus
2517 1378 2614 1434 Dei
2642 1379 2897 1453 ferebatur
2918 1394 3071 1448 super
3094 1392 3277 1447 aquam
3304 1371 3456 1447 (Gen.
3480 1389 3524 1441 ι,
3548 1370 3610 1445 2)
3640 1391 3653 1427 :
3684 1387 3769 1428 se-

2170 1472 2343 1527 cundo
2369 1473 2457 1527 ubi
2480 1471 2609 1527 dicit
2629 1472 2787 1537 Deus,
2821 1469 2941 1524 Non
2961 1466 3268 1541 permanebit
3292 1466 3522 1537 Spiritus
3545 1480 3691 1519 meus
3713 1465 3766 1519 in

2172 1561 2456 1617 hominibus
2484 1563 2591 1617 istis
2613 1604 2628 1629 ,
2658 1569 2861 1633 prapter
2885 1560 3018 1630 quod
3042 1574 3219 1613 carnes
3241 1564 3358 1611 sunt
3378 1555 3397 1588 ί
3426 1553 3542 1627 (Id.
3567 1570 3648 1624 Vt,
3671 1554 3766 1626 3):

2173 1661 2227 1707 et
2256 1653 2413 1707 tertio
2442 1665 2612 1717 nunc,
2641 1652 2780 1720 quod
2812 1651 3019 1704 Pharao
3046 1648 3174 1703 dicit
3200 1646 3267 1701 de
3293 1644 3495 1718 Ioseph
3516 1686 3534 1713 ,
3565 1660 3687 1702 esse
3714 1646 3769 1700 in

2175 1745 2269 1799 illo
2303 1743 2559 1815 Spiritum
2588 1744 2714 1809 Dei;
2762 1741 2995 1797 nondum
3037 1749 3217 1798 tamen
3253 1741 3482 1813 legimus
3511 1738 3770 1809 Spiritum

2175 1845 2436 1889 sanctum.

2247 1922 2505 1978 CXXXV.
2540 1920 2639 1994 [Ib.
2660 1937 2751 1977 xu
2772 1964 2786 1987 ,
2818 1919 2934 1994 45.]
2964 1919 3035 1980 Et
3071 1920 3310 1993 imposuit
3346 1920 3566 1975 Pharao
3592 1933 3770 1973 nomen

2176 2012 2370 2083 Ioseph
2419 2011 2932 2083 Psonthomphanech
2969 2026 2997 2068 :
3042 2014 3143 2068 hoc
3183 2026 3378 2068 nomen
3430 2006 3771 2080 interpretari

2178 2103 2399 2167 dicitur,
2434 2101 2644 2157 Occulta
2671 2102 2943 2169 reuelauit;
2969 2120 3036 2159 ex
3059 2103 3152 2158 illo
3176 2102 3358 2172 utique
3389 2099 3539 2171 quod
3570 2098 3774 2155 somnia

2180 2199 2289 2265 regi
2320 2196 2527 2264 aperuit
2555 2212 2569 2247 :
2598 2192 2847 2264 Egyptia
2873 2208 3003 2250 vero
3032 2194 3207 2264 lingua
3231 2192 3570 2249 Salvatorem
3595 2187 3775 2244 mundi

2181 2286 2465 2357 perhibent
2489 2284 2813 2354 appellatum
2840 2286 2942 2340 isto
2969 2284 3202 2341 nomine.

2253 2373 2537 2431 CXXXVI.
2569 2372 2667 2447 [1b.
2698 2381 2821 2443 xu,
2849 2374 2964 2450 45.]
2996 2375 3063 2429 Et
3090 2375 3228 2430 dedit
3255 2375 3301 2430 ei
3328 2373 3553 2431 Aseneth
3571 2414 3588 2442 ,
3620 2374 3779 2444 filiam

2186 2467 2457 2539 Petephra:
2484 2466 2758 2522 sacerdotis
2787 2468 2927 2523 Solis
2955 2468 3187 2531 civitatis,
3214 2466 3313 2538 ipsi
3336 2482 3573 2521 uxorem.
3602 2464 3779 2534 Quaeri

2186 2560 2324 2615 solet
2365 2560 2514 2629 cujus
2555 2558 2834 2628 Petephrae
2854 2600 2867 2622 ,
2895 2566 3069 2612 utrum
3096 2556 3240 2611 illius
3265 2556 3417 2626 cujus
3445 2569 3639 2610 servus
3664 2554 3778 2621 fuit,

2189 2667 2259 2706 an
2288 2652 2506 2706 alterius
2536 2667 2550 2703 :
2582 2651 2678 2705 sed
2706 2649 3013 2704 credibilius
3040 2649 3334 2703 aestimatur
3363 2647 3611 2703 alterius.
3652 2645 3783 2701 Nam

2190 2743 2259 2798 de
2298 2742 2387 2795 illo
2416 2756 2511 2795 cur
2538 2756 2645 2796 non
2675 2741 2924 2795 credatur
2944 2780 2959 2805 ,
2991 2738 3157 2793 multa
3188 2748 3313 2793 sunt
3351 2753 3475 2809 quae
3514 2743 3782 2793 moveant.

2192 2832 2452 2895 Primum,
2486 2832 2611 2901 quia
2640 2831 2907 2901 Scriptura
2938 2845 3044 2885 non
3072 2830 3533 2895 commemoravit,
3563 2842 3686 2883 cum
3710 2826 3785 2881 vi-

2190 2921 2382 2977 deatur
2420 2921 2521 2975 hoc
2568 2936 2675 2976 non
2720 2921 2953 2991 potuisse
2996 2922 3301 2989 praeterire,
3344 2917 3489 2988 quod
3533 2917 3603 2971 ad
3645 2915 3786 2970 illius

2187 3016 2406 3085 juvenis
2437 3029 2542 3068 non
2573 3028 2791 3083 parvam
2814 3011 3038 3082 gloriam
3063 3010 3382 3080 pertinebat,
3404 3017 3466 3063 ut
3484 3008 3602 3079 ejus
3627 3007 3786 3061 ﬁliam

2194 3107 2442 3169 duceret,
2473 3105 2628 3173 cujus
2657 3103 2885 3158 famulus
2921 3102 3035 3156 fuit.
3080 3099 3278 3156 Deinde
3314 3098 3586 3170 quomodo
3622 3094 3787 3167 spado

2196 3199 2357 3253 ﬁliam
2400 3198 2598 3253 habere
2636 3195 2903 3267 potuerit?
2942 3193 3047 3249 Sed
3092 3191 3478 3263 respondetur,
3508 3187 3787 3258 Quomodo

2197 3305 2417 3345 uxorem
2449 3307 2461 3343 :
2495 3299 2679 3358 postea
2710 3287 2904 3357 quippe
2945 3282 3178 3340 creditur
3204 3282 3507 3349 abscissus,
3550 3280 3636 3336 vel
3664 3292 3789 3335 casu

2196 3382 2463 3447 vulneris,
2494 3379 2577 3433 vel
2609 3378 2822 3448 propria
2856 3375 3144 3431 voluntate.
3184 3373 3253 3429 Et
3278 3372 3417 3443 quod
3448 3376 3625 3427 honor
3651 3369 3784 3440 ejus,

2198 3489 2305 3529 non
2334 3475 2450 3543 ipse
2474 3476 2926 3526 commemoratur
2948 3468 3037 3539 qui
3064 3466 3221 3533 solet,
3252 3465 3307 3521 id
3330 3473 3431 3533 est,
3461 3464 3607 3536 quod
3644 3466 3788 3535 ἀρχι-

2198 3570 2417 3635 μάγειρος
2448 3561 2642 3626 fuerit,
2674 3575 2831 3630 quem
2873 3558 3165 3628 principem
3198 3567 3490 3626 ooquorum
3527 3552 3676 3608 latini
3703 3551 3787 3607 in-

2202 3662 2464 3724 terpretes
2491 3659 2804 3723 posuerunt,
2834 3649 3126 3720 principem
3150 3654 3329 3702 autem
3349 3645 3552 3701 militiae
3575 3640 3787 3713 quidam

2202 3746 2429 3815 intelligi
2452 3744 2656 3799 volunt.
2681 3741 2787 3798 Sed
2807 3742 2966 3797 etiam
2988 3739 3075 3794 hic
3094 3736 3466 3809 respondetur,
3488 3735 3625 3805 duos
3643 3732 3786 3788 illum

2203 3838 2438 3893 honores
2478 3833 2762 3899 habuisse;
2808 3839 2864 3886 et
2898 3828 3251 3885 sacerdotium
3291 3826 3465 3894 Solis,
3496 3832 3551 3880 et
3590 3820 3786 3878 militia:

2204 3929 2556 4000 principatum
2582 3944 2595 3980 :
2622 3932 2977 3995 congruenter
3002 3929 3179 3976 autem
3208 3918 3335 3974 alibi
3362 3917 3452 3973 ille
3471 3916 3646 3971 honor
3674 3912 3786 3981 ejus

2205 4027 2656 4077 commemoratus
2695 4025 2810 4079 est,
2841 4014 2929 4085 qui
2956 4013 3146 4067 talibus
3183 4010 3387 4067 actibus
3429 4002 3781 4077 congruebat;

2207 4113 2295 4168 hic
2320 4127 2481 4178 vero,
2514 4122 2855 4181 posteaquam
2896 4105 2947 4159 in
2975 4102 3173 4172 Ioseph
3201 4099 3444 4170 apparuit
3483 4114 3592 4152 non
3631 4107 3785 4167 parva

2209 4202 2481 4267 divinitas,
2511 4204 2625 4269 ipse
2653 4198 2824 4251 honor
2850 4193 3036 4250 debuit
3060 4190 3319 4247 nominari
3344 4188 3517 4243 soceri
3538 4187 3675 4257 ejus,
3700 4181 3785 4254 qui

2209 4294 2503 4364 pertineret
2530 4288 2597 4342 ad
2622 4286 2951 4342 divinitatem
2972 4297 3079 4337 non
3101 4295 3342 4353 parvam,
3367 4276 3658 4333 secundum
3677 4272 3784 4343 opi-

2208 4361 2423 4437 nionem
2452 4377 2822 4450 Egyptiorum
2852 4375 2905 4429 in
2930 4370 3229 4427 sacerdotio
3247 4371 3269 4402 ³
3308 4368 3466 4425 Solis.
3506 4366 3699 4423 Verum
3730 4361 3779 4416 iu

2210 4474 2294 4528 his
2320 4470 2584 4536 omnibus,
2614 4467 2736 4538 quia
2759 4475 2814 4521 et
2839 4462 3152 4536 praepositus
3172 4459 3275 4515 fuit
3295 4456 3653 4515 custodiarum
3673 4466 3782 4509 car-

2208 4563 2382 4629 ceris,
2413 4560 2571 4616 nimis
2609 4556 2919 4614 incredibile
2956 4563 3039 4609 est
3075 4553 3197 4608 huic
3238 4550 3578 4622 praepositum
3614 4542 3779 4602 ofﬁcio

2210 4656 2539 4712 sacerdotem
2561 4653 2603 4707 ³.
2634 4651 2834 4707 Deinde
2856 4664 2961 4705 nou
2982 4646 3292 4717 simpliciter
3310 4645 3508 4700 dictum
3527 4648 3628 4708 est,
3649 4632 3780 4708 quod

2212 4748 2459 4805 sacerdos
2489 4745 2627 4801 Solis
2655 4752 2828 4807 esset;
2859 4741 2953 4795 sed
2981 4738 3207 4794 civitatis
3230 4736 3400 4803 Solis,
3432 4749 3549 4805 qua:
3575 4735 3780 4786 vocatur

2212 4838 2500 4909 HeliOpolis
2525 4853 2538 4888 :
2567 4835 2756 4889 abesse
2775 4841 2952 4887 autem
2973 4829 3167 4884 dicitur
3184 4826 3415 4898 amplius
3432 4837 3589 4895 quam
3610 4814 3779 4891 viginti

2213 4931 2445 4987 millibus
2483 4944 2513 4981 a
2555 4925 2767 4981 civitate
2796 4921 3062 4991 Memphi,
3091 4921 3178 4975 ubi
3214 4918 3552 4983 Pharaones,
3596 4911 3648 4969 id
3682 4915 3776 4970 est.

2214 5039 2368 5095 reges
2396 5022 2628 5079 maxime
2652 5016 3077 5073 commonebant.
3109 5011 3387 5081 Quomodo
3422 5024 3548 5081 ergo
3581 5005 3779 5061 deserto

2213 5115 2390 5171 ofﬁcio
2431 5108 2712 5168 sacerdotii
2760 5108 2841 5163 sui
2889 5107 3059 5177 potuit
3096 5115 3313 5160 strenue
3347 5103 3458 5173 regi
3501 5095 3693 5156 servire
3726 5089 3776 5144 in

2217 5206 2419 5262 militia:
2442 5202 2774 5275 principatu?
2795 5197 3011 5255 Accedit
3030 5197 3187 5251 etiam
3208 5193 3347 5266 quod
3366 5188 3596 5265 Egyptii
3616 5193 3778 5275 sacef-

2218 5301 2371 5357 dotes
2402 5269 2746 5369 perhibentur
2772 5306 2878 5347 non
2918 5290 3147 5345 servisse
3174 5300 3418 5355 semper,
3458 5280 3558 5339 nisi
3595 5269 3776 5342 templa

2284 5458 2301 5490 ⁸
2327 5461 2381 5505 In
2405 5451 2617 5509 excusis,
2638 5424 2757 5501 caro
2776 5449 2902 5509 sinu.
2936 5450 2994 5495 At
3026 5443 3077 5492 in
3114 5437 3332 5509 melioris
3636 5424 3778 5479 hicet

2218 5498 2802 5575 infra—inwl'ibii'
2826 5508 2906 5567 55,
2930 5516 3100 5555 car-nes
3118 5503 3341 5575 music
3356 5498 3491 5575 apud
3500 5500 3626 5575 Et}.

2284 5561 2538 5636 Γώίίίζῖὴ
2557 5561 2805 5624 sacerdote
2834 5581 2852 5619 :
2876 5561 3081 5636 ῥνοξιιιο
3095 5574 3230 5636 PES»
3248 5561 3595 5636 θὶεαέεζάςὲξίὶ·

2286 5644 2308 5675 ι
2552 5614 2817 5686 maria
2834 5614 3039 5678 λῖιὶξιέὲ.
3060 5614 3113 5679 et
3130 5614 3263 5687 1.06.,
3293 5622 3421 5676 tunc
3439 5620 3584 5687 [tisse
3600 5614 3780 5681 παρο-

2222 5704 2365 5758 s’itum
2385 5696 2538 5767 oﬁicio
2556 5694 2871 5749 sacerdotum.
