3902 6306
228 350 339 408 585

224 470 465 527 deorum
488 481 725 537 suorum,
751 483 850 526 nec
873 469 1015 527 aliud
1040 470 1235 542 aliquid
1258 472 1416 528 officii
1441 474 1670 545 gessisse
1695 494 1708 529 :
1732 477 1824 532 sed

226 562 273 619 si
305 561 453 618 forte
482 570 608 618 tunc
640 561 794 617 aliter
824 562 950 631 fuit,
983 563 1164 620 credat
1188 566 1415 636 quisque
1449 567 1590 637 quod
1619 568 1821 637 placet;

228 668 338 708 non
368 662 458 708 est
492 662 665 709 tamen
696 655 918 724 quaestio
958 656 1109 725 cujus
1140 656 1314 712 exitus
1344 657 1554 713 clausus
1577 658 1646 713 sit
1665 700 1679 723 ,
1709 660 1825 715 sive

227 762 371 801 unus
403 745 566 801 fuerit
591 746 899 815 Petepltres,
932 747 1044 803 sive
1069 748 1174 803 duo
1200 766 1212 802 :
1251 750 1525 820 quodlibet
1550 751 1691 806 enim
1722 750 1822 806 ho-

224 850 347 890 rum
377 836 609 906 quisque
633 836 922 903 existimet,
951 852 1053 893 non
1079 850 1159 894 est
1183 839 1301 895 fidei
1326 842 1698 910 periculosum,
1722 858 1821 898 nec

225 927 565 982 contrarium
592 928 796 983 veritati
826 928 1214 998 Scripturarum
1245 932 1359 987 Dei.

294 1014 615 1071 CXXXVII.
650 1015 749 1089 [lb.
785 1034 873 1073 xu
896 1060 910 1085 ,
942 1017 1057 1091 49.]
1079 1019 1145 1073 Et
1171 1023 1486 1093 congregavit
1510 1021 1703 1095 Ioseph
1729 1025 1819 1078 tri-

222 1111 382 1165 ticum
404 1151 419 1175 ,
444 1111 574 1165 sicut
611 1128 817 1165 arenam
852 1114 1005 1167 maris
1040 1114 1252 1169 multant
1288 1116 1460 1183 valde,
1496 1117 1819 1187 quoadusque

221 1217 323 1255 non
372 1203 540 1271 potuit
581 1204 869 1269 numerari;
896 1222 997 1260 non
1022 1208 1153 1260 enint
1186 1216 1291 1261 erat
1328 1225 1564 1263 numerus
1586 1225 1605 1264 :
1626 1225 1722 1280 pro
1749 1225 1816 1265 eo

219 1294 426 1351 dictum
456 1305 575 1363 est,
606 1313 706 1352 non
732 1298 866 1352 enim
890 1308 999 1353 era:
1028 1316 1265 1354 numerus
1284 1342 1298 1368 ,
1329 1301 1471 1372 quod
1495 1317 1688 1358 nomen
1717 1318 1815 1357 nu-

218 1389 356 1444 meri
392 1393 574 1445 omnis
606 1390 782 1445 usitati
819 1391 1103 1447 excederet
1137 1392 1222 1447 illa
1252 1393 1436 1464 copia,
1468 1404 1521 1448 et
1547 1394 1814 1464 quomodo

217 1480 592 1550 appellaretur
614 1497 718 1535 non
748 1482 1130 1538 inveniebatur.
1162 1481 1295 1539 Nam
1322 1483 1460 1539 unde
1486 1484 1598 1540 fieri
1631 1496 1813 1556 potest

217 1582 275 1627 ut
320 1573 724 1642 quantumlibet
764 1590 1002 1645 magnae,
1036 1575 1196 1631 liniue
1222 1585 1398 1632 tamen
1436 1579 1806 1647 multitudinis,

214 1680 483 1721 numerus
516 1683 621 1721 non
647 1666 752 1721 sit?
773 1666 1027 1735 Quamvis
1056 1668 1155 1725 hoc
1178 1671 1408 1739 potuerit
1428 1671 1587 1727 etiam
1612 1686 1806 1728 secun-

212 1757 340 1813 dum
371 1758 711 1829 hyperbolen
737 1761 861 1815 dici.

280 1849 629 1907 CXXXVIII.
670 1851 768 1925 [lb.
796 1869 934 1922 xui,
962 1853 1040 1929 9.]
1069 1854 1137 1910 Et
1174 1869 1587 1914 comntemoratus
1611 1869 1683 1914 est
1705 1860 1804 1915 Jo-

210 1944 337 2014 seph
367 1944 691 1999 somniorum
716 1963 921 2000 suorum
940 1989 955 2013 ,
986 1963 1101 2019 qua:
1131 1949 1252 2002 vidit
1287 1949 1395 2019 ipse
1413 1966 1433 2005 :
1459 1949 1806 2006 adoraverant

209 2038 353 2091 enim
381 2053 513 2093 eum
539 2038 728 2095 fratres
755 2042 856 2095 sui.
884 2040 987 2097 Sed
1011 2043 1207 2114 aliquid
1239 2044 1292 2099 in
1330 2046 1431 2100 illis
1462 2048 1681 2102 somniis
1706 2063 1802 2102 ex-

207 2128 407 2184 celsius
438 2130 814 2201 inquirendum
839 2143 938 2188 est.
969 2134 1081 2188 Non
1104 2136 1244 2189 enim
1275 2146 1449 2206 potest
1468 2153 1533 2193 eo
1554 2138 1711 2195 modo
1736 2138 1803 2195 de

207 2230 357 2290 patre
378 2221 507 2291 ejus
526 2238 589 2277 ac
614 2232 785 2279 matre
805 2226 1058 2295 compleri
1079 2267 1092 2289 ,
1115 2243 1233 2297 qua:
1248 2229 1360 2298 jam
1382 2240 1586 2285 mortua
1608 2231 1798 2301 fuerat,

206 2313 347 2381 quod
380 2313 452 2369 de
479 2314 594 2370 sole
619 2322 673 2370 et
702 2316 823 2370 luna
854 2333 976 2371 cum
998 2318 1235 2384 vidisset,
1260 2336 1287 2374 a
1317 2331 1465 2390 patre
1494 2323 1803 2393 increpante

204 2404 452 2460 audierat
483 2405 634 2479 (Gen.
664 2423 866 2476 xxxvn,
897 2408 1007 2483 10),
1038 2411 1127 2481 qui
1154 2412 1428 2468 vivebat‘.

272 2496 571 2553 CXXXlX.
598 2498 695 2571 [lb.
728 2516 859 2567 xui,
892 2501 977 2568 15,
1007 2500 1120 2575 16.]
1144 2502 1281 2570 Quid
1307 2512 1391 2558 est
1419 2505 1558 2574 quod
1598 2505 1798 2577 Joseph

206 2586 284 2641 vir
311 2598 421 2642 tam
454 2589 672 2660 sapiens
691 2632 707 2656 ,
730 2599 889 2661 atque
917 2591 989 2645 ita
1026 2608 1130 2647 non
1155 2593 1326 2647 solum
1354 2593 1627 2651 hominum
1664 2597 1800 2653 inter

205 2694 343 2748 quos
386 2680 611 2735 vivebat
662 2682 1002 2750 testimonio,
1046 2683 1140 2739 sed
1187 2684 1299 2755 ipsa
1337 2684 1495 2741 etiam
1528 2687 1797 2759 Scriptura

208 2779 344 2827 teste
387 2772 636 2828 laudatus
657 2815 670 2838 ,
702 2773 771 2829 ita
795 2775 939 2844 jurat
966 2791 1059 2846 per
1085 2776 1306 2832 salutem
1345 2778 1662 2847 Pharaonis,
1690 2798 1797 2839 non

204 2864 454 2920 exituros
480 2864 547 2921 de
572 2865 803 2938 Aigyplo
835 2867 1029 2925 fratres
1071 2884 1218 2938 suos,
1256 2871 1357 2926 nisi
1403 2872 1565 2930 frater
1610 2890 1793 2931 eorum

197 2953 384 3024 junior
436 2958 680 3013 veniret?
728 2960 806 3013 An
857 2962 1015 3015 etiam
1062 2961 1203 3018 bono
1241 2972 1295 3019 et
1335 2964 1478 3020 ﬁdeli
1516 2966 1631 3022 viro
1676 2967 1797 3023 vilis

200 3043 382 3100 fuerat
410 3047 557 3102 salus
586 3047 875 3104 Pharaonis
895 3091 910 3119 ,
938 3051 1023 3106 cui
1062 3053 1217 3107 Iidem
1254 3054 1389 3109 sicut
1425 3058 1664 3125 primitus
1692 3057 1793 3113 do-

200 3137 354 3194 mino
384 3156 487 3195 suo
514 3143 766 3197 servabat
808 3144 859 3197 in
901 3146 1185 3201 omnibus?
1210 3156 1406 3217 quanto
1446 3150 1586 3205 enim
1626 3150 1794 3221 magis

199 3228 343 3299 ipsi,
374 3234 466 3303 qui
494 3250 616 3288 eum
638 3235 689 3289 in
719 3244 864 3291 tanto
889 3236 1089 3293 honore
1114 3238 1410 3307 locaverat,
1442 3243 1485 3296 si
1516 3244 1589 3298 illi
1614 3260 1793 3300 serva-

200 3320 309 3387 vit,
345 3323 441 3392 qui
472 3340 594 3379 eum
627 3340 840 3380 servum
868 3329 1163 3397 emptitium
1199 3331 1535 3399 possidebat?
1560 3334 1710 3402 Quod
1745 3337 1791 3391 si

193 3426 309 3466 non
331 3413 559 3467 curabat
578 3414 868 3471 Pharaonis
888 3419 1135 3487 salutem,
1160 3423 1411 3492 numquid
1433 3433 1484 3477 et
1505 3425 1791 3494 perjurium

193 3518 301 3573 pro
329 3503 616 3574 cujuslibet
659 3506 890 3562 hominis
929 3509 1098 3564 salute
1136 3511 1301 3567 vitare
1331 3529 1432 3567 nou
1463 3514 1680 3572 debuit?
1708 3519 1791 3575 An

196 3610 309 3649 non
339 3604 425 3651 est
454 3596 782 3666 perjurium?
808 3599 1002 3655 Tenuit
1037 3603 1175 3656 enim
1215 3619 1377 3660 unum
1407 3622 1589 3662 eorum
1620 3609 1792 3667 donec

195 3686 412 3740 veniret
445 3686 738 3756 Benjamin,
772 3698 825 3743 et
851 3706 1033 3745 verum
1059 3690 1249 3748 factum
1277 3707 1357 3750 est
1386 3698 1524 3769 quod
1545 3699 1787 3757 dixerat:

201 3774 323 3830 Non
353 3778 556 3832 exibitis
586 3779 701 3833 hinc
721 3822 735 3847 ,
768 3782 865 3836 nisi
898 3784 1082 3839 venerit
1109 3790 1269 3857 frater
1291 3799 1463 3843 vester.
1492 3791 1572 3845 Ad
1602 3808 1790 3851 omnes

200 3865 347 3921 enim
393 3884 498 3923 non
542 3871 710 3939 potuit
754 3873 1022 3942 pertinere
1067 3878 1206 3946 quod
1254 3878 1449 3935 dictum
1500 3893 1614 3950 est;
1664 3902 1785 3942 nam

198 3960 470 4029 quomodo
495 3969 549 4015 et
573 3961 665 4017 ille
693 3973 948 4020 venturus
974 3976 1132 4034 esset,
1159 3969 1261 4023 nisi
1284 3971 1349 4025 ad
1370 3988 1491 4028 cum
1520 3975 1788 4033 adducen-

200 4045 323 4102 dum
345 4050 511 4120 aliqui
540 4050 863 4109 rediissent?
887 4056 988 4111 Sed
1014 4059 1153 4128 quod
1173 4063 1411 4131 sequitur
1438 4068 1603 4137 magis
1634 4079 1786 4140 urget

199 4144 569 4210 qumstionem,
595 4145 683 4199 ubi
714 4145 904 4202 iterum
921 4148 1119 4220 juravit
1138 4152 1338 4221 dicens,
1364 4155 1549 4215 Mittite
1568 4178 1629 4215 ea:
1648 4165 1784 4219 vobis

200 4247 353 4288 unum
374 4278 388 4304 ,
420 4246 467 4291 et
493 4237 725 4292 adducite
741 4242 948 4311 fratrem
968 4253 1183 4298 vestrum
1201 4264 1221 4311 ;
1242 4264 1327 4302 vos
1355 4261 1522 4304 auten:
1556 4254 1781 4311 ducenti-

200 4325 252 4378 ni
277 4327 320 4389 ³,
352 4330 681 4401 quoadusque
709 4335 973 4405 manifesta
994 4336 1094 4391 sint
1120 4338 1265 4393 verba
1290 4353 1469 4411 vestra,
1498 4345 1543 4399 si
1562 4363 1677 4402 vera
1697 4350 1780 4404 di-

200 4419 307 4475 citis
332 4439 398 4477 απ
428 4441 529 4479 non
554 4428 671 4480 :sin
697 4437 885 4496 autent,
912 4446 1000 4499 per
1023 4432 1233 4488 salutem
1261 4433 1566 4505 Pharaonis,
1595 4444 1777 4514 explo-

200 4522 387 4570 ratores
416 4516 568 4581 estis;
589 4517 642 4571 id
668 4526 782 4585 est,
809 4519 853 4573 si
886 4536 989 4574 non
1020 4537 1141 4577 vera
1172 4524 1345 4581 dicitis
1366 4569 1380 4595 ,
1416 4534 1779 4601 exploratores

201 4604 344 4658 estis.
385 4606 519 4662 Iluic
550 4610 827 4665 sententia:
858 4610 1173 4682 interposuit
1202 4615 1521 4685 juratiouem
1545 4666 1556 4687 ,
1582 4627 1701 4696 quia
1731 4629 1778 4683 si

202 4706 318 4749 vera
347 4714 453 4755 non
478 4698 754 4769 dixissent,
784 4702 1146 4773 exploratores
1166 4721 1364 4777 essent,
1387 4712 1437 4767 id
1468 4726 1564 4783 est,
1596 4721 1777 4791 explo-

201 4796 429 4847 ratorum
462 4807 617 4863 patna
639 4793 783 4865 digni
810 4805 1023 4863 essent;
1069 4815 1202 4871 quos
1243 4810 1417 4860 tamen
1449 4823 1571 4864 vera
1600 4812 1777 4872 dicere

202 4878 414 4938 sciebat.
442 4883 628 4955 Neque
658 4886 799 4941 enim
832 4888 1075 4959 perjurus
1103 4901 1184 4947 est
1211 4895 1453 4968 quisque,
1477 4902 1519 4956 si
1543 4903 1591 4958 ei
1617 4920 1773 4976 quant

202 4973 547 5031 castissimum
576 4977 915 5046 novit,dicat,
933 4980 989 5035 Si
1018 4982 1120 5038 hoc
1142 4984 1457 5047 adulterium
1487 4993 1554 5049 de
1573 4973 1677 5066 quo
1689 5014 1775 5054 ar-

202 5067 369 5130 gueris
395 5071 743 5139 commisisti,
773 5072 990 5131 damnat
1019 5086 1069 5133 te
1099 5079 1259 5149 Dens,
1285 5092 1339 5138 et
1362 5083 1443 5140 his
1472 5089 1647 5147 verbis
1675 5093 1773 5149 ad-

205 5152 372 5217 hibeat
393 5163 754 5236 jurationem;
779 5184 960 5225 verum
989 5173 1205 5228 omnino
1225 5177 1399 5244 jurat:
1425 5178 1494 5235 ibi
1523 5191 1603 5238 est
1632 5186 1773 5242 enim

205 5252 425 5312 conditio
443 5274 544 5328 qua
568 5259 700 5314 dixit
718 5300 731 5322 ,
756 5258 813 5316 Si
838 5260 1042 5329 fecisti,
1066 5281 1221 5335 quem
1249 5277 1423 5325 tamen
1450 5288 1556 5329 non
1584 5276 1773 5336 fecisse

207 5350 395 5435 certum
426 5348 601 5406 habet.
625 5349 732 5407 Sed
762 5352 835 5407 ait
858 5352 1070 5425 aliquis,
1099 5355 1298 5413 Verum
1322 5371 1402 5417 est
1429 5365 1547 5435 quia
1575 5367 1620 5422 si
1648 5367 1775 5427 fecit

205 5428 506 5498 adulterium
524 5484 538 5510 ,
560 5442 941 5503 damnatillum
970 5448 1113 5506 Deus
1133 5467 1148 5505 :
1171 5451 1272 5510 hoc
1298 5428 1475 5514 autem
1506 5466 1773 5532 quomodo

262 5614 280 5687 ξ
302 5620 408 5687 ρῳ.
429 5622 542 5684 duo,
565 5621 650 5687 qui
668 5624 868 5678 viderat.

206 5677 382 5783 dm'
302 5681 432 5783 “illi
449 5677 1062 5783 .‘i‘i:“€£."":’3.:.t£:‘§:
1083 5694 1281 5783 ea“:
1296 5703 1772 5783 magnetem

240 5747 674 5823 supple.
702 5750 1019 5823 incarcerem
1043 5769 1055 5804 =
1082 5747 1212 5823 Quod
1235 5747 1284 5809 in
1299 5747 1773 5823 ὶὶίἰέἇῐῐξίῖέιῖἄηῖ

204 5794 361 5865 tiatur,
381 5794 1745 5892 ceterameast'xpsmﬁfmt‘ewwiézbiﬁ

469 5891 696 5957 Sancr.
748 5900 1023 5964 Ancusr.
1058 5903 1164 5969 III.

1620 360 1819 417 LIBER
1856 361 2120 420 PRIMUS.

3408 377 3513 433 586

1934 494 2116 533 verum
2139 484 2251 544 est,
2280 477 2336 533 Si
2376 490 2478 533 non
2521 494 2705 535 verum
2735 480 2927 549 dicitis,
2955 484 3317 553 exploratores
3345 491 3505 555 estis,

1931 585 2051 624 cum
2083 569 2290 625 etiamsi
2314 571 2657 640 mentiantur,
2689 590 2796 629 non
2835 576 2943 630 sint
2975 578 3374 647 exploratores?
3400 583 3509 639 Sed

1931 662 2032 717 hoc
2060 672 2142 717 est
2165 663 2304 735 quod
2334 663 2462 730 dixi,
2496 667 2567 719 ita
2593 665 2792 722 dictum
2819 683 2937 724 esse
2956 711 2970 734 ,
2999 672 3340 740 exploratores
3364 678 3508 742 estis,

1931 762 2175 822 tanquam
2222 755 2267 809 si
2311 755 2511 811 dictum
2555 767 2730 822 esset,
2756 759 3150 830 exploratorum
3181 778 3335 834 poena
3364 765 3509 837 digni

1928 844 2074 910 estis,
2106 848 2205 900 hoc
2230 855 2313 901 est
2338 847 2702 918 exploratores
2732 850 3112 920 deputabimiui
3136 854 3327 910 merito
3350 872 3507 912 men-

1925 934 2059 990 daeii
2084 938 2263 992 vestri.
2287 936 2427 993 Estis
2445 948 2622 995 autem
2649 940 2885 1012 potuisse
2910 942 3035 1010 dici,
3056 960 3155 1016 pro
3178 945 3505 1004 habebimini

1924 1038 1977 1083 et
2000 1028 2380 1100 deputabimiui
2397 1071 2413 1098 ,
2433 1031 2720 1088 innumerce
2740 1034 2942 1090 similes
2970 1035 3263 1094 locutiones
3288 1037 3503 1095 docent.

1923 1118 2075 1175 Unde
2114 1129 2199 1175 est
2234 1121 2321 1176 illa
2379 1121 2536 1189 Elite,
2588 1123 2895 1196 Quicumque
2933 1126 3211 1181 exandierit
3263 1129 3317 1181 in
3364 1129 3502 1200 igne,

1920 1209 2028 1279 ipse
2054 1212 2146 1265 erit
2174 1212 2307 1266 Deus
2325 1212 2413 1283 (Ill
2442 1212 2570 1286 Reg.
2599 1231 2750 1285 XVIII,
2779 1215 2893 1290 24).
2918 1216 3036 1275 Non
3054 1220 3196 1275 enim
3225 1229 3347 1275 tunc
3374 1223 3499 1288 erit,

1920 1300 2015 1356 sed
2043 1310 2169 1356 tunc
2195 1302 2491 1359 habebitur.

1988 1388 2143 1446 CXL.
2186 1390 2286 1466 [lb.
2322 1409 2463 1462 xui,
2490 1393 2605 1469 25.]
2633 1395 2767 1464 Quid
2806 1406 2890 1454 est
2928 1400 3069 1471 quod
3110 1416 3229 1457 cum
3260 1403 3398 1460 inter
3436 1421 3497 1462 se

1919 1484 2236 1553 pcenitentes
2266 1488 2355 1541 ﬁlii
2383 1486 2545 1543 Israel
2573 1490 2918 1560 loquerentur
2958 1494 3025 1549 de
3067 1493 3230 1553 fratre
3272 1515 3369 1555 suo
3408 1499 3502 1557 Jo-

1916 1575 2076 1646 seph,
2108 1576 2247 1648 quod
2273 1593 2393 1633 cum
2420 1580 2511 1635 illo
2541 1581 2675 1636 male
2704 1584 2943 1653 egerint,
2971 1596 3024 1641 et
3050 1586 3150 1643 hoc
3186 1590 3264 1644 eis
3316 1591 3497 1648 divino

1908 1664 2109 1735 judicio
2148 1668 2481 1736 redderetur,
2512 1671 2652 1741 quod
2682 1687 2742 1727 se
2768 1673 3053 1742 periclitari
3092 1678 3373 1747 videbant,
3402 1681 3500 1737 ad-

1907 1756 2082 1826 jungit
2106 1756 2374 1828 Scriptura
2401 1768 2455 1815 et
2476 1759 2625 1823 dicit,
2655 1760 2769 1833 Ipsi
2792 1763 3092 1835 ignorabant
3116 1769 3232 1839 quia
3258 1772 3495 1828 audiebat

1908 1844 2136 1917 Ioseph:
2161 1848 2408 1920 interpres
2435 1851 2569 1906 enim
2596 1852 2726 1907 inter
2749 1852 2865 1909 illos
2890 1866 3017 1910 erat.
3052 1858 3164 1915 Iloc
3187 1862 3391 1919 scilicet
3409 1864 3497 1919 in-

1912 1938 2252 2010 telligendum
2278 1950 2385 2008 est,
2420 1942 2541 2000 ideo
2574 1959 2665 2000 eos
2696 1955 2908 2015 putasse
2937 1949 3060 2019 quia
3091 1952 3179 2007 ille
3208 1969 3314 2009 non
3344 1956 3495 2011 audi-

1909 2040 2009 2099 ret,
2030 2034 2170 2103 quod
2188 2033 2437 2091 videbant
2455 2035 2801 2108 interpretem
2821 2042 2908 2110 qui
2939 2041 3078 2098 inter
3106 2044 3225 2101 illos
3250 2057 3382 2116 erat,
3415 2050 3498 2104 ni-

1910 2122 1983 2179 hil
2022 2125 2070 2179 ci
2096 2124 2276 2183 dicere
2305 2143 2487 2183 eorum
2527 2146 2645 2201 qua:
2689 2131 3071 2203 loquebantur;
3107 2153 3206 2193 nec
3242 2140 3313 2195 ob
3351 2142 3494 2198 aliud

1908 2213 2201 2271 adhibitum
2256 2218 2514 2288 putabant
2555 2221 2897 2292 interpretem
2922 2265 2937 2290 ,
2978 2227 3079 2281 nisi
3119 2230 3259 2299 quod
3308 2247 3494 2288 eorum

1906 2305 2139 2377 linguam
2166 2309 2254 2363 ille
2278 2310 2543 2377 nesciret;
2568 2327 2667 2368 nec
2693 2328 2817 2368 cura
2847 2324 2965 2371 crat
2987 2317 3290 2389 interpretis
3319 2338 3378 2377 ea
3410 2324 3492 2379 di-
3566 2376 3569 2377 ν

1906 2414 2027 2454 cere
2053 2401 2164 2469 illi,
2190 2418 2221 2455 a
2249 2419 2353 2474 quo
2382 2406 2585 2474 positus
2611 2405 2801 2476 fuerat,
2833 2425 2953 2481 quae
2982 2427 3088 2468 non
3117 2414 3182 2468 ad
3204 2414 3371 2484 illum,
3394 2418 3493 2472 sed

1906 2488 2044 2547 inter
2069 2507 2128 2548 se
2152 2492 2525 2563 loquebantur.

1973 2583 2151 2639 CXLI.
2182 2584 2413 2658 [lb.xut,
2439 2587 2554 2661 24.]
2572 2589 2636 2643 Et
2660 2591 2843 2647 iterum
2866 2596 3071 2650 accessit
3089 2597 3157 2650 ad
3170 2614 3275 2666 eos,
3298 2609 3346 2653 et
3362 2582 3493 2657 dixit

1903 2676 2041 2730 illis:
2064 2692 2162 2732 nec
2187 2677 2423 2749 adjungit
2446 2680 2572 2750 quid
2596 2681 2702 2735 illis
2730 2682 2941 2739 dixerit.
2980 2684 3131 2743 Unde
3174 2688 3488 2761 intelligitur

1904 2769 2017 2826 hsce
2044 2770 2230 2826 eadem
2260 2771 2458 2827 dixisse
2485 2788 2602 2844 quae
2628 2774 2854 2831 dixerat.

1972 2860 2171 2916 CXLII.
2202 2860 2299 2934 [lb.
2329 2878 2435 2918 xui
2453 2905 2470 2931 ,
2501 2862 2615 2936 '58.]
2658 2864 2723 2919 Et
2753 2865 3009 2924 deducetis
3046 2881 3296 2927 senectam
3326 2890 3490 2932 nteant

1899 2970 2014 3007 cum
2056 2955 2258 3009 tristitia
2302 2956 2372 3010 ad
2417 2956 2689 3027 infernum.
2730 2958 2917 3015 Utrum
2944 2961 3064 3019 ideo
3088 2965 3154 3019 ad
3182 2966 3481 3035 infernum,

1899 3044 2021 3115 quia
2064 3060 2184 3100 cum
2233 3047 2481 3103 tristitia?
2519 3064 2589 3103 an
2615 3049 2822 3105 etiamsi
2851 3052 3064 3109 abesset
3093 3056 3304 3113 tristitia
3324 3100 3340 3125 ,
3369 3070 3488 3118 tan-

1899 3150 2057 3206 quam
2084 3137 2152 3193 ad
2178 3137 2439 3194 infernum
2469 3140 2746 3196 moriendo
2779 3142 3134 3202 descensurus
3167 3147 3282 3205 hzcc
3310 3150 3485 3223 loqui-

1901 3226 2019 3280 tur?
2037 3227 2111 3283 De
2141 3227 2349 3286 inferno
2370 3232 2512 3286 enim
2540 3247 2730 3305 magna
2755 3237 2980 3305 quaestio
3003 3248 3107 3304 cst,
3132 3248 3188 3296 et
3212 3242 3340 3310 quid
3361 3244 3488 3301 inde

1898 3315 2167 3388 Scriptura
2196 3322 2410 3389 sentiat,
2440 3323 2570 3378 locis
2598 3326 2880 3395 omnibus,
2908 3329 2998 3384 ubi
3023 3328 3163 3389 forte
3191 3332 3294 3391 hoc
3326 3352 3484 3395 com-

1899 3420 2251 3466 memoratum
2280 3413 2461 3481 fuerit,
2485 3415 2878 3474 observandum
2904 3430 3004 3476 est.

1969 3500 2195 3558 CXLIII.
2224 3502 2501 3577 [lb.xutt,
2545 3505 2660 3580 9.8.]
2701 3509 2854 3576 Quod
2892 3526 2923 3566 a
2964 3517 3249 3586 prmposito
3292 3521 3485 3582 domus

1897 3592 2149 3661 audiunt,
2178 3596 2317 3651 Deus
2354 3608 2511 3652 vester
2534 3610 2581 3653 et
2611 3599 2752 3656 Deus
2792 3613 2994 3673 patrum
3031 3620 3308 3668 vestrorum
3343 3617 3484 3674 dedit

1896 3683 2032 3739 vobis
2060 3686 2319 3742 thesauros
2340 3689 2390 3743 in
2403 3690 2562 3745 saccis
2586 3693 2756 3747 vestris
2766 3707 3061 3767 ;argentum
3081 3713 3247 3758 autent
3266 3718 3483 3766 vestrum

1896 3776 2162 3846 probatum
2201 3778 2380 3846 habeo,
2409 3781 2741 3838 mendacium
2786 3786 3018 3856 videtur,
3053 3793 3148 3848 sed
3176 3795 3372 3867 aliquid
3403 3802 3481 3856 si-

1893 3864 2147 3936 gniﬁcare
2170 3869 2495 3926 credendum
2520 3881 2622 3928 est.
2651 3876 2943 3947 Argentum
2971 3884 3111 3939 enim
3134 3864 3277 3958 quod
3304 3901 3361 3946 et
3380 3892 3481 3950 da-

1897 3966 2001 4024 tur,
2029 3966 2084 4013 et
2104 3974 2211 4015 non
2230 3961 2514 4030 tninuitur,
2536 3965 2657 4037 quia
2706 3977 2761 4023 et
2799 3970 3082 4041 probatum
3110 3978 3125 4008 ⁸
3150 3982 3479 4049 appellatum

1892 4058 2011 4117 est,
2044 4050 2293 4108 nimirum
2324 4054 2452 4109 illud
2492 4056 2807 4130 intelligitur
2834 4062 2901 4119 de
2930 4081 3035 4135 quo
3062 4067 3189 4124 alibi
3216 4071 3476 4144 legimus,

1891 4140 2112 4213 Eloquia
2142 4142 2350 4199 Domini
2376 4147 2577 4218 eloquia
2601 4160 2760 4219 casta,
2789 4166 3054 4225 argentum
3078 4159 3194 4230 igne
3215 4140 3480 4221 examina;

1890 4241 2015 4299 tum,
2035 4233 2296 4305 probatum
2314 4246 2477 4305 teme,
2497 4251 2765 4311 purgatunt
2788 4247 3075 4317 septuplum
3092 4249 3262 4322 (Psal.
3291 4271 3367 4323 ιι,
3392 4258 3473 4329 7),

1890 4325 1942 4381 id
1968 4336 2051 4382 est
2077 4327 2329 4397 perfecte.
3430 4325 3471 4351 r‘

1957 4418 2184 4474 CXLIV.
2210 4420 2308 4495 [lb.
2339 4436 2463 4478 mu
2481 4462 2498 4489 ,
2525 4424 2641 4497 54.]
2666 4425 2911 4484 Biberunt
2942 4442 3109 4488 autem
3128 4476 3145 4502 ,
3172 4447 3220 4491 et
3243 4437 3479 4499 inebriari

1887 4520 2003 4564 sunt
2030 4527 2143 4564 cum
2171 4527 2247 4565 eo.
2280 4511 2465 4569 Solent
2499 4514 2624 4571 hinc
2656 4518 2851 4575 ebriosi
2890 4522 3144 4583 adbibere
3185 4532 3477 4593 testimonii

1888 4603 2258 4672 patrocinium;
2277 4619 2384 4661 non
2404 4614 2621 4678 propter
2636 4610 2755 4666 illos
2774 4612 2908 4671 filios
2933 4615 3113 4687 Israel,
3136 4622 3230 4677 sed
3254 4636 3477 4697 propter

1884 4692 2118 4764 Ioseph,
2167 4696 2257 4767 qui
2298 4697 2449 4754 valde
2489 4700 2702 4770 sapiens
2737 4709 3139 4766 commendatur
3175 4732 3190 4767 :
3226 4692 3322 4772 sed
3356 4692 3476 4776 'boc

1883 4785 2110 4840 verbum
2139 4797 2191 4843 et
2214 4803 2310 4858 pro
2330 4791 2575 4847 satietate
2599 4795 2774 4851 solere
2798 4800 2924 4867 poni
2953 4801 3006 4855 in
3026 4801 3346 4876 Scripturis,
3378 4813 3474 4881 qui

1884 4878 2164 4951 diligenter
2190 4883 2512 4953 adverterit,
2545 4889 2729 4945 multis
2755 4891 2806 4945 in
2833 4893 2965 4950 locis
3018 4897 3276 4957 inveniet.
3316 4878 3473 4961 Unde

1882 4984 1965 5029 est
1986 4975 2134 5041 illud,
2168 4975 2392 5032 Visitasti
2415 4988 2600 5036 terram
2620 4994 2667 5037 et
2687 4984 2947 5043 inebriasti
2966 5005 3095 5056 eam,
3121 4995 3474 5064 multiplicasti

1883 5067 2045 5121 ditare
2069 5084 2180 5123 eam
2204 5067 2375 5142 (Psal.
2398 5087 2540 5140 thv,
2570 5074 2659 5142 10)
2683 5092 2696 5130 :
2722 5091 2787 5133 eo
2815 5081 2955 5150 quod
2998 5080 3052 5135 in
3098 5083 3256 5139 laude
3298 5088 3454 5143 bene-

1882 5157 2129 5216 dictionis
2152 5162 2251 5218 hoc
2279 5164 2508 5233 positum
2531 5177 2633 5234 est,
2663 5177 2717 5224 et
2736 5168 2934 5225 donum
2961 5172 3054 5227 Dei
3076 5188 3439 5237 commemora

1884 5261 1987 5317 tur,
2014 5266 2233 5325 apparet
2253 5256 2353 5312 hac
2370 5258 2627 5316 ebrietate
2648 5262 2979 5317 saturitatem
3003 5266 3313 5336 significari.
3330 5272 3470 5333 Nam

1882 5345 1953 5401 ita
1999 5346 2253 5404 inebriari
2301 5359 2359 5405 ut
2400 5351 2730 5410 incbriantur
2766 5357 2997 5425 ebriosi,
3029 5376 3130 5416 nec
3171 5363 3272 5435 ipsi
3310 5376 3468 5427 terra:

1881 5440 2008 5496 utile
2036 5450 2142 5511 est,
2165 5446 2419 5515 quoniam
2446 5447 2649 5517 majore
2678 5466 2834 5520 quam
2858 5452 3088 5510 satietati
3110 5458 3337 5529 sufﬁcit,
3369 5465 3468 5522 hu-

1879 5544 2031 5588 more
2069 5535 2459 5605 corrumpitur;
2500 5538 2639 5594 sicut
2680 5541 2786 5596 vita
2832 5542 3165 5605 ebriosorum
3190 5593 3205 5617 ,
3241 5555 3333 5624 qui
3357 5572 3467 5616 non

1879 5624 2125 5681 satietate
2148 5641 2209 5682 se
2236 5626 2463 5696 replent,
2490 5630 2586 5687 sed
2616 5644 2863 5705 mergunt
2890 5636 3107 5697 diluvio.

1949 5716 2150 5772 CXLV.
2173 5718 2272 5792 [lb.
2294 5722 2557 5798 xuv,15.]
2577 5723 2730 5793 Quod
2750 5728 2827 5785 ait
2844 5729 3093 5791 fratribus
3110 5738 3222 5798 suis
3238 5740 3461 5815 Ioseph,

1877 5873 1885 5881 .
1944 5835 1962 5867 ι
1985 5836 2069 5887 Hie
2086 5841 2195 5889 Mss.
2218 5850 2405 5903 omnes,
2430 5838 2643 5906 probum.
2668 5851 2816 5899 Graec.
2838 5854 2951 5900 Lxx
2967 5884 2981 5912 ,
3004 5851 3338 5935 eudoltimonn.

2802 5934 3229 6023 {Dir-neuﬂj

1858 5990 1884 6005 ,ρ
1916 5983 1926 5995 ὃ
