3902 6322
218 440 330 482 una
350 424 459 481 tilia
482 424 622 485 tilias
646 422 936 489 norninari,
968 420 1155 492 [iurati
1180 435 1405 483 nemone
1424 436 1525 493 pro
1554 421 1812 492 singulari

138 638 145 661 τ
294 611 451 668 CLII.
478 608 505 683 {
532 608 615 668 Ib.
649 625 797 675 xcvi,
840 608 933 674 26,
962 608 1051 663 Ξῖ.
1079 606 1099 681 ]
1125 607 1275 677 Quod
1303 607 1493 679 legitur
1537 610 1814 680 Sexaginta

223 716 327 759 se:
359 701 567 756 animas
592 700 825 763 intrasse
844 714 972 754 cum
1003 699 1168 755 Iacob
1209 699 1262 755 in
1308 699 1620 770 Egyptian,
1646 715 1813 757 exce—

222 794 335 864 ptis
354 790 601 848 videlicet
619 790 740 844 llliis
767 789 986 860 Ioseph,
1014 797 1073 844 et
1092 788 1292 847 deinde
1318 790 1424 849 illis
1449 791 1817 851 auoumeratis

224 884 476 949 infertur,
508 881 843 953 Septuaginta
862 883 1083 951 quinque
1104 881 1292 939 animat
1311 892 1475 948 erant,
1490 899 1615 943 ,cunt
1640 884 1817 952 quibus

221 972 391 1028 Jacob
414 973 618 1026 intravit
656 973 711 1026 iu
736 970 1028 1043 Egyptian
1053 989 1072 1035 ;
1100 971 1179 1027 sic
1201 972 1569 1041 attendendum
1595 982 1696 1035 est,
1722 974 1817 1043 qui

233 1073 396 1120 eram
422 1064 474 1118 in
497 1065 657 1118 domo
680 1062 864 1129 Iacob,
905 1062 1117 1132 quando
1169 1063 1384 1123 intravit
1418 1064 1474 1123 in
1502 1063 1814 1135 Egyptum.

222 1157 367 1215 ﬁam
408 1156 590 1227 utique
617 1171 752 1225 quos
794 1155 868 1210 ibi
899 1156 1121 1221 invenit,
1174 1171 1280 1211 non
1324 1171 1449 1213 cum
1475 1156 1553 1217 eis
1576 1158 1812 1215 intravit.

229 1248 340 1304 Sed
360 1248 612 1319 quoniam
632 1246 943 1317 diligentius
962 1247 1200 1303 discussa
1232 1247 1458 1307 veritate
1476 1248 1817 1318 reperiuntur

228 1342 339 1397 duo
360 1342 469 1403 nati
491 1342 603 1410 jam
624 1339 789 1394 (uisse
812 1353 935 1393 cum
966 1338 1198 1403 intravit,
1226 1338 1476 1408 Ephraem
1507 1349 1562 1395 et
1588 1338 1798 1397 Manas-

230 1449 342 1497 ses,
367 1430 509 1502 quod
526 1447 635 1487 non
662 1431 839 1484 solum
865 1431 966 1484 hoc
988 1429 1110 1491 loco
1136 1428 1338 1485 hebraﬁ
1362 1428 1575 1491 codices
1620 1428 1818 1491 habere

229 1527 500 1591 dicuntur,
533 1542 715 1583 verum
766 1527 927 1581 etiam
973 1526 1087 1595 ipsa
1138 1523 1432 1583 secundum
1475 1522 1819 1593 Septuaginta

230 1620 604 1689 interju'etatio
633 1619 685 1673 in
730 1604 915 1673 Exodo
941 1618 1213 1683 declarat;
1242 1632 1339 1671 nec
1365 1615 1707 1687 Septuaginta
1742 1615 1822 1671 in-

233 1720 501 1781 terpretes
551 1710 682 1765 mihi
724 1711 779 1765 in
823 1711 924 1765 hoc
948 1710 1194 1765 videntur
1216 1725 1456 1773 errasse,
1488 1704 1575 1779 qui
1606 1718 1822 1777 propter

231 1804 464 1873 aliquam
492 1802 771 1874 mysticam
794 1801 1238 1872 signiﬁcationem
1265 1799 1491 1871 quadam
1517 1798 1659 1863 velut
1685 1814 1817 1867 pro.

235 1895 447 1964 phetica
479 1894 726 1950 libertate
746 1894 887 1949 hunc
908 1908 1186 1957 numerum
1224 1893 1817 1963 complerc‘volucrunt,

234 1989 281 2042 si
313 1987 487 2043 adhuc
516 1990 729 2044 vivente
766 1988 929 2044 Iacob
954 1989 1035 2047 illi
1060 2004 1131 2044 ex
1154 1988 1367 2042 duobus
1406 1986 1531 2051 ﬁliis
1577 1986 1821 2044 Manasse

232 2092 292 2134 et
324 2080 567 2150 Ephrem:
614 2080 892 2153 propagati
928 2089 1073 2145 sunt,
1103 2096 1237 2151 quos
1268 2080 1446 2135 eidem
1474 2093 1697 2137 numero
1720 2078 1819 2135 de.

235 2190 359 2229 inus
391 2174 555 2231 Iacob
580 2175 941 2246 aggregandos
978 2173 1364 2243 judicavcruut.
1399 2171 1503 2237 Sed
1530 2170 1649 2241 quia
1679 2170 1822 2227 inve—

233 2268 384 2325 nitur
402 2268 566 2324 Iacob
586 2268 769 2325 decem
801 2277 858 2323 et
882 2276 1083 2337 septem
1108 2283 1278 2323 anites
1290 2266 1487 2320 .vixisse
1514 2265 1569 2319 iu
1590 2263 1823 2334 Egypto

230 2358 412 2429 (Gen.
444 2377 609 2428 xum,
631 2361 702 2417 28
720 2360 764 2431 ),
788 2360 1055 2430 quomodo
1081 2367 1371 2429 potuerunt
1394 2359 1484 2413 lilii
1509 2356 1707 2427 Ioseph
1730 2357 1824 2425 ille

234 2453 359 2506 vivo
382 2453 541 2509 etiam
575 2461 797 2523 nepotes
814 2451 1037 2519 habere,
1090 2466 1198 2505 non
1229 2451 1513 2504 invenitur.
1543 2448 1815 2519 Ingressus

232 2552 321 2598 est
348 2544 488 2597 enim
520 2543 804 2615 Egyptum
855 2542 1019 2598 Iacob
1066 2542 1305 2597 secundo
1334 2556 1476 2596 anno
1514 2540 1669 2595 famis
1695 2538 1819 2612 (Id.

233 2653 366 2703 xcv,
391 2636 465 2709 6)
494 2655 507 2701 ;
537 2639 646 2691 nati
670 2645 794 2692 sunt
821 2646 996 2692 autem
1022 2638 1112 2691 lilii
1154 2636 1352 2707 Ioseph
1384 2636 1437 2692 in
1462 2635 1615 2690 annis
1651 2636 1820 2694 abun-

233 2729 431 2783 dantia:
450 2727 469 2800 (
488 2727 572 2781 Id.
602 2744 712 2794 xu,
735 2728 802 2784 50
830 2726 849 2801 )
879 2746 893 2781 :
924 2727 1245 2798 quibuslibet
1269 2727 1422 2782 annis
1449 2727 1705 2783 ubertatis
1726 2742 1820 2781 na»

230 2818 275 2872 ti
310 2817 700 2884 existimentur,
729 2832 759 2870 a
786 2818 961 2888 primo
988 2835 1128 2871 anno
1156 2816 1413 2871 ubertatis
1445 2816 1698 2887 usquead
1732 2830 1818 2871 se,

238 2909 472 2965 cundmn
500 2924 699 2964 annum
752 2909 928 2969 famis.
957 2924 1064 2978 quo
1109 2908 1383 2980 ingressus
1415 2918 1497 2963 est
1540 2907 1706 2963 Iacob
1755 2908 1806 2961 ia

233 2999 545 3071 Egyptum,
598 3015 789 3054 novem
818 3000 941 3054 anni
986 3008 1143 3065 sunt;
1198 3002 1299 3053 huc
1324 2999 1520 3053 additis
1549 3000 1734 3054 decem
1766 3003 1822 3053 et

232 3100 442 3162 septem
467 3092 659 3163 quibus
688 3092 758 3146 ibi
781 3093 910 3147 vixit
936 3091 1121 3158 Iacob,
1153 3093 1336 3163 viginti
1377 3108 1469 3147 sex
1515 3092 1641 3148 anni
1668 3106 1821 3161 rupe.

230 3183 477 3238 riuntur.
534 3182 817 3250 Quomodo
865 3198 992 3254 ergo
1019 3184 1195 3237 minus
1234 3200 1393 3253 quam
1428 3183 1609 3253 viginti
1632 3194 1690 3238 et
1720 3197 1818 3245 se;

230 3289 494 3329 annorum
537 3273 761 3343 juvenes
789 3274 949 3327 etiam
996 3284 1219 3342 nepotes
1268 3274 1463 3327 habere
1494 3273 1822 3341 potuerunt?

228 3367 341 3423 Sed
373 3383 543 3436 neque
564 3367 667 3421 ulia
692 3366 937 3420 hebraiea
964 3367 1193 3421 veritate
1210 3367 1307 3419 ista
1326 3364 1555 3419 solvitur
1575 3364 1817 3435 quatstio.

226 3455 697 3524 Quemadmodum
727 3456 870 3510 enim
909 3456 1112 3524 impleri
1162 3456 1352 3525 potuit,
1398 3464 1456 3509 ut
1497 3464 1574 3509 tot
1600 3468 1821 3525 nepotes

227 3546 531 3615 susciperet
549 3545 713 3601 Iacob
728 3553 1008 3615 antequam
1026 3546 1249 3600 intraret
1266 3546 1319 3601 in
1337 3544 1647 3617 Egyptum,
1661 3546 1821 3600 etiam

228 3638 304 3692 de
324 3637 600 3706 Benjamin
631 3637 719 3707 qui
746 3636 829 3690 illa
853 3646 1011 3692 aetate
1036 3638 1183 3692 venit
1221 3637 1286 3691 ad
1315 3638 1570 3691 fratrem?
1595 3636 1712 3691 Non
1733 3653 1819 3693 se-

230 3730 346 3783 lum
377 3736 551 3782 autem
578 3727 849 3799 Scriptum
905 3744 1024 3782 eum
1058 3728 1193 3783 ﬁlios
1219 3728 1468 3784 habuisse
1490 3744 1820 3785 commemo-

230 3832 338 3886 rat,
361 3821 455 3877 sed
476 3830 530 3875 et
546 3830 768 3891 nepotes
792 3830 845 3876 et
865 3831 1229 3893 pronepotem,
1248 3823 1336 3892 qui
1358 3837 1544 3877 mnnos
1561 3838 1819 3877 antmme-

233 3910 421 3971 rantur
444 3914 715 3986 sexaginta
747 3930 837 3970 sex
868 3914 1189 3980 hominibus,
1221 3932 1341 3969 cum
1364 3916 1556 3985 quibus
1577 3915 1743 3972 Iacob
1764 3916 1819 3970 in

236 4007 549 4079 Egyptian,
569 4007 729 4062 etiam
749 4007 1039 4061 secundum
1064 4007 1369 4062 hebraicam
1396 4008 1669 4061 veritatem
1692 4022 1817 4077 per-

236 4099 450 4153 hibetur
478 4098 723 4153 intrasse.
746 4097 1039 4152 Videndum
1059 4106 1143 4152 est
1171 4099 1352 4166 etiam,
1381 4098 1507 4167 quid
1534 4098 1635 4153 sibi
1666 4098 1813 4164 velit,

233 4192 379 4262 quod
398 4205 519 4245 cum
546 4189 744 4259 Ioscph
765 4197 820 4244 et
847 4189 937 4242 lilii
962 4189 1084 4258 ejus
1120 4205 1224 4243 non
1250 4189 1478 4258 amplius
1506 4205 1667 4259 quam
1692 4196 1819 4244 octo

234 4289 743 4347 commemorentur,
786 4280 1065 4350 Beujamin
1093 4297 1221 4335 vero
1259 4290 1314 4336 et
1355 4282 1474 4351 ejus
1524 4283 1618 4336 lilii
1661 4281 1819 4336 simul

234 4374 480 4429 undecim
496 4374 849 4443 reperiantur,
873 4389 977 4427 non
996 4374 1179 4428 decem
1202 4383 1256 4429 et
1282 4390 1471 4429 novem
1494 4389 1680 4430 omnes
1709 4377 1819 4430 sic-

236 4474 295 4519 ut
335 4475 458 4521 sunt
482 4476 605 4521 octo
629 4473 684 4520 et
714 4465 983 4531 undecim,
1026 4465 1122 4520 sed
1149 4465 1337 4521 decem
1359 4477 1415 4520 et
1440 4477 1561 4521 octo
1584 4465 1820 4521 referan-

233 4556 320 4612 tur
342 4560 391 4612 in
416 4573 710 4613 summam:
740 4567 792 4612 et
818 4567 1003 4627 postea
1027 4558 1224 4628 Ioseph
1255 4575 1377 4613 cum
1406 4558 1526 4614 (iliis
1548 4561 1676 4626 suis,
1707 4576 1814 4616 non

232 4650 429 4705 anima:
451 4659 594 4715 octo,
624 4648 719 4704 sed
747 4664 933 4703 novem
964 4649 1123 4703 fuisse
1145 4649 1411 4717 dicantur,
1439 4666 1559 4705 cum
1586 4659 1706 4706 octo
1735 4652 1819 4705 in-

233 4742 558 4811 veniantur(
584 4740 670 4794 Id.
718 4734 862 4808 XLVI,
889 4740 981 4806 ΩΙ,
1023 4739 1115 4807 22,
1146 4739 1217 4794 2⁵1
1247 4742 1288 4813 ).
1316 4742 1444 4798 llicc
1467 4743 1663 4809 omnia,
1702 4759 1819 4814 quae

232 4832 629 4888 indissolubilia
662 4832 931 4898 videntur,
957 4848 1200 4903 magnam
1228 4834 1504 4888 continent
1524 4835 1639 4890 sine
1667 4835 1821 4890 dubi-

232 4926 437 4981 tatione
487 4924 750 4979 rationem
782 4940 795 4989 ;
826 4924 917 4978 sed
968 4924 1153 4979 nescio
1192 4933 1368 4979 utrum
1397 4927 1604 4995 possint
1627 4937 1820 4982 cuneta

234 5016 301 5072 ad
330 5017 561 5073 litteram
586 5017 895 5080 convenire,
922 5017 1192 5087 praecipue
1235 5018 1288 5071 in
1320 5019 1577 5085 numeris,
1608 5021 1815 5089 quosin

233 5104 529 5179 scripturis
546 5124 671 5165 esse
693 5109 1081 5163 sacratissimos
1107 5119 1163 5163 et
1196 5110 1573 5181 mysteriorum
1612 5112 1817 5181 plenis-

232 5203 422 5267 simus,
439 5218 507 5257 ex
526 5203 841 5272 quibusdam
855 5218 987 5273 quos
1004 5203 1125 5259 inde
1144 5219 1304 5261 nosse
1318 5206 1606 5274 potuimus,
1622 5206 1821 5275 dignis-

232 5294 369 5350 sime
395 5294 685 5350 credimus.

304 5385 483 5441 GU“.
506 5385 614 5460 ’[11).
636 5400 793 5451 ιω),
818 5384 937 5459 $2.]
963 5385 1377 5444 Gotmnendatur
1402 5389 1454 5444 in
1470 5389 1815 5456 Patr-iambis,

232 5479 377 5552 quod
404 5494 661 5550 pecorum
686 5480 974 5537 nutritores
990 5490 1147 5534 erant
1175 5495 1206 5534 a
1235 5482 1457 5551 pueritia
1480 5498 1575 5537 sua
1598 5493 1651 5537 et
1675 5498 1704 5536 a
1724 5499 1818 5553 pa-

236 5573 480 5630 rentibus
507 5572 637 5628 suis.
662 5572 737 5626 Et
762 5573 974 5641 metito,
1005 5588 1125 5628 nam
1156 5573 1271 5629 inec
1291 5583 1374 5630 est
1404 5575 1519 5632 sine
1540 5575 1643 5630 ulla
1664 5576 1817 5630 dnhi~

230 5667 438 5722 talione
453 5665 597 5736 justa
622 5665 851 5721 servitus
875 5673 931 5721 et
946 5664 1085 5736 justo
1122 5666 1433 5735 dominatio,
1462 5683 1581 5723 cum
1620 5682 1815 5739 pecora

231 5760 438 5826 homini
460 5758 721 5826 meum,
751 5757 991 5825 ethomo
1039 5760 1323 5830 pecoribus
1356 5759 1683 5826 duritiae-tor.
1720 5760 1815 5818 Sic

1578 306 1777 369 LIBER
1818 310 2088 381 ﬁlim,

3406 322 3513 385 590

1924 424 2065 489 enim
2087 423 2283 489 dictum
2316 434 2413 499 est,
2443 441 2565 493 eum
2593 437 2861 487 crearetur
2894 451 2909 486 :
2939 432 3214 495 Faciamus
3268 438 3517 501 hominem

1924 516 1993 570 ad
2016 517 2288 587 imaginem
2324 526 2379 583 at
2424 520 2801 583 similitudinem
2830 534 3072 594 nostram,
3104 536 3151 581 et
3180 528 3354 583 Imbcat
3379 543 3518 601 pote-

1923 618 2100 673 statem
2120 611 2337 679 piscium
2365 613 2521 675 maris
2565 623 2610 666 et
2632 616 2910 672 volatilium
2936 619 3071 685 ,cmli,
3104 629 3150 683 et
3175 623 3396 681 onmium
3426 641 3515 693 pe-

1925 716 2096 759 corum
2117 717 2229 772 qua:
2252 713 2365 758 sunt
2384 722 2536 776 super
2563 716 2746 760 terram
2768 708 2922 779 (Gen.
2954 728 2993 777 ι,
3013 712 3127 783 26).
3153 712 3253 769 Ubi
3275 715 3515 772 insinua-

1925 799 2011 845 tur
2034 792 2294 851 rationem
2326 794 2519 851 debere
2539 794 2801 855 dominari
2846 800 3190 857 irrationabili
3225 805 3361 859 vita).
3394 807 3520 862 Ser-

1925 894 2246 953 vumautcm
2267 887 2537 953 hominem
2568 890 2789 960 homini,
2819 895 2901 949 vel
2929 896 3179 967 iniquitas
3196 899 3275 953 vel
3324 900 3517 956 adver-

1925 977 2057 1039 sitas
2084 977 2208 1045 fccit
2230 980 2246 1011 ¹
2272 997 2286 1033 :
2320 981 2567 1051 iniquitas
2591 983 2826 1053 quidem,
2879 987 3231 1051 sicutdictum
3262 1000 3366 1060 cst,
3400 992 3518 1047 Ma-

1925 1068 2135 1125 ledicta;
2156 1069 2423 1143 βίιαιιααη,
2451 1073 2542 1126 erit
2562 1090 2733 1133 servus
2755 1076 2994 1148 fratribus
3009 1080 3112 1135 suis
3131 1078 3179 1153 (1
3187 1080 3241 1134 d.
3265 1097 3345 1149 ιχ,
3363 1083 3431 1139 ‘25
3453 1082 3470 1154 )
3500 1102 3514 1148 ;

1925 1159 2218 1227 adversitas
2240 1178 2385 1227 vero,
2411 1164 2549 1223 sicut
2571 1166 2762 1223 accidit
2790 1168 2889 1235 ipsi
2917 1168 3137 1240 Ioseph,
3174 1182 3231 1235 ut
3263 1175 3510 1235 venditus

1926 1265 1956 1313 a
1981 1250 2235 1313 fratribus
2274 1268 2463 1317 servos
2495 1256 2803 1331 alienigencc
2831 1260 2981 1315 ﬁeret
3025 1259 3149 1333 (Id.
3186 1280 3391 1331 xxxvu,
3423 1268 3513 1337 28,

1926 1340 1994 1397 56
2022 1342 2066 1413 ).
2100 1343 2280 1415 Itaque
2306 1347 2504 1416 primos
2524 1363 2729 1415 servos,
2759 1350 2951 1420 quibus
2968 1351 3067 1408 hoc
3094 1368 3289 1410 nomen
3317 1357 3367 1411 in
3396 1358 3517 1413 lati-

1926 1446 1993 1497 na
2018 1432 2197 1503 lingua
2223 1435 2445 1501 inditum
2474 1446 2576 1506 est,
2607 1440 2742 1499 bella
2772 1442 3030 1497 fecerunt.
3054 1444 3155 1510 Qui
3182 1448 3326 1505 enim
3352 1448 3514 1513 homo

1926 1522 1995 1581 ab
2022 1522 2238 1589 humble
2258 1530 2667 1601 superatusjure
2686 1533 2807 1587 belli
2828 1543 3006 1602 posset
3027 1538 3218 1604 occidi,
3250 1540 3369 1609 quia
3392 1558 3510 1599 scr—

1926 1626 2078 1679 vatus
2105 1626 2208 1685 est,
2241 1633 2428 1683 servus
2455 1631 2535 1678 est
2561 1625 2855 1694 appellatus
2885 1643 2897 1679 :
2932 1628 3055 1685 inde
3125 1640 3180 1684 et
3221 1634 3505 1704 mancipia,

1927 1708 2047 1777 quia
2067 1725 2224 1771 manu
2249 1722 2401 1782 capta
2428 1722 2573 1777 sunt.
2598 1717 2690 1771 list
2708 1717 2867 1775 etiam
2891 1719 3021 1775 ordo
3048 1724 3304 1780 naturalis
3332 1725 3383 1779 in
3410 1728 3507 1783 ho-

1927 1798 2180 1869 minibus,
2207 1811 2261 1858 ut
2288 1805 2523 1873 serviant
2550 1806 2765 1873 feuiiine
2794 1810 2939 1877 viris,
2959 1820 3011 1866 et
3042 1812 3136 1867 lilii
3164 1817 3507 1885 parentibus;

1927 1891 2050 1963 quia
2076 1902 2131 1949 et
2160 1894 2265 1951 illic
2295 1895 2408 1951 haec
2430 1896 2632 1972 justitia
2660 1910 2742 1955 est
2772 1907 2827 1954 ut
2856 1901 3115 1958 iulirmior
3145 1905 3280 1960 ratio
3309 1910 3508 1973 serviat

1928 1982 2152 2039 fortiori.
2188 1986 2310 2041 llaec
2335 1987 2491 2059 igitur
2516 1989 2569 2043 in
2596 1990 3043 2048 dominationibus
3070 2002 3123 2050 et
3166 1998 3514 2059 servitutibus

1926 2074 2285 2144 clarajustitia
2312 2087 2411 2144 est,
2446 2087 2502 2132 ut
2545 2081 2635 2149 qui
2663 2082 2928 2136 excellunt
2976 2086 3203 2155 ratione,
3253 2089 3519 2153 excellant

1932 2162 2296 2221 dominatione
2326 2184 2339 2218 :
2369 2169 2507 2237 quod
2539 2185 2657 2223 cum
2688 2171 2739 2224 in
2769 2172 2869 2226 hoc
2893 2173 3089 2241 smculo
3121 2190 3220 2247 per
3261 2177 3512 2247 iniquita-

1928 2261 2037 2308 tem
2063 2255 2336 2313 hominum
2364 2260 2703 2329 perturbatur
2722 2303 2737 2327 ,
2766 2262 2847 2316 vel
2875 2278 2969 2331 per
2999 2274 3301 2329 naturarum
3328 2283 3517 2335 carna-

1927 2344 2055 2403 lium
2075 2346 2457 2414 diversitatem,
2487 2348 2664 2415 ferunt
2680 2352 2807 2420 justi
2829 2355 3176 2424 temporalem
3193 2361 3516 2427 perversita-

1929 2448 2061 2511 tem,
2094 2439 2145 2495 in
2172 2440 2277 2499 [ine
2306 2441 2538 2507 habituri
2567 2444 3016 2500 ordinatissimam
3046 2456 3099 2513 et
3139 2450 3514 2522 sempiternam

1928 2530 2258 2589 felicitatem.

1998 2622 2174 2679 CLIV.
2204 2621 2306 2696 [11).
2354 2638 2500 2691 aut,
2530 2625 2618 2688 54.
2648 2624 2669 2699 ]
2698 2615 3016 2682 Abominatio
3043 2640 3116 2683 est
3156 2633 3286 2685 enim
3342 2632 3514 2706 [Egy-

1928 2713 2046 2785 ptiis
2076 2714 2237 2767 omnis
2264 2724 2436 2784 pastor
2455 2716 2642 2768 ovium.
2675 2717 2860 2774 Merito
2901 2718 3185 2791 Aﬂgyptiis,
3217 2721 3267 2775 in
3317 2712 3509 2794 quibhs

1926 2805 2094 2877 ﬁgura
2120 2814 2201 2861 est
2217 2808 2495 2876 praesentis
2522 2809 2721 2875 szcculi,
2747 2809 2798 2862 in
2825 2826 2929 2880 quo
2969 2811 3200 2865 abundat
3243 2813 3509 2883 iniquitas,

1924 2898 2250 2965 abombian
2289 2908 2371 2957 est
2417 2900 2591 2959 omnis
2636 2911 2813 2970 pastor
2862 2918 3114 2973 pecorum
3149 2921 3164 2959 :
3194 2907 3515 2975 abominatio

1927 2998 2008 3044 est
2024 2989 2167 3045 enim
2195 2991 2376 3062 iniquo
2400 2992 2479 3047 vir
2502 2992 2695 3069 justus.
3486 2976 3489 2979 Ι

1998 3080 2147 3137 CLV.
2179 3081 2281 3157 [11).
2300 3099 2470 3151 XLvIt,
2494 3085 2546 3151 5,
2575 3083 2652 3157 6.]
2691 3084 2939 3141 Venerunt
2964 3098 3132 3143 autem
3154 3091 3206 3143 in
3228 3091 3516 3165 ZEggptum

1926 3172 2197 3243 adloseplt
2248 3174 2410 3228 Iacob
2458 3186 2503 3229 et
2543 3175 2643 3245 lilii
2662 3178 2816 3245 ejus:
2844 3188 2891 3232 et
2928 3181 3117 3235 audivit
3170 3181 3377 3239 Pharao
3422 3204 3512 3241 rex

1928 3263 2165 3335 Egypti,
2197 3275 2240 3319 et
2270 3265 2339 3318 ait
2362 3262 2568 3318 Pharao
2587 3267 2653 3319 ad
2671 3265 2864 3341 Ioseph
2907 3270 3097 3339 dicens,
3132 3272 3292 3328 Pater
3317 3286 3431 3332 tuus
3454 3290 3501 3332 et

1924 3359 2109 3442 fratres
2129 3360 2200 3411 tui
2224 3370 2459 3412 venerunt
2476 3359 2543 3412 ad
2562 3370 2609 3413 te
2627 3376 2645 3414 :
2666 3378 2775 3415 ecce
2802 3372 2932 3417 terra
2955 3364 3028 3417 1E
3033 3368 3175 3437 gypti
3203 3380 3319 3423 (tute
3342 3382 3389 3426 te
3417 3382 3508 3440 est,

1925 3448 1977 3501 iu
2006 3458 2136 3502 terra
2165 3450 2354 3520 Optima
2375 3450 2566 3505 colloca
2585 3463 2777 3522 patrem
2794 3463 2931 3506 tuum
2959 3466 3005 3508 et
3031 3458 3210 3523 fratres
3225 3468 3356 3514 tuos.
3382 3462 3506 3518 llaec

1926 3543 2174 3615 repetitio
2195 3560 2301 3599 non
2342 3545 2712 3614 praetermissae
2738 3547 2835 3612 rei,
2866 3546 2930 3601 ad
2969 3565 3125 3619 quam
3152 3568 3292 3621 schc
3320 3555 3513 3609 obscu-

1927 3651 1986 3690 re
2012 3651 2107 3706 per
2139 3636 2625 3705 recapitulationem
2656 3636 2874 3703 reditur,
2913 3639 3005 3693 sed
3066 3642 3287 3695 omnino
3330 3657 3511 3715 aperta

1927 3736 2028 3783 est.
2051 3727 2168 3781 Iam
2199 3729 2341 3781 enim
2368 3726 2575 3782 dixerat
2604 3727 2871 3801 Scriptura
2890 3731 3155 3799 quomodo
3175 3736 3414 3789 venerint
3443 3738 3511 3792 ad

1926 3817 2257 3875 Pharaonem
2289 3817 2477 3873 fratres
2504 3818 2722 3887 Ioseph,
2752 3826 2805 3873 et
2834 3820 2958 3891 quid
2982 3822 3058 3876 eis
3084 3822 3294 3890 dixerit,
3316 3828 3399 3881 vel
3440 3829 3507 3883 ab

1927 3912 2004 3967 eis
2057 3911 2321 3981 audierit(
2353 3909 2439 3966 Id.
2473 3926 2597 3979 XLV,
2628 3911 2794 3966 lli-9.0
2820 3912 2873 3983 );
2905 3913 2996 3979 sed
3042 3914 3141 3969 hoc
3168 3932 3307 3971 nunc
3370 3920 3513 3981 velut

1926 4004 1994 4058 ab
2015 4003 2165 4058 initio
2187 4004 2451 4079 repetivit,
2485 4013 2541 4057 ut
2564 4002 2685 4059 inde
2710 4014 3018 4061 contexeret
3053 4008 3410 4064 narrationem
3443 4010 3511 4065 ab

1928 4093 2013 4149 his
2050 4093 2251 4163 verbis,
2286 4110 2404 4164 qua:
2446 4093 2543 4147 soli
2586 4093 2784 4165 Ioseph
2832 4094 3037 4150 Pharao
3084 4097 3249 4153 dixit:
3284 4115 3512 4169 quorum

1926 4186 2161 4241 omnium
2181 4185 2233 4239 in
2253 4185 2522 4241 codicibus
2535 4186 2741 4258 grmcis,
2769 4187 2902 4256 quia
2923 4187 3342 4258 diligentioribus
3370 4210 3500 4247 cen-

1926 4280 2106 4349 scripti
2135 4288 2278 4347 sunt,
2315 4278 2557 4349 qumdam
2583 4279 2846 4333 obeliscos
2877 4268 3090 4349 habent,
3119 4292 3172 4337 et
3199 4285 3497 4355 signiﬁcant

1926 4386 1986 4426 ea
2017 4386 2134 4451 qua:
2163 4371 2215 4424 in
2250 4370 2459 4423 hcbrme
2486 4386 2588 4423 non
2620 4370 2975 4439 inreuimrtur,
2995 4381 3048 4426 et
3079 4374 3130 4427 in
3169 4373 3511 4447 Septuaginta

1926 4462 2299 4530 inveniuntur;
2331 4462 2570 4533 quaedam
2598 4463 2900 4530 asteriscos,
2923 4464 3114 4534 quibus
3130 4480 3190 4520 ea
3204 4468 3508 4537 signiﬁcan-

1928 4562 2012 4607 tur
2037 4569 2153 4624 quce
2179 4552 2374 4606 habent
2402 4552 2617 4619 hebraei,
2647 4570 2745 4607 nec
2766 4553 2958 4608 habent
2982 4554 3338 4628 Septuaginta.

1999 4644 2172 4701 CLVI.
2216 4643 2330 4717 [11).
2358 4659 2530 4709 xu'n,
2554 4642 2646 4717 9.]
2676 4644 2811 4711 Quid
2864 4655 2944 4699 est
2985 4648 3124 4717 quod
3172 4638 3309 4705 dixit
3346 4652 3511 4711 Iacob

1918 4736 2187 4792 Pharaoni
2214 4778 2228 4802 ,
2258 4734 2377 4790 Dies
2411 4752 2657 4789 annorum
2702 4736 2814 4790 vita:
2839 4753 2961 4791 ntere
2983 4780 2998 4806 ,
3030 4756 3153 4811 quos
3180 4742 3383 4799 incolo?
3413 4746 3503 4802 Sic

1929 4833 2067 4888 enim
2100 4831 2294 4885 habent
2322 4830 2478 4903 graeci
2504 4872 2517 4896 ,
2550 4829 2689 4899 quod
2718 4830 2862 4885 latini
2890 4832 3087 4887 habent
3106 4875 3120 4898 ,
3153 4853 3248 4906 ago
3268 4879 3283 4903 ,
3307 4840 3388 4891 vel
3412 4840 3509 4892 lm-

1925 4927 2032 4993 beo,
2068 4925 2149 4979 vel
2179 4925 2221 4978 si
2246 4923 2369 4994 quid
2408 4922 2570 4977 aliud.
2602 4921 2791 4978 Utrum
2837 4940 2964 4995 ergo
3012 4925 3132 4981 ideo
3180 4928 3331 4995 dixit,
3387 4946 3510 4998 quos

1928 5018 2116 5082 incolo,
2146 5013 2264 5085 quia
2294 5016 2344 5068 in
2375 5023 2514 5069 terra
2544 5023 2696 5067 natus
2726 5023 3008 5093 esttquam
3028 5017 3259 5072 nondum
3286 5022 3512 5088 pepulus

1926 5109 2101 5165 divina
2130 5106 2482 5179 promissione
2499 5106 2826 5162 haereditatis
2846 5119 3122 5178 acceperat
3144 5125 3159 5175 ;
3178 5120 3229 5164 et
3256 5111 3325 5165 ibi
3351 5113 3508 5167 \‘lltlm

1927 5202 2145 5265 ducens,
2173 5206 2357 5271 utique
2383 5200 2436 5253 in
2458 5199 2629 5255 aliena
2658 5207 2795 5253 terra
2814 5208 2945 5262 erat,
2970 5216 3074 5253 nun
3097 5201 3265 5255 solum
3295 5206 3508 5273 quando

1930 5280 2398 5365 peregrinabatur,
2430 5291 2567 5347 sicut
2607 5291 2658 5344 in
2699 5290 3107 5362 Mesopotamia,
3137 5308 3321 5347 verum
3348 5298 3508 5353 etiam

1928 5388 2140 5458 quando
2166 5386 2235 5442 ibi
2262 5394 2373 5441 crat
2396 5388 2481 5440 ubi
2510 5393 2663 5439 natus
2685 5384 2803 5440 est?
2830 5385 2909 5437 An
2940 5386 3116 5455 potius
3137 5388 3423 5444 secundum
3452 5393 3507 5447 id

1925 5480 2289 5551 accipiendum
2319 5488 2421 5542 est,
2451 5477 2589 5546 quod
2618 5477 2692 5531 ait
2713 5462 2997 5546 Apostolus
3016 5519 3032 5546 ,
3064 5478 3320 5545 Quamdiu
3339 5500 3513 5540 sumus

1924 5576 1976 5627 in
2007 5588 2238 5642 corpore,
2269 5568 2645 5641 peregrinantur
2679 5584 2710 5621 a
2756 5567 2974 5623 Domino
3019 5568 3085 5641 (11
3141 5571 3257 5627 Cor.
3311 5592 3362 5639 v,
3415 5576 3512 5649 6)?
3562 5603 3570 5657 ί

1989 5708 2003 5739 ¹
2140 5712 2216 5777 εἰς
2234 5700 2829 5777 θξιιιοῖςρβαιέξῑφίίεάι-
2855 5705 3004 5762 AM
3026 5706 3264 5765 damnari
3285 5712 3511 5765 abomnr

1924 5771 2016 5819 bus
2038 5776 2142 5817 Mss.
2170 5774 2219 5817 et
2243 5767 2304 5816 ab
2329 5765 2539 5815 editione
2564 5772 2661 5817 Rat.
