3902 6334
487 314 609 372 391.

485 429 788 487 Secundum
817 429 917 484 hoc
943 436 996 484 et
1025 426 1152 482 illitd
1183 427 1234 481 iii
1266 427 1479 483 Psalmo
1504 427 1702 483 dictum
1736 427 2064 499 intelligitur,

489 521 776 587 Inquilinus
807 537 897 591 ego
925 537 1033 575 sunt
1064 521 1116 573 in
1151 530 1283 574 terra
1301 561 1317 587 ,
1344 531 1388 574 et
1417 521 1708 592 peregrinus
1740 521 1866 574 sicut
1899 536 2069 574 omnes

486 624 656 684 patres
695 613 790 666 mei
824 611 994 685 (Psal.
1041 629 1260 675 xxxviii,
1302 611 1413 684 15).
1457 613 1588 667 Nam
1620 613 1809 668 iterum
1849 613 1975 668 dicit
1999 612 2066 668 de

484 703 614 772 ipsis
653 703 840 758 diebus
879 705 1002 758 vita:
1029 719 1160 769 sum,
1198 703 1318 757 Non
1343 715 1671 774 pervenerunt
1693 705 1746 758 in
1775 705 1883 759 dies
1901 720 2063 758 anno-

476 812 594 850 rum
627 797 740 849 vita:
776 806 975 866 patrum
1013 812 1266 862 meorum,
1303 812 1425 866 quos
1445 796 1550 850 dies
1577 796 1913 850 incoluerunt.
1945 795 2061 850 Non

482 886 621 941 enim
652 885 738 940 hic
771 886 914 940 aliud
946 888 1111 941 voluit
1155 886 1397 957 intelligi,
1443 902 1600 957 quam
1641 886 1692 940 id
1735 886 1874 956 quod
1913 886 2061 941 latini

478 976 693 1032 codices
716 977 930 1042 habent,
965 979 1226 1042 vixerunt;
1251 994 1312 1032 ac
1341 993 1434 1047 per
1460 977 1560 1034 hoc
1589 977 1906 1049 signiﬁcavit
1925 977 2060 1032 hanc

477 1070 639 1126 vitam
671 1071 954 1126 incolatutn
984 1085 1102 1124 esse
1131 1085 1291 1140 super
1320 1077 1535 1136 terram,
1564 1069 1614 1124 id
1647 1078 1729 1124 est
1750 1069 2058 1141 peregrina-

478 1167 639 1222 tionis
663 1164 1064 1220 liabitationem.
1097 1161 1203 1217 Sed
1223 1161 1384 1217 credo
1411 1161 1607 1216 sanctis
1624 1161 1724 1216 hoc
1748 1161 2054 1226 convenire,

474 1258 664 1328 quibus
708 1255 866 1310 aliam
911 1254 1133 1325 patriam
1166 1265 1420 1309 aeternam
1464 1252 1718 1307 Dominus
1759 1252 2052 1321 pollicetur.

472 1347 626 1404 Unde
649 1345 934 1401 videndum
957 1354 1040 1401 est
1065 1344 1508 1415 quemadmodum
1533 1343 1732 1398 dictum
1761 1343 1931 1398 estde
1953 1344 2055 1398 im-

471 1439 606 1511 piis,
652 1437 884 1492 Incolent
932 1447 980 1491 et
1028 1437 1363 1502 abscondent,
1409 1436 1508 1507 ipsi
1555 1437 1843 1490 calcaneum
1891 1452 2056 1490 nteant

473 1531 798 1586 observabant
831 1527 1000 1601 (Psal.
1035 1545 1099 1583 Lv
1123 1573 1138 1595 ,
1165 1530 1246 1600 7).
1281 1530 1354 1585 De
1388 1529 1471 1583 liis
1491 1529 1632 1585 enim
1653 1529 2055 1584 convenientius

471 1624 749 1693 accipitur,
776 1622 865 1693 qui
889 1632 947 1676 ut
974 1623 1298 1677 abscondant
1317 1623 1584 1686 incolunt;
1613 1622 1663 1677 id
1694 1632 1776 1678 est
1795 1664 1811 1688 ,
1836 1631 1895 1678 ut
1920 1621 2051 1678 insi-

469 1712 684 1769 dietitur
714 1713 854 1777 ﬁliis,
882 1729 986 1768 non
1015 1723 1230 1768 manent
1259 1715 1310 1767 in
1345 1713 1504 1767 domo
1535 1713 1585 1767 in
1612 1723 1890 1768 aeternum.

539 1804 738 1860 CLVII.
781 1805 880 1878 [lb.
913 1823 1068 1869 vaIt,
1102 1805 1212 1879 11.)
1238 1805 1304 1860 Et
1331 1807 1466 1860 dedit
1497 1807 1568 1861 eis
1611 1809 1972 1879 possessionem
1997 1809 2051 1862 in

469 1906 604 1952 terra
624 1898 832 1967 optima,
863 1889 914 1951 in
937 1907 1069 1950 terra
1090 1895 1398 1963 Ramessetn,
1417 1899 1544 1952 sicut
1570 1899 1802 1968 prazcepit
1821 1899 2044 1953 Pharao.

468 1987 822 2057 Qtucreiidum
874 1998 957 2043 est
1008 2000 1183 2043 utrum
1251 1998 1388 2044 terra
1439 1988 1745 2044 Ramessem
1807 1991 1917 2060 ipsa
1980 1991 2049 2045 sit

467 2079 688 2134 Gessen.
719 2079 890 2151 Ipsam
921 2081 1062 2135 enim
1091 2079 1371 2150 petierant,
1412 2090 1466 2136 et
1511 2081 1682 2152 ipsam
1727 2082 1806 2136 eis
1840 2081 2047 2137 Pharao

466 2172 580 2228 dari
613 2182 956 2244 praeceperat.

536 2262 756 2320 CLVIII.
799 2265 899 2338 [lb.
927 2281 1096 2330 XLVII,
1122 2265 1232 2340 12.]
1262 2265 1329 2320 Et
1355 2267 1644 2321 metiebatur
1677 2267 2045 2339 triticum'patri

463 2374 556 2412 suo
583 2355 807 2426 Ioseph;
834 2365 888 2412 et
930 2367 1104 2411 tamen
1143 2372 1263 2412 eum
1304 2366 1453 2430 pater
1506 2375 1607 2414 nec
1659 2360 1871 2430 quando
1913 2359 2044 2414 vidit

465 2450 738 2514 adoravit,
785 2465 886 2506 nec
926 2450 1138 2520 quando
1183 2451 1250 2506 ab
1299 2451 1388 2506 illo
1429 2452 1660 2507 triticum
1699 2452 2037 2524 accipiebat:

461 2540 729 2614 quomodo
753 2557 879 2612 ergo
905 2542 1168 2596 somnium
1203 2542 1398 2613 Joseph
1427 2543 1584 2598 modo
1632 2544 1904 2613 impletum
1945 2559 2041 2614 pti-

460 2633 690 2690 tabimus
727 2631 876 2703 (Gen.
913 2649 1114 2699 xxxvu,
1155 2633 1232 2703 9),
1279 2643 1332 2689 ct
1362 2650 1469 2688 non
1505 2635 1676 2704 potius
1707 2635 1922 2706 majoris
1960 2635 2038 2690 rei

459 2727 736 2783 continere
758 2723 1084 2796 prophetiam
1099 2726 1124 2778 ?

525 2815 704 2872 CLIX.
728 2815 826 2888 [lb.
852 2830 1013 2880 van,
1037 2813 1148 2887 IL]
1177 2813 1241 2868 Et
1268 2815 1436 2870 intulit
1457 2814 1649 2886 Ioseph
1673 2831 1868 2870 omnem
1885 2832 2036 2885 pecu-

457 2909 594 2964 niam
618 2909 670 2962 in
691 2907 894 2960 domum
925 2903 1227 2960 Pharaonis.
1261 2906 1518 2960 Pcrtinuit
1540 2905 1606 2960 ad
1627 2907 1954 2977 Scripturam
1979 2905 2033 2960 in

457 2999 558 3055 hac
573 2999 730 3054 etiam
759 3013 818 3054 re
837 2997 1210 3053 commendare
1233 2997 1389 3052 ﬁdem
1419 2997 1598 3051 famuli
1628 2997 1720 3052 Dei
1744 2997 1783 3051 ¹.

524 3113 680 3171 CLX.
722 3113 820 3187 [lb.
848 3128 988 3168 vatI
1008 3153 1023 3179 ,
1055 3113 1120 3167 16
1141 3152 1156 3178 ,
1185 3111 1262 3184 4.]
1293 3110 1434 3166 Dixit
1459 3121 1625 3165 autem
1666 3111 1768 3166 illis
1800 3109 2028 3182 Ioseph,

451 3209 698 3264 Adducite
725 3222 905 3278 pecora
933 3215 1110 3270 vestra,
1132 3215 1176 3258 et
1192 3205 1321 3258 dabo
1335 3203 1471 3258 vobis
1492 3221 1644 3273 panes
1660 3220 1752 3275 pro
1770 3203 2030 3274 pecoribus

450 3299 648 3362 vestris,
673 3297 718 3350 si
741 3296 918 3366 defecit
936 3297 956 3328 '
977 3305 1255 3367 argentum.
1276 3293 1448 3361 Quicri
1467 3302 1673 3364 potest,
1697 3293 2028 3366 cumJoscph

446 3388 715 3447 frumenta
745 3388 1017 3457 collegerit
1055 3385 1193 3440 unde
1232 3385 1471 3439 homines
1514 3385 1784 3452 viverent,
1833 3401 2026 3455 pecora

446 3481 592 3535 unde
618 3477 882 3545 vivebant,
905 3494 1022 3532 cum
1051 3484 1193 3531 tanta
1210 3477 1373 3530 fames
1391 3475 1738 3531 invalesceret
1760 3493 1773 3529 :
1796 3478 2025 3533 maxime

446 3570 570 3643 quia
593 3569 781 3625 fratres
806 3567 1004 3639 Joscph
1031 3566 1289 3621 Pharaoni
1316 3566 1578 3630 dixerant,
1609 3565 1729 3620 Non
1751 3577 1867 3621 sunt
1890 3569 2024 3622 enim

446 3679 636 3736 pascua
662 3661 922 3733 pecoribus
949 3673 1216 3730 puerorum
1252 3667 1490 3723 tuorum;
1529 3658 1737 3712 invaluit
1771 3658 1903 3713 enim
1936 3663 2022 3730 fa-

442 3770 549 3809 ntes
577 3753 630 3806 in
659 3762 790 3808 terra
813 3751 1094 3813 Chanaan;
1121 3757 1175 3803 ct
1201 3757 1417 3820 prapter
1446 3749 1583 3803 hanc
1607 3750 1765 3804 etiam
1791 3749 2020 3820 inopiam

440 3858 758 3915 pascuorum
787 3855 846 3897 se
881 3841 1091 3895 venisse
1125 3851 1688 3896 commcmoraverant.
1718 3841 1946 3895 Proinde
1974 3841 2019 3897 si

441 3948 506 3989 ea
545 3933 681 3987 fame
704 3946 897 4002 pascua
928 3928 1233 3986 defecerant
1261 3931 1315 3985 in
1359 3940 1499 3986 terra
1531 3931 1780 3987 Chanaan
1802 3974 1816 4001 ,
1845 3948 1941 3988 cur
1965 3934 2016 3988 in

440 4023 673 4096 Egypto
720 4041 823 4078 non
865 4023 1199 4089 defecerant,
1233 4024 1418 4079 eadem
1466 4035 1589 4080 tunc
1640 4025 1777 4081 [ante
1823 4027 2016 4098 ubique

437 4115 832 4172 iiivalescente?
861 4117 942 4170 An
981 4116 1116 4171 sicut
1155 4116 1461 4186 perhibetur
1515 4117 1583 4173 ab
1634 4119 1712 4173 eis
1761 4118 1852 4189 qui
1899 4119 2013 4175 loca

433 4209 631 4276 sciunt,
673 4209 726 4264 in
768 4209 948 4264 multis
990 4208 1202 4280 Egypti
1232 4209 1508 4280 paludibus
1536 4219 1778 4280 poterant
1819 4229 2013 4282 pascua

434 4315 542 4356 non
568 4298 776 4364 deesse,
795 4300 952 4354 etiam
981 4317 1102 4354 cum
1125 4299 1290 4355 fames
1309 4300 1869 4370 essctlrutuentorum,
1893 4320 2012 4374 quae

435 4393 608 4449 solent
655 4391 757 4447 Nili
809 4391 1041 4447 ﬂuminis
1089 4391 1434 4448 inundatione
1482 4397 1798 4466 provenire?
1849 4395 2010 4468 Magis

431 4483 576 4540 cnim
602 4483 849 4539 dicuntur
873 4483 1089 4554 paludes
1123 4484 1226 4539 illae
1255 4483 1447 4540 feracia
1477 4485 1498 4517 ³
1523 4501 1716 4557 pascua
1755 4487 1970 4559 gignere
1989 4530 2004 4556 ,

433 4575 647 4647 quando
671 4591 806 4646 aqua
835 4575 939 4630 Nili
966 4577 1140 4632 minus
1163 4578 1441 4632 excrescit.

500 4685 680 4742 CLXI.
725 4686 824 4760 [lb.
865 4704 1030 4752 XLVII,
1071 4688 1185 4763 29.]
1217 4690 1498 4746 Morituros
1545 4691 1708 4747 Jacob
1755 4693 1866 4748 lilio
1907 4708 2006 4748 suo

429 4777 628 4848 Josepli
654 4779 782 4832 dicit
814 4794 827 4831 :
861 4777 921 4835 Si
949 4780 1111 4834 inveni
1137 4782 1353 4851 gratiam
1380 4783 1432 4837 iii
1458 4792 1722 4852 conspectu
1751 4795 1856 4848 tuo,
1884 4786 2003 4839 sub-

416 4869 526 4940 jice
544 4884 748 4922 manum
768 4877 906 4922 tuam
929 4869 1018 4924 sub
1039 4875 1226 4940 femore
1254 4889 1382 4936 meo,
1411 4882 1456 4926 et
1484 4875 1637 4944 facies
1676 4875 1726 4927 in
1753 4891 1832 4929 me
1855 4878 2005 4932 mise-

427 4959 702 5014 ricordiam
729 4969 777 5014 et
798 4961 1070 5015 veritatem.
1103 4961 1176 5017 Ea
1204 4963 1368 5018 ﬁliuni
1381 4965 1644 5032 juratione
1668 4967 1999 5040 constringit,

423 5069 529 5122 qua
551 5068 762 5108 servum
787 5055 1102 5109 constrinxit
1121 5056 1392 5110 Abraham
1419 5056 1572 5127 (Cen.
1601 5075 1743 5126 XXIV,
1770 5061 1864 5134 2);
1912 5063 2000 5119 ille

427 5146 686 5202 mandans
707 5148 846 5202 unde
872 5163 1004 5202 uxor
1025 5148 1247 5203 ducatur
1273 5150 1379 5204 lilio
1403 5166 1520 5216 suo,
1537 5147 1648 5207 iste
1675 5155 1998 5223 sepulturam

423 5238 805 5294 coiitmcndans
846 5239 1085 5309 corporis
1122 5239 1222 5293 sui.
1258 5239 1312 5294 In
1359 5251 1580 5312 utraque
1625 5253 1796 5298 tamen
1839 5262 1998 5302 causa

424 5331 692 5384 nominata
737 5339 859 5385 sunt
903 5329 1008 5384 duo
1044 5329 1150 5395 illa,
1197 5347 1313 5402 qurc
1350 5335 1524 5403 magni
1566 5333 1801 5389 habenda
1839 5348 1998 5410 atquc

423 5421 704 5490 pendenda
729 5431 854 5479 sunt
878 5422 930 5478 in
956 5421 1242 5492 Scripturis
1269 5425 1534 5494 omnibus,
1561 5443 1884 5502 quacumque
1911 5431 1996 5486 di-

479 5619 498 5688 ξ
523 5625 672 5688 vetus
693 5619 846 5688 codex
870 5621 1192 5683 Corbeiensis,
1215 5623 1406 5688 fanudis
1431 5634 1532 5678 Dei.

477 5680 657 5756 :Editi,
693 5680 875 5756 deficit.
898 5690 1003 5756 Mss;
1031 5698 1166 5756 vero,
1181 5680 1323 5749 juxta
1345 5701 1571 5752 graecum,
1595 5691 1782 5756 defecit.

479 5741 501 5774 ⁸
646 5741 947 5806 quindecim,
971 5741 1179 5808 feracius

1267 304 1732 378 ρυΛΕΞΤΙΟΝυΜ
1769 309 1825 366 S.
1867 307 2228 368 AUGUSTINI
2271 307 2334 364 IN
2376 307 2931 370 HEPTATEUCHUM

2177 424 2400 494 spcrsim
2427 424 2697 496 leguntur,
2738 425 3100 483 misericordia
3125 436 3180 484 et
3201 428 3439 498 iustitia,
3467 430 3553 487 vel
3596 435 3768 492 mise-

2173 515 2398 572 ricordia
2448 527 2500 572 et
2545 517 2823 586 judicium,
2875 519 2959 574 vel
3011 520 3372 576 misericordia
3423 532 3480 579 et
3524 526 3756 594 veritas,

2169 608 2596 680 quandoquidem
2630 610 2682 664 in
2702 610 2928 680 quodam
2955 610 3075 666 loco
3090 612 3342 682 scriptum
3361 621 3464 681 est,
3493 613 3763 673 Universw

2167 698 2262 755 vita
2307 700 2512 755 Domini
2563 703 2902 756 misericordia
2949 713 2995 757 et
3041 704 3221 759 ueritas
3263 703 3432 773 (Psal.
3464 723 3608 774 xxiv,
3640 709 3753 779 10).

2169 790 2244 847 lta
2275 793 2390 849 hinc
2432 795 2538 849 duo
2579 796 2802 850 multum
2843 796 3209 851 commendata
3249 798 3470 853 multum
3500 801 3754 857 conside-

2166 885 2331 940 randa
2361 897 2503 940 sunt.
2539 885 2740 942 Servus
2766 895 2942 942 autem
2974 887 3201 942 Abrahae
3225 887 3464 955 dixerat,
3495 890 3556 944 Si
3582 893 3754 962 facitis

2163 975 2216 1028 in
2243 975 2500 1030 dominum
2520 993 2682 1031 meum
2697 977 3087 1030 misericordiam
3099 988 3145 1031 et
3159 978 3403 1046 iustitiant
3433 979 3584 1051 (Gen.
3599 997 3749 1050 xxiv,

2163 1065 2291 1136 49);
2322 1068 2458 1122 sicut
2482 1077 2536 1122 et
2566 1068 2664 1122 iste
2691 1067 2802 1121 ﬁlio
2829 1082 2926 1122 suo
2950 1068 3108 1131 dicit,
3141 1066 3207 1122 Ut
3231 1070 3392 1139 facias
3419 1070 3470 1124 in
3493 1088 3573 1125 me
3598 1074 3752 1128 mise.

2161 1157 2433 1211 ricordiatn
2465 1167 2510 1212 et
2548 1141 2825 1214 veritatem.
2861 1159 2998 1226 Quid
3045 1159 3146 1214 sibi
3181 1169 3354 1216 autem
3379 1163 3508 1218 velit
3537 1180 3567 1218 ει
3599 1175 3750 1223 tanto

2161 1250 2278 1303 viro
2328 1257 2433 1304 tam
2470 1251 2694 1305 sollicita
2731 1251 2970 1320 corporis
3003 1252 3425 1322 commendatio,
3467 1265 3522 1311 ut
3552 1273 3657 1313 non
3693 1259 3746 1314 iii

2160 1337 2390 1410 ὤπυιε)
2414 1340 2721 1410 sepeliatur,
2750 1342 2845 1396 sed
2871 1342 2924 1396 iii
2951 1351 3088 1396 terra
3113 1343 3365 1400 Chanaan
3389 1346 3535 1416 juxta
3563 1360 3746 1420 patres

2160 1446 2306 1497 suos,
2339 1433 2531 1488 mirum
2569 1435 2802 1500 videtur,
2835 1444 2889 1490 et
2911 1435 3060 1506 quasi
3089 1435 3400 1504 absurdum,
3426 1455 3524 1497 nec
3547 1457 3745 1500 conve-

2161 1525 2317 1580 niens
2348 1534 2507 1580 tanta:
2534 1525 2860 1581 excellentia:
2880 1528 3072 1583 mentis
3096 1530 3438 1600 prophetiae,
3469 1535 3513 1589 si
3542 1534 3644 1591 hoc
3673 1552 3742 1592 ex

2159 1616 2436 1672 hominum
2479 1618 2862 1674 consuetudine
2898 1620 3198 1675 metiamur.
3238 1623 3295 1677 Si
3331 1634 3508 1680 autem
3560 1627 3610 1683 in
3657 1629 3744 1684 his

2158 1708 2406 1762 omnibus
2431 1719 2762 1764 sacramenta
2788 1719 3110 1779 quaerantur,
3130 1712 3352 1783 majoris
3374 1716 3741 1774 admirationis

2155 1801 2400 1870 gaudium
2418 1801 2518 1871 ipsi
2535 1803 2622 1872 qui
2646 1803 2911 1858 invenerit
2925 1802 3143 1860 orietur.
3165 1804 3523 1865 Cadavcribus
3538 1812 3742 1882 quippe

2156 1903 2488 1948 mortuorum
2521 1904 2735 1964 peccata
2765 1895 3051 1965 significari
3082 1897 3133 1951 in
3163 1897 3336 1969 Lege,
3368 1916 3472 1956 non
3515 1902 3737 1960 dubium

2154 1991 2238 2038 est
2259 2023 2275 2050 ,
2307 1999 2426 2038 cum
2453 1983 2710 2054 jubetitur
2735 1985 2977 2043 homines
3007 2000 3126 2058 post
3151 2005 3334 2044 eorum
3363 1996 3738 2052 contrectatio-

2153 2091 2298 2141 nem,
2355 2077 2465 2131 sive
2512 2079 2954 2150 qualemcumque
3000 2091 3325 2148 contactum,
3373 2093 3622 2156 tanquam
3667 2089 3736 2145 ab

2154 2168 2488 2222 immunditia
2515 2170 2800 2238 puriﬁcari.
2833 2172 2902 2226 Et
2923 2173 3047 2227 hinc
3073 2174 3160 2229 illa
3181 2177 3440 2230 sententia
3457 2178 3614 2235 ducta
3627 2190 3730 2246 est,

2155 2257 2255 2323 Qui
2285 2258 2570 2329 baptizatur
2600 2279 2632 2314 a
2665 2271 2894 2327 mortuo,
2926 2274 2972 2317 et
3002 2265 3182 2319 iterum
3215 2268 3375 2338 tangit
3409 2269 3574 2336 illum,
3609 2273 3736 2342 quid

2149 2351 2349 2421 pro/icit
2371 2351 2555 2405 lavatio
2582 2353 2730 2422 ejus?
2763 2352 2852 2408 Sic
2881 2363 2928 2408 et
2963 2356 3048 2425 qui
3081 2357 3283 2427 jejunat
3327 2375 3480 2427 super
3530 2373 3737 2430 peccata

2147 2451 2260 2500 sua,
2291 2444 2338 2488 et
2358 2435 2536 2490 iterum
2564 2435 2832 2492 ambulans
2853 2438 2960 2492 haec
2980 2439 3154 2494 eadem
3180 2442 3300 2512 facit
3331 2443 3515 2513 (Ecclt'.
3547 2461 3732 2515 XXXIV,

2145 2527 2236 2593 30,
2294 2528 2410 2598 5|).
2465 2527 2748 2598 Sepultura
2800 2545 2926 2601 ergo
2972 2541 3302 2589 mortuorum
3354 2538 3732 2598 remissionem

2144 2615 2410 2686 signiﬁcat
2433 2629 2791 2688 peccatorum,
2823 2635 2888 2675 eo
2915 2623 3184 2690 pertinens
3215 2625 3356 2694 quod
3381 2626 3576 2684 dictum
3605 2639 3726 2697 est,

2141 2706 2288 2762 Beati
2327 2726 2544 2780 quorum
2578 2711 2798 2766 remisso:
2823 2724 2940 2767 sunt
2968 2714 3270 2783 iniquitates,
3295 2729 3342 2771 et
3361 2735 3576 2789 quarunt
3595 2732 3732 2778 tecta

2141 2808 2260 2853 sunt
2286 2811 2490 2869 peccata
2519 2800 2687 2874 (Psal.
2713 2819 2857 2870 xxxi,
2883 2803 2955 2874 I).
2980 2805 3078 2862 Ubi
3098 2823 3226 2879 ergo
3242 2812 3542 2880 sepeliendo
3568 2827 3732 2872 erant

2139 2889 2242 2945 hoc
2265 2892 2621 2961 signiﬁcantia
2647 2895 2904 2950 cadavera
2935 2896 3391 2968 Patriarcharum,
3428 2905 3529 2959 nisi
3572 2907 3620 2961 in
3661 2924 3728 2963 ea

2139 2991 2280 3038 terra
2318 2983 2407 3038 ubi
2443 2985 2530 3040 ille
2569 2986 2855 3042 crucilixus
2885 2997 2997 3053 est,
3026 2989 3177 3060 cujus
3203 2995 3455 3064 sanguine
3479 2998 3610 3054 laeta
3641 3010 3729 3055 est

2136 3074 2379 3129 remissio
2417 3079 2789 3145 peccatorum?
2814 3079 3074 3137 Mortibus
3112 3085 3254 3140 enim
3291 3087 3722 3151 Patriarcbarum

2137 3175 2354 3233 peccata
2381 3165 2654 3222 hominum
2687 3169 2908 3240 ﬁgurata
2937 3182 3079 3228 sunt.
3124 3175 3324 3232 Dicitur
3350 3190 3525 3236 autem
3551 3183 3620 3239 ab
3653 3201 3724 3241 eo

2135 3253 2276 3322 loco,
2304 3257 2444 3327 quod
2475 3260 2856 3316 Abraliainium
2879 3274 3120 3332 νουειιυιυ,
3145 3267 3235 3323 ubi
3253 3280 3376 3325 sunt
3399 3271 3496 3328 ista
3521 3288 3722 3345 corpoo

2131 3362 2210 3412 ra,
2243 3348 2433 3406 abesse
2475 3351 2649 3406 locum
2695 3352 2780 3408 ubi
2833 3356 3118 3413 cruciﬁxus
3160 3368 3245 3416 est
3287 3361 3541 3420 Dominus
3598 3366 3721 3425 fere

2131 3440 2340 3510 triginta
2370 3443 2601 3498 millibus
2627 3485 2644 3512 ,
2673 3453 2730 3499 ut
2753 3446 2913 3501 etiam
2939 3448 3052 3518 ipse
3081 3467 3332 3508 numerus
3357 3470 3478 3510 eum
3508 3459 3720 3528 sigtiiﬁo

2128 3546 2254 3587 care
2280 3533 2622 3604 intelligatur,
2646 3537 2734 3606 qui
2762 3537 2814 3593 in
2836 3539 3353 3614 baptismoapparuit
3371 3547 3715 3622 feretriginta

2127 3637 2384 3680 annorum
2412 3644 2425 3679 :
2458 3636 2512 3682 et
2536 3628 2582 3682 si
2603 3628 2728 3698 quid
2758 3630 2902 3684 aliud
2929 3631 2996 3687 de
3025 3650 3081 3688 re
3117 3644 3257 3690 tanta
3277 3677 3294 3704 ,
3321 3639 3402 3693 vel
3425 3639 3529 3697 hoc
3549 3644 3716 3701 modo

2125 3715 2210 3770 vel
2243 3715 2520 3771 sublimius
2545 3718 2763 3790 intelligi
2789 3731 2990 3790 potest,
3019 3723 3144 3778 dum
3177 3735 3349 3781 tamen
3376 3745 3482 3785 non
3513 3735 3713 3791 frustra

2123 3805 2442 3864 arbitremur
2461 3809 2590 3866 tales
2605 3827 2668 3866 ac
2685 3821 2858 3868 tantos
2874 3815 3115 3872 homines
3138 3817 3228 3872 Dei
3252 3828 3450 3876 tantam
3473 3827 3711 3895 gessisse

2121 3909 2302 3952 curam
2333 3914 2430 3968 pro
2458 3901 2772 3970 sepeliendis
2797 3905 3108 3974 corporibus
3135 3908 3283 3974 suis;
3307 3926 3429 3967 cum
3450 3916 3519 3969 sit
3540 3925 3710 3987 atqhe

2121 4002 2240 4044 esse
2268 3990 2460 4047 debeat
2498 3993 2730 4050 ﬁdelium
2764 3995 2863 4049 ista
2897 3999 3182 4063 securitas,
3213 4003 3353 4072 quod
3381 4005 3706 4079 ubicumque

2119 4093 2340 4150 corpora
2381 4099 2564 4138 eorum
2607 4087 2930 4155 sepeliantur
2972 4089 3054 4144 vel
3101 4090 3357 4162 insepulta
3403 4100 3559 4154 etiam
3605 4117 3703 4169 per

2116 4171 2447 4229 inimicorum
2466 4175 2659 4231 rabiem
2678 4178 3060 4248 relinquantur,
3076 4194 3267 4253 autpro
3278 4203 3460 4242 eorum
3479 4190 3701 4252 libidine

2114 4261 2398 4318 dilacerata
2423 4265 2789 4334 absumautur,
2819 4284 2926 4325 non
2955 4271 3075 4327 ideo
3098 4275 3182 4329 vel
3210 4277 3383 4334 minus
3408 4279 3694 4352 integram,

2115 4352 2198 4407 vel
2241 4354 2418 4409 minus
2450 4355 2730 4425 gloriosam
2757 4374 2940 4415 eorum
2966 4367 3408 4424 resurrectionem
3437 4371 3692 4432 futuram.

2183 4442 2380 4537 CLXII.
2404 4443 2503 4537 jlb.
2537 4463 2700 4515 XLVII,
2733 4450 2793 4505 51
2809 4450 2846 4523 .]
2877 4453 3026 4520 Quod
3056 4456 3251 4513 habent
3271 4461 3414 4516 latini
3441 4464 3688 4537 codices,

2109 4532 2179 4588 Et
2207 4533 2433 4589 adoravit
2472 4553 2624 4608 super
2645 4550 2798 4610 caput
2839 4543 2989 4616 virga:
3007 4547 3146 4617 ejus;
3194 4553 3430 4608 nonuulli
3477 4532 3688 4614 codices

2109 4628 2440 4721 emendatius
2467 4629 2680 4697 habent,
2713 4634 2951 4688 Adoravit
2988 4655 3137 4708 super
3163 4654 3314 4709 caput
3353 4647 3504 4718 virgae
3536 4667 3682 4721 sue,

2108 4717 2193 4772 vel
2219 4720 2272 4773 in
2305 4721 2470 4790 capite
2507 4722 2659 4794 virga:
2688 4741 2813 4792 sure,
2847 4727 2957 4782 sive
2989 4731 3041 4782 in
3074 4735 3331 4789 cacumine
3355 4737 3391 4802 ί,
3426 4717 3506 4795 vel
3531 4717 3685 4811 super

2109 4826 2364 4867 cacumen.
2404 4811 2560 4867 Fallit
2592 4829 2684 4869 eos
2707 4817 2849 4871 enim
2871 4819 3087 4875 verbum
3124 4838 3377 4893 griecum,
3406 4831 3548 4900 quod
3572 4835 3680 4888 eis-

2107 4903 2228 4959 dem
2257 4905 2446 4960 litteris
2471 4907 2734 4971 scribitttr,
2763 4911 2879 4966 sive
2903 4913 3031 4984 ejus,
3059 4916 3170 4971 sive
3194 4935 3300 4974 sua:
3326 4936 3346 4975 :
3370 4924 3463 4978 sed
3490 4941 3679 4983 acceno

2109 5007 2194 5051 tus
2215 4997 2453 5067 dispares
2474 5010 2615 5066 stitit,
2639 5011 2692 5056 et
2718 5003 2786 5057 ab
2810 5005 2887 5059 eis
2923 5007 3010 5077 qtti
3043 5008 3142 5065 ista
3173 5026 3471 5085 noverunt,
3506 5019 3557 5075 in
3587 5035 3676 5076 co-

2105 5089 2312 5147 dicibus
2350 5108 2454 5146 non
2483 5103 2932 5163 contemnuntur;
2965 5101 3140 5156 valent
3163 5107 3304 5160 enim
3339 5109 3403 5163 ad
3433 5127 3673 5182 magnam

2104 5181 2496 5238 discretionem.
2533 5184 2782 5252 Quamvis
2805 5199 2858 5244 et
2887 5206 3044 5247 unam
3083 5195 3198 5264 plus
3229 5198 3451 5255 litteram
3479 5181 3673 5259 habere

2103 5282 2300 5344 posset,
2321 5273 2363 5329 si
2393 5287 2528 5331 esset
2551 5293 2678 5344 stite,
2706 5289 2760 5332 ut
2785 5295 2890 5336 non
2916 5294 3058 5340 esset
3081 5290 3350 5353 «6106,8th
3378 5299 3565 5348 ἑαυτοῦ.
3594 5296 3671 5352 Ac

2101 5383 2196 5440 per
2223 5367 2325 5424 hoc
2355 5369 2542 5426 merito
2571 5373 2822 5442 qumritur
2855 5377 2979 5446 quid
3025 5380 3097 5436 sit
3135 5383 3275 5452 quod
3317 5385 3513 5442 dictum
3565 5398 3666 5446 est.

2098 5458 2231 5516 Nam
2277 5460 2428 5517 facile
2457 5461 2833 5535 intelligeretur
2861 5484 3074 5538 senem,
3103 5475 3192 5546 qui
3225 5478 3422 5550 virgam
3468 5479 3671 5540 ferebat

2097 5566 2164 5607 eo
2191 5568 2357 5620 more,
2388 5569 2493 5622 quo
2524 5554 2611 5608 illa
2639 5566 2768 5612 ictas
2794 5561 3033 5616 baculum
3053 5565 3205 5633 solet,
3233 5579 3290 5622 ut
3318 5585 3376 5625 se
3405 5571 3668 5630 inclinavit

2097 5643 2164 5699 ad
2189 5644 2351 5700 Deum
2373 5645 2721 5713 adorandum,
2752 5649 2805 5703 id
2826 5651 3002 5731 utique
3031 5654 3215 5716 fecisse
3233 5675 3393 5730 super
3415 5678 3664 5723 cacumen

2089 5775 2092 5778 ~
2162 5760 2177 5790 ³
2203 5761 2426 5824 Plerique
2448 5763 3526 5838 Mss.,siveincactmten;pro,incacmdne.
3627 5775 3684 5828 λ’
