3902 6296
177 290 291 352 593

180 408 350 478 virgae
376 420 505 471 suae,
537 421 694 477 quam
726 406 804 462 sic
828 405 1051 472 ferebat,
1076 415 1131 461 ut
1156 420 1315 475 super
1339 420 1457 461 eam
1494 414 1651 476 caput
1682 405 1765 459 in-

180 497 434 552 clinanda
458 496 704 552 adoraret
722 498 906 553 Deum.
927 497 1062 566 Quid
1087 506 1327 568 estergo,
1359 497 1598 551 Adoravit
1619 512 1768 565 super

178 604 423 644 cacumen
448 588 600 659 uirga:
626 590 770 659 ejus,
795 589 845 643 id
870 598 952 644 est
974 588 1065 643 ﬁlii
1104 589 1185 642 sui
1226 588 1459 658 Ioseph?
1502 590 1583 643 An
1633 590 1767 643 forte

178 681 382 735 tulerat
408 680 476 734 ab
496 695 561 734 eo
582 680 803 750 virgam,
834 680 1043 750 quando
1063 682 1110 736 ei
1132 681 1346 751 jnrabat
1366 680 1504 735 idem
1530 679 1690 745 ﬁlius,
1713 687 1767 734 et

178 771 305 827 dum
334 786 453 827 eam
503 781 667 836 tenet,
720 781 842 841 post
899 772 1061 827 verba
1105 772 1350 841 jurantis,
1396 772 1629 827 nondum
1676 772 1764 826 illa

123 848 132 860 ’
177 862 389 920 reddita
420 878 541 917 mox
568 862 808 918 adoravit
833 863 1035 918 Deum?
1058 863 1173 918 Non
1194 864 1336 918 enim
1372 862 1600 932 pudebat
1640 877 1763 917 eum

88 939 93 945 ’
179 956 320 1012 ferre
346 956 608 1025 tantisper
633 955 836 1025 insigne
878 956 1157 1025 potestatis
1198 956 1291 1011 lilii
1325 957 1429 1022 sui,
1468 955 1556 1011 ubi
1591 956 1761 1027 ﬁgura

176 1065 384 1120 magna:
411 1048 488 1104 rei
520 1050 706 1103 lutum:
734 1048 1151 1119 pmsignabatur
1174 1064 1187 1101 :
1210 1048 1449 1119 quamxis
1475 1048 1527 1101 in
1551 1048 1761 1102 hebneo

174 1141 425 1195 facillima
453 1140 608 1210 hujus
632 1140 941 1209 quaestionis
967 1139 1230 1195 absolutio
1251 1154 1371 1195 esse
1406 1138 1610 1194 dicatur
1628 1182 1643 1205 ,
1672 1139 1760 1195 ubi

175 1232 433 1302 scriptum
461 1231 774 1300 perhibent,
801 1230 867 1284 Et
912 1231 1139 1285 adoravit
1167 1228 1331 1286 Israel
1349 1232 1417 1285 ad
1438 1242 1590 1299 caput
1614 1231 1756 1299 lecti,

173 1325 226 1380 in
252 1339 360 1395 quo
391 1326 573 1394 utique
603 1338 765 1379 senex
791 1322 1005 1393 jacebat
1024 1365 1040 1390 ,
1068 1332 1124 1379 et
1155 1324 1231 1379 sic
1258 1326 1487 1393 positum
1511 1322 1755 1389 habebat,

173 1418 301 1473 utin
326 1433 394 1472 eo
419 1418 535 1472 siue
559 1417 757 1483 labore,
787 1417 1001 1487 quando
1029 1416 1204 1481 vellet,
1238 1424 1454 1481 oraret;
1500 1431 1599 1470 nec
1636 1415 1758 1471 ideo

172 1523 346 1569 tamen
376 1512 522 1584 quod
545 1512 886 1582 Septuaginta
912 1512 1242 1581 interpretati
1268 1520 1413 1577 sunt,
1444 1510 1645 1565 nullum
1673 1509 1756 1564 vel

169 1606 337 1661 levem
365 1620 583 1661 sensum
603 1604 802 1661 habere
828 1604 1117 1675 putandum
1144 1614 1244 1659 est.
1750 1648 1751 1663 ξ

236 1698 469 1754 CLXIII.
512 1696 610 1771 [Ib.
654 1712 855 1761 man,
885 1694 966 1768 4.]
1011 1696 1181 1751 Etiam
1209 1694 1294 1749 hic
1330 1708 1755 1751 commemorans

167 1790 329 1846 Iacob
357 1789 745 1860 promissiones
774 1787 869 1843 Dei
899 1802 1024 1859 erga
1058 1802 1117 1842 se
1155 1787 1339 1850 factas,
1377 1786 1506 1841 dicit
1533 1780 1638 1841 'sibi
1676 1784 1755 1840 di-

166 1894 327 1951 ctum,
381 1880 601 1938 Faciam
641 1891 688 1936 te
728 1881 782 1936 in
824 1881 1229 1953 congregationes
1268 1880 1491 1951 gentium
1520 1895 1538 1934 :
1564 1879 1754 1950 quibus

165 1978 339 2033 verbis
389 1976 563 2047 magis
609 1976 841 2030 ﬁdelium
891 1976 1221 2031 vocationem
1261 1973 1541 2046 signiﬁcat,
1594 1987 1753 2045 quam

165 2069 391 2124 carnalis
420 2068 635 2139 generis
661 2066 1113 2137 propagationem.
1750 2092 1751 2119 :

231 2158 465 2215 CLXIV.
486 2158 585 2232 [Ib.
605 2174 784 2223 vam,
804 2160 859 2224 5,
882 2157 962 2231 6.]
989 2158 1139 2227 Quod
1159 2158 1411 2229 scriptum
1429 2166 1529 2222 est,
1544 2157 1754 2213 dicente

164 2251 326 2308 Iacob
351 2253 426 2308 de
449 2252 696 2322 Ephrzem
721 2260 775 2306 et
793 2250 1055 2318 Manasse,
1089 2250 1241 2305 Nunc
1267 2268 1384 2323 ergo
1405 2251 1501 2320 ﬁlii
1526 2252 1598 2305 tui
1618 2251 1750 2319 duo,

161 2346 244 2415 qui
272 2345 398 2415 facti
428 2355 541 2398 sunt
568 2344 654 2398 tibi
680 2345 733 2398 in
757 2352 891 2398 terra
920 2342 1141 2414 .Egypti
1171 2345 1464 2416 priusquam
1501 2345 1569 2397 ad
1600 2355 1646 2398 te
1672 2361 1753 2399 ve-

164 2439 319 2492 nirem
358 2438 418 2493 in
461 2436 782 2508 Afgyptum,
830 2437 928 2491 mei
968 2448 1105 2503 sunt,
1141 2435 1381 2507 Ephrwm
1414 2446 1461 2490 et
1491 2436 1748 2506 Manasse,

164 2540 406 2602 tanquam
440 2529 617 2584 Ruben
642 2539 687 2583 et
717 2528 926 2584 Simeon
963 2538 1107 2582 erunt
1142 2530 1264 2583 mihi
1302 2528 1469 2602 (natos
1507 2540 1674 2583 autem
1711 2529 1753 2583 si

163 2626 390 2696 genueris
420 2635 589 2696 postea
608 2666 622 2688 ,
652 2623 740 2677 tibi
770 2621 978 2694 erant);
1008 2623 1061 2677 in
1088 2623 1288 2677 nomine
1306 2628 1521 2695 [rutrum
1546 2641 1751 2678 suorum

163 2717 394 2789 appellab
403 2726 555 2771 untur
580 2717 631 2770 in
658 2715 873 2770 sortibus
901 2732 1101 2770 eorum:
1123 2714 1254 2769 fallit
1268 2716 1751 2786 legentesaliquan-

163 2809 250 2873 do,
271 2820 329 2864 ut
351 2810 665 2865 existiment
685 2809 753 2862 ita
773 2809 990 2872 dictum,
1010 2818 1256 2878 tanquam
1276 2809 1317 2863 si
1336 2808 1468 2863 alios
1484 2809 1752 2878 genuisset

165 2901 383 2973 Ioseph,
418 2902 641 2958 istorum
675 2903 976 2957 nominibus
1005 2917 1097 2958 eos
1131 2902 1296 2958 Iacob
1320 2904 1577 2973 appellari
1611 2920 1749 2973 prae-

164 2996 394 3067 ciperet;
441 2996 582 3068 quod
634 3012 737 3051 non
788 2996 858 3051 ita
898 3004 1001 3051 est.
1034 2995 1330 3050 Verborum
1384 2997 1577 3066 quippe
1618 2996 1751 3052 ordo

165 3092 486 3156 contexitur,
522 3089 676 3144 Nunc
716 3106 832 3160 ergo
867 3090 961 3159 [itii
997 3089 1068 3143 tui
1097 3090 1199 3142 duo
1223 3131 1237 3155 ,
1266 3090 1350 3159 qui
1376 3090 1499 3158 [acti
1522 3098 1638 3143 sunt
1664 3088 1749 3143 tibi

163 3183 213 3235 in
238 3193 373 3236 terra
396 3181 611 3253 ίΕθξιριί
640 3182 932 3251 priusquam
953 3179 1020 3232 ad
1048 3190 1095 3233 te
1118 3180 1334 3233 venirem
1363 3180 1413 3231 in
1439 3178 1747 3249 /Egyptum,

163 3276 261 3328 mei
291 3284 416 3328 sunt
447 3274 704 3343 Ephrazm,
740 3283 786 3325 et
826 3270 1065 3325 Manasse
1088 3312 1102 3336 ,
1135 3280 1370 3341 tanquam
1402 3270 1576 3323 Ruben
1597 3282 1641 3324 et
1666 3271 1750 3326 Si—

159 3386 308 3423 meon
344 3377 492 3420 erant
534 3366 689 3427 mihi;
723 3366 776 3418 in
820 3364 1021 3418 nomine
1045 3364 1259 3432 fratrum
1286 3378 1492 3415 suorum
1519 3364 1749 3431 appella-

158 3460 355 3514 buntur
374 3461 427 3511 in
447 3458 661 3511 sortibus
687 3471 897 3519 eorum;
924 3454 1025 3509 hoc
1063 3461 1144 3508 est
1165 3493 1181 3519 ,
1205 3452 1358 3505 simul
1388 3451 1750 3506 haereditatem

162 3551 382 3621 capient
418 3563 539 3603 cum
566 3546 818 3601 fratribus
856 3545 988 3612 suis,
1045 3554 1100 3598 ut
1152 3544 1306 3597 simul
1354 3553 1607 3596 vocentur
1659 3541 1750 3602 ﬁlii

165 3641 348 3697 Israel.
411 3639 535 3693 Duae
579 3639 774 3709 quippe
812 3637 942 3708 ipsa:
995 3635 1160 3690 tribus
1206 3635 1468 3704 adjuncta:
1512 3644 1655 3701 sunt,
1697 3642 1752 3688 ut

165 3742 387 3802 excepta
415 3730 554 3785 tribu
581 3729 730 3797 Levi,
754 3745 873 3800 qua:
918 3727 1262 3783 sacerdotalis
1310 3726 1426 3793 fuit,
1470 3726 1749 3783 duodecim

168 3834 347 3881 essent
372 3840 490 3895 qua:
517 3834 709 3879 terram
739 3822 1058 3887 dividerent,
1089 3831 1142 3876 et
1171 3821 1402 3877 decimas
1427 3822 1747 3892 przeberent.

169 3915 297 3974 Illud
321 3928 498 3973 autem
518 3918 884 3987 interpositum
903 3924 1011 3982 est,
1032 3915 1171 3986 quod
1190 3915 1255 3971 de
1270 3916 1387 3973 aliis
1408 3916 1531 3972 liliis
1551 3917 1749 3988 Ioseph

172 4012 213 4065 si
240 4023 590 4066 nascerentur
617 4000 787 4064 dixit.

237 4103 443 4160 CLXV.
494 4102 592 4177 [Ib.
618 4120 799 4169 xum,
832 4102 908 4176 7.]
933 4103 1082 4171 Quod
1112 4103 1275 4159 Iacob
1302 4104 1409 4159 ﬁlio
1434 4119 1530 4158 suo
1554 4106 1750 4176 Ioseph

174 4204 417 4265 tanquam
452 4196 705 4251 nescienti
736 4196 903 4250 voluit
931 4194 1164 4249 indicare
1188 4236 1202 4259 ,
1234 4194 1319 4248 ubi
1349 4204 1402 4250 et
1425 4197 1636 4266 quando
1661 4212 1749 4252 se-

174 4286 377 4354 pelierit
401 4298 624 4342 matrem
664 4287 799 4357 ejus,
841 4301 961 4341 cum
991 4295 1044 4341 et
1082 4287 1194 4356 ipse
1237 4286 1393 4341 simul
1439 4288 1593 4343 luerit
1629 4304 1749 4345 cum

174 4373 424 4435 fratribus
447 4380 586 4445 suis;
618 4379 708 4434 sed
731 4380 830 4435 etsi
862 4388 974 4433 erat
996 4387 1101 4432 tam
1120 4394 1315 4449 parvus
1337 4389 1513 4444 mtate,
1543 4389 1592 4434 ut
1622 4381 1748 4436 illud

177 4470 253 4525 vel
293 4488 481 4529 curare
527 4474 611 4528 vel
661 4474 839 4528 animo
890 4474 1120 4528 retinere
1154 4489 1259 4527 non
1300 4487 1494 4544 posset,
1522 4493 1638 4547 qua:
1667 4493 1751 4534 res

178 4567 426 4634 compulit
454 4566 611 4621 modo
641 4566 789 4620 dici?
822 4565 919 4619 nisi
942 4564 1077 4619 forte
1102 4564 1166 4618 ad
1192 4580 1303 4621 rem
1335 4569 1586 4637 pertinuit
1604 4584 1751 4623 eom-

179 4670 470 4712 mcmorare
497 4658 565 4713 ibi
594 4658 855 4729 sepultam
884 4666 1109 4712 matrem
1137 4656 1358 4727 Ioseph,
1393 4658 1478 4713 ubi
1506 4659 1750 4717 Christus

181 4746 342 4806 fuerat
364 4753 684 4807 nasciturus.

244 4839 468 4897 CLXVI.
503 4841 600 4915 [Ib.
632 4858 815 4908 XLVIII,
839 4841 926 4907 Μ,
951 4839 1064 4913 19.]
1090 4840 1240 4909 Quod
1271 4840 1339 4895 ita
1369 4841 1633 4899 benedicil
1660 4859 1753 4901 ne-

183 4941 322 4998 potes
354 4949 483 4991 suos
510 4934 707 4999 Israel,
737 4945 793 4989 ut
821 4933 1090 4989 dexteram
1122 4950 1334 4988 manum
1367 4936 1553 4990 minori
1582 4937 1753 5007 impo-

184 5035 284 5091 nat,
331 5030 517 5100 majori
557 5039 731 5083 autem
759 5029 1048 5093 sinistram,
1079 5037 1129 5082 et
1155 5027 1253 5082 hoc
1290 5028 1397 5082 lilio
1420 5045 1517 5084 suo
1554 5029 1753 5101 Ioseph

188 5118 368 5175 volenti
385 5124 652 5192 corrigere
674 5121 821 5191 quasi
840 5130 1103 5175 errantem
1132 5131 1288 5190 atque
1318 5121 1661 5190 nescientem,
1682 5124 1752 5179 ita

188 5212 477 5278 respondet,
511 5211 653 5277 Scio,
681 5212 776 5279 ﬁli,
803 5211 923 5275 scio,
954 5222 998 5264 et
1020 5211 1099 5263 IIIC
1123 5211 1214 5264 erit
1240 5212 1293 5265 in
1322 5212 1583 5283 papulttm,
1607 5222 1653 5267 et
1673 5214 1754 5268 hic

192 5300 506 5369 excitabitur;
536 5306 623 5360 sed
659 5306 815 5378 frater
834 5306 942 5375 ejus
954 5306 1132 5375 junior
1158 5308 1323 5376 major
1344 5306 1433 5360 illo
1460 5308 1570 5372 erit,
1602 5318 1647 5362 et
1670 5325 1752 5363 se-

193 5407 295 5448 men
334 5400 433 5470 ejus
460 5401 554 5454 erit
597 5401 651 5453 in
691 5398 1057 5452 multitudinem
1090 5400 1309 5469 gentium
1342 5400 1643 5456 :‘hactenns
1685 5401 1753 5457 de

193 5480 389 5546 Christo
417 5493 777 5563 accipiendum
809 5502 909 5557 est,
939 5501 1195 5563 quatenus
1225 5494 1385 5547 etiam
1412 5493 1480 5548 de
1511 5495 1625 5563 ipso
1666 5494 1754 5549 Ia-

193 5578 285 5633 cob
308 5592 357 5639 et
384 5586 538 5642 fratre
558 5589 670 5656 ejus
695 5586 892 5641 dictum
910 5597 1010 5650 est,
1038 5587 1166 5653 Quia
1190 5588 1352 5656 major
1377 5589 1548 5641 serviet
1576 5588 1754 5643 minori

196 5666 336 5737 (Cen.
360 5693 478 5748 xxv,
500 5679 612 5750 23).
641 5677 938 5734 Secundum
959 5678 1057 5732 hoc
1071 5679 1209 5732 enim
1232 5678 1753 5750 signiﬁeavitaliquid

196 5764 482 5832 Prophetice
508 5771 606 5825 hoc
627 5769 865 5825 faciendo
888 5769 1065 5836 Israel,
1093 5770 1229 5839 quod
1247 5771 1469 5841 populus
1498 5774 1757 5842 posterior

1594 291 1795 347 LIBER
1832 290 2102 348 PRIMUS.

3353 297 3458 357 ὅθι

1875 420 1969 474 per
1995 403 2263 459 Christum
2294 406 2497 460 futurus
2510 406 2847 476 generatione
2871 407 3146 475 Spirituali,
3176 425 3455 481 superam.
3500 424 3501 427 ‘

1875 510 1967 549 rus
1987 505 2103 549 erat
2134 496 2383 566 pupulum
2408 498 2636 566 priorem
2661 498 2730 552 de
2758 498 2955 553 carnali
2994 508 3200 568 patrum
3230 517 3454 571 genera-

1876 586 2016 638 tione
2042 585 2375 654 gloriantem.

1944 673 2192 729 CLXVII.
2215 676 2311 747 [Ib.
2332 693 2514 744 xum,
2540 676 2655 749 22.]
2682 677 2829 745 Quod
2849 678 3455 739 dicitIacthichimam

1871 783 1929 822 se
1967 769 2286 838 praecipuam
2323 770 2450 824 dare
2498 772 2605 825 lilio
2650 787 2747 827 suo
2793 773 3007 844 Ioseph,
3039 784 3092 829 et
3118 775 3261 831 addit
3313 776 3456 847 quod

1870 876 1987 916 eam
2027 862 2322 931 possederit
2360 864 2411 918 in
2442 864 2613 934 gladio
2656 880 2753 920 suo
2772 874 2827 921 et
2868 882 3015 931 arcu,
3061 869 3226 939 qiuari
3281 880 3456 938 potest

1867 953 2309 1022 quemadmodum
2359 956 2534 1010 valeat
2572 955 2639 1011 ad
2686 957 2912 1012 litteram
2957 962 3262 1017 convenire.
3312 963 3457 1019 Emit

1867 1045 2007 1099 enim
2020 1055 2228 1100 centum
2245 1047 2395 1115 agnis
2408 1048 2794 1116 possessionem
2813 1050 2952 1104 illam
2967 1050 3116 1123 (Ceu.
3138 1069 3319 1121 sum,
3339 1054 3449 1126 I9),

1868 1150 1973 1191 non
1999 1138 2140 1207 cepit
2174 1137 2295 1206 jure
2338 1138 2574 1194 victoria:
2603 1139 2827 1195 bellicaz.
2860 1144 2940 1195 An
2970 1144 3089 1211 quia
3121 1143 3296 1200 Salem
3321 1146 3452 1201 civi-

1868 1236 2028 1283 tatem
2050 1228 2404 1285 Sichimorum
2424 1231 2515 1286 ﬁlii
2546 1232 2661 1301 ejus
2688 1246 3115 1304 expugnaverunt
3138 1234 3247 1305 (Id.
3266 1253 3447 1308 xxxiv,

1866 1319 1978 1391 25),
2001 1331 2053 1376 et
2069 1321 2189 1391 jure
2214 1323 2336 1377 belli
2378 1324 2545 1394 potuit
2565 1324 2681 1394 ejus
2728 1326 2861 1392 ﬁeri,
2903 1337 2961 1381 ut
3004 1328 3206 1398 jttslttm
3253 1329 3452 1389 bellum

1864 1427 1982 1468 cum
2006 1414 2085 1469 eis
2113 1423 2317 1486 gestum
2345 1416 2601 1482 videatur,
2625 1418 2711 1488 qui
2740 1426 2935 1473 tantam
2960 1421 3162 1489 priores
3206 1422 3453 1493 injuriam

1861 1504 2104 1561 fecerunt
2132 1509 2187 1562 in
2210 1508 2324 1578 ejus
2346 1508 2449 1563 ﬁlia
2476 1511 2915 1565 contaminanda?
2943 1508 3050 1566 Cur
3067 1530 3171 1568 non
3191 1531 3317 1587 ergo
3347 1517 3452 1573 illis

1863 1597 2006 1652 illam
2037 1607 2230 1653 terram
2260 1599 2425 1663 dedit,
2464 1602 2553 1670 qui
2600 1600 2699 1655 hoc
2737 1613 3192 1671 perpetravernnt,
3218 1604 3316 1661 hoc
3345 1618 3445 1676 est,

1861 1690 2154 1760 majoribus
2179 1692 2304 1745 ﬁliis
2329 1691 2474 1745 suis?
2505 1692 2701 1748 Deinde
2735 1694 2778 1747 si
2822 1693 2981 1748 modo
3019 1710 3086 1751 ex
3113 1697 3199 1752 illa
3230 1699 3449 1757 victoria

1861 1782 2121 1853 glorians,
2146 1783 2236 1837 dat
2263 1800 2379 1839 eam
2404 1794 2599 1840 terram
2628 1785 2734 1840 ﬁlio
2764 1801 2861 1841 suo
2889 1786 3105 1858 Ioseph,
3138 1805 3233 1845 cur
3258 1792 3305 1846 ei
3333 1793 3445 1849 dis-

1860 1871 2163 1941 plicuerunt
2190 1882 2314 1927 tunc
2344 1873 2438 1927 lilii
2460 1876 2548 1945 qui
2582 1876 2681 1930 hoc
2715 1877 3134 1933 commiserunt?
3167 1878 3273 1935 Cur
3295 1881 3448 1938 deni-

1860 1979 1962 2034 que
1990 1964 2152 2019 etiam
2199 1980 2359 2030 nunc,
2405 1982 2525 2021 cum
2565 1981 2658 2022 eos
2687 1967 3045 2037 benediceret,
3076 1970 3446 2041 exprobrando

1860 2056 1912 2110 id
1939 2058 2379 2112 commemoravit
2405 2058 2458 2112 in
2483 2057 2637 2112 factis
2665 2074 2848 2114 eorum
2876 2058 2984 2133 (Id.
3018 2077 3160 2125 χιιι,
3190 2061 3281 2133 5)?
3310 2061 3443 2116 Pro-

1860 2148 1945 2202 cul
1973 2148 2136 2203 dubio
2164 2164 2292 2221 ergo
2322 2149 2537 2221 aliquod
2567 2150 2651 2205 hic
2681 2151 2810 2207 latet
2859 2152 3221 2222 propheticum
3266 2168 3445 2207 sacra-

1859 2226 2098 2295 mentum
2132 2257 2145 2293 :
2174 2240 2294 2310 quia
2322 2250 2375 2295 et
2407 2239 2605 2309 Ioseph
2643 2242 2868 2311 quadam
2895 2243 3155 2312 praecipua
3182 2242 3447 2312 signiﬁca-

1859 2332 2003 2387 tione
2024 2332 2300 2413 Christum
2330 2333 2703 2403 prwﬁguravit,
2730 2344 2784 2390 et
2806 2335 3024 2391 eidatur
3053 2337 3136 2391 illa
3159 2348 3316 2401 terra,
3353 2337 3445 2396 ubi

1858 2425 2245 2497 disperdiderat
2288 2428 2557 2483 obruendo
2581 2431 2709 2486 deos
2737 2431 2940 2486 alienos
2968 2431 3166 2498 Iacob;
3198 2442 3253 2487 ut
3278 2432 3437 2488 Chri-

1857 2525 1971 2599 stus
2000 2520 2319 2590 intelligatur
2346 2535 2687 2591 possessurus
2709 2533 2897 2594 gentes
2924 2523 3026 2579 diis
3055 2534 3264 2594 patrum
3315 2542 3444 2582 suo-

1856 2626 1976 2667 rum
2009 2613 2392 2679 renuntiantes,
2413 2622 2467 2669 ct
2494 2615 2770 2672 credentes
2800 2616 2852 2671 in
2878 2632 3019 2672 eum.

1870 2764 1879 2769 -
1927 2724 2200 2779 CLXVIII.
2231 2725 2329 2799 [Ib.
2350 2743 2489 2792 xux,
2515 2728 2627 2800 52.}
2661 2728 2951 2784 Videndum
2979 2732 3245 2800 quomodo
3263 2731 3445 2789 dicant

1858 2815 2168 2887 Scriptum,
2197 2819 2337 2888 quod
2355 2818 2566 2873 assidue
2591 2820 2773 2875 dicunt
2796 2820 2863 2875 de
2892 2823 3133 2887 mortuis,
3158 2821 3221 2876 Et
3247 2824 3445 2892 apposic

1858 2918 1936 2964 tus
1959 2921 2032 2964 est
2069 2911 2137 2964 ad
2176 2923 2342 2981 patres
2366 2929 2516 2967 suos:
2541 2914 2645 2979 vel,
2677 2913 2949 2985 Appositus
2986 2924 3056 2969 est
3097 2916 3163 2968 ad
3200 2917 3443 2987 populum

1857 3016 2024 3054 suum.
2070 3002 2207 3057 Ecce
2240 3003 2382 3057 enim
2412 3003 2479 3058 de
2499 3003 2664 3059 Iacob
2684 3004 2893 3069 dicitur,
2918 3005 3025 3075 jam
3051 3007 3264 3077 quidem
3295 3024 3441 3064 mor-

1859 3100 1969 3158 tuo,
1999 3092 2092 3148 sed
2121 3093 2353 3149 nondum
2382 3097 2618 3166 sepulto;
2650 3104 2704 3151 et
2724 3096 2790 3151 ad
2818 3112 2976 3167 quem
2997 3100 3246 3168 populum
3270 3116 3441 3172 appo-

1856 3193 2031 3246 natur,
2064 3201 2167 3239 non
2198 3186 2252 3240 in
2285 3196 2526 3257 promptu
2546 3197 2628 3242 est
2654 3189 2850 3244 videre.
2888 3189 2963 3245 Ex
2992 3190 3080 3243 iIlu
3105 3192 3245 3246 enim
3278 3208 3442 3263 popu-

1856 3273 1941 3329 lus
1968 3276 2113 3344 prior
2146 3278 2398 3345 nascitur,
2430 3279 2521 3348 qui
2560 3279 2732 3333 dictus
2754 3289 2839 3335 est
2871 3280 3093 3350 p0pulus
3123 3281 3284 3337 Israel
3311 3302 3322 3336 :
3350 3285 3441 3354 qui

1857 3381 1984 3420 vero
2008 3382 2129 3422 eum
2163 3380 2567 3437 pnecesserunt,
2604 3380 2707 3425 tam
2736 3374 2885 3441 pauci
2917 3373 3045 3443 justi
3082 3376 3437 3441 nominantur,

1857 3468 1913 3510 ut
1940 3473 2033 3513 eos
2060 3461 2307 3528 p0pu|um
2335 3463 2603 3532 appellare
2630 3473 2958 3519 cunctamur.
2996 3465 3124 3519 Nam
3162 3468 3205 3521 si
3240 3467 3440 3524 dictum

1857 3559 2020 3617 esset,
2042 3554 2328 3622 Appositus
2357 3564 2438 3609 est
2464 3553 2532 3608 ad
2560 3565 2733 3625 patres
2761 3571 2907 3621 suos,
2926 3558 3068 3611 nulla
3095 3562 3316 3628 qumstio
3344 3561 3438 3616 ﬁe-

1856 3648 1956 3694 rct.
1979 3643 2060 3695 An
2087 3642 2221 3699 forte
2250 3646 2474 3713 populus
2486 3654 2586 3711 est,
2607 3663 2711 3701 non
2738 3649 2909 3702 solum
2936 3648 3205 3706 hominum
3227 3662 3439 3707 sancto-

1855 3746 1996 3796 rum,
2034 3748 2217 3786 verum
2261 3744 2310 3787 et
2346 3734 2688 3803 Angelorum,
2730 3739 2960 3809 populus
3002 3741 3228 3796 civitatis
3277 3743 3432 3811 illius,

1856 3822 1999 3877 unde
2044 3823 2237 3878 dicitur
2278 3824 2345 3878 ad
2380 3824 2654 3891 chrmos,
2687 3827 2793 3884 Sed
2828 3832 3102 3886 accessistis
3128 3833 3197 3886 ad
3220 3843 3439 3889 montem

1857 3916 2005 3979 Sion,
2031 3926 2075 3969 et
2092 3916 2158 3970 ad
2172 3918 2415 3971 civitatem
2442 3917 2536 3971 Dei
2552 3917 2850 3987 Jerusalem,
2879 3932 2926 3975 et
2954 3924 3020 3976 ad
3040 3924 3199 3978 millia
3216 3924 3439 3997 Angela—-

1856 4024 1969 4062 rum
2000 4010 2356 4064 exsultantium
2387 4009 2404 4079 (
2430 4009 2559 4065 lleb.
2583 4027 2674 4074 xu,
2702 4012 2844 4083 22)?
2873 4014 3005 4069 lluic
3051 4017 3243 4087 popqu
3274 4033 3437 4087 appo-

1855 4110 2053 4155 nuntur
2096 4101 2185 4170 qui
2234 4100 2369 4156 hauc
2396 4101 2555 4156 vitam
2593 4103 2863 4173 placentes
2890 4105 2995 4160 Deo
3010 4106 3198 4161 liuiunt
3226 4109 3266 4163 ί.
3288 4108 3439 4165 Tune

1857 4192 1998 4246 cnim
2029 4190 2275 4246 dicuntur
2303 4194 2515 4263 apponi,
2539 4195 2749 4263 quando
2768 4195 3031 4266 uullajam
3059 4209 3299 4253 remanet
3324 4201 3434 4254 sol-

1855 4281 2072 4337 licitudo
2095 4284 2462 4347 tentationum,
2499 4292 2555 4338 et
2577 4285 2864 4354 periculum
2896 4299 3252 4357 peccatorum.
3283 4291 3437 4357 Quod

1857 4374 2067 4430 intuens
2087 4376 2160 4429 ait
2181 4376 2450 4445 Scriptura
2473 4376 2632 4430 :Ante
2658 4386 2863 4431 mortem
2892 4394 2954 4431 ne
2978 4379 3153 4434 laudes
3185 4381 3437 4439 hominem

1855 4485 2151 4538 quemquam
2180 4468 2361 4539 (I'Iccli.
2386 4485 2455 4530 XI,
2481 4470 2592 4542 50).

1927 4561 2155 4617 CLXIX.
2184 4560 2277 4634 [Ib.
2297 4578 2347 4628 ι,
2368 4562 2445 4634 5.]
2474 4562 2827 4634 Quadraginta
2845 4565 2959 4621 dies
2982 4566 3284 4636 sepultura},
3302 4585 3435 4640 quos

1856 4664 2235 4709 commemorat
2264 4652 2555 4724 Scriptura,
2586 4655 2717 4710 forte
2746 4656 3040 4726 signiﬁcant
3074 4658 3271 4729 aliquid
3320 4676 3434 4730 pte-

1856 4745 2113 4811 nitentim,
2149 4762 2248 4816 qua
2282 4756 2491 4817 peccata
2520 4748 2865 4817 sepeliuntur.
2906 4748 3019 4805 Non
3047 4742 3195 4809 enim
3237 4753 3436 4809 frustra

1856 4837 2014 4890 etiam
2042 4837 2382 4907 quadraginta
2401 4839 2512 4893 dies
2531 4839 2855 4909 jejuniornm
2874 4851 2997 4896 sunt
3012 4845 3303 4911 constituti,
3321 4848 3435 4914 qui-

1857 4932 1955 4987 bus
1981 4933 2187 5006 Moyses
2216 4933 2700 5005 (Exod.xxxnv,‘28)
2723 4945 2776 4992 et
2800 4936 2939 4991 Elias
2966 4936 3053 5011 (III
3080 4938 3331 5007 Ileg.x1x,
3351 4939 3432 5011 8),

1858 5034 1911 5078 et
1935 5025 2048 5095 ipse
2080 5025 2333 5081 Dominus
2365 5026 2621 5097 jejunavit
2665 5026 2872 5095 (Matt/2.
2901 5044 2973 5094 tv,
3003 5028 3057 5097 Ξ)
3084 5047 3097 5082 :
3124 5039 3175 5082 et
3198 5029 3434 5085 Ecclesia

1858 5118 2173 5188 prmeipuam
2197 5119 2618 5176 observationem
2632 5121 2950 5190 jejuniorum
2969 5121 3436 5192 Quadragesimam

1858 5222 2028 5268 vocat.
2082 5212 2233 5270 Unde
2258 5225 2311 5269 et
2352 5214 2403 5268 in
2433 5215 2645 5270 hebrmo
2677 5215 2745 5269 de
2785 5214 3026 5269 Ninivitis
3062 5216 3200 5283 apud
3244 5214 3436 5272 Ionam

1858 5288 2167 5374 prophetam
2216 5306 2469 5377 scriptum
2515 5306 2813 5377 perhibent,
2845 5306 3194 5377 Quadraginta
3240 5308 3346 5363 dies
3389 5318 3438 5365 et

1860 5396 2044 5452 Ninive
2064 5408 2305 5452 evertetur
2331 5397 2500 5469 (Iona:
2521 5415 2596 5461 In,
2619 5397 2673 5464 4)
2713 5415 2726 5451 :
2757 5408 2812 5451 ut
2840 5414 2935 5469 per
2961 5406 3037 5452 tot
3056 5398 3190 5467 dies,
3221 5414 3438 5455 accom-

1859 5488 2098 5544 modatos
2144 5489 2386 5543 videlicet
2429 5489 2773 5543 Immiliationi
2808 5491 3190 5558 pmnileutium,
3239 5493 3466 5579 intelli-;

1922 5603 1939 5633 ι
1966 5601 2101 5659 Edili,
2142 5599 2225 5669 qui
2266 5606 2368 5663 post
2402 5598 2714 5669 lumc‘ritam
2745 5601 2981 5669 placentes
3010 5613 3103 5655 Deo
3136 5602 3273 5669 fiunt.
3308 5592 3462 5660 Hunc.

1857 5662 2786 5742 ῑίῐςξιξιξηεειιὶεῖξιέτξεηιέξἓξιεφνξφεε.
2822 5668 2997 5742 suibus
3019 5662 3231 5742 ξιιιεέιιίξ.
3252 5672 3443 5742 ametis

2231 5723 2278 5773 in
2302 5726 2514 5786 excusis,
2536 5732 2639 5776 tum
2661 5728 2711 5778 in
2731 5720 2921 5780 duobus
2940 5720 3311 5781 Corbeiénsiths
3332 5720 3441 5781 Mss.
