3902 6318
276 232 387 291 597

278 356 388 415 est,
420 346 475 401 id
503 353 590 402 est
609 350 854 414 parentes
875 354 1058 396 eorum
1084 382 1097 403 ,
1129 353 1264 410 quos
1294 338 1363 395 ibi
1407 337 1502 394 Lia
1525 335 1763 407 peperit:
1791 334 1862 389 ita

265 437 533 516 quoniam
572 449 787 496 causam
832 431 1060 488 intrandi
1102 431 1158 486 in
1191 429 1480 502 Egyptum
1507 427 1668 484 Jaeob
1696 427 1750 481 in
1775 425 1866 481 Jo~

286 531 426 604 seph
443 528 630 586 habuit
652 534 858 596 ,.totum
893 532 1105 596 tempus
1141 537 1246 594 quo
1266 523 1318 578 in
1345 520 1580 593 Egypto
1613 517 1740 574 vixit
1771 517 1865 574 Jo-

1626 213 1824 274 LlBER
1857 212 2224 272 SECUNDL'S.

3454 205 3570 262 598v

1973 331 2126 402 seph,
2175 330 2437 402 ingressio
2487 337 2601 388 erat
2651 327 2814 384 Jacob
2866 326 2922 382 in
2941 327 3228 400 Egyptum
3281 341 3372 396 per
3408 342 3558 383 suam

1971 424 2298 496 progeniem,
2333 438 2455 495 quia:
2507 421 2599 478 illo
2653 420 2779 476 vivo
2831 419 3236 493 propagabatur,
3273 433 3367 489 per
3401 434 3562 490 quem

1972 517 2169 573 factum
2189 525 2273 574 est
2299 523 2360 572 ut
2388 512 2774 588 ingrederetur.

283 647 3554 688 Wm—

1217 729 1687 842 LIBER
1764 725 1944 836 SE
1961 724 2177 832 Ου’
2164 725 2278 832 Ν
2274 726 2390 832 Β
2412 723 2620 833 US.

1158 896 1455 960 (intestinae:
1475 894 1526 946 iu-
1545 890 1778 954 uodum,
1803 897 1857 945 et
1876 891 1928 942 in
1946 888 2046 943 ﬁne
2065 887 2330 952 descriptio
2349 883 2681 940 Tabernacull.

1751 1003 2123 1065 εϐξ-οὓᾶέἢθδ

351 1118 834 1194 Quas'r.l.[Exon.
854 1131 1022 1187 cap.t,
1042 1115 1078 1186 7
1113 1114 1148 1186 Ῡ
1174 1153 1187 1166 .
1205 1111 1290 1177 19,
1307 1109 1427 1185 ‘20.]
1439 1108 1511 1166 De
1527 1105 1873 1166 obstetricum

289 1217 594 1281 mendacio,
623 1229 730 1285 quo
759 1210 1056 1268 fefellerunt
1084 1207 1435 1272 Pharaonem,
1478 1219 1544 1259 ne
1573 1199 1876 1257 occiderent

290 1310 558 1365 masculos
581 1305 844 1361 lsraelitas
873 1299 1086 1372 quando
1108 1298 1479 1362 nascebantur,
1508 1294 1744 1349 dicentes
1767 1305 1874 1346 non

290 1404 364 1457 ita
387 1417 578 1472 parere
596 1397 847 1453 mulieres
868 1393 1120 1450 Hebraeus
1135 1392 1270 1446 sicut
1290 1387 1563 1461 pariebant
1583 1383 1873 1456 AEgyptiaa;

290 1494 459 1565 queri
497 1491 634 1546 solet
659 1499 836 1544 utrum
873 1485 996 1540 talia
1029 1482 1300 1538 mendacia
1329 1479 1617 1550 approbata
1646 1475 1752 1530 sint
1779 1487 1875 1526 au-

295 1584 544 1641 ctsaitate
589 1580 798 1644 divina,
845 1572 1273 1647 quandoquidem
1304 1571 1560 1641 scriptum
1599 1577 1680 1622 est
1707 1565 1876 1620 Deum

293 1677 432 1732 bene
457 1672 644 1728 fecisse
674 1666 1048 1724 obstetricibus
1075 1682 1088 1718 :
1117 1662 1213 1720 sed
1238 1671 1414 1716 utrum
1454 1675 1549 1732 pro
1577 1657 1880 1713 misericor-

295 1771 380 1824 dia
411 1765 719 1838 ignoscehat
744 1759 1051 1825 mendacio;
1080 1774 1148 1813 an
1175 1765 1230 1812 et
1254 1757 1424 1826 ipsum
1451 1750 1783 1808 mendacium
1809 1747 1885 1803 di-

293 1875 457 1932 gnum
509 1857 726 1930 praemio
749 1854 1051 1924 judicabat,
1091 1851 1348 1906 incertum
1397 1856 1497 1904 est.
1541 1843 1698 1901 Aliud
1741 1842 1883 1898 enim

295 1952 563 2008 faciebant
604 1947 920 2004 obstetrices
964 1943 1278 1999 vivificando
1323 1937 1551 1995 infantes
1599 1935 1882 2010 parvulos,

296 2044 440 2102 aliud
469 2040 732 2098 Pharaoni
774 2037 1080 2094 mentiendo
1110 2054 1123 2091 :
1157 2051 1277 2090 nam
1318 2033 1370 2087 in
1417 2031 1521 2086 illis
1553 2026 1886 2083 vivificandis

297 2150 436 2207 opus
468 2131 849 2188 misericordia:
891 2129 1022 2194 fuit;
1070 2125 1348 2182 mendacio
1390 2137 1522 2177 vero
1558 2121 1645 2175 illo
1687 2135 1783 2190 pro
1829 2133 1887 2174 se

298 2228 607 2291 utebantur,
654 2238 720 2279 ne
746 2229 964 2277 noceret
993 2220 1096 2275 illis
1141 2218 1367 2283 Pharao,
1401 2213 1540 2285 quod
1585 2214 1754 2282 potuit
1782 2225 1885 2265 non

299 2317 368 2373 ad
397 2316 628 2379 laudem,
660 2313 754 2369 sed
791 2312 856 2367 ad
885 2311 1093 2367 veniam
1127 2308 1409 2380 pertinere.
1437 2303 1619 2374 Neque
1643 2301 1766 2356 hinc
1794 2317 1890 2355 au-

300 2412 602 2468 ctoritatem
632 2405 697 2462 ad
725 2403 1089 2462 mentiendum
1136 2419 1254 2458 esse
1297 2399 1621 2472 propositam
1653 2396 1781 2450 mihi
1809 2395 1891 2450 vi-

301 2505 460 2560 detur
496 2503 575 2559 eis
603 2501 672 2556 de
701 2500 892 2572 quibus
917 2497 1116 2553 dictum
1147 2505 1255 2562 est,
1298 2494 1362 2548 Et
1403 2509 1504 2547 non
1533 2502 1605 2546 est
1639 2491 1894 2544 inventum

300 2599 354 2651 in
387 2611 471 2650 ore
498 2609 672 2649 eorum
707 2590 1026 2646 mendacium
1063 2587 1257 2659 (Apoc.
1285 2601 1394 2649 xxv,
1425 2581 1502 2660 5.)
1533 2581 1893 2649 Quorumdam

302 2688 444 2742 enim
470 2686 579 2740 vita
619 2684 774 2754 longe
803 2679 1022 2737 inferior
1054 2694 1083 2732 a
1122 2676 1450 2748 professione
1480 2682 1784 2728 sanctorum
1806 2711 1820 2736 ,
1849 2669 1896 2726 si

304 2779 497 2835 habeat
526 2779 626 2833 ista
664 2773 1063 2832 mendaciorum
1111 2780 1355 2841 peccata,
1403 2774 1655 2837 provectu
1700 2764 1814 2834 ipso
1844 2771 1897 2818 et

306 2875 484 2930 indole
511 2871 770 2936 feruntur,
803 2866 1098 2939 prmscrtir‘n
1120 2863 1165 2918 si
1184 2861 1437 2917 beneficia
1457 2859 1633 2914 divina
1660 2855 1895 2912 nondum

307 2971 506 3021 norunt
535 2970 844 3032 exspectare
882 2956 1148 3020 ccelestia,
1180 2953 1273 3009 sed
1315 2952 1454 3009 circa
1494 2959 1702 3005 terrena
1731 2961 1895 3002 occu-

308 3065 520 3129 pantur.
556 3053 657 3123 Qui
685 3063 861 3108 autem
894 3051 963 3105 ita
996 3050 1197 3112 vivunt,
1228 3052 1286 3100 ut
1317 3060 1497 3100 eorum
1528 3040 1893 3107 conversatio,

306 3150 444 3204 sicut
467 3148 595 3204 dicit
625 3143 948 3216 Apostolus,
980 3141 1034 3196 in
1074 3141 1226 3196 caelis
1264 3138 1333 3193 sit
1373 3134 1629 3208 (Philipp.
1658 3146 1735 3196 ιιι,
1765 3131 1892 3201 ‘20),

307 3257 415 3296 non
445 3255 539 3295 eos
576 3237 824 3294 existimo
854 3235 1046 3304 linguae
1081 3246 1193 3287 suae
1237 3227 1486 3291 modum,
1530 3232 1785 3295 quantum
1829 3221 1897 3276 ad

308 3335 582 3389 veritatem
613 3328 957 3401 promendum
979 3327 1171 3381 attinet
1197 3323 1582 3391 falsitatemque
1604 3319 1893 3386 vitandam,

309 3423 557 3493 exemplo
585 3423 676 3476 illo
715 3419 1060 3476 obstetricum
1098 3415 1294 3470 debere
1337 3412 1584 3466 formare.
1629 3411 1731 3466 Sed
1775 3410 1896 3463 dili-

309 3519 522 3589 gentius
558 3515 624 3571 de
667 3515 766 3570 hac
802 3513 1097 3585 quastione
1125 3508 1496 3565 disserendum
1539 3516 1650 3574 est,
1683 3516 1898 3578 propter

310 3608 413 3662 alia
446 3606 686 3678 exempla
713 3621 830 3677 qua:
861 3605 912 3658 in
939 3601 1230 3672 Scripturis
1257 3599 1612 3671 reperiuntur.

384 3699 446 3754 ll.
481 3696 578 3772 [lb.
602 3711 662 3761 ιι,
704 3694 816 3770 12.]
850 3695 923 3751 De
956 3693 1096 3749 facto
1125 3691 1320 3765 Moysi,
1347 3707 1468 3746 cum
1507 3690 1699 3745 occidit
1731 3689 1897 3762 {Egy-

312 3792 477 3862 ptium
505 3787 572 3845 ad
594 3785 953 3844 defendendos
975 3784 1167 3840 fratres
1187 3798 1332 3846 suos,
1359 3781 1488 3836 satis
1508 3780 1895 3850 disputavimus

312 3885 365 3939 in
395 3877 484 3938 illo
527 3897 692 3953 Opere
741 3879 882 3952 quod
923 3877 990 3933 de
1019 3877 1124 3931 vita
1173 3873 1602 3930 Patriarcharum
1642 3871 1897 3926 adversus

315 3975 564 4031 Faustum
596 3973 942 4043 scripsimus:
967 3978 1143 4024 utrum
1184 3965 1389 4021 indoles
1425 3965 1476 4019 in
1513 3979 1577 4019 eo
1619 3962 1896 4018 laudabilis

315 4069 510 4134 fuerit,
537 4082 640 4138 qua
669 4063 771 4120 hoc
799 4071 1069 4135 peccatum
1098 4058 1404 4123 admiserit,
1436 4057 1567 4110 sicut
1596 4054 1730 4109 solet
1765 4053 1898 4108 uber

316 4172 492 4226 terrae,
521 4158 680 4213 etiam
723 4163 846 4208 ante
889 4152 1037 4206 utilia
1083 4151 1284 4204 semina
1307 4188 1321 4214 ,
1354 4145 1580 4217 quadam
1613 4143 1895 4200 herbarum

313 4249 559 4323 quamvis
575 4247 836 4303 inutilium
860 4243 1128 4299 feracitate
1146 4240 1345 4296 laudari
1365 4256 1380 4305 ;
1399 4256 1462 4294 an
1483 4237 1699 4294 omnino
1722 4239 1893 4307 ipsum

315 4336 912 4412 fhctumjuslilicandum
931 4335 999 4391 sit
1019 4333 1225 4407 (Contra
1239 4331 1285 4386 F
1286 4339 1484 4385 austum
1503 4331 1588 4385 ῆι).
1603 4327 1695 4398 22,
1713 4346 1785 4383 cc.
1802 4330 1891 4394 60,

314 4434 474 4506 ειη).
506 4431 655 4501 Quod
678 4429 799 4485 ideo
830 4443 936 4482 non
963 4423 1191 4490 videtur,
1206 4425 1327 4495 quia
1353 4423 1551 4479 nullam
1569 4421 1742 4478 adhuc
1762 4422 1894 4493 legi-

318 4526 501 4580 timam
545 4531 858 4595 potestatem
893 4517 1149 4589 gerebat,
1176 4530 1272 4569 nec
1311 4526 1581 4585 acceptam
1622 4513 1891 4580 divinitus,

316 4633 418 4673 nec
449 4617 676 4671 humana
707 4613 960 4670 societate
992 4603 1307 4665 ordinatam.
1349 4606 1581 4670 Tamen,
1608 4607 1744 4660 sicut
1780 4604 1899 4662 Ste-

319 4711 526 4782 phanus
552 4707 678 4763 dicit
703 4707 754 4761 in
783 4703 1002 4759 Actibus
1028 4699 1424 4771 Apostolorum,
1456 4698 1672 4768 putabat
1702 4698 1896 4752 intelli—

315 4819 442 4874 gere
468 4801 659 4856 fratres
686 4813 830 4860 suos,
855 4791 996 4866 quod
1027 4809 1123 4865 per
1146 4807 1264 4846 eum
1298 4791 1434 4846 Deus
1455 4789 1605 4844 daret
1627 4787 1730 4844 illis
1751 4789 1893 4844 salu-

318 4903 425 4949 tem
456 4891 590 4967 (Act.
620 4906 714 4956 vn,
740 4887 830 4960 25)
859 4906 871 4940 ε
899 4894 956 4941 ut
985 4902 1080 4957 per
1114 4883 1216 4939 hoc
1257 4882 1614 4950 testimonium
1658 4881 1898 4936 videatur

317 4983 530 5056 Moyses
566 4984 676 5053 jam
721 4979 972 5036 divinitus
1014 4977 1313 5034 admonitus
1347 4974 1506 5048 (quod
1533 4973 1799 5045 Scriptura
1831 4989 1897 5030 eo

319 5075 437 5132 loco
466 5073 626 5148 tacet)
656 5069 756 5128 hoc
782 5069 977 5126 audere
1002 5069 1257 5141 potuisse.

390 5165 475 5221 111.
509 5163 606 5241 [11).
645 5159 818 5237 ιιι,4.]
863 5161 1107 5216 Clamavit
1133 5159 1276 5214 illum
1299 5158 1317 5190 ί
1361 5157 1607 5212 Dominus
1647 5156 1710 5212 de
1749 5156 1894 5213 rubo.

320 5257 577 5314 Dominus
606 5257 655 5310 in
687 5254 912 5326 angelo?
939 5269 1004 5306 an
1036 5250 1309 5313 Dominus,
1340 5248 1559 5320 angelus
1585 5247 1671 5303 ille
1699 5249 1788 5320 qui
1818 5247 1898 5302 di-

318 5361 434 5405 ctus
458 5357 559 5414 cSt,
596 5346 773 5419 Magni
799 5343 992 5399 consilii
1018 5341 1228 5414 angelus
1256 5337 1405 5414 (lsai.
1437 5357 1513 5406 lx,
1544 5340 1622 5412 6),
1654 5349 1708 5396 et
1739 5341 1894 5395 intol-

319 5442 497 5513 ligitur
521 5439 802 5497 Christus?
831 5439 1001 5511 Supra
1030 5433 1170 5493 enim
1212 5434 1372 5498 dixit,
1404 5435 1653 5506 Apparuit
1695 5435 1772 5490 illi
1797 5451 1895 5490 an-

319 5535 460 5604 gelus
487 5529 696 5588 Domini
721 5529 774 5586 in
794 5531 1002 5602 ﬂamma
1024 5529 1154 5600 ignis
1179 5527 1242 5582 de
1266 5528 1411 5582 rubo.

297 5642 312 5696 ί
381 5641 397 5672 ί
421 5635 560 5699 editi,
582 5635 812 5689 clamavit
833 5635 898 5686 ad
933 5631 1086 5699 illam.
1112 5640 1240 5693 διελς..
1271 5628 1660 5699 Clamavitjllum
1687 5643 1705 5682 :
1728 5631 1775 5682 id
1800 5642 1893 5694 est,

321 5702 523 5762 vocavit,
542 5692 615 5754 uti
633 5700 843 5753 Utetur
862 5699 910 5748 in
934 5695 1146 5762 Vulgata.
1174 5692 1302 5747 mind
1326 5701 1452 5755 cxx,
1471 5692 1688 5744 cratem
1709 5692 1887 5745 auton.‘
1938 5714 1944 5720 —

2056 1095 2141 1151 IV.
2175 1094 2276 1168 [lb.
2297 1110 2376 1163 ιιι,
2405 1093 2486 1167 8.]
2529 1092 2760 1149 Educere
2787 1095 2902 1148 illos
2932 1094 2995 1148 de
3031 1104 3163 1148 terra
3186 1096 3277 1150 illa
3319 1097 3370 1150 in
3389 1107 3574 1151 terram

1982 1191 2165 1246 bonam
2193 1197 2241 1242 et
2263 1187 2494 1251 multant,
2517 1188 2568 1240 in
2591 1197 2774 1241 terram
2798 1187 3037 1256 ﬂuentem
3059 1186 3137 1240 lac
3160 1197 3206 1241 et
3230 1189 3326 1242 mel
3347 1203 3367 1242 :
3393 1196 3572 1245 utrum

1985 1292 2180 1338 terram
2210 1280 2463 1335 liuentem
2493 1279 2576 1334 lac
2598 1289 2653 1334 et
2695 1279 2800 1335 mel
2828 1279 3176 1349 spiritualiter
3205 1282 3447 1352 accipere
3472 1281 3570 1338 de-

1984 1375 2204 1439 bemus;
2254 1370 2375 1442 quia
2413 1371 2702 1426 secundum
2731 1371 3111 1442 proprietatem
3158 1387 3264 1427 non
3310 1370 3412 1428 hoc
3456 1384 3574 1429 erat

1987 1467 2074 1522 illa
2099 1477 2216 1536 quae
2241 1464 2363 1518 data
2387 1471 2474 1518 est
2491 1461 2686 1532 populo
2711 1461 2906 1517 Israel?
2934 1477 3002 1516 an
3026 1463 3309 1519 locutionis
3335 1472 3439 1530 est,
3468 1479 3576 1534 qua

1987 1556 2040 1612 id
2068 1556 2135 1611 ad
2162 1553 2373 1610 laudem
2400 1553 2656 1609 ubertatis
2683 1559 2738 1608 et
2759 1552 3036 1608 suavitatis
3066 1552 3362 1609 referatur?

2060 1648 2123 1702 Υ.
2153 1646 2253 1721 [lb.
2277 1662 2354 1714 ιιι,
2383 1643 2462 1718 9.]
2481 1643 2546 1699 Et
2564 1660 2698 1699 nunc
2714 1660 2824 1699 ecce
2847 1646 3040 1700 clamor
3057 1644 3282 1716 ﬁliorum
3304 1644 3471 1702 Israel
3494 1663 3577 1702 oe-

1988 1742 2062 1796 nit
2085 1739 2153 1794 ad
2171 1755 2252 1794 me
2274 1755 2294 1794 :
2321 1753 2429 1793 non
2457 1737 2597 1793 sicut
2618 1737 2821 1793 clamor
2847 1736 3196 1792 Sodomorum
3230 1735 3378 1810 (Gen.
3412 1754 3569 1806 mu,

1987 1831 2101 1906 20),
2130 1845 2236 1902 quo
2269 1829 2526 1902 iniquitas
2549 1829 2667 1886 sine
2701 1829 2892 1884 timore
2918 1837 2973 1885 et
3009 1828 3127 1885 sine
3151 1830 3473 1888 verecundia
3501 1832 3578 1886 si-

1989 1925 2287 1997 gnificatur.
2469 1958 2476 1968 ι

2066 2018 2154 2073 Vl.
2189 2015 2291 2090 [lb.
2316 2029 2393 2082 ιιι,
2423 2009 2539 2086 22.]
2574 2011 2726 2080 Quod
2753 2012 3020 2068 mandavit
3041 2013 3294 2069 Dominus
3339 2013 3579 2071 Hebraeis

1994 2125 2089 2182 per
2114 2111 2328 2182 Moysen
2347 2149 2360 2174 ,
2393 2117 2451 2162 ut
2472 2107 2779 2177 acciperent
2801 2106 2868 2162 ab
2891 2106 3160 2180 Egyptiis
3185 2123 3309 2164 vasa
3338 2123 3500 2164 aurea
3523 2117 3580 2164 et

1995 2211 2246 2275 argentea
2274 2210 2328 2258 et
2359 2209 2596 2267 vestem,
2647 2210 2804 2271 atque
2848 2200 3083 2269 addidit,
3115 2199 3184 2255 Et
3227 2201 3581 2272 prwdabimini

1997 2292 2386 2350 eos:mandati
2421 2293 2579 2364 hujus
2625 2307 2730 2347 non
2779 2300 2950 2363 potest
3001 2291 3252 2362 injustum
3295 2308 3417 2348 esse
3440 2293 3581 2363 judi-

1998 2389 2158 2444 cium.
2193 2386 2496 2442 Mandatum
2534 2385 2678 2441 enim
2706 2384 2799 2439 Dei
2828 2392 2940 2449 est,
2967 2383 3036 2439 de
3068 2399 3176 2454 quo
3204 2399 3307 2438 non
3331 2384 3579 2453 judican-

1998 2479 2146 2546 dum,
2169 2477 2264 2532 sed
2284 2478 2331 2531 ei
2350 2473 2823 2547 obtemperandum
2842 2474 2958 2529 fuit.
2984 2474 3078 2529 Ille
3094 2474 3236 2530 enim
3255 2475 3402 2530 novit
3421 2491 3580 2545 quam

1996 2571 2137 2642 j-uste
2157 2567 2520 2624 mandaverit:
2549 2567 2616 2621 ad
2640 2581 2853 2622 servum
2879 2573 3058 2621 autem
3080 2567 3307 2637 pertinet
3326 2565 3584 2623 obedien-

2001 2671 2083 2718 ter
2107 2659 2282 2716 facere
2305 2659 2447 2731 quod
2469 2657 2757 2713 mandavit.

2072 2751 2182 2806 Vll.
2217 2749 2316 2824 [lb.
2348 2766 2422 2816 tv,
2453 2746 2564 2821 10.]
2607 2746 2759 2816 Quod
2805 2748 2879 2801 ait
2897 2745 3108 2819 Moyses
3147 2746 3216 2802 ad
3265 2747 3578 2812 Dominum,

2007 2841 2213 2906 Precor,
2239 2840 2474 2904 Domine,
2507 2854 2605 2892 non
2631 2855 2742 2892 sum
2765 2837 2999 2909 eloquens
3021 2846 3136 2890 ante
3159 2836 3463 2900 hesternum,
3495 2854 3586 2892 ne-

2000 2950 2096 3005 que
2117 2942 2232 2987 ante
2253 2932 2702 2986 nudiustertirmwn
2724 2930 2875 2996 diem,
2906 2946 3062 3002 neque
3085 2946 3147 2984 ea:
3169 2947 3268 3000 quo
3288 2931 3478 3001 cmpisti
3508 2933 3585 2986 lo-

2001 3029 2084 3098 qui
2113 3027 2307 3098 fantulo
2345 3037 2450 3093 tuo,
2483 3024 2794 3095 intelligitur
2817 3023 3039 3080 credere
3079 3039 3235 3093 posse
3259 3040 3319 3080 se
3348 3024 3460 3080 fieri
3489 3027 3584 3082 Dei

2000 3118 2270 3171 voluntate
2299 3116 2474 3170 subito
2502 3115 2861 3184 eloquentem,
2890 3129 3010 3169 cum
3037 3113 3185 3182 dicit,
3215 3131 3370 3186 neque
3395 3132 3459 3171 ea:
3484 3133 3586 3185 quo

2001 3208 2192 3277 coepisti
2220 3207 2356 3278 loqui
2379 3206 2570 3275 [amulo
2599 3215 2718 3259 tuo:
2750 3215 2998 3275 tanquam
3023 3206 3312 3263 ostendens
3343 3207 3454 3262 fieri
3485 3223 3583 3278 po-

2003 3301 2166 3355 tuisse
2193 3308 2251 3354 ut
2275 3308 2398 3354 ante
2420 3301 2727 3354 hesternum
2755 3307 2806 3353 et
2828 3299 3304 3354 nudiusterttanum
3327 3300 3466 3356 diem
3492 3303 3584 3371 qui

2002 3393 2258 3462 eloquens
2287 3407 2390 3446 non
2419 3391 2628 3458 fuisset,
2658 3399 2876 3461 repente
2903 3393 3083 3459 fleret,
3111 3407 3178 3447 ex
3202 3408 3307 3463 quo
3336 3408 3459 3449 cum
3489 3393 3584 3449 illo

2003 3483 2256 3538 Dominus
2281 3483 2425 3554 loqui
2454 3484 2634 3552 capit.

2073 3572 2209 3627 Vlll.
2235 3571 2333 3646 [lb.
2350 3587 2424 3639 tv,
2452 3571 2564 3644 ll.)
2597 3572 2720 3638 Quis
2745 3573 2862 3644 fecit
2887 3582 3082 3626 mutum
3103 3581 3147 3627 et
3171 3573 3472 3642 audientem,
3504 3577 3584 3630 vi-

2003 3665 2200 3720 dentem
2229 3676 2273 3720 et
2300 3681 2487 3720 crucum
2513 3679 2532 3719 :
2561 3681 2726 3718 nonne
2745 3681 2836 3735 ego
2860 3663 3108 3720 Dominus
3137 3665 3314 3720 Deus?
3336 3667 3469 3723 Sunt
3493 3671 3586 3740 qui

2005 3759 2113 3814 Deo
2146 3757 2563 3821 calumniantur,
2596 3756 2682 3811 vel
2725 3756 3011 3826 Scriptura:
3041 3759 3212 3826 potius
3241 3757 3448 3814 Veteris
3476 3759 3582 3814 Te-

2001 3849 2250 3904 stamenti
2268 3888 2282 3913 ,
2311 3849 2433 3917 quia
2458 3848 2650 3903 dixerit
2692 3849 2830 3902 Deus
2853 3847 2995 3917 quod
3035 3847 3145 3917 ipse
3171 3847 3357 3903 fecerit
3382 3865 3582 3907 ciccum

2001 3949 2057 3995 et
2085 3949 2310 3994 mutum.
2334 3939 2468 4008 Quid
2489 3955 2618 4010 ergo
2635 3939 2818 3994 dicunt
2837 3939 2904 3994 de
2925 3940 3146 3994 Domino
3165 3939 3380 3995 Christo
3399 3952 3584 4011 aperte

2002 4034 2058 4088 in
2084 4033 2370 4104 Evangelia
2410 4034 2640 4099 dicente,
2671 4032 2781 4104 Ego
2807 4032 2920 4088 veni
2948 4042 3002 4085 ut
3037 4033 3125 4101 qui
3152 4048 3254 4086 non
3283 4034 3480 4103 vident,
3509 4035 3586 4089 tti-

2004 4123 2189 4187 deant;
2215 4133 2261 4177 et
2286 4123 2371 4194 qui
2390 4124 2578 4191 eidem,
2601 4124 2719 4178 caci
2737 4125 2863 4192 ﬁant
2891 4122 3066 4195 (Joan.
3089 4138 3170 4187 ix,
3193 4123 3327 4193 59)?
3350 4124 3478 4193 Quis
3495 4141 3585 4181 au-

2005 4225 2108 4271 tem
2141 4215 2243 4270 nisi
2268 4217 2523 4286 insipiens
2541 4215 2826 4272 crediderit
2844 4215 3036 4284 aliquid
3063 4213 3266 4268 homini
3290 4215 3584 4273 secundum

2002 4310 2128 4366 vitia
2154 4309 2450 4380 corporalia
2479 4324 2634 4378 posse
2662 4307 2923 4370 accidere,
2946 4307 3086 4376 quod
3117 4306 3258 4361 Deus
3281 4307 3449 4362 nolit?
3473 4307 3584 4364 Sed

2002 4417 2122 4456 eum
2146 4401 2287 4471 iuste
2313 4409 2477 4454 totum
2506 4399 2642 4454 velle
2664 4413 2820 4453 nemo
2847 4398 3083 4468 ambigit.

2073 4492 2164 4546 1X.
2199 4491 2296 4564 [lb.
2326 4507 2402 4556 tv,
2433 4488 2544 4564 l2.]
2574 4489 2727 4557 Quod
2775 4490 3027 4545 Dominus
3053 4488 3178 4544 dicit
3217 4489 3284 4545 ad
3329 4490 3583 4564 Moysen,

2004 4583 2110 4640 Sed
2135 4600 2266 4637 nunc
2292 4582 2434 4650 uade,
2463 4592 2509 4638 et
2535 4599 2625 4654 ego
2645 4582 2870 4652 aperiam
2897 4599 2952 4636 os
2986 4592 3158 4649 tuum,
3185 4592 3231 4638 et
3263 4585 3510 4639 instruam
3536 4594 3586 4642 re

2002 4690 2114 4743 quin
2142 4671 2396 4727 locuturus
2441 4687 2526 4737 os;
2572 4673 2700 4727 satis
2739 4671 2826 4726 hic
2867 4681 3086 4743 apparet
3115 4689 3218 4728 non
3265 4684 3466 4730 tantum
3499 4677 3584 4731 in-

2003 4765 2352 4820 structionem
2377 4763 2506 4830 oris,
2535 4762 2627 4818 sed
2655 4763 2820 4833 ipsam
2851 4763 3012 4818 etiam
3041 4765 3369 4833 apertionem
3396 4766 3462 4820 ad
3491 4766 3582 4822 Del

2003 4857 2324 4910 voluntatem
2367 4863 2421 4910 et
2459 4855 2677 4925 gratiam
2722 4855 3008 4924 pertinere.
3038 4854 3151 4910 Non
3195 4857 3336 4911 enim
3366 4858 3471 4922 ait,
3503 4857 3584 4911 Tu

2003 4949 2147 5018 aperi
2178 4963 2239 5003 os
2267 4958 2434 5013 tuum,
2464 4955 2518 5002 et
2544 4962 2642 5016 ego
2663 4946 2921 5001 instruam
2947 4957 3024 5012 te;
3048 4947 3140 5001 sed
3162 4959 3441 5016 utrumque
3471 4946 3586 5014 ipse

2004 5041 2267 5110 promisit,
2310 5039 2546 5111 Aperiam
2567 5081 2580 5103 ,
2613 5050 2660 5094 et
2689 5040 2954 5094 instruant.
3000 5038 3140 5093 Alibi
3168 5049 3343 5092 autem
3373 5038 3502 5092 dicit
3529 5039 3584 5093 in

2005 5133 2235 5197 Psalmo,
2261 5133 2436 5187 Dilata
2451 5149 2506 5188 os
2528 5143 2687 5197 tuum,
2705 5143 2754 5188 et
2769 5132 3051 5204 adimplebo
3068 5130 3197 5184 illud
3219 5130 3387 5205 (Psal.
3411 5145 3579 5198 uxx,

2008 5225 2119 5298 ll).
2156 5225 2253 5281 Ubi
2282 5224 2539 5295 signiﬁcat
2567 5226 2616 5278 in
2657 5224 2871 5280 homine
2923 5224 3245 5278 voluntatem
3289 5224 3582 5293 accipiendi

2003 5316 2142 5388 quod
2175 5318 2313 5372 Deus
2338 5317 2500 5372 donat
2530 5316 2726 5370 volenti
2753 5332 2766 5368 :
2813 5325 2870 5368 ut
2897 5314 2962 5368 ad
2991 5315 3279 5369 voluntatis
3307 5316 3583 5371 exordium

2004 5412 2295 5481 pertineat,
2339 5409 2514 5464 Dilata
2557 5425 2612 5464 os
2651 5419 2827 5471 tuum;
2874 5406 2941 5461 ad
2979 5406 3072 5461 Dei
3115 5415 3295 5464 autem
3321 5408 3576 5476 gratiam,

2004 5502 2070 5556 Et
2091 5501 2372 5572 adimplcbo
2390 5498 2537 5554 illud.
2575 5499 2672 5553 llic
2704 5511 2854 5564 vero,
2895 5497 2958 5550 Et
2978 5498 3202 5582 aperiam
3235 5513 3290 5553 os
3316 5508 3490 5568 tuum,
3530 5495 3580 5557 ei

2002 5596 2250 5651 instruam
2275 5601 2341 5648 te.
2907 5611 2913 5618 ·

2074 5684 2142 5740 Χ.
2170 5683 2265 5751 [11).
2289 5700 2358 5750 tv,
2381 5682 2590 5754 M-l6.]
2616 5682 2681 5738 Et
2704 5685 2862 5742 iratas
2885 5686 3149 5744 iracundia
3170 5686 3418 5745 Dominus
3435 5687 3573 5744 dixit.
