3902 6308
348 213 453 271 599

346 333 803 402 Quemadmodum
846 336 1016 406 possit
1059 336 1275 408 intelligi
1325 338 1560 392 irascens
1586 336 1761 401 Dens,
1805 334 1928 405 quia

348 442 455 482 non
487 428 622 483 sicut
650 429 810 484 homo
838 444 936 500 per
981 430 1390 486 irrationabilem
1442 428 1889 500 perturbationem
1909 469 1926 494 ,

348 534 446 588 per
473 520 648 575 omnia
696 520 978 576 tenendum
1025 531 1139 585 est,
1171 521 1259 576 ubi
1290 521 1392 576 tale
1419 521 1615 592 aliquid
1660 519 1927 590 Scriptura

346 608 496 674 dicit,
526 626 592 666 ne
618 610 687 667 de
711 611 810 667 hoc
836 611 1026 668 eadem
1053 627 1196 684 sirpe
1215 612 1437 668 dicenda
1458 614 1584 668 sint.
1615 614 1721 669 Sed
1741 614 1929 669 merito

283 747 287 753 ς
347 707 603 779 quaeritur
626 723 718 762 cur
745 708 831 764 hic
859 709 1026 764 iratus
1054 709 1121 763 de
1147 707 1312 764 fratre
1340 708 1505 780 Moysi
1527 708 1754 774 dixerit,
1785 707 1926 779 quod

347 799 464 868 ipse
504 799 580 854 illi
616 800 923 870 loqueretur
961 799 1029 854 ad
1062 801 1308 870 populum
1341 819 1354 854 :
1391 801 1597 854 videtur
1623 800 1763 854 enim
1807 809 1927 855 tan-

345 905 504 960 quam
536 890 794 945 diffidenti
825 907 928 945 non
963 890 1174 946 dedisse
1205 889 1560 960 plenissimam
1600 890 1922 956 facultatem,

345 994 504 1049 quam
531 980 748 1035 daturus
777 991 890 1035 erat
913 998 927 1048 ;
959 989 1012 1035 et
1033 996 1128 1058 per
1150 980 1282 1035 duos
1303 981 1386 1050 agi
1410 981 1643 1037 voluisse
1662 1021 1679 1048 ,
1707 982 1847 1052 quod
1874 991 1926 1038 et

344 1086 443 1142 per
469 1087 631 1126 unum
660 1081 859 1142 posset,
893 1075 938 1128 si
963 1072 1290 1128 credidisset.
1319 1072 1693 1129 Verumtamen
1739 1075 1924 1131 eadem

344 1163 505 1220 verba
537 1165 710 1218 omnia
739 1164 1044 1234 diligentius
1081 1163 1443 1233 considerata,
1493 1181 1597 1221 non
1628 1167 1926 1238 significant

342 1256 535 1311 iratum
590 1257 869 1311 Dominum
921 1272 1018 1328 pro
1066 1256 1299 1312 vindicta
1343 1257 1554 1313 dedisse
1597 1260 1794 1314 Aaron.
1835 1259 1924 1316 Sic

341 1349 484 1404 enim
515 1349 663 1414 dicit,
697 1348 884 1404 Nonne
907 1367 1018 1405 ecce
1044 1350 1212 1405 Aaron
1243 1353 1401 1424 frater
1427 1361 1540 1406 tuus
1571 1351 1798 1406 Levites?
1821 1353 1924 1407 scio

337 1442 459 1512 quia
484 1441 689 1512 loquens
717 1443 947 1512 loquetur
972 1443 1079 1514 ipse
1105 1444 1143 1497 ⁸.
1183 1442 1387 1508 Quibus
1418 1443 1594 1499 verbis
1628 1444 1926 1499 ostenditur

339 1535 484 1590 Deus
531 1536 835 1605 increpasse
876 1537 1052 1606 potius
1092 1552 1238 1600 cum,
1287 1537 1376 1607 qui
1407 1537 1615 1591 timeret
1658 1536 1736 1592 ire
1781 1537 1923 1608 quod

337 1628 455 1698 ipse
483 1639 624 1685 esset
657 1629 831 1684 minus
883 1630 1139 1696 idoneus,
1169 1646 1286 1684 cum
1334 1629 1552 1684 haberet
1582 1628 1798 1684 fratrem
1829 1645 1924 1699 per

337 1735 498 1790 quem
528 1730 708 1790 posset
739 1721 803 1775 ad
837 1722 1087 1792 populum
1121 1722 1259 1791 loqui
1285 1721 1423 1792 quod
1453 1721 1642 1787 vellet;
1673 1721 1921 1791 quoniam

335 1823 449 1866 erat
469 1813 583 1882 ipse
602 1814 812 1884 gracilis
837 1814 1001 1877 vocis,
1031 1823 1084 1869 et
1101 1813 1290 1884 lingua:
1313 1813 1595 1870 tardioris:
1619 1829 1920 1886 quanquam

335 1902 404 1958 de
448 1903 556 1958 Deo
598 1912 763 1959 totum
799 1919 1017 1973 sperare
1058 1904 1293 1959 deberet.
1338 1903 1537 1958 Deinde
1578 1903 1763 1959 eadem
1806 1905 1919 1974 ipsa

334 2009 453 2064 qua:
481 1995 638 2064 paulo
662 2004 784 2062 ante
814 1997 1148 2064 promiserat,
1177 2005 1229 2050 et
1257 2004 1599 2065 posteaquam
1623 1996 1788 2050 iratus
1808 2004 1912 2061 est,

332 2087 482 2142 dicit.
518 2088 736 2144 Dixerat
760 2089 926 2156 enim,
956 2088 1194 2160 Aperiam
1221 2105 1275 2143 os
1301 2097 1462 2154 tuum,
1489 2098 1538 2143 et
1564 2089 1811 2143 instruam
1836 2098 1920 2154 te;

331 2195 475 2234 nunc
503 2189 679 2234 autem
721 2180 872 2243 dicit,
905 2180 1139 2252 Aperiunt
1175 2196 1230 2234 os
1258 2189 1397 2234 tuum
1435 2189 1482 2234 et
1516 2197 1572 2235 os
1598 2181 1735 2252 ejus,
1766 2189 1812 2234 et
1837 2181 1918 2234 in-

329 2282 522 2327 struam
562 2289 649 2327 vos
681 2288 794 2342 qua:
827 2273 1025 2342 faciatis
1047 2289 1066 2327 :
1094 2272 1188 2327 sed
1214 2271 1462 2342 quoniam
1485 2270 1713 2339 addidit,
1747 2271 1813 2326 Et
1838 2272 1917 2325 lo-

331 2374 512 2436 quetur
538 2365 648 2434 ipse
675 2365 763 2418 tibi
790 2364 859 2418 ad
885 2366 1146 2437 populum,
1180 2365 1384 2421 videtur
1410 2366 1519 2420 oris
1547 2367 1751 2436 apertio
1776 2381 1915 2436 pra:-

327 2459 483 2523 stita,
522 2465 740 2528 propter
765 2459 903 2528 quod
945 2457 1073 2513 dicit
1097 2458 1305 2530 Moyses
1335 2460 1528 2529 lingua:
1565 2474 1623 2515 se
1650 2459 1913 2515 tardioris.

329 2550 410 2606 De
437 2550 583 2606 vocis
619 2559 796 2606 autem
827 2552 1122 2623 gracilitate
1151 2551 1280 2607 nihil
1303 2552 1350 2606 ei
1383 2562 1632 2622 praestare
1665 2552 1917 2609 Dominus

329 2643 529 2710 voluit,
561 2643 654 2698 sed
695 2653 913 2716 propter
946 2643 1046 2698 hoc
1075 2645 1394 2715 adiutorium
1425 2645 1604 2701 fratris
1639 2645 1908 2716 adjunxit,

327 2737 418 2808 qui
447 2746 626 2807 posset
652 2753 713 2791 ea
753 2739 827 2792 uti
861 2753 989 2792 voce
1009 2779 1022 2794 .
1054 2754 1172 2808 qua:
1202 2738 1398 2808 populo
1431 2738 1670 2794 docendo
1697 2738 1913 2794 suffice-

327 2837 432 2882 ret.
478 2826 629 2896 Quod
654 2843 782 2898 ergo
817 2829 923 2894 ait,
977 2827 1042 2882 Et
1082 2829 1224 2884 dabis
1261 2829 1406 2884 verba
1444 2847 1555 2884 mea
1595 2831 1646 2883 in
1684 2847 1740 2885 os
1769 2832 1911 2902 ejus,

328 2919 561 2974 ostendit
589 2918 729 2989 quod
755 2935 819 2974 ea
851 2920 1112 2990 loquenda
1139 2929 1280 2975 esset
1305 2919 1522 2976 daturus
1547 2939 1559 2976 :
1589 2936 1708 2976 nam
1730 2922 1777 2976 si
1799 2931 1916 2978 tan-

329 3010 603 3065 tummodo
630 3010 928 3076 audienda,
977 3013 1114 3067 sicut
1156 3013 1370 3082 populo,
1418 3013 1469 3066 in
1508 3028 1664 3067 aures
1690 3013 1910 3069 diceret.

327 3101 532 3158 Deinde
561 3103 701 3172 quod
736 3103 893 3172 paulo
919 3115 1040 3172 post
1066 3103 1168 3170 ait,
1220 3103 1286 3157 Et
1316 3103 1546 3175 loquetur
1578 3105 1684 3174 ipse
1723 3104 1814 3158 tibi
1846 3105 1914 3159 ad

328 3195 605 3266 papulum,
637 3205 684 3249 et
720 3195 830 3266 ipse
859 3197 954 3250 erit
993 3205 1134 3249 tuum
1172 3212 1246 3261 os,
1278 3205 1332 3250 et
1375 3195 1461 3250 hic
1489 3195 1818 3262 subauditur,
1846 3197 1913 3250 ad

326 3289 602 3359 populum.
637 3288 704 3342 Et
733 3304 854 3344 cum
878 3288 1023 3352 dicit,
1050 3288 1160 3343 Tibi
1185 3288 1413 3359 loquetur
1436 3288 1504 3341 ad
1529 3287 1802 3358 pupulum;
1829 3304 1914 3343 sa-

330 3380 398 3434 tis
428 3380 626 3435 indicat
667 3381 718 3435 in
751 3381 936 3453 Moyse
965 3381 1344 3452 principatum,
1385 3381 1438 3436 in
1469 3382 1642 3435 Aaron
1672 3383 1912 3437 ministe~

326 3472 486 3525 rium.
510 3472 706 3528 Deinde
723 3473 861 3544 quod
887 3474 977 3536 ait,
997 3472 1075 3526 Tu
1093 3483 1256 3527 autem
1273 3473 1351 3527 illi
1364 3475 1464 3528 eris
1477 3490 1590 3543 qua:
1603 3474 1670 3528 ad
1687 3473 1848 3528 Deum
1867 3479 1907 3543 ²,

326 3579 576 3635 magnum
596 3565 680 3620 hic
696 3565 936 3621 fortassis
956 3565 1392 3637 perscrutandnm
1405 3576 1486 3620 est
1497 3578 1909 3635 sacramentum,

325 3655 479 3725 cujus
507 3657 728 3726 figuram
757 3665 927 3727 gerat,
955 3657 1114 3711 veluti
1137 3655 1343 3711 medius
1369 3657 1574 3728 Moyses
1595 3657 1732 3713 inter
1747 3659 1911 3714 Deum

328 3758 383 3805 ct
422 3751 627 3816 Aaron,
650 3760 702 3806 et
725 3749 929 3804 medius
951 3753 1124 3803 Aaron
1152 3749 1290 3804 inter
1316 3750 1528 3823 Moysen
1559 3761 1612 3806 et
1635 3754 1910 3822 populum.

403 3839 495 3896 XI.
529 3839 628 3912 [11).
662 3857 732 3904 ιν,
765 3838 982 3911 24-25.]
1021 3839 1075 3894 In
1113 3854 1179 3895 eo
1213 3841 1352 3911 quod
1395 3842 1650 3911 scriptum
1691 3853 1798 3910 est,
1846 3843 1913 3896 Et

330 3935 520 4003 factum
549 3941 640 3997 est,
666 3931 719 3983 in
746 3931 827 3983 via
847 3929 916 3982 ad
938 3931 1257 4001 refectionem
1293 3932 1500 3986 obuiauit
1525 3934 1570 3986 ei
1599 3934 1836 4004 angelus,
1864 3943 1914 3989 et

328 4019 582 4090 qua’rebat
605 4037 722 4075 eum
747 4020 974 4074 occidere
995 4038 1013 4073 :
1042 4031 1086 4075 et
1111 4031 1368 4090 assumpto
1393 4023 1660 4094 Seppltora
1683 4025 1908 4091 calculo,

329 4111 642 4167 circumcidit
680 4113 984 4183 praeputium
1029 4113 1125 4181 lilii
1165 4114 1277 4177 sui;
1318 4123 1363 4167 et
1400 4115 1612 4184 procidit
1655 4117 1722 4168 ad
1763 4117 1913 4186 pedes

331 4203 462 4274 ejus,
494 4210 538 4256 et
559 4202 709 4270 dixit,
743 4203 892 4258 Stetit
917 4204 1124 4276 sanguis
1143 4205 1536 4258 circumcisionis
1556 4205 1767 4272 infantis
1792 4209 1907 4263 mei.

330 4295 401 4352 Et
425 4297 622 4351 recessit
641 4295 704 4350 ab
733 4313 788 4350 eo
802 4311 823 4361 ,'
849 4282 1053 4368 propter
1071 4297 1204 4368 quod
1223 4297 1371 4364 dixit,
1402 4296 1559 4352 Desiit
1586 4300 1790 4370 sanguis
1814 4300 1914 4353 cir-

331 4387 686 4453 cumcisionis;
715 4388 942 4464 prirnum
968 4389 1244 4459 qmeritnr,
1274 4405 1428 4459 quem
1455 4390 1666 4446 volebat
1691 4392 1911 4463 angelus

330 4477 597 4544 occidere,
625 4488 800 4533 utrum
830 4478 1085 4551 Moysen,
1119 4481 1240 4550 quia
1267 4479 1464 4535 dictum
1496 4490 1597 4547 est,
1630 4484 1841 4536 occurrit
1867 4485 1912 4538 ei

329 4571 568 4642 angelus,
597 4579 646 4624 et
676 4571 926 4640 qurerebat
958 4587 1071 4625 eum
1096 4571 1336 4625 occidere.
1374 4571 1503 4626 Nam
1533 4574 1616 4628 cui
1647 4574 1912 4642 putabitur

330 4661 665 4726 occurrisse,
710 4660 809 4714 nisi
841 4661 915 4714 illi
957 4661 1046 4731 qui
1092 4663 1336 4716 universo
1379 4676 1594 4718 suorum
1639 4668 1909 4720 comitatui

331 4750 560 4821 prmfuit,
585 4761 639 4805 et
657 4766 688 4805 a
708 4766 814 4822 quo
838 4751 1018 4807 caeteri
1037 4752 1404 4808 ducebantur?
1429 4755 1519 4809 Atr
1534 4771 1755 4824 puerum
1775 4773 1911 4827 quze-

327 4846 484 4902 rebat
527 4845 801 4912 occidere,
851 4846 936 4900 cui
977 4855 1145 4902 mater
1174 4847 1605 4904 eireumcidendo
1631 4849 1904 4917 subvenit;

328 4947 388 4991 ut
411 4936 480 4991 ob
503 4937 606 4991 hoc
625 4937 950 5008 intelligatur
973 4938 1216 4993 occidere
1236 4939 1466 4995 voluisse
1490 4940 1764 5009 infantem,
1786 4944 1908 5013 quia

328 5045 436 5085 non
463 5039 581 5086 erat
619 5029 991 5097 circumcisus,
1031 5038 1189 5099 atque
1229 5032 1297 5092 ita
1337 5032 1543 5087 sancire
1583 5043 1907 5104 praeceptum

325 5119 778 5185 circumcisiouis,
809 5119 1091 5176 severitate
1119 5121 1398 5176 vindictaz?
1424 5122 1574 5190 Quod
1604 5124 1649 5178 si
1679 5123 1747 5178 ita
1787 5134 1868 5180 est
1887 5168 1902 5193 ,

326 5213 590 5270 incertum
619 5222 701 5269 est
724 5213 872 5285 prius
898 5212 966 5267 de
991 5229 1095 5284 quo
1121 5212 1330 5280 dixerit,
1357 5217 1606 5282 qurerebat
1631 5232 1745 5270 eum
1770 5219 1904 5271 ecci-

326 5309 484 5376 dere;
513 5309 635 5380 quia
681 5310 949 5379 ignoratur
990 5311 1180 5378 quem;
1226 5309 1326 5363 nisi
1358 5323 1424 5362 ex
1459 5310 1904 5379 consequentibus

390 5426 410 5458 ι
444 5426 519 5476 Sic
539 5432 646 5475 Mss.
657 5425 795 5490 juxta
809 5430 936 5490 cxx,
951 5421 1051 5474 noti
1064 5419 1190 5473 talen
1213 5419 1377 5474 latései
1396 5429 1546 5474 aulas.
1561 5429 1616 5472 At
1638 5423 1775 5484 editi,
1791 5424 1904 5490 quia

320 5485 548 5580 aqquens
567 5485 890 5560 “eloquetur
910 5485 1030 5548 ipse.
1713 5561 1725 5574 ⁸

429 5561 503 5597 sic
521 5554 628 5597 Mss.
656 5546 897 5596 locunone
919 5558 1096 5597 mea.
1113 5543 1190 5596 ese
1211 5550 1260 5595 ta
1284 5560 1394 5597 vros
1415 5553 1494 5596 ton
1522 5545 1672 5597 Theon
1707 5587 1720 5597 .

385 5554 408 5580 ³
429 5554 503 5598 Sic
521 5554 628 5597 Mss.
656 5554 897 5596 locutione
919 5558 1096 5609 grteca,
1113 5554 1190 5596 ese
1211 5554 1260 5595 ta
1283 5560 1394 5611 pros
1415 5554 1494 5596 ton
1522 5554 1672 5598 Theon
1707 5561 1725 5600 :
1757 5563 1903 5614 quam

319 5607 614 5659 locutionem
636 5606 753 5656 alias
775 5609 1083 5668 retinuerunt
1106 5608 1155 5656 in
1193 5612 1405 5668 excusis,
1447 5607 1564 5659 alias
1594 5619 1901 5663 mutaverunt

321 5671 452 5724 hunc
473 5670 523 5721 in
547 5669 759 5730 modum,
786 5667 883 5720 eris
904 5668 955 5719 in
976 5666 1038 5720 iis
1059 5681 1168 5731 aute
1189 5669 1254 5719 ad
1282 5666 1446 5720 neum.

1157 213 1620 286 QUIESTIONUM
1655 216 1713 273 S.
1754 212 2121 273 AUGUSTINI
2171 214 2234 269 IN
2277 215 2829 280 HEPTATEUCHUM

3513 234 3621 294 600

2038 331 2370 401 reperiatur:
2400 331 2534 388 mira
2559 350 2687 390 sane
2716 335 2986 395 locutione
3014 347 3067 396 et
3096 340 3365 412 inusitata,
3391 354 3452 403 ut
3477 365 3627 420 prius

2038 422 2259 488 diceret,
2291 424 2507 477 occurrit
2544 424 2609 492 ei,
2642 435 2686 480 et
2713 430 2966 498 quterebat
2988 449 3102 486 eum
3139 437 3390 501 occidere.
3422 439 3491 496 de
3514 457 3626 513 quo

2037 515 2169 569 nihil
2197 525 2351 571 antea
2381 516 2608 574 dixerat.
2638 518 2745 575 Sed
2784 522 2900 577 talis
2928 533 3010 578 est
3036 525 3090 580 in
3119 526 3332 583 Psalmo
3358 545 3375 584 :
3410 530 3623 588 Funda-

2035 618 2203 662 menta
2227 611 2337 679 ejus
2360 609 2413 663 in
2445 610 2695 667 montibus
2719 614 2937 678 sanctis;
2969 616 3132 688 diligit
3170 617 3416 677 Dominus
3451 637 3623 694 portas

2036 697 2163 753 Sion
2188 699 2356 772 (l‘sal.
2391 717 2602 771 Lxxxvi,
2630 704 2680 767 1,
2709 703 2790 776 2).
2823 705 2950 761 Inde
2975 709 3116 762 enim
3150 709 3390 769 Psalmus
3415 717 3618 788 incipit,

2033 807 2134 847 nee
2175 791 2373 863 aliquid
2409 793 2476 849 de
2518 794 2608 850 illo
2634 797 2714 851 vel
2745 796 2812 851 de
2858 798 2946 852 illa
2983 799 3217 869 dixerat,
3256 805 3402 875 cujus
3435 806 3621 864 funda-

2031 890 2206 937 menta
2230 883 2444 954 intelligi
2467 886 2650 949 voluit,
2675 886 2878 955 dicens,
2900 888 3252 948 Fundamenta
3272 898 3380 966 ejus
3400 899 3452 952 in
3472 917 3618 957 mon-

2033 975 2169 1064 tibus
2195 977 2400 1030 sanctis.
2431 976 2535 1032 Sed
2562 979 2683 1049 quia
2710 981 2965 1050 sequitur,
2995 984 3158 1056 diligit
3179 986 3427 1046 Dominus
3447 1005 3619 1064 portas

2032 1063 2197 1132 Sion;
2229 1083 2355 1138 ergo
2397 1068 2739 1125 fundamenta
2780 1072 2867 1126 vel
2898 1073 3106 1130 Domini
3137 1079 3222 1133 vel
3257 1079 3385 1136 Sion
3405 1124 3420 1148 ,
3462 1093 3518 1140 et
3549 1086 3619 1141 ad

2029 1156 2318 1216 faciliorem
2346 1176 2560 1218 sensum
2584 1167 2749 1236 magis
2769 1166 2920 1233 Sion,
2946 1180 3001 1224 ut
3024 1169 3368 1232 fundamenta
3389 1178 3620 1236 civitatis

2028 1251 2372 1320 accfpiantur.
2417 1253 2520 1309 Sed
2548 1257 2668 1326 quia
2708 1258 2763 1312 in
2801 1258 2907 1316 hoc
2945 1265 3286 1336 pronomine,
3333 1271 3473 1339 quod
3501 1283 3612 1340 est,

2027 1342 2168 1432 eius,
2212 1358 2380 1414 genus
2417 1347 2721 1418 ambiguum
2760 1362 2844 1406 est
2875 1351 3085 1425 (omnis
3113 1359 3255 1414 enim
3295 1365 3509 1432 generis
3533 1376 3621 1423 est

2028 1429 2131 1485 hoc
2160 1447 2484 1522 pronomen,
2526 1437 2576 1492 id
2605 1448 2688 1493 est
2714 1450 2767 1496 et
2811 1445 3121 1514 masculini,
3164 1459 3219 1504 et
3260 1429 3531 1522 fetniuini,
3561 1467 3618 1514 et

2028 1521 2251 1594 neutri),
2285 1525 2336 1578 in
2377 1541 2551 1596 grzeeo
2594 1540 2772 1586 autem
2818 1533 2869 1588 in
2898 1534 3152 1592 feminino
3181 1557 3376 1610 genere
3417 1521 3618 1606 dicitur

2026 1617 2196 1680 αὐτῆς,
2229 1620 2522 1676 masculino
2548 1630 2602 1676 et
2626 1632 2815 1679 neutro
2839 1630 3006 1694 αὐτοῦ,
3029 1639 3082 1684 et
3109 1629 3269 1688 habet
3287 1635 3454 1692 codex
3479 1655 3617 1709 grae-

2027 1719 2152 1771 cus,
2200 1713 2379 1777 αὐτοῦ;
2427 1714 2567 1783 cogit
2611 1716 2906 1789 intelligere
2935 1735 3038 1776 non
3071 1724 3408 1784 fundamenta
3445 1731 3611 1801 Sion,

2025 1799 2120 1853 sed
2151 1801 2489 1860 fundamenta
2522 1807 2747 1875 Domini,
2779 1811 2830 1865 id
2856 1821 2958 1879 est,
2987 1831 3105 1884 qua)
3130 1820 3402 1876 constituit
3429 1799 3613 1881 Domi;

2023 1907 2146 1956 nus,
2177 1893 2247 1948 de
2277 1911 2384 1966 quo
2411 1897 2608 1954 dictum
2639 1914 2751 1966 est,
2799 1901 3092 1975 Ediﬁcans
3119 1907 3402 1967 Jerusalem
3433 1914 3613 1972 Domi-

2025 2001 2119 2040 nus
2148 1984 2318 2058 (Psal.
2352 2006 2529 2057 CXLVI,
2558 1991 2635 2066 2).
2665 1993 2775 2050 Nec
2799 1995 2926 2053 Sion
2956 2007 3162 2066 tamen,
3195 2019 3292 2058 nec
3331 2005 3614 2066 Dominum

2023 2088 2177 2132 antea
2208 2080 2605 2148 nominaverat,
2635 2101 2754 2140 cum
2791 2086 3010 2154 diceret,
3043 2089 3399 2151 Fundamenta
3424 2101 3533 2168 ejus
3555 2101 3612 2157 in

2025 2170 2277 2225 montibus
2300 2174 2488 2227 sanctis
2510 2189 2530 2228 :
2555 2177 2631 2230 sic
2657 2186 2712 2232 et
2739 2176 2826 2233 hic
2850 2179 3082 2236 nondum
3110 2185 3382 2242 nominato
3411 2189 3613 2248 infante

2021 2260 2220 2316 dictum
2252 2275 2367 2328 est,
2398 2268 2615 2321 occurrit
2654 2269 2718 2334 ei,
2763 2279 2811 2324 et
2839 2274 3090 2341 quambal
3123 2292 3238 2330 eum
3265 2280 3523 2348 occidere;
3553 2293 3614 2338 ut

2020 2349 2089 2405 de
2117 2367 2221 2419 quo
2245 2352 2458 2417 dixerit,
2488 2357 2542 2411 in
2567 2361 3014 2430 consequentibus
3034 2379 3402 2435 agnoscamus.
3425 2370 3610 2438 Quan—

2019 2455 2178 2511 quam
2204 2443 2304 2498 etsi
2329 2443 2398 2499 de
2427 2445 2606 2518 Moyse
2635 2450 2876 2519 accipere
2911 2453 3188 2525 quisquam
3212 2458 3470 2528 voluerit,
3501 2478 3610 2520 non

2019 2540 2097 2587 est
2138 2549 2461 2606 magnopere
2487 2539 2861 2596 resistendum.
2889 2542 3022 2599 Illud
3051 2549 3224 2615 potius
3252 2553 3392 2620 quod
3429 2555 3610 2625 sequi—

2019 2633 2127 2693 tur,
2155 2628 2201 2683 si
2226 2629 2338 2684 fieri
2364 2637 2556 2700 potest,
2587 2632 2927 2704 intelligatur,
2958 2638 3084 2708 quid
3107 2639 3207 2696 sibi
3231 2644 3356 2698 velit
3379 2644 3499 2702 ideo
3522 2663 3609 2703 re-

2019 2719 2248 2773 cessisse
2277 2721 2521 2791 angelum
2566 2721 2634 2777 ab
2663 2724 3033 2784 interiectione
3060 2731 3343 2800 cujuslibet
3383 2751 3565 2793 eorum
3585 2781 3604 2808 ,

2018 2809 2140 2878 quia
2167 2810 2300 2866 dixit
2333 2813 2540 2880 mulier,
2575 2814 2726 2870 Stetit
2751 2819 2959 2889 sanguis
3001 2820 3392 2880 circumcisionis
3429 2827 3604 2900 infan-

2019 2901 2103 2953 tis.
2129 2899 2244 2955 Non
2275 2903 2414 2957 enim
2446 2905 2546 2967 ait,
2576 2903 2817 2961 Recessit
2841 2908 2909 2963 ab
2951 2924 3016 2964 eo
3036 2952 3050 2976 ,
3081 2923 3304 2983 propter
3327 2918 3467 2986 quod
3486 2899 3607 2974 eir-

2018 2991 2272 3046 cumeidit
2298 2992 2551 3049 infantem
2582 3013 2595 3049 :
2637 2996 2728 3051 sed
2757 2998 2877 3068 quia
2907 3001 3056 3054 stetit
3081 3003 3297 3074 sanguis
3321 3005 3606 3065 circumci-

2018 3082 2222 3148 sionis;
2275 3099 2380 3138 non
2408 3087 2529 3154 quia
2565 3087 2824 3155 cucurrit,
2871 3089 2965 3146 sed
3007 3091 3131 3162 quia
3169 3095 3351 3150 stetit:
3379 3113 3600 3169 magno,

2017 3174 2119 3228 nisi
2151 3174 2325 3242 fallor,
2357 3185 2710 3234 sacramento.

2090 3267 2208 3322 XII.
2239 3268 2339 3341 [lb.
2366 3285 2420 3326 tv
2437 3312 2451 3338 ,
2481 3271 2596 3345 20.]
2623 3272 2775 3340 Quod
2801 3277 3046 3346 superius
3085 3278 3282 3336 dictum
3309 3291 3422 3349 est,
3447 3287 3606 3355 quod

2017 3358 2226 3429 Moyses
2268 3375 2485 3416 uxorem
2511 3372 2574 3418 et
2612 3363 2841 3420 infantes
2880 3381 3006 3422 suos
3042 3369 3292 3440 imposuit
3325 3374 3602 3446 vehieulis,

2017 3458 2076 3502 ut
2099 3465 2218 3504 cum
2242 3452 2319 3506 eis
2349 3453 2401 3507 in
2425 3452 2712 3526 Egyptum
2741 3468 3002 3529 pergeret,
3033 3470 3218 3531 postea
3239 3479 3364 3521 vero
3378 3466 3565 3524 Jothor
3582 3471 3601 3501 ί

2017 3555 2174 3596 socer
2206 3542 2321 3612 ejus
2367 3543 2441 3598 illi
2470 3560 2588 3600 eum
2629 3547 2707 3602 eis
2745 3550 3016 3617 occurrit,
3054 3564 3395 3626 posteaquam
3423 3559 3605 3617 eduxit

2016 3631 2269 3702 populum
2306 3649 2369 3687 ex
2391 3633 2623 3708 Egypto
2652 3637 2844 3710 (Exod.
2863 3656 3018 3706 xvut,
3050 3644 3210 3715 i-5);
3237 3649 3400 3717 quzeri
3431 3661 3604 3721 potest

2017 3724 2294 3794 quomodo
2312 3734 2592 3797 utrumque
2615 3729 2686 3785 sit
2711 3745 2915 3786 verum.
2947 3734 3052 3790 Sed
3075 3737 3471 3809 intelligendum
3495 3751 3599 3813 est,

2017 3825 2138 3886 post
2156 3817 2323 3882 illam,
2360 3835 2478 3887 quae
2506 3819 2575 3874 ab
2597 3823 2785 3891 angelo
2810 3823 2980 3879 futura
3008 3835 3151 3893 erat,
3185 3829 3603 3892 interfectionem

2017 3906 2182 3978 Moysi
2214 3907 2297 3961 vel
2315 3906 2546 3976 infantis,
2567 3927 2834 3969 reversam
2865 3915 3031 3973 fuisse
3053 3935 3173 3974 cum
3201 3925 3449 3992 parvulis.
3469 3925 3603 3984 Nam

2016 3997 2229 4066 quidam
2269 4007 2590 4069 putaverunt
2635 4014 2850 4074 propter
2891 4006 2992 4062 hoc
3033 4011 3277 4080 angelum
3329 4018 3601 4084 terruisse,

2016 4105 2086 4146 ne
2109 4091 2175 4146 ad
2207 4091 2638 4163 impedimentum
2667 4097 2963 4164 ministerii,
2994 4103 3134 4172 quod
3152 4105 3400 4163 divinitus
3428 4110 3603 4180 impo-

2015 4181 2174 4236 situm
2205 4182 2412 4255 Moyses
2436 4186 2690 4255 gerebat,
2738 4187 2999 4245 femineus
3047 4207 3207 4250 sexus
3236 4199 3600 4258 comitaretur.

2086 4272 2221 4328 Xlll.
2236 4273 2334 4346 [1b.
2358 4291 2414 4342 v,
2440 4275 2584 4349 1-5.]
2603 4277 2866 4344 Quaeritur
2885 4284 3152 4352 quomodo
3167 4288 3362 4358 populo
3375 4291 3600 4362 dicatur,

2014 4365 2155 4433 quod
2185 4366 2451 4420 mandavit
2479 4366 2620 4422 Deus
2656 4369 2948 4439 ejectumm
2976 4391 3033 4428 se
3059 4391 3152 4431 eos
3180 4378 3248 4432 de
3285 4380 3517 4453 Egypto
3546 4384 3605 4442 in

2018 4464 2213 4511 terram
2225 4456 2476 4513 Chanaan
2499 4475 2512 4524 ;
2542 4458 2804 4516 Pharaoni
2825 4472 3005 4520 autem
3027 4465 3253 4537 dicatur,
3279 4475 3418 4543 quod
3443 4476 3601 4531 trium

2017 4547 2223 4601 dierum
2256 4548 2357 4602 iter
2381 4548 2526 4604 exire
2567 4550 2768 4605 vellent
2808 4552 2861 4608 in
2893 4554 3160 4613 desertum
3189 4560 3465 4619 immolare
3492 4566 3602 4622 Deo

2015 4650 2112 4690 suo
2141 4653 2212 4691 ex
2238 4637 2486 4693 mandato
2523 4639 2658 4709 ejus.
2703 4639 2810 4696 Sed
2840 4643 3241 4716 intelligendum
3269 4662 3384 4719 est,
3416 4670 3601 4725 quam-

2015 4729 2096 4782 vis
2139 4728 2278 4784 Deus
2311 4730 2471 4785 seiret
2514 4731 2641 4800 quid
2685 4743 2830 4788 esset
2869 4734 3102 4793 facturus
3125 4780 3140 4804 ,
3181 4745 3427 4811 quoniam
3463 4762 3600 4816 prato

2014 4819 2216 4874 sciebat
2258 4835 2363 4876 non
2413 4835 2795 4878 consensurum
2860 4825 3190 4885 Pharaonem
3232 4833 3299 4889 ad
3344 4839 3599 4908 populum

2013 4911 2384 4968 dimittendum
2410 4954 2426 4980 ,
2472 4913 2602 4969 illud
2650 4917 2822 4985 primo
2853 4918 3051 4975 dictum
3077 4936 3232 4991 esse,
3263 4927 3402 4998 quod
3437 4931 3596 4986 etiam

2014 5007 2257 5077 primitus
2289 5007 2461 5075 fieret,
2493 5008 2538 5062 si
2561 5009 2650 5065 ille
2677 5009 2995 5068 dimitteret.
3043 5014 3111 5072 Ut
3133 5017 3276 5074 enim
3303 5019 3381 5075 sic
3410 5021 3599 5080 fierent

2013 5100 2189 5155 omnia
2217 5099 2662 5170 quemadmodum
2689 5117 3030 5176 consequens
3050 5107 3318 5181 Scriptura
3348 5123 3592 5184 testatur,

2011 5191 2301 5246 Pharaonis
2323 5193 2654 5248 contumacia
2678 5196 2871 5251 meruit
2901 5206 2956 5253 et
2979 5213 3217 5258 suorum.
3241 5203 3424 5276 Neque
3451 5209 3592 5264 enim

2009 5282 2333 5338 mendaciter
2367 5284 2509 5339 Deus
2545 5283 2698 5355 jubet
2742 5288 2883 5358 quod
2921 5291 3024 5348 scit
3065 5308 3170 5349 non
3212 5294 3470 5354 facturum
3504 5301 3592 5358 cui

2004 5375 2239 5445 jubetur,
2269 5385 2327 5430 ut
2350 5375 2549 5446 justum
2574 5377 2833 5448 judicium
2862 5396 3234 5457 consequatur.

2078 5467 2221 5523 XIV.
2250 5467 2349 5540 [11).
2378 5485 2414 5524 v
2437 5511 2453 5537 ,
2483 5468 2556 5525 22
2577 5513 2592 5536 ,
2633 5471 2749 5546 23.]
2787 5472 2959 5532 Verba
2984 5495 3103 5550 qua:
3132 5480 3259 5540 dicit
3293 5484 3502 5558 Moyses
3525 5489 3593 5546 ad

2008 5560 2308 5626 Dominum,
2343 5560 2511 5626 Quare
2530 5563 2751 5635 amisisti
2777 5569 3020 5638 populum
3044 5571 3218 5629 hunc?
3244 5585 3290 5630 et
3309 5579 3487 5644 utquid
3513 5597 3594 5638 me

2072 5679 2088 5708 ι
2115 5682 2162 5724 tn
2189 5675 2347 5740 editis,
2370 5677 2551 5729 Jelhro.
2583 5686 2631 5732 Αι
2648 5682 2697 5732 in
2719 5688 2826 5732 Mss.
2841 5685 2915 5735 uti
2934 5685 3060 5749 apud
3079 5693 3208 5752 Lxx,
3230 5689 3412 5744 rethor.
