3902 6340
210 276 316 334 601

207 397 443 453 misisti?
480 394 561 450 Ex
578 409 675 466 quo
692 394 822 448 enim
847 393 1029 447 intravi
1051 392 1118 446 ad
1139 389 1463 446 Pharaonem
1487 390 1625 463 loqui
1645 392 1697 446 in
1718 400 1802 446 tuo

209 492 421 546 nomine
445 532 460 556 ,
507 489 560 543 in
601 488 734 542 hunc
777 487 1059 558 populum;
1102 495 1148 539 et
1178 502 1280 540 non
1312 484 1532 540 liberaui
1563 485 1803 556 populum

213 592 403 647 tuum;
439 578 924 634 non‘contumaciaa
961 576 1121 631 verba
1149 584 1273 632 sunt
1299 577 1380 630 vel
1409 576 1799 645 indignationis,

207 672 314 726 sed
361 669 714 741 inquisitionis
761 679 816 723 et
849 667 1108 723 orationis
1141 686 1154 722 :
1186 666 1326 738 quod
1359 682 1424 722 ex
1450 666 1533 722 his
1562 675 1799 738 apparet,

205 777 339 831 qua:
369 761 438 817 illi
464 761 720 816 Dominus
744 760 1049 832 respondit.
1093 759 1208 816 Non
1237 759 1378 816 enim
1415 761 1586 831 arguit
1617 759 1802 816 infide—

206 854 420 912 litatem
441 855 576 925 ejus,
607 855 702 911 sed
725 854 854 926 quid
876 855 945 910 sit
967 853 1198 910 facturus
1222 853 1448 924 aperuit.

285 947 402 1005 xv.
431 947 622 1022 [lb.vr,
651 946 864 1020 tua]
887 932 1219 1004 sacramenti
1240 947 1414 1001 locum
1439 960 1559 1002 esse
1583 945 1800 1002 dubium

205 1055 321 1095 non
349 1049 466 1107 est,
507 1039 649 1111 quod
687 1038 966 1109 Scriptura
1000 1038 1183 1094 volens
1211 1038 1466 1108 originem
1495 1037 1662 1109 Moysi
1699 1037 1799 1093 de-

203 1144 534 1197 monstrare,
562 1131 815 1203 quoniam
857 1131 976 1202 ejus
1010 1131 1148 1186 actio
1169 1130 1278 1202 jam
1299 1129 1600 1200 expetebat,
1627 1144 1656 1183 a
1687 1129 1798 1199 pri-

205 1226 480 1297 mogenito
507 1225 692 1292 Jacob,
719 1225 769 1280 id
799 1235 880 1280 est
907 1223 1101 1279 Ruben
1119 1265 1136 1291 ,
1161 1222 1440 1295 progenies
1463 1222 1642 1292 erepit,
1676 1221 1798 1276 inde

201 1318 279 1374 ad
309 1318 525 1376 Simeon
550 1360 568 1386 ,
599 1317 721 1374 inde
760 1316 828 1372 ad
873 1316 1043 1382 Levi;
1099 1317 1232 1371 ultra
1266 1330 1538 1386 progressa
1564 1330 1669 1369 non
1693 1322 1794 1381 est,

207 1412 466 1482 quoniam
488 1425 557 1466 ex
586 1409 711 1466 Levi
737 1409 970 1481 Moyses.
1008 1408 1070 1463 Hi
1096 1417 1271 1463 autem
1292 1415 1792 1473 commemorantur,

199 1502 298 1573 qui
336 1501 446 1572 jam
490 1500 893 1556 commemorati
943 1499 1154 1554 fuerant
1202 1499 1254 1552 in
1304 1499 1407 1552 illis
1460 1497 1794 1570 septuaginta

199 1595 463 1663 quinque,
494 1593 545 1646 in
574 1592 769 1663 quibus
796 1590 961 1646 Israel
992 1589 1207 1645 intravit
1237 1590 1289 1644 in
1310 1588 1597 1660 Egyptum
1627 1607 1640 1642 :
1674 1603 1790 1643 non

203 1687 354 1741 enim
383 1687 610 1756 primam
640 1700 811 1755 neque
838 1682 1130 1742 secundam
1151 1724 1166 1749 ,
1208 1682 1301 1738 sed
1337 1683 1544 1738 tertiam
1576 1683 1789 1748 tribum,

203 1775 261 1828 id
290 1785 370 1830 est
402 1775 691 1830 Leviticam
721 1775 861 1829 Deus
886 1788 1008 1830 esse
1037 1774 1203 1829 voluit
1227 1773 1626 1828 sacerdotalem.

277 1867 416 1923 XVI.
448 1866 551 1941 [lb.
580 1883 651 1931 vt,
681 1866 796 1940 '50.]
825 1866 975 1934 Quod
1001 1867 1206 1939 Moyses
1233 1866 1378 1932 dicit,
1413 1866 1541 1920 Ecce
1563 1883 1652 1936 ego
1676 1882 1794 1938 gra-

200 1960 292 2014 cili
327 1975 444 2014 voce
483 1977 628 2026 sum,
671 1970 718 2013 et
755 1959 1007 2032 quomodo
1035 1959 1268 2013 exaudiet
1302 1975 1379 2012 me
1404 1958 1647 2012 Pharao?
1685 1972 1789 2012 non

199 2050 416 2106 videtur
437 2061 638 2106 tantum
663 2062 877 2121 propter
896 2050 1307 2120 magnitudinem
1333 2051 1510 2119 populi
1534 2064 1792 2105 excusare

199 2140 276 2196 de
310 2142 454 2197 vocis
481 2142 773 2212 gracilitate
792 2183 807 2206 ,
857 2157 1040 2198 verum
1067 2142 1227 2196 etiam
1257 2150 1474 2210 propter
1502 2156 1660 2194 unum
1689 2138 1788 2194 lto-

202 2233 428 2288 rninem.
469 2233 659 2288 Mirum
703 2233 748 2287 si
777 2243 881 2287 tam
912 2231 1126 2303 gracilis
1156 2231 1304 2284 vocis
1347 2219 1501 2296 fuit,'
1522 2239 1578 2285 ut
1603 2245 1700 2286 nec
1723 2229 1790 2284 ab

198 2339 314 2378 uno
357 2323 573 2379 homine
628 2332 806 2394 posset
854 2322 1022 2376 audiri
1054 2340 1066 2374 :
1097 2338 1164 2376 an
1220 2321 1354 2376 forte
1403 2321 1578 2390 regius
1623 2320 1789 2375 fastus

201 2430 315 2469 non
342 2429 436 2470 eos
459 2413 794 2484 permittebat
815 2412 884 2467 de
915 2411 1154 2482 proximo
1184 2410 1364 2481 loqui?
1392 2410 1589 2465 Dicitur
1609 2420 1784 2466 autem

201 2505 281 2561 illi
315 2525 329 2560 :
363 2506 494 2560 Ecce
523 2506 638 2560 dedi
669 2515 715 2559 te
737 2505 886 2560 deant
917 2503 1199 2567 Pharaoni,
1222 2513 1267 2556 et
1293 2503 1462 2556 Aaron
1488 2507 1644 2574 frater
1670 2512 1788 2557 tuus

200 2600 299 2653 erit
329 2609 445 2652 tuus
469 2599 714 2668 propheta
740 2597 930 2670 (Exod.
966 2611 1058 2662 VII,
1090 2597 1164 2667 1).

277 2689 436 2747 XVII.
468 2690 564 2762 [lb.
585 2707 658 2759 tv,
689 2689 798 2762 l6.]
825 2689 1121 2744 Notandum
1139 2689 1279 2760 quod
1305 2706 1423 2746 cum
1445 2690 1509 2744 ad
1534 2691 1785 2762 popqu

199 2783 519 2852 mitteretur,
547 2800 653 2839 non
679 2785 728 2838 ei
755 2784 954 2838 dictum
983 2792 1095 2850 est,
1126 2783 1266 2840 Ecce
1283 2783 1404 2839 dedi
1433 2794 1482 2838 te
1510 2784 1666 2840 deum
1692 2801 1787 2855 po-

199 2875 348 2945 pulo,
376 2885 430 2931 et
449 2876 610 2930 frater
638 2885 755 2930 tuus
781 2876 882 2930 erit
908 2883 1028 2929 tuus
1055 2874 1340 2944 propheta;
1365 2875 1457 2930 sed
1480 2877 1634 2945 frater
1649 2885 1782 2945 tuus,

199 2966 401 3036 inquit,
435 2967 666 3035 loquetur
700 2966 789 3020 tibi
831 2966 899 3019 ad
933 2964 1194 3037 populum.
1243 2965 1448 3020 Dictum
1483 2966 1640 3022 etiam
1681 2976 1781 3032 est,

197 3055 318 3111 Erit
341 3074 397 3112 os
421 3066 563 3112 tuum
589 3097 605 3123 ,
632 3067 677 3110 et
701 3066 754 3110 tu
778 3057 854 3110 illi
879 3072 990 3127 quas
1008 3056 1076 3108 ad
1098 3054 1260 3110 Deum
1291 3074 1310 3110 :
1334 3072 1438 3110 non
1460 3057 1656 3112 dictum
1680 3066 1781 3125 est,

200 3146 284 3201 Tu
315 3147 391 3202 illi
435 3147 586 3203 deus.
637 3147 899 3202 Pharaoni
938 3154 1114 3202 autem
1153 3146 1343 3202 dicitur
1383 3147 1590 3220 Moyses
1631 3148 1785 3204 datus

194 3237 357 3303 deus,
387 3248 441 3294 et
464 3238 752 3295 secundum
778 3238 1073 3308 analogiam
1100 3237 1356 3307 propheta
1384 3237 1552 3309 Moysi
1580 3239 1780 3307 Aaron,

192 3329 295 3384 sed
321 3329 387 3385 ad
415 3329 767 3384 Pharaonem.
822 3328 920 3382 Hic
960 3327 1258 3382 insinuatur
1300 3327 1489 3391 nobis,
1533 3343 1595 3382 ea
1640 3329 1783 3399 loqui

191 3419 488 3493 praphetas
516 3419 608 3474 Dei
637 3435 755 3488 qua:
781 3417 1002 3472 audiunt
1022 3417 1087 3471 ab
1113 3431 1198 3480 eo,
1228 3415 1464 3485 nihilque
1492 3417 1632 3470 aliud
1667 3432 1784 3473 esse

196 3507 523 3580 prophetam
547 3508 670 3571 Dei,
710 3506 814 3560 nisi
839 3506 1223 3561 enuntiatorem
1249 3505 1530 3560 verborum
1563 3506 1654 3560 Dei
1683 3505 1782 3560 ho-

195 3599 436 3658 minibus
459 3641 473 3664 ,
505 3599 596 3671 qui
633 3599 798 3653 Deum
826 3598 909 3653 vel
939 3614 1042 3653 non
1081 3604 1302 3667 possunt
1325 3598 1408 3652 vel
1439 3612 1540 3652 non
1568 3613 1780 3654 meren-

191 3703 285 3750 tur
325 3693 529 3748 audire.

269 3783 453 3841 XVIII.
485 3783 584 3858 [lb.
606 3799 702 3850 vn,
734 3782 812 3856 5.]
835 3783 1059 3838 Assidue
1081 3783 1219 3838 Deus
1243 3783 1388 3848 dicit,
1413 3782 1668 3838 Indurabo
1696 3801 1782 3838 cor

192 3877 489 3933 Pharaonis
520 3893 541 3932 :
567 3886 620 3932 et
643 3877 788 3932 velut
812 3890 1024 3931 causam
1056 3876 1210 3931 infert
1235 3891 1331 3930 cur
1357 3878 1456 3931 hoc
1481 3875 1658 3942 faciat,
1687 3876 1782 3931 In-

190 3971 412 4037 durabo,
446 3971 637 4041 inquit,
669 3987 755 4024 cor
782 3969 1088 4034 Pharaonis,
1121 3979 1165 4022 et
1188 3969 1400 4040 implebo
1425 3969 1570 4039 signa
1597 3987 1705 4024 mea
1732 3980 1780 4025 et

189 4073 424 4135 portenta
458 4079 568 4116 mea
595 4063 648 4115 in
673 4060 944 4132 Aigypto;
991 4069 1236 4130 tanquam
1280 4061 1578 4115 necessnria
1621 4061 1780 4118 fuerit

191 4153 477 4209 obduratio
504 4152 684 4209 cordis
712 4152 1002 4206 Pharaonis
1026 4192 1042 4216 ,
1074 4161 1129 4204 ut
1159 4151 1303 4219 signa
1339 4151 1430 4204 Dei
1457 4152 1775 4222 multiplica-

188 4253 380 4301 rentur
407 4245 488 4300 vel
521 4245 870 4315 implerentur
896 4244 947 4296 in
978 4241 1232 4313 Egypto.
1279 4242 1456 4298 Utitur
1482 4259 1612 4314 ergo
1639 4245 1776 4301 Deus

187 4335 332 4392 bene
353 4335 601 4392 cordibus
631 4335 803 4400 malis,
829 4333 894 4389 ad
923 4333 974 4388 id
999 4333 1138 4403 quod
1161 4333 1273 4388 vult
1296 4334 1577 4389 ostendere
1600 4336 1770 4402 bonis,

187 4427 276 4482 vel
304 4427 444 4497 quod
476 4427 710 4481 facturus
736 4434 818 4480 est
843 4423 999 4480 bonis'
1016 4426 1054 4477 ¹.
1085 4423 1150 4478 Ει
1175 4425 1412 4495 quamvis
1442 4425 1776 4496 uniuscujus-

183 4535 293 4590 que
318 4518 494 4574 cordis
521 4518 572 4572 in
607 4517 803 4572 malitia
830 4518 1055 4587 qualitas
1075 4558 1088 4582 ,
1137 4517 1188 4571 id
1220 4527 1297 4572 est
1317 4559 1332 4585 ,
1366 4518 1520 4588 quale
1556 4535 1648 4574 cor
1673 4519 1770 4574 ba-

185 4610 312 4666 beat
342 4609 408 4664 ad
431 4611 650 4676 malum,
685 4623 782 4663 suo
812 4608 901 4662 fiat
926 4606 1052 4662 vitio
1072 4650 1085 4673 ,
1122 4608 1262 4678 quod
1290 4609 1502 4663 inolevit
1532 4625 1595 4664 ex
1626 4610 1769 4664 arbi-

185 4702 292 4758 trio
317 4701 637 4765 voluntatis;
668 4714 731 4755 ea
763 4709 937 4753 tamen
979 4698 1236 4769 qualitate
1275 4698 1410 4752 mala
1449 4707 1505 4753 ut
1543 4697 1647 4754 huc
1685 4701 1768 4755 vel

182 4793 315 4850 illuc
337 4803 644 4858 moveatur,
689 4805 808 4846 cum
838 4790 949 4844 sive
977 4789 1080 4844 huc
1109 4789 1220 4844 sive
1243 4789 1366 4844 illuc
1389 4789 1526 4844 male
1554 4805 1767 4846 movea-

184 4896 296 4952 tur,
329 4885 504 4941 causis
537 4885 593 4938 fit
622 4883 811 4954 quibus
832 4882 1038 4936 animus
1065 4880 1376 4951 propellitur
1403 4898 1416 4934 :
1449 4898 1567 4951 quae
1593 4897 1768 4937 causa:

183 4988 241 5036 ut
265 4979 498 5035 existant
525 4977 607 5033 vel
638 4991 744 5030 non
772 4976 1037 5038 existant,
1083 4989 1188 5028 non
1213 4981 1296 5028 est
1328 4974 1379 5027 in
1416 4973 1646 5027 hominis
1675 4990 1768 5043 po-

182 5079 409 5133 testate;
440 5067 533 5124 sed
552 5067 772 5124 veniunt
795 5082 857 5120 ex
880 5066 1080 5120 occulta
1106 5064 1454 5135 providentia,
1474 5064 1763 5134 justissima

182 5163 336 5232 plane
358 5169 411 5214 et
433 5159 847 5227 sapientissimo,
877 5157 1181 5211 universum
1203 5155 1342 5225 quod
1365 5158 1564 5211 ereavit
1587 5156 1767 5226 dispo-

181 5253 360 5308 nentis
381 5260 438 5308 ct
465 5249 883 5306 administrantis
908 5248 1021 5303 Dei.
1055 5246 1125 5302 Ut
1151 5261 1276 5317 ergo
1301 5247 1403 5301 tale
1428 5263 1521 5302 cor
1547 5247 1765 5303 haberet

179 5344 416 5410 Pharao,
449 5341 590 5414 quod
629 5340 880 5410 patientia
913 5340 1004 5396 Dei
1031 5354 1136 5393 non
1163 5348 1468 5394 moveretur
1495 5339 1560 5394 ad
1594 5341 1762 5410 pieta-

177 5447 322 5506 tem,
367 5421 460 5494 sed
502 5437 677 5509 potius
720 5434 786 5491 ad
829 5435 1185 5506 impietatem,
1231 5434 1342 5488 vitii
1384 5435 1581 5504 proprii
1621 5433 1758 5489 fuit:

176 5533 318 5606 quod
348 5548 477 5589 vero
519 5547 579 5586 ea
624 5532 760 5586 facta
803 5537 961 5596 sunt,
1009 5527 1197 5599 quibus
1225 5542 1320 5583 cor
1360 5542 1456 5581 suo
1485 5527 1611 5582 vitio
1653 5536 1759 5582 tam

241 5692 258 5725 ι
281 5695 432 5740 vetus
455 5687 608 5750 codex
629 5686 949 5750 Corbeiensis,
974 5691 1028 5736 et
1047 5692 1240 5750 Eugypu
1263 5681 1483 5734 collectio
1507 5681 1758 5747 injduobus

178 5761 305 5814 atas,
328 5751 402 5802 rel
424 5763 533 5815 quo:
568 5749 776 5812 intimis
797 5753 866 5799 est
889 5746 1045 5799 bonos.

1548 272 1751 332 LIBER
1787 274 2163 336 SECUNDUS.

3388 269 3493 336 609

1910 393 2198 464 malignum
2245 391 2520 449 resisteret
2557 391 2886 463 jussionibus
2930 391 3024 448 Dei
3067 391 3195 466 (hoc
3231 401 3314 450 est
3349 397 3492 454 enim

1910 484 2051 554 quod
2070 484 2266 539 dicitur
2292 482 2592 538 induratum
2610 526 2625 552 ,
2663 485 2788 554 quia
2812 499 2916 539 non
2941 483 3249 541 flexibiliter
3271 501 3495 545 consen-

1912 576 2106 642 tiebat,
2150 573 2244 630 sed
2289 573 2648 629 inﬂexibilitcr
2682 574 3042 645 resistebat),
3082 574 3493 647 dispensationis

1909 664 2007 721 fuit
2031 665 2222 721 divina:
2246 708 2259 731 ,
2291 681 2392 736 qua
2421 666 2510 721 tali
2541 665 2687 720 cordi
2710 680 2814 720 non
2844 666 3014 720 solum
3047 666 3189 736 justa
3214 709 3229 733 ,
3259 667 3354 724 sed
3378 671 3490 724 esi-

1909 759 2096 815 denter
2114 760 2260 830 justa
2279 775 2433 829 poena
2463 760 2766 830 parabatur,
2787 775 2889 830 qua
2916 760 3160 815 timentes
3184 761 3346 816 Deum
3375 779 3494 819 cor-

1906 850 2226 920 rigerentur.
2261 850 2540 920 Proposito
2567 850 2760 920 quippe
2785 849 2954 915 lucro,
2987 851 3130 906 verbi
3157 852 3342 920 gratia,
3368 869 3492 922 pro-

1907 949 2025 1009 pter
2066 940 2208 1011 quod
2258 940 2598 995 homicidium
2647 940 3046 1007 committatur,
3084 941 3239 997 aliter
3277 957 3490 1012 avarus,

1905 1033 2060 1088 aliter
2096 1031 2337 1103 pecuniae
2369 1041 2708 1102 contemptor
2731 1040 3005 1098 movetur;
3059 1032 3148 1088 ille
3187 1034 3390 1089 scilicet
3421 1034 3491 1090 ad

1905 1123 2108 1180 facinus
2151 1124 2593 1195 perpetrandum,
2641 1123 2731 1178 ille
2755 1121 2820 1176 ad
2849 1123 3148 1178 cavendum
3180 1142 3193 1178 :
3223 1124 3386 1194 ipsius
3412 1134 3490 1182 ta-

1905 1231 2026 1270 men
2057 1216 2188 1271 lucri
2221 1215 2510 1286 propositio
2541 1216 2593 1269 in
2618 1213 2843 1284 alicujus
2874 1214 3084 1270 illorum
3121 1230 3227 1270 non
3256 1214 3356 1271 fuit
3388 1231 3486 1288 po-

1905 1316 2112 1364 testate.
2147 1307 2222 1363 lta
2251 1323 2426 1368 causa:
2450 1308 2669 1362 veniunt
2693 1306 2996 1363 hominibus
3021 1307 3206 1376 malis,
3237 1325 3355 1380 qua:
3379 1325 3487 1368 non

1904 1411 2030 1458 sunt
2055 1402 2265 1472 quidem
2306 1401 2360 1456 in
2385 1416 2570 1457 eorum
2600 1408 2858 1470 potestate
2877 1440 2892 1465 ,
2932 1399 3026 1455 sed
3057 1401 3157 1456 boc
3181 1399 3249 1456 de
3275 1402 3380 1457 illis
3408 1402 3485 1459 fa-

1902 1495 2068 1562 ciunt,
2099 1494 2282 1564 quales
2302 1508 2396 1549 eos
2424 1493 2722 1548 invenerint
2743 1492 2854 1562 jam
2884 1492 3048 1547 factos
3089 1493 3317 1564 propriis
3345 1495 3487 1551 vitiis

1901 1601 1964 1639 ex
1999 1586 2266 1656 praeterita
2297 1585 2589 1640 voluntate.
2641 1583 2935 1640 Videndum
2976 1598 3105 1640 sane
3143 1594 3258 1653 est,
3307 1596 3484 1642 utrum

1900 1679 2060 1734 etiam
2087 1679 2163 1733 sic
2185 1677 2353 1747 accipi
2384 1678 2582 1748 possit,
2617 1675 2727 1748 Ego
2754 1675 3033 1743 indurabo,
3070 1687 3316 1747 tauquam
3341 1679 3485 1736 dice-

1899 1781 1981 1827 ret
2004 1814 2018 1833 ,
2050 1771 2217 1839 Quam
2243 1771 2433 1826 durum
2458 1771 2526 1824 sit
2548 1769 2952 1825 demonstrabo.

1970 1863 2114 1920 XIX.
2144 1863 2245 1938 [lb.
2269 1879 2343 1919 vn
2362 1905 2378 1930 ,
2409 1862 2490 1935 9.]
2541 1861 2602 1918 Si
2630 1862 2859 1934 loquetur
2894 1862 3029 1918 vobis
3065 1862 3270 1919 Pharao
3292 1866 3479 1934 dicens,

1899 1955 2032 2010 Date
2063 1957 2203 2010 nobis
2227 1955 2428 2026 signum
2459 1962 2547 2008 aut
2573 1964 2855 2024 portentum
2881 1970 2900 2008 :
2928 1964 2973 2009 et
2998 1954 3134 2010 dices
3152 1955 3320 2010 Aaron
3337 1958 3485 2026 fratri

1899 2059 2006 2116 tuo,
2037 2048 2197 2104 Sume
2223 2049 2418 2120 uirgam
2435 2089 2450 2115 ,
2481 2059 2528 2103 et
2558 2048 2747 2120 projice
2771 2048 2914 2102 illam
2937 2049 3107 2118 palam
3135 2047 3410 2104 Pharaone
3435 2060 3484 2106 et

1899 2141 2073 2212 palam
2100 2142 2254 2197 seruis
2281 2143 2428 2211 ejus;
2457 2149 2505 2194 et
2531 2141 2622 2194 erit
2659 2139 2834 2194 draco.
2890 2140 2982 2195 llic
3010 2148 3154 2194 certe
3184 2157 3288 2195 non
3328 2142 3484 2196 mini-

1895 2235 2060 2290 sterio
2093 2235 2242 2291 vocis
2269 2249 2407 2304 0pus
2435 2241 2585 2299 erat,
2614 2233 2698 2288 cui
2729 2232 3005 2288 videbatur
3027 2233 3174 2290 velut
3195 2249 3259 2288 ex
3295 2249 3484 2290 neces-

1895 2328 2051 2382 sitate
2078 2327 2234 2382 datus
2269 2329 2446 2382 Aaron
2487 2335 2704 2396 propter
2728 2324 3076 2394 gracilitatem
3106 2325 3252 2380 vocis
3275 2325 3440 2397 Moysi
3464 2343 3480 2392 ;

1895 2419 1989 2475 sed
2019 2419 2163 2485 virga
2203 2425 2316 2472 erat
2359 2415 2687 2486 projicienda
2723 2424 2782 2469 ut
2823 2414 2986 2469 draco
3027 2413 3179 2471 fieret
3207 2434 3220 2470 :
3247 2431 3342 2470 cur
3381 2415 3483 2472 hoc

1894 2527 2024 2581 ergo
2063 2511 2274 2582 Moyses
2315 2510 2427 2580 ipse
2463 2525 2566 2563 non
2612 2508 2770 2574 fecit,
2819 2509 2917 2562 nisi
2957 2510 3077 2578 quia
3106 2511 3202 2565 ista
3232 2509 3482 2565 ntediatio

1896 2602 2064 2672 ipsius
2113 2602 2288 2656 Aaron
2337 2601 2473 2654 inter
2511 2599 2730 2670 Moysen
2775 2609 2828 2653 et
2879 2599 3209 2655 Pharaonem
3258 2602 3479 2671 alicujus

1895 2708 2102 2763 magum
2129 2693 2206 2748 rei
2237 2695 2454 2762 figuram
2484 2691 2657 2760 gerit?

1964 2785 2084 2841 XX.
2117 2785 2216 2857 [lb.
2247 2800 2336 2848 vn,
2368 2781 2476 2856 10.}
2505 2782 2674 2838 Etiam
2705 2781 2806 2836 hoc
2835 2781 3154 2846 notandum,
3190 2783 3330 2854 quod
3355 2800 3474 2842 cum

1893 2879 2100 2949 signum
2137 2877 2306 2947 palam
2336 2875 2611 2930 Pharaone
2637 2874 2805 2939 fieret,
2836 2874 3091 2942 scriptum
3117 2883 3219 2941 est,
3263 2874 3330 2928 Et
3356 2890 3476 2944 pro-

1884 2973 2008 3043 jecit
2035 2971 2200 3024 Aaron
2227 2971 2419 3039 virgam
2446 2985 2591 3023 suam
2624 2984 2640 3021 :
2669 2982 2788 3021 cum
2816 2966 2952 3021 forte
2989 2966 3034 3020 si
3063 2966 3315 3033 dixisset,
3348 2967 3479 3023 Pro-

1887 3065 2014 3135 jecit
2041 3065 2236 3133 virgam
2263 3103 2277 3125 ,
2321 3062 2459 3115 nulla
2487 3069 2630 3116 esset
2655 3061 2909 3129 quwstio;
2941 3058 3082 3129 quod
3105 3075 3230 3114 vero
3251 3059 3472 3123 addidit.

1891 3175 2035 3212 suam
2054 3200 2068 3222 ,
2097 3173 2216 3212 cum
2243 3170 2361 3210 eain
2393 3155 2600 3225 Moyses
2624 3153 2830 3208 dederit
2851 3194 2866 3218 ,
2905 3166 3007 3207 non
3034 3150 3228 3207 frustra
3257 3152 3476 3209 forsitan

1891 3249 2088 3303 dictum
2120 3256 2222 3302 est.
2273 3248 2351 3300 An
2379 3254 2492 3300 erat
2529 3245 2734 3314 utrique
2761 3243 2845 3298 illa
2881 3243 3024 3313 virga
3064 3244 3386 3309 communis,
3421 3253 3478 3300 ut

1890 3339 2172 3408 cujuslibet
2209 3353 2394 3392 eorum
2424 3337 2690 3390 diceretur
2709 3376 2724 3400 ,
2768 3350 2948 3389 verum
2979 3334 3280 3391 diceretur?

1960 3428 2102 3483 XXI.
2140 3427 2238 3500 [lb.
2269 3443 2339 3481 vu
2361 3469 2375 3491 ,
2408 3425 2518 3498 li]
2558 3425 2623 3479 Et
2663 3424 2916 3478 absorbuit
2946 3427 3086 3496 virga
3109 3426 3279 3480 Aaron
3308 3428 3474 3498 virgas

1891 3519 2118 3573 illorum.
2147 3518 2204 3574 Si
2230 3518 2427 3572 dictum
2453 3525 2626 3580 esset,
2661 3515 2948 3569 Absorbuit
2970 3515 3132 3571 draco
3159 3518 3335 3572 Aaron
3366 3518 3472 3573 vir-

1889 3626 1983 3680 gas
2016 3610 2230 3664 illorum
2256 3650 2270 3675 ,
2316 3608 2694 3676 intelligeretur
2721 3621 2875 3660 verus
2903 3606 3064 3661 draco
3087 3607 3267 3663 Aaron
3305 3609 3472 3678 phan-

1895 3701 2078 3757 tastica
2110 3700 2196 3753 illa
2222 3701 2468 3768 figmenta
2496 3712 2598 3751 non
2626 3696 2983 3762 absorliuisse,
3013 3696 3104 3752 sed
3130 3699 3322 3768 virgas.
3357 3699 3470 3756 Hoc

1887 3793 2028 3847 enim
2073 3792 2238 3861 potuit
2267 3789 2555 3843 absorbere
2595 3788 2735 3859 quod
2781 3795 2963 3852 erant,
3011 3804 3115 3842 non
3163 3789 3303 3859 quod
3347 3804 3470 3848 esse

1887 3885 2201 3939 videbantur
2221 3893 2404 3939 etnon
2432 3889 2602 3936 erant.
2632 3880 2733 3936 Sed
2751 3881 2995 3950 quoniam
3023 3878 3174 3947 dixit,
3200 3882 3468 3939 Absorlmit

1884 3978 2022 4046 virga
2045 3975 2214 4029 Aaron
2246 3975 2410 4044 virgas
2433 3973 2634 4027 illorum
2659 3986 2679 4034 ;
2705 3971 2866 4026 draco
2893 3973 3070 4042 utique
3098 3974 3264 4042 potuit
3293 3975 3465 4045 virgas

1884 4067 2198 4133 absorbere,
2240 4081 2347 4120 non
2387 4066 2549 4134 virga.
2605 4063 2709 4119 Sed
2739 4078 2802 4118 eo
2843 4065 3058 4120 nomine
3086 4066 3349 4135 appellata
3375 4083 3462 4123 res

1883 4169 1962 4214 est
1989 4158 2127 4214 unde
2151 4172 2302 4212 verso
2334 4165 2432 4222 est,
2468 4171 2574 4211 non
2607 4156 2658 4208 in
2689 4154 2826 4225 quod
2861 4171 3010 4209 versa
3041 4166 3143 4218 est,
3177 4157 3297 4227 quia
3326 4159 3376 4212 in
3407 4159 3460 4216 id

1881 4251 2039 4306 etiam
2077 4263 2288 4305 reversa
2318 4256 2400 4303 est
2432 4265 2443 4300 :
2477 4257 2525 4302 et
2557 4245 2677 4300 ideo
2714 4245 2813 4300 hoc
2845 4246 3019 4300 vocari
3057 4246 3278 4302 debebat
3315 4248 3458 4318 quod

1882 4345 2240 4417 principaliter
2269 4352 2404 4398 erat.
2444 4340 2580 4407 Quid
2618 4355 2745 4409 ergo
2785 4339 3065 4394 dicendum
3097 4339 3271 4394 estde
3297 4341 3458 4411 virgis

1880 4434 2186 4507 magorum?
2217 4443 2390 4487 utrum
2414 4442 2468 4487 et
2497 4429 2750 4501 ipsacveri
2770 4429 3028 4484 dracones
3056 4429 3204 4484 factae
3226 4431 3452 4501 fuerant,

1877 4527 1970 4581 sed
2012 4542 2074 4580 ea
2115 4524 2316 4578 ratione
2345 4523 2506 4593 virga:
2547 4521 2824 4593 appellatae
2866 4529 3027 4587 sunt,
3069 4536 3170 4592 qua
3214 4532 3268 4576 et
3307 4525 3454 4596 virga

1877 4622 2093 4679 Aaron?
2137 4637 2203 4675 an
2247 4620 2420 4690 potius
2463 4617 2773 4673 videbantur
2802 4630 2923 4671 esse
2952 4616 3090 4686 quod
3134 4632 3238 4672 non
3277 4628 3448 4687 erant,

1881 4715 2238 4771 Iuditicatione
2279 4710 2546 4766 venefica?
2591 4710 2697 4764 Cur
2725 4723 2854 4779 ergo
2881 4723 2946 4763 ex
2977 4717 3196 4780 ultaque
3226 4721 3374 4780 parte
3398 4719 3452 4768 et

1876 4809 2034 4878 virga:
2057 4807 2303 4862 dicuntur
2325 4813 2380 4859 et
2407 4804 2688 4866 dracones,
2722 4814 2778 4856 ut
2809 4801 2874 4856 de
2907 4803 3166 4872 figmentis
3194 4803 3294 4858 illis
3322 4805 3450 4860 nihil

1874 4901 2084 4956 differat
2123 4897 2368 4968 loquendi
2413 4894 2647 4949 modus?
2694 4893 2797 4949 Sed
2834 4893 3198 4949 demonstrare
3237 4896 3450 4950 difﬁcile

1871 5002 1953 5046 est
2000 4988 2266 5062 quomodo
2307 4986 2463 5041 etiam
2509 4985 2554 5039 si
2597 4985 2708 5040 veri
2746 4985 3005 5040 dracones
3044 4984 3163 5039 facti
3215 4995 3338 5040 sunt
3381 5001 3447 5040 ex

1876 5085 2038 5156 virgis
2065 5097 2334 5154 magorum
2359 5123 2372 5146 ,
2411 5095 2516 5134 non
2547 5079 2742 5134 fuerint
2771 5088 2942 5133 tamen
2966 5086 3233 5132 creatures
3254 5079 3444 5132 draco-

1871 5193 2016 5240 num,
2050 5191 2148 5230 nec
2174 5174 2332 5244 magi,
2377 5187 2474 5227 nec
2501 5171 2672 5242 angeli
2703 5170 2824 5225 mali
2856 5171 3043 5240 quibus
3071 5169 3325 5225 ministris
3355 5171 3442 5226 illa

1870 5266 2246 5338 operabantur.
2289 5269 2472 5318 insunt
2493 5262 2634 5318 enim
2662 5260 2933 5330 corporeis
2960 5258 3115 5314 rebus
3144 5275 3239 5329 per
3267 5263 3442 5318 omnia

1849 5361 2129 5415 .elementa
2150 5357 2331 5413 mundi
2361 5355 2599 5427 qumdam
2620 5353 2841 5408 occultze
2861 5350 3153 5407 seminaria:
3187 5354 3438 5425 rationes,

1867 5454 2060 5526 quibus
2085 5465 2205 5508 cum
2231 5451 2350 5506 data
2379 5449 2536 5504 fuerit
2565 5447 2930 5518 opportunitas
2951 5446 3253 5514 temporalis
3281 5456 3440 5519 atque

1867 5548 2113 5613 causalis,
2143 5550 2493 5616 prorumpunt
2515 5543 2565 5596 in
2587 5541 2792 5611 Species
2817 5538 3023 5594 debitas
3048 5539 3157 5594 suis
3184 5541 3356 5596 modis
3385 5551 3440 5598 et

1868 5643 2078 5698 finibus.
2135 5641 2198 5692 lit
2235 5637 2313 5692 sic
2337 5651 2443 5690 non
2469 5633 2719 5690 dicuntur
2738 5632 2940 5703 angeli.
2968 5633 3056 5700 qui
3084 5631 3184 5686 ista
3214 5633 3435 5702 faciunt,

1864 5732 2166 5789 animalium
2198 5735 2498 5795 creatores;
2525 5726 2660 5783 sicut
2688 5740 2786 5783 nec
2816 5724 3059 5798 agricola:
3085 5736 3321 5798 segetum
3352 5729 3436 5784 vel
