3902 6300
501 245 604 305 803

492 361 750 418 arborum
774 360 856 418 vel
876 373 1207 433 quorumque
1232 358 1284 414 in
1303 366 1442 413 terra
1461 355 1791 428 gignentium
1809 362 2082 412 animo

501 452 713 511 dicendi
739 462 886 521 sunt,
912 454 1154 525 quamvis
1182 451 1426 507 noverint
1452 450 1690 522 praebere
1712 447 1971 521 quasdam
1997 446 2082 501 vi-

502 546 685 602 sibiles
724 546 1150 617 opportunitates
1175 550 1230 599 et
1264 555 1491 610 causas,
1538 549 1597 598 ut
1640 541 1728 597 illa
1774 545 2077 595 nascantur.

501 637 653 708 Quod
685 646 859 692 autem
896 636 983 692 isti
1019 634 1217 691 faciunt
1235 633 1533 703 visibiliter,
1570 631 1871 704 boeangeli
1902 628 2084 686 invisi-

501 729 709 796 biliter;
739 728 884 786 Deus
910 742 1042 784 vero
1064 728 1420 784 ξυιυς-’νεῖαι
1433 734 1645 782 creator
1666 731 1768 788 est,
1787 724 1874 796 qui
1895 736 2082 778 causas

499 822 645 893 ipsas
659 830 713 877 et
727 822 959 878 rationes
975 819 1285 877 seminaries
1300 819 1460 875 rebus
1476 818 1717 875 inseruit.
1734 815 2085 872 Resbreviter

499 913 635 970 dicta
653 923 753 979 est,
777 930 894 984 qua:
917 913 962 968 si
976 912 1235 983 exemplis
1247 919 1300 967 et
1317 910 1530 981 copiosa
1543 908 1901 980 disputatione
1912 905 2082 977 expli-

499 1016 686 1075 cetur,
726 1015 785 1060 ut
821 1004 1026 1060 facilius
1064 1004 1417 1075 intelligatur,
1465 1003 1623 1074 longo
1666 995 1918 1058 sermone
1948 1013 2084 1071 opus

500 1108 615 1164 est,
663 1114 691 1153 a
731 1110 837 1172 quo
866 1113 925 1154 se
965 1097 1101 1153 ratio
1142 1108 1338 1154 nostrae
1381 1094 1730 1153 festinationis
1753 1100 1990 1150 excusat.

571 1189 736 1246 XXII.
760 1187 861 1263 [Ib.
880 1202 977 1255 vn,
998 1187 1112 1261 22.]
1135 1186 1383 1243 Fecerunt
1402 1195 1571 1243 autem
1590 1184 1825 1243 similiter
1840 1193 1887 1240 et
1906 1186 2082 1239 incan-

490 1284 679 1339 tatores
701 1281 1069 1354 Egyptiorum
1093 1281 1341 1352 veneﬁciis
1365 1280 1507 1336 suis:
1530 1284 1581 1334 ct
1603 1277 1978 1333 induratuch
1997 1293 2084 1331 cor

496 1370 805 1439 Pharaonis,
826 1380 873 1427 ct
891 1390 990 1427 non
1003 1372 1371 1437 exaudiviteas,
1389 1373 1521 1426 sicut
1531 1371 1659 1426 dixit
1673 1370 1937 1425 Dominus.
1948 1368 2083 1425 Cum

497 1459 612 1514 hate
626 1459 897 1523 dicuntur,
923 1456 1137 1512 videtur
1154 1467 1434 1528 propterea
1453 1469 1547 1510 eor
1562 1454 1854 1510 Pharaonis
1870 1453 2086 1508 indura-

498 1559 608 1608 tum
638 1550 822 1619 fuisse,
851 1551 972 1621 quia
1002 1557 1056 1604 ct
1083 1549 1442 1604 incantatores
1475 1546 1851 1620 Egyption
1888 1545 2082 1601 similia

484 1646 738 1703 fecerunt
771 1664 784 1699 :
830 1645 925 1702 sed
964 1646 1341 1717 consequentia
1381 1643 1647 1700 docebunt
1686 1650 1884 1715 quanta
1924 1640 2086 1698 fuerit

497 1739 587 1795 illa
615 1739 897 1794 obduratio
920 1779 936 1804 ,
984 1738 1143 1794 etiam
1189 1752 1309 1792 cum
1352 1735 1715 1792 incantatores
1752 1733 2080 1790 defecerunt.

488 1852 497 1859 ν
566 1829 756 1887 XXIII.
801 1828 916 1904 [11).
944 1845 1072 1895 vm,
1095 1828 1177 1903 7.]
1207 1827 1456 1884 Fecerunt
1479 1837 1651 1884 autem
1671 1828 1904 1884 similiter
1920 1835 1972 1883 et
1997 1828 2080 1882 in-

496 1933 777 1979 cantatore:
820 1921 1193 1997 ﬂgyptiorum
1229 1922 1483 1991 veneﬁciis
1523 1922 1667 1987 suis;
1712 1930 1761 1975 et
1804 1920 2084 1976 eduxerunt

494 2031 648 2072 ranas
669 2032 822 2087 super
868 2025 1057 2071 terram
1088 2012 1328 2086 Egypti.
1378 2013 1653 2081 Quaeritur
1686 2012 1856 2079 unde,
1899 2012 1948 2068 si
1970 2011 2081 2083 jam

495 2105 690 2178 ubique
711 2107 906 2162 factum
946 2116 1082 2163 erat.
1115 2104 1222 2161 Sed
1246 2103 1437 2160 similis
1460 2105 1683 2175 quaestio
1716 2110 1833 2171 est,
1861 2102 2003 2158 unde
2029 2110 2084 2158 et

495 2212 684 2270 aquam
718 2198 768 2253 in
799 2198 1108 2270 sanguinem
1141 2196 1392 2253 verterint
1416 2240 1429 2264 ,
1471 2197 1519 2252 si
1555 2205 1666 2252 tots
1703 2211 1837 2268 aqua
1866 2195 2081 2269 ΑΞΜὶ

496 2292 547 2348 in
572 2292 880 2362 sanguinem
906 2306 1163 2347 conversa
1185 2292 1294 2361 jam
1320 2290 1508 2346 fuerat.
1529 2289 1761 2346 Proinde
1784 2291 2084 2361 intelligen-

493 2384 619 2440 dum
646 2394 731 2441 est
761 2384 1029 2456 regionem
1052 2427 1067 2451 ,
1110 2384 1201 2438 ubi
1246 2383 1339 2438 filii
1369 2380 1531 2437 israel
1552 2381 1887 2449 habitabant,
1916 2381 2082 2451 plagis

494 2477 684 2534 talibus
714 2492 817 2531 non
858 2475 1019 2532 fuisse
1048 2489 1353 2546 percussam
1396 2492 1412 2530 :
1440 2481 1492 2529 ct
1525 2472 1649 2528 inde
1690 2482 1973 2544 potuerunt
2002 2473 2083 2527 in-

492 2578 794 2624 cantatores
820 2567 905 2624 vel
935 2583 1126 2639 aquam
1167 2566 1426 2631 haurire,
1468 2580 1627 2636 quam
1681 2565 1736 2620 in
1769 2565 2080 2634 sanguinem

495 2669 807 2727 verterent,
847 2660 928 2716 vel
968 2661 1173 2729 aliquas
1207 2673 1367 2713 ranas
1413 2656 1644 2712 educere
1677 2654 1742 2710 ad
1785 2655 1955 2710 solam
1981 2654 2077 2709 de-

490 2754 928 2810 monstrationem
973 2753 1191 2823 magica:
1238 2750 1521 2822 potentire.
1551 2748 1860 2818 Quanquam
1889 2753 2079 2818 potae-

491 2855 618 2902 runt
643 2847 801 2902 etiam
820 2889 835 2913 ,
865 2855 1212 2915 posteaquam
1245 2843 1336 2897 illa
1358 2853 1661 2912 compressa
1685 2847 1841 2905 sunt,
1872 2837 2075 2892 facere:

492 2939 587 2995 sed
635 2938 908 3010 Scriptura
961 2938 1067 2993 cito
1110 2935 1380 2991 narrando
1421 2932 1695 3004 conjunxit
1735 2931 1875 3002 quod
1918 2931 2076 2986 etiam

486 3039 673 3102 postea
706 3029 816 3085 fieri
844 3028 1034 3100 potuit.

561 3121 753 3179 XXIV.
782 3119 887 3196 [Ih.
912 3136 1038 3189 vni,
1068 3115 1188 3193 l5.]
1208 3116 1273 3173 Et
1293 3118 1415 3173 vidit
1438 3115 1649 3171 Pharao
1666 3114 1903 3186 quoniam
1941 3114 2077 3184 facta

490 3226 561 3274 est
590 3216 902 3289 refrigeratio
917 3255 930 3278 ,
962 3222 1008 3268 et
1033 3213 1347 3284 ingravatum
1366 3218 1437 3264 est
1458 3224 1546 3262 cor
1572 3208 1681 3280 ejus
1698 3247 1714 3273 ,
1732 3213 1777 3259 et
1796 3222 1896 3260 non
1916 3220 2076 3259 eun-

491 3309 612 3361 divit
641 3324 752 3371 eos,
784 3305 913 3360 sicut
938 3303 1135 3359 dixerat
1160 3300 1425 3356 Dominus.
1458 3297 1553 3353 Hic
1578 3304 1798 3369 apparet
1824 3311 1930 3351 non
1960 3296 2077 3352 illas

491 3406 695 3453 tantum
732 3395 897 3451 fuisse
925 3409 1113 3450 causas
1151 3391 1515 3448 ohdurationis
1543 3389 1720 3445 cordis
1746 3388 2036 3443 Pharaonis
2057 3430 2074 3455 ,

489 3487 630 3560 quod
655 3489 1013 3542 incantatores
1033 3485 1149 3553 ejus
1171 3482 1363 3537 similia
1390 3478 1683 3545 faciebant;
1708 3493 1894 3534 verum
1915 3478 2077 3534 etiam

491 3581 660 3650 ipsam
685 3578 776 3633 Dei
806 3576 1111 3648 patientiam
1133 3617 1146 3640 ,
1172 3590 1274 3645 qua
1304 3572 1570 3643 parcebat.
1600 3571 1855 3627 Patientia
1880 3570 1974 3626 Dei
1991 3585 2078 3626 se-

490 3670 724 3725 cundum
742 3667 903 3723 corda
935 3667 1243 3732 hominum,
1275 3663 1591 3732 quibusdam
1632 3661 1778 3717 utilis
1807 3661 1874 3716 ad
1900 3661 2075 3732 poeni-

494 3762 706 3818 tendum
728 3802 744 3829 ,
792 3759 1105 3830 quihusdam
1153 3755 1385 3823 inutilis,
1413 3753 1479 3810 ad
1508 3753 1863 3810 resistendum
1888 3753 2000 3807 Deo
2022 3760 2078 3808 et

491 3856 544 3910 in
572 3854 713 3909 malo
750 3850 1199 3924 perseverandum
1232 3868 1245 3904 :
1280 3866 1382 3903 non
1415 3857 1591 3903 tamen
1623 3862 1719 3919 per
1737 3862 1796 3902 se
1817 3847 1927 3916 ipsa
1959 3845 2077 3899 inu-

491 3947 599 4001 tills
616 3952 722 4011 est,
753 3943 845 3998 sed
865 3942 1156 3998 secundant
1186 3956 1279 3996 cor
1303 3939 1522 4005 malum,
1541 3939 1679 3995 sicut
1694 3939 1802 4009 jam
1824 3937 2073 3992 diximus.

489 4034 604 4092 Hoc
624 4045 678 4090 et
706 4034 996 4103 Apostolus
1021 4034 1150 4089 dicit
1177 4050 1189 4086 :
1224 4030 1443 4106 Ignoras
1469 4032 1590 4103 quia
1619 4030 1860 4103 patientia
1890 4028 1983 4082 Dei
2009 4028 2077 4082 ad

492 4128 839 4201 paenitentiam
890 4137 936 4181 te
983 4125 1232 4181 adducit?
1276 4124 1568 4180 Secundum
1622 4112 1787 4177 autem
1837 4120 2078 4175 duritiam

488 4222 657 4276 cordis
683 4223 758 4277 tui
784 4229 831 4274 et
854 4218 1171 4292 impaeniteus
1195 4233 1304 4284 cor,
1330 4215 1641 4271 thesaurizas
1666 4213 1753 4268 tibi
1771 4214 1901 4267 iram
1924 4213 1979 4266 in
1998 4211 2080 4265 die

486 4316 580 4371 ine
602 4325 648 4370 et
671 4312 985 4370 reuelationis
1010 4312 1130 4381 iusti
1144 4310 1329 4384 judicii
1350 4307 1469 4374 Dei,
1498 4309 1587 4381 qui
1611 4307 1783 4363 reddet
1812 4305 2079 4375 unicuique

491 4406 768 4464 secundum
807 4422 960 4478 opera
1001 4407 1112 4479 ejus
1164 4403 1183 4479 (
1222 4401 1372 4458 Rom.
1405 4417 1471 4466 ιι,
1503 4400 1647 4470 4-6).
1692 4399 1824 4454 Nam
1868 4407 1921 4452 et
1950 4398 2077 4452 alibi

488 4516 610 4558 cum
640 4499 871 4565 diceret,
902 4496 1089 4554 Christi
1119 4495 1278 4550 bonus
1321 4493 1448 4548 odor
1481 4508 1654 4547 sumus
1679 4492 1733 4545 in
1767 4491 1906 4546 omni
1933 4488 2078 4555 loco;

491 4596 656 4652 etiam
689 4592 813 4648 illud
837 4591 1077 4662 adjunxit
1098 4632 1111 4657 ,
1144 4589 1209 4644 Et
1237 4590 1287 4643 in
1308 4588 1371 4642 iis
1396 4588 1482 4658 qui
1508 4585 1635 4640 salvi
1662 4585 1793 4655 ﬁunt
1814 4625 1830 4651 ,
1857 4592 1906 4638 et
1931 4585 1986 4637 in
2016 4583 2079 4637 iis

491 4686 583 4759 qui
622 4692 835 4758 pereunt
860 4682 881 4757 (
907 4682 950 4738 Il
971 4680 1089 4738 Cor.
1122 4697 1180 4747 ιι,
1213 4679 1324 4753 15).
1348 4678 1467 4735 Non
1499 4678 1632 4733 dixit
1656 4674 1855 4733 Christi
1882 4675 2078 4730 bonum

493 4776 793 4834 seodorem
822 4788 943 4831 esse
976 4773 1042 4829 iis
1080 4772 1169 4845 qui
1211 4772 1343 4828 salvi
1378 4770 1511 4826 fiunt
1532 4813 1547 4836 ,
1580 4770 1777 4825 malum
1807 4776 1984 4823 autem
2015 4767 2080 4822 iis

502 4872 590 4944 qui
619 4877 877 4943 pereunt;
899 4864 993 4925 sed
1024 4876 1224 4922 tantum
1255 4866 1456 4921 bonum
1487 4864 1709 4920 odorem
1737 4877 1797 4918 se
1824 4860 1976 4916 dixit.
2000 4858 2080 4914 Illi

495 4980 627 5021 vero
656 4965 791 5020 tales
828 4970 984 5030 sunt,
1016 4968 1145 5015 utet
1172 4958 1314 5015 bono
1337 4958 1501 5014 odore
1523 4963 1745 5027 pereant
1783 4952 2078 5010 secundum

491 5055 573 5112 sui
603 5053 809 5122 cordis,
839 5063 897 5108 ut
924 5067 1067 5124 saepe
1086 5048 1284 5105 dictum
1310 5058 1417 5113 est,
1453 5047 1791 5119 qualitatem,
1819 5058 1937 5115 quiat
1961 5058 2080 5100 mu-

492 5144 651 5206 tanda
676 5153 761 5202 est
782 5146 919 5201 bona
944 5143 1217 5199 voluntate
1237 5142 1290 5196 in
1321 5140 1412 5195 Dei
1438 5139 1611 5210 gratia
1634 5179 1652 5205 ,
1673 5146 1731 5192 ut
1754 5136 2008 5207 incipiant
2026 5135 2077 5190 ei

492 5238 749 5313 prodesse
783 5236 980 5310 judicia
1025 5232 1154 5298 Dei,
1195 5248 1314 5303 qua:
1357 5231 1515 5287 malis
1561 5227 1815 5284 cordibus
1863 5234 2075 5282 nocent.

495 5330 648 5392 Unde
663 5331 754 5387 ille
778 5327 1045 5386 mutatoin
1063 5324 1254 5382 melius
1268 5322 1434 5380 corde
1454 5316 1719 5386 cantabat,
1747 5318 1887 5373 Vivet
1908 5317 2080 5372 animo

490 5444 634 5497 area,
653 5434 702 5482 et
726 5420 950 5481 laudabit
976 5429 1056 5489 te;
1071 5429 1120 5476 et
1133 5417 1325 5486 iudicia
1351 5425 1437 5471 tua
1461 5413 1772 5485 adiuvabunt
1797 5413 1908 5481 me(
1928 5409 2074 5466 Psal.

492 5532 677 5590 exvnt,
701 5518 851 5590 l75).
873 5514 993 5572 Non
1017 5514 1169 5580 dixit,
1192 5509 1413 5569 Munera
1435 5518 1555 5579 tua,
1573 5508 1690 5578 vel,
1713 5507 1929 5581 praemia
1952 5514 2075 5573 tua;

493 5612 617 5678 sed,
630 5610 832 5686 judicia
857 5615 964 5662 tua.
993 5606 1210 5662 Multum
1237 5613 1318 5662 est
1356 5612 1539 5661 autem
1564 5611 1621 5659 at
1654 5602 1861 5658 sincera
1886 5597 2074 5655 ﬁducia

558 5746 575 5777 ι
600 5751 705 5797 uss.
728 5740 1022 5802 quindecim.
1046 5751 1184 5791 tants.

1295 242 1759 316 QUESTIONUM
1797 241 1857 298 S.
1893 232 2263 298 AUGUS'HNI
2302 232 2367 293 IN
2405 236 2962 296 HEPTATEUCHUM

2185 347 3776 420 dieipossit,Prolrane,Donrine,ettentame;uremes

2184 452 2507 497 macer
2542 459 2731 497 manu.
2763 443 2830 498 Et
2865 457 2934 499 ne
2973 441 3392 515 sibisliquides
3426 443 3775 505 suisuiribns

2180 534 2443 591 tribuisse
2464 534 2756 600 videretur,
2784 535 3039 591 continuo
3069 534 3274 591 addidit
3299 554 3318 594 :
3343 536 3592 602 Quoniam
3620 539 3775 596 ltiss-

2182 625 2519 680 riserdintu
2539 625 3007 681 anteoculosmess
3036 635 3140 694 est,
3172 637 3223 682 et
3253 626 3615 698 complerit“:
3640 632 3773 684 veri-

2186 717 2828 791 tatetua(Pul.m,2,
2854 718 2935 790 5).
2973 718 3774 791 Fmergasemmemo-

2187 821 2270 866 rat
2291 810 2715 868 miscricordiam
2731 852 2751 878 ,
2775 820 2834 867 ut
2859 812 3192 883 complacare
3209 822 3388 885 posset
3415 812 3470 869 in
3504 814 3770 883 veritate;

2180 906 2443 976 {quoniam
2461 907 2841 963 enimsi:
2865 906 3077 963 θωύυᾶ
3095 906 3460 967 mhericordia
3488 915 3546 965 et
3570 911 3773 966 vetitas

2180 994 2361 1071 (Paul.
2392 1012 2545 1058 xxiv.
2562 996 2679 1074 10).

2257 1089 2426 1147 XXV.
2456 1090 2558 1165 [ιβ.
2575 1106 2692 1158 vni,
2716 1091 3424 1166 t9.)Quodiiaernntmegi
3447 1094 3515 1151 ad
3534 1094 3776 1153 Pharao-

2187 1197 2308 1237 nem
2330 1222 2346 1250 ,
2382 1181 2587 1255 Digitus
2611 1183 2709 1239 Dei
2748 1185 2943 1241 nulla
2974 1186 3014 1251 ί,
3046 1186 3294 1256 quoniam
3330 1201 3439 1243 non
3484 1196 3776 1259 totum

2184 1273 2418 1331 educere
2440 1276 2766 1348 scyniphes;
2794 1287 3079 1334 senserunt
3103 1278 3380 1350 profecto,
3421 1294 3545 1336 cum
3572 1281 3771 1338 artium

2184 1378 2405 1420 suarum
2447 1366 2769 1422 nefariarum
2816 1369 3018 1425 scirent
3062 1371 3386 1440 patentium,
3429 1387 3537 1429 non
3577 1374 3777 1431 μω...

2186 1458 2422 1524 artibus,
2464 1460 2609 1515 velut
2647 1461 2919 1531 potentior
2952 1462 3015 1517 in
3051 1462 3135 1518 eis
3171 1472 3317 1519 esset
3352 1463 3611 1538 lapses,
3650 1481 3777 1523 suos

2184 1562 2411 1610 conatus
2429 1552 2596 1611 fuisse
2619 1552 2935 1624 frustratos,
2956 1565 3139 1611 utnon
3158 1565 3377 1627 possent
3399 1558 3632 1616 abicere
3656 1574 3778 1634 sey-

2184 1647 2406 1718 nipbes,
2438 1648 2533 1704 sed
2569 1648 2743 1720 digito
2771 1649 2893 1717 Dei,
2940 1649 3034 1721 qui
3073 1649 3255 1722 utique
3305 1651 3632 1721 operabatur
3678 1668 3775 1724 per

2187 1739 2425 1813 Moysen.
2456 1740 2667 1812 Digitus
2698 1749 2878 1798 autem
2904 1742 2997 1798 Dei
3022 1784 3037 1808 ,
3064 1742 3201 1799 sicut
3225 1742 3571 1815 Erangeiinm
3601 1746 3777 1800 mssi-

2185 1831 2477 1890 festissime
2528 1834 2800 1906 loquitur,
2864 1834 3096 1907 Spiritus
3162 1846 3377 1894 sanctus
3436 1838 3771 1912 intelligitur.

2184 1924 2424 1997 Namque
2452 1940 2559 1982 uno
2592 1928 2912 1999 evangelista
2940 1929 3011 1983 ita
3038 1938 3297 1985 narrante
3333 1930 3495 1985 verba
3526 1931 3770 1998 Domini,

2190 2026 2248 2072 ut
2265 2017 2468 2074 diceret
2488 2060 2503 2084 ,
2528 2019 2589 2075 Si
2616 2035 2707 2092 ego
2730 2021 2787 2075 in
2813 2020 2975 2093 digito
2996 2020 3096 2077 Dei
3122 2023 3277 2093 ejieie
3301 2023 3555 2079 daemonia
3592 2025 3616 2096 (
3645 2023 3769 2080 Lac.

2191 2122 2265 2175 at,
2287 2110 2418 2184 20);
2448 2111 2583 2184 alios
2609 2114 2933 2184 evangelista
2970 2115 3199 2186 idipsum
3233 2132 3459 2173 namus
3500 2134 3772 2189 exposuere

2191 2201 2360 2256 voluit
2385 2202 2509 2273 quid
2550 2203 2622 2258 sit
2665 2203 2861 2275 digitus
2892 2205 3017 2273 Dei,
3057 2216 3111 2262 et
3138 2208 3240 2274 ait,
3290 2207 3352 2264 Si
3376 2226 3468 2280 ego
3493 2210 3547 2264 in
3571 2209 3772 2283 Sp’rits.

2184 2290 2284 2348 Dei
2318 2294 2464 2361 eiicio
2486 2294 2737 2349 daemonia
2761 2295 2779 2367 (
2802 2293 2989 2349 Matth.
3009 2312 3087 2352 xu
3104 2340 3118 2363 ,
3140 2297 3254 2371 28).
3281 2297 3413 2353 Cum
3438 2301 3618 2371 itaque
3636 2315 3769 2372 magi

2184 2381 2496 2450 faterentur,
2525 2400 2752 2454 quorum
2771 2385 2979 2440 Pharao
3007 2388 3243 2457 potentia
3270 2388 3609 2458 prtelldehat,
3635 2390 3769 2462 digi-

2186 2487 2298 2533 tum
2326 2478 2418 2534 Dei
2441 2494 2559 2535 esse
2589 2480 2640 2534 in
2673 2479 2853 2553 Moyse
2873 2523 2888 2548 ,
2917 2482 2971 2535 in
2998 2495 3106 2552 quo
3151 2483 3561 2553 superabantur,
3596 2494 3653 2540 et
3678 2500 3768 2539 eo-

2184 2586 2302 2626 rum
2328 2572 2583 2627 veneﬁcia
2605 2572 3026 2641 frustrabantur;
3051 2583 3231 2629 tamen
3254 2574 3555 2631 induratum
3575 2587 3665 2632 est
3683 2591 3771 2632 cor

2183 2660 2477 2718 Pharaonis
2505 2678 2646 2719 nunc
2666 2664 2898 2720 mirabili
2925 2638 3144 2720 omnino
3168 2665 3496 2723 duritiaJJur
3519 2677 3700 2724 autem
3719 2670 3768 2723 in
3868 2638 3869 2667 ³

2183 2754 2336 2808 tertia
2359 2754 2457 2808 ista
2477 2755 2629 2825 plaga
2656 2756 2795 2826 magi
2814 2754 3112 2812 defecerint
3139 2757 3282 2829 (nam
3304 2757 3474 2829 plaga:
3492 2768 3770 2829 ceperunt

2180 2860 2249 2900 ex
2278 2860 2386 2917 quo
2409 2862 2543 2917 aqua
2583 2847 2635 2902 in
2666 2849 2977 2919 sanguinem
3005 2864 3159 2904 versa
3190 2859 3272 2904 est
3298 2849 3350 2921 ),
3382 2860 3437 2906 et
3483 2853 3693 2907 sentire
3720 2862 3770 2908 et
3864 2906 3867 2911 .

2182 2938 2452 3008 explicare
2467 2939 2681 2996 difficile
2706 2948 2805 2996 est.
2825 2942 3077 2997 Poterant
3105 2942 3250 2997 enim
3277 2946 3401 2998 etin
3431 2944 3604 3014 primo
3621 2947 3769 3017 signo

2181 3030 2444 3099 deiicere,
2473 3031 2562 3087 ubi
2594 3034 2644 3087 in
2675 3042 2977 3105 serpentem
3005 3035 3153 3104 virga
3180 3050 3438 3090 conversa
3481 3043 3595 3102 est;
3629 3046 3684 3092 et
3716 3037 3765 3091 in

2180 3124 2348 3194 prima
2372 3125 2522 3195 plaga
2540 3167 2555 3191 ,
2590 3125 2677 3181 ubi
2706 3141 2843 3197 aqua
2876 3127 2929 3181 in
2957 3127 3271 3198 sanguinem
3299 3136 3626 3182 commutata
3653 3136 3764 3193 est;

2173 3222 2239 3270 et
2263 3215 2314 3270 in
2340 3215 2571 3272 secunda
2600 3217 2668 3272 de
2697 3217 2844 3275 ranis
2865 3260 2878 3285 ,
2910 3219 2957 3272 si
2997 3217 3100 3275 hoc
3124 3219 3380 3275 voluisset
3405 3219 3605 3290 digitus
3632 3219 3724 3275 Dei
3750 3262 3763 3283 ,

2183 3305 2235 3363 id
2265 3318 2346 3364 est
2370 3307 2598 3382 Spiritus
2625 3308 2736 3365 Dei.
2764 3311 2894 3377 Quis
2925 3311 3066 3365 enim
3102 3309 3534 3366 dementissimns
3569 3310 3767 3366 dixerit

2181 3397 2401 3471 digitum
2433 3398 2527 3453 Dei
2556 3398 2608 3454 in
2641 3398 2741 3454 hoc
2782 3401 2933 3471 signo
2962 3401 3198 3469 potuisse
3241 3414 3464 3455 conatus
3493 3414 3765 3471 magorum

2182 3490 2440 3562 impedire
2458 3533 2474 3557 ,
2493 3498 2547 3547 et
2562 3492 2614 3545 in
2637 3491 2998 3561 superioribus
3028 3490 3368 3562 nequivisse?
3393 3491 3627 3547 Omnino
3647 3505 3767 3561 ergo

2180 3591 2322 3639 certa
2350 3596 2508 3637 causa
2533 3589 2616 3637 est
2653 3596 2817 3652 quare
2855 3582 2945 3638 illa
2973 3582 3154 3637 facere
3182 3581 3286 3636 huc
3320 3594 3489 3653 usque
3520 3582 3765 3652 permissi

2182 3683 2326 3730 sunt.
2356 3673 2773 3729 Commendatur
2798 3674 2939 3729 enim
2963 3672 3190 3729 fortasse
3225 3674 3491 3740 Trinitas,
3530 3682 3583 3729 et
3622 3671 3764 3745 quod

2182 3776 2367 3821 rerum
2398 3772 2480 3820 est
2502 3806 2516 3830 ,
2557 3765 2749 3820 summi
2779 3764 3080 3837 philosophi
3105 3767 3372 3836 gentium,
3400 3775 3663 3837 quantum
3708 3765 3761 3820 in

2182 3870 2367 3912 eorum
2398 3855 2587 3911 litteris
2617 3850 2896 3927 indagator
2915 3899 2931 3924 ,
2962 3858 3077 3912 sine
3104 3856 3300 3927 Spiritu
3327 3867 3512 3912 sancto
3527 3858 3764 3927 philoso-

2184 3948 2327 4021 phati
2343 3957 2485 4010 sunt.
2501 3948 2739 4020 quamvis
2754 3949 2818 4003 de
2835 3950 2991 4004 Patre
3002 3959 3054 4004 ct
3066 3949 3198 4004 Filio
3216 3965 3320 4005 non
3333 3952 3607 4014 mouerint,
3626 3948 3763 4022 quod

2182 4041 2344 4096 etiam
2387 4040 2643 4114 Didymus
2674 4042 2725 4095 in
2747 4041 2883 4096 lihro
2908 4057 3006 4096 suo
3032 4043 3304 4109 meminit,
3355 4056 3511 4112 quem
3555 4042 3766 4111 scripsit

2183 4130 2250 4188 de
2275 4131 2476 4204 Spiritu
2494 4140 2679 4187 sancto
2705 4131 2724 4202 (
2737 4130 2982 4204 Didymus
3004 4132 3056 4185 in
3077 4131 3203 4187 lib.l
3232 4132 3296 4186 de
3323 4132 3525 4203 Spiritu
3544 4128 3759 4203 sancto).

2254 4218 2446 4279 XXVI.
2476 4221 2588 4296 [Ib.
2622 4236 2735 4287 vni,
2774 4221 2993 4295 21311]
3012 4222 3146 4277 Ecce
3167 4239 3255 4294 ego
3281 4223 3424 4277 mitte
3450 4223 3501 4276 in
3542 4233 3611 4291 te,
3644 4233 3691 4277 et
3712 4224 3761 4276 in

2185 4326 2353 4368 sertos
2379 4323 2493 4368 tuos
2509 4354 2525 4380 ,
2554 4322 2602 4367 et
2626 4313 2680 4366 in
2707 4312 2949 4383 populum
2976 4321 3118 4366 tuum
3142 4355 3155 4377 ,
3185 4323 3232 4368 et
3256 4315 3306 4367 in
3332 4313 3508 4369 domos
3532 4325 3653 4369 tuas
3674 4324 3760 4385 c9-

2184 4405 2458 4475 nomyiam,
2477 4413 2527 4458 et
2536 4402 2875 4471 implebantur
2889 4403 3067 4458 domus
3087 4403 3449 4477 Egyptiorum
3467 4408 3761 4479 cgnomgia;

2184 4505 2241 4551 ut
2275 4496 2405 4550 scias
2426 4496 2662 4567 quoniam
2690 4512 2780 4566 ego
2805 4513 2917 4550 sum
2944 4494 3194 4551 Dominus
3218 4496 3360 4553 Deus
3387 4499 3552 4553 cumis
3582 4509 3756 4553 terra:

2185 4595 2231 4642 et
2255 4586 2384 4641 dabo
2412 4586 2732 4641 intervallum
2760 4586 2891 4640 inter
2909 4587 3153 4659 p0pulum
3183 4602 3347 4641 meum
3375 4598 3420 4643 et
3450 4590 3580 4643 inter
3604 4603 3760 4661 popu-

2186 4681 2291 4736 lum
2319 4690 2478 4735 tuum.
2507 4678 2658 4749 Quod
2687 4678 2771 4733 hic
2798 4678 3066 4748 Scriptura
3093 4680 3335 4749 aperuit,
3368 4694 3438 4735 ne
3464 4680 3661 4752 ubique
3679 4679 3756 4733 di-

2188 4782 2337 4829 ceret
2359 4815 2373 4839 ,
2402 4771 2697 4841 intelligere
2722 4769 2979 4825 debemus
3003 4780 3057 4825 et
3088 4771 3139 4824 in
3185 4771 3569 4841 posterioribus
3613 4780 3666 4826 et
3708 4770 3757 4823 in

2187 4864 2455 4936 prioribus
2502 4861 2667 4932 signis
2694 4860 2889 4915 factum
2916 4875 3034 4916 esse
3055 4903 3069 4927 ,
3099 4870 3156 4916 ut
3183 4872 3320 4916 terra
3346 4861 3400 4916 in
3431 4876 3533 4932 qua
3559 4862 3759 4919 habita-

2189 4956 2278 5011 hat
2318 4953 2545 5025 populus
2565 4953 2688 5017 Dei,
2721 4951 2881 5006 nullis
2911 4951 3078 5023 plagis
3111 4952 3303 5007 talibus
3334 4962 3632 5009 vexaretur.
3657 4951 3760 5021 0p-

2191 5056 2472 5118 portunum
2502 5050 2676 5098 autem
2700 5039 2799 5096 fuit
2818 5051 2875 5096 ut
2896 5042 2965 5097 ibi
2984 5042 3086 5098 hoc
3104 5051 3288 5112 aperte
3303 5054 3607 5114 poneretur,
3627 5042 3760 5099 unde

2182 5137 2292 5210 jam
2333 5134 2594 5206 incipiunt
2640 5134 2791 5206 signa
2816 5135 3011 5205 quibus
3053 5136 3194 5206 magi
3239 5134 3432 5191 similia
3461 5151 3562 5192 nec
3589 5132 3757 5191 conati

2187 5238 2311 5285 sunt
2335 5229 2510 5284 facere
2546 5245 2559 5282 :
2591 5226 2777 5298 procul
2800 5226 2964 5282 dubio
2990 5228 3139 5283 enim
3180 5227 3302 5299 quia
3328 5227 3522 5298 ubique
3557 5226 3761 5281 fuerant

2186 5319 2473 5393 scyniphes
2493 5318 2546 5373 in
2573 5332 2738 5391 regno
2761 5317 3053 5373 Pharaonis
3071 5358 3086 5385 ,
3128 5333 3235 5374 non
3264 5327 3441 5374 autem
3478 5318 3685 5374 fuerant
3706 5316 3759 5370 iu

2188 5424 2329 5470 terra
2356 5411 2558 5469 Gessen
2583 5454 2597 5478 ,
2646 5412 2716 5467 ibi
2741 5413 2915 5467 conati
2943 5422 3073 5467 sunt
3097 5414 3233 5484 magi
3257 5413 3509 5472 similiter
3548 5412 3719 5469 facere
3740 5450 3756 5475 .

2186 5516 2241 5564 et
2261 5507 2485 5563 minime
2507 5513 2807 5577 potuerunt.
2836 5503 3131 5575 Quousque
3151 5518 3279 5576 ergo
3297 5503 3608 5572 deﬁcerent,
3632 5498 3756 5559 nihil

2185 5665 2371 5782 ea!
2384 5668 2491 5714 Is.
2523 5663 2662 5726 juxta
2691 5670 2903 5724 gramm
2921 5661 3372 5724 interpretationem
3400 5667 3531 5715 nx.
3555 5670 3609 5716 Αι
3629 5660 3755 5721 editi.
