3902 6314
267 457 340 513 de
367 449 508 511 illius
556 465 710 510 terra:
747 453 1115 524 segregatione
1148 452 1345 508 dictant
1384 463 1497 518 est;
1530 444 1627 506 sed
1654 467 1717 506 ex
1743 465 1849 521 quo

267 556 550 620 coeperunt
578 561 640 601 ea
669 543 782 601 ﬁeri
801 589 816 614 ,
848 544 940 600 ubi
961 541 1071 615 jam
1102 543 1175 600 illi
1221 543 1410 600 similia
1437 543 1611 599 facere
1637 557 1735 597 nec
1759 556 1849 596 co-

268 644 386 697 nari
418 639 697 697 auderent.

343 729 552 790 XXVII.
579 730 682 806 [11).
705 749 818 800 vm,
841 723 960 805 95.]
978 731 1128 799 Quod
1145 731 1288 786 latini
1308 727 1520 794 habent,
1547 721 1734 782 Euntes
1750 728 1848 780 im-

268 828 454 881 molato
483 819 704 880 Domino
725 825 831 879 Deo
857 835 1013 880 vestro
1038 825 1088 878 in
1111 833 1241 877 terra
1259 821 1297 888 ί,
1315 835 1518 893 εγωοιιε
1544 819 1718 882 habet,
1750 812 1847 872 Ve-

268 919 462 973 nientes
483 915 558 989 (a)
581 917 836 970 immolato
862 913 1072 970 Domino
1092 911 1196 967 Deo
1213 924 1370 968 vestro
1386 911 1436 965 in
1459 921 1608 966 terra.
1630 904 1848 964 Nolcbat

265 1009 414 1064 enim
445 1024 537 1062 eos
563 1007 641 1063 ire
671 1023 777 1078 quo
816 1003 1101 1072 dicebant,
1148 1003 1244 1060 sed
1283 1014 1336 1059 ut
1375 1003 1480 1058 illic
1516 997 1567 1058 in
1619 995 1847 1074 Egypto

271 1099 631 1163 immolareut,
663 1099 893 1154 volebat.
921 1093 1031 1153 Iloc
1053 1097 1337 1154 ostendunt
1357 1093 1515 1151 verba
1540 1093 1706 1166 Moysi
1731 1107 1846 1165 quae

268 1202 587 1261 sequuntur.
622 1189 708 1242 ubi
742 1187 872 1243 dicit
899 1205 1005 1244 non
1028 1204 1183 1260 posse
1204 1187 1314 1242 ﬁeri
1342 1196 1555 1258 propter
1572 1185 1846 1240 abomina-

271 1280 442 1337 Iioues
472 1277 857 1352 Egyptiorum.

341 1393 578 1449 XXVIII.
605 1391 717 1466 [11).
737 1409 852 1457 vm,
885 1391 1003 1466 26.]
1024 1393 1174 1462 Quod
1194 1394 1268 1448 ait
1290 1393 1517 1465 Moyses,
1537 1393 1659 1449 Non
1688 1403 1846 1465 potest

268 1486 384 1555 ﬁeri
414 1486 486 1540 sic
515 1501 532 1538 :
565 1484 967 1539 abominationes
996 1486 1127 1540 enim
1153 1485 1516 1557 Egyptiorum
1558 1486 1842 1540 immolabi-

269 1593 382 1630 mus
398 1575 614 1630 Domino
636 1574 746 1629 Deo
768 1585 938 1630 nostra
957 1591 976 1630 :
992 1575 1041 1630 id
1055 1586 1154 1642 est,
1180 1575 1295 1630 haec
1317 1575 1636 1630 immolaturi
1661 1590 1844 1630 sumus

269 1683 392 1737 qua:
418 1667 794 1722 abominantur
823 1665 1094 1739 Egyptii,
1129 1677 1184 1723 et
1216 1679 1492 1738 propterea
1519 1668 1572 1724 in
1614 1667 1844 1740 {Egypto

270 1775 378 1814 non
405 1773 686 1828 possumus
719 1758 860 1814 :lIoc
892 1760 1228 1814 manifestam
1254 1761 1410 1815 verba
1451 1776 1569 1831 qua:
1606 1761 1843 1830 adiungit

217 1900 223 1906 .
270 1858 326 1905 et
355 1851 483 1904 dicit
505 1891 520 1915 ,
545 1849 605 1905 Si
631 1852 764 1904 enim
789 1851 1207 1905 immolaverimus
1231 1851 1618 1906 abominationes
1641 1849 1840 1923 Egyp-

270 1937 458 1998 tiorum
498 1942 668 2012 palam
688 1943 810 2011 ipsis
833 1983 852 2009 ,
883 1941 1242 2014 lapidabimur.
1274 1945 1384 1998 lloc
1408 1960 1513 1999 non
1543 1945 1839 2015 intelligen-

275 2047 354 2091 tes
375 2035 586 2104 quidam
612 2035 927 2105 interpretes
957 2036 1152 2101 nostri,
1204 2037 1280 2091 sic
1310 2036 1637 2106 interpretati
1675 2045 1800 2092 sunt
1822 2079 1838 2104 ,

269 2138 328 2181 ut
351 2126 617 2192 dicereut,
656 2123 769 2183 Non
801 2136 974 2197 potest
1006 2128 1120 2182 ﬁcri
1151 2128 1228 2183 sic
1257 2146 1268 2181 :
1295 2129 1541 2200 numquid
1571 2130 1839 2184 abomina-

269 2218 442 2272 tioues
462 2215 832 2288 [Egyptiorum
852 2217 1246 2274 immolabimus
1268 2220 1489 2275 Domino
1511 2222 1617 2275 Deo
1637 2221 1842 2275 nostro?

271 2308 403 2363 Cum
426 2312 590 2379 magis
622 2310 722 2365 hoc
750 2309 1026 2381 Scriptura
1053 2313 1278 2378 dixerit,
1317 2313 1436 2382 quia
1475 2311 1840 2383 Egyptiorutn

269 2403 692 2458 abotninaliones
723 2403 1056 2458 immolaturi
1103 2412 1248 2458 sunt.
1301 2404 1402 2458 Alii
1428 2421 1557 2458 vero
1583 2404 1727 2458 latini
1766 2405 1842 2460 sic

270 2491 487 2556 habent,
514 2492 628 2547 Non
663 2502 842 2563 potest
873 2493 987 2548 fieri
1017 2494 1093 2548 sic
1120 2535 1134 2556 ,
1162 2495 1407 2565 quoniam
1429 2495 1843 2551 abominatioues

270 2575 644 2656 :Egyptiorum
681 2600 787 2640 non
823 2585 1216 2640 immolahimus
1247 2587 1468 2642 Domino
1507 2587 1612 2640 Deo
1639 2597 1838 2642 nostro.

271 2671 604 2731 Contrarium
655 2691 871 2731 sensum
923 2675 1048 2731 facit
1088 2677 1262 2731 addita
1301 2677 1556 2749 particula
1580 2679 1839 2746 negativa,

217 2758 227 2762 ’
269 2779 388 2819 cum
433 2765 643 2836 Moyses
669 2765 862 2820 dixerit
889 2806 905 2830 ,
937 2765 1060 2821 Non
1091 2777 1251 2837 potest
1289 2769 1400 2835 ﬁeri
1427 2769 1497 2821 sic
1539 2784 1557 2821 :
1585 2767 1843 2822 abomina-

271 2857 427 2910 tioues
474 2857 607 2910 enim
649 2855 1018 2928 Afgyptiorum
1047 2860 1412 2914 iuuuolabimus
1463 2859 1680 2915 Domino
1733 2860 1842 2916 1)ιό

271 2956 439 2998 nostro
466 2962 485 3000 :
509 2957 563 3002 et
584 2947 702 3002 ideo
725 2949 776 3002 iu
808 2964 1051 3005 ercmum
1077 2949 1321 3004 dicebant
1346 2967 1403 3005 se
1431 2952 1507 3006 ire
1534 2953 1666 3007 velle
1690 2995 1705 3019 ,
1753 2953 1838 3007 ubi

271 3033 502 3106 Egyptii
521 3053 622 3091 non
642 3037 880 3093 viderent
909 3039 1332 3095 ahomiuatioucs
1356 3057 1495 3096 suas.
1529 3043 1637 3097 Iloc
1663 3053 1838 3099 autem

271 3129 665 3198 intelligendum
695 3140 776 3185 est
805 3133 1030 3204 mystice
1059 3133 1373 3202 significari,
1418 3137 1558 3205 quod
1587 3138 1743 3190 etiam
1773 3136 1840 3192 de

271 3220 570 3286 pastoribus
595 3220 818 3274 dicimus
843 3261 859 3287 ,
890 3223 977 3292 qui
1006 3231 1155 3276 erant
1174 3221 1434 3295 AZgyptiis
1460 3226 1838 3282 abominabiles

270 3309 288 3380 (
314 3307 439 3362 Gen.
469 3325 612 3374 XLVI,
644 3305 712 3364 54
746 3311 762 3378 )
789 3329 801 3376 ;
837 3319 888 3365 et
911 3312 1028 3365 ideo
1056 3325 1351 3380 scparatam
1376 3325 1564 3368 terram
1591 3318 1839 3371 Israelita:

267 3404 625 3466 acceperunt,
654 3383 1065 3454 cum‘vencrunt
1092 3399 1144 3454 in
1175 3397 1479 3473 Egyptum.
1511 3406 1597 3459 Sic
1619 3405 1756 3459 enim
1785 3416 1841 3462 et

268 3487 527 3542 sacrificia
557 3485 912 3544 Israelitartun
934 3489 1352 3546 ahomiuationes
1378 3503 1500 3546 sunt
1536 3494 1797 3567 Aigyptiis
1817 3540 1832 3562 ,

265 3579 403 3632 sicut
431 3575 618 3649 lniquis
647 3580 749 3632 vita
767 3579 1051 3650 justorum.

338 3663 527 3722 XXIX.
551 3667 889 3743 [lb.vu't,52.]
905 3670 1036 3726 Cum
1057 3672 1227 3727 ablata
1245 3685 1384 3729 esset
1401 3673 1622 3745 locusta,
1637 3677 1833 3734 dictum

265 3770 344 3814 est
370 3761 436 3815 de
457 3761 751 3826 Pharaone,
782 3759 844 3815 Et
877 3764 1149 3833 ingravavit
1189 3763 1391 3820 Pharao
1416 3786 1501 3822 cor
1521 3787 1667 3825 suum
1687 3769 1836 3826 ctiam

263 3852 312 3905 in
339 3851 434 3904 hac
458 3860 696 3922 tempore,
725 3861 774 3908 et
796 3854 955 3908 noluit
983 3854 1227 3912 dimittere
1245 3863 1502 3932 populum.
1524 3863 1678 3920 Certe
1696 3882 1835 3922 nunc

265 3953 370 3995 non
399 3941 594 3996 dictum
623 3949 706 3998 est
729 3987 742 4009 ,
777 3939 1110 4015 lngravatum
1136 3955 1216 4003 est
1242 3966 1333 4003 cor
1356 3950 1676 4022 Pharaonis;
1706 3957 1796 4012 sed
1815 4001 1829 4025 ,

262 4031 540 4103 ingravttvit
579 4031 784 4089 Pharao
820 4053 909 4090 cor
935 4055 1099 4091 suum.
1145 4039 1233 4097 Sic
1275 4043 1451 4114 utique
1494 4045 1545 4100 in
1589 4046 1833 4106 onmibus

262 4126 449 4198 plagis.
474 4123 514 4182 Α
541 4125 810 4184 voluntate
832 4131 1027 4201 quippe
1046 4127 1272 4189 hominis
1296 4145 1376 4190 est
1395 4136 1542 4208 origo
1564 4138 1826 4196 vitiorum:

265 4227 550 4274 mOVentur
577 4229 752 4276 autem
793 4223 969 4278 eausis
996 4225 1156 4278 corda
1190 4225 1459 4283 hominum
1480 4269 1496 4296 ,
1541 4230 1663 4286 talia
1711 4233 1786 4288 sic
1813 4276 1828 4301 ,

263 4312 384 4366 talia
409 4325 533 4368 vero
560 4315 664 4380 sic,
691 4313 849 4369 etiam
881 4331 984 4370 non
1013 4315 1241 4374 diversis
1267 4322 1440 4375 causis
1468 4338 1609 4393 saepe
1623 4326 1831 4383 diverso

225 4404 228 4407 ’
258 4399 424 4457 modo
446 4443 460 4467 ,
493 4403 780 4458 secundum
803 4406 1045 4476 proprias
1073 4409 1369 4477 qualitates,
1399 4427 1515 4481 quae
1545 4430 1609 4468 ex
1639 4412 1828 4470 volun-

257 4495 454 4550 tatibus
480 4497 711 4550 veniunt.

331 4583 498 4641 XXX.
525 4585 622 4660 [11).
656 4601 734 4651 Ix,
763 4583 840 4660 7.]
881 4583 1066 4642 Videas
1095 4599 1262 4644 autem
1286 4591 1485 4647 Pharao
1504 4596 1620 4666 quia
1640 4615 1739 4653 non
1759 4611 1831 4654 est

256 4685 510 4731 mortuum
531 4678 592 4731 de
609 4679 868 4747 pecoribus
887 4677 1110 4750 ﬁliorum
1135 4679 1296 4738 Israel
1316 4685 1491 4750 ullum,
1517 4689 1830 4760 ingravatttm

255 4777 328 4824 est
350 4785 439 4824 car
463 4767 766 4824 Pharaonis.
795 4769 1070 4837 Quomodo
1107 4787 1170 4827 ex
1199 4777 1478 4834 contrariis
1499 4782 1672 4836 causis
1695 4781 1828 4840 facta

255 4871 338 4917 est
363 4861 481 4917 bmc
509 4862 796 4932 ingravatlo
821 4863 995 4919 cordis
1037 4864 1360 4922 Pharaonis?
1388 4870 1441 4924 Si
1480 4873 1618 4926 enim
1656 4882 1710 4929 et
1742 4893 1830 4945 pe-

253 4963 379 5008 cora
411 4953 761 5009 Israelitarum
802 4963 1153 5023 morerentur,
1205 4967 1330 5014 tunc
1362 4961 1631 5018 videretur
1671 4981 1828 5023 causa

255 5051 564 5114 competens
587 5051 688 5115 qua
724 5055 819 5100 eor
853 5044 968 5114 ejus
1010 5045 1369 5118 lngravaretur
1391 5051 1455 5106 ad
1482 5064 1828 5111 contemnen-

255 5136 390 5191 dum
412 5136 596 5201 Deum,
629 5143 872 5206 tanquam
901 5137 944 5191 si
971 5147 1026 5193 et
1047 5140 1180 5210 magi
1211 5140 1324 5211 ejus
1353 5158 1542 5212 pecora
1565 5146 1826 5204 Israelita-

257 5237 376 5281 ηπ)
404 5226 650 5280 fecissent
679 5226 847 5280 morI:
874 5241 1014 5282 nunc
1041 5244 1165 5284 vero
1187 5231 1323 5286 unde
1348 5231 1527 5288 debuit
1551 5235 1614 5290 ad
1635 5237 1826 5294 timen-

255 5316 385 5373 dum
427 5318 512 5372 vel
559 5318 884 5374 credendum
927 5322 1146 5387 moveri,
1202 5323 1384 5380 videns
1424 5327 1622 5384 nullum
1668 5345 1827 5400 pecus

259 5415 524 5463 mortuum
565 5423 632 5463 ex
674 5410 956 5480 pecoribus
999 5410 1371 5483 Hebraeorum,
1418 5416 1540 5473 hinc
1582 5419 1826 5492 ingrava-

322 5541 349 5618 ξ
357 5539 500 5618 91111,
520 5541 574 5618 in
594 5547 724 5618 terra
860 5545 1003 5618 Abest
1015 5546 1386 5618 demonstrativa
1401 5552 1630 5618 particula
1645 5567 1675 5606 a
1693 5562 1823 5618 Mss.

256 5603 618 5682 abestquoque
627 5603 1151 5682 eligetet-pretatich
1175 5615 1302 5672 Lxx,
1325 5603 1422 5676 quo
1443 5609 1495 5664 Iit
1515 5603 1570 5666 ut
1605 5603 1823 5682 sigea:

257 5677 374 5714 num
391 5665 488 5718 non
509 5665 677 5730 pigeat.
694 5665 934 5720 illustrare
953 5669 1080 5722 huc
1099 5670 1274 5724 leam.

321 5746 394 5806 (τι)
420 5743 668 5821 Eltltonter.

1586 331 1781 390 LIBER
1824 331 2042 392 SECUN
2051 336 2194 394 hUS.

3420 343 3523 403 606

1957 461 2064 509 tum
2094 466 2206 522 est;
2242 455 2295 512 id
2318 470 2416 528 est,
2449 459 2538 514 illa
2571 459 2859 532 ingravatio
2881 462 3040 516 etiam
3063 459 3165 517 huc
3193 478 3358 534 usque
3389 475 3520 537 pro-

1948 557 2127 616 gressa
2158 559 2257 604 est.

2022 631 2216 696 XXXI.
2250 636 2348 714 [11).
2371 655 2442 704 Ix,
2467 635 2549 716 8.]
2565 641 2703 711 Quid
2723 643 2954 715 estquod
2971 645 3099 702 dicit
3112 645 3251 703 Dens
3267 646 3332 702 ad
3349 647 3522 703 Aaron

1950 731 2006 782 et
2041 726 2274 800 Moysen,
2320 729 2518 785 Sumite
2553 732 2687 786 vobis
2723 733 2896 803 plenas
2919 751 3094 792 manus
3119 736 3311 810 [αυπιω
3331 739 3394 792 de
3420 741 3524 811 [or-

1950 835 2090 886 nace,
2117 825 2164 874 et
2191 831 2424 894 aspergat
2452 817 2654 894 Moyses
2681 825 2733 878 in
2760 825 2938 880 emtum
2974 844 3144 882 coram
3181 825 3454 884 Pharaone
3477 838 3523 883 et

1948 924 2118 966 coram
2147 912 2298 968 servis
2322 916 2450 986 ejus,
2478 925 2526 969 et
2551 916 2640 985 ﬁat
2667 918 2829 986 pulvis
2855 918 2908 973 in
2931 921 3160 976 universa
3184 930 3315 976 terra
3351 920 3523 994 Egy-

1948 1004 2066 1075 pti.’
2089 1003 2246 1078 Signa
2288 1009 2429 1064 enim
2474 1009 2770 1078 superiora,
2800 1013 2947 1083 virga
2987 1014 3204 1083 fiebant,
3233 1033 3386 1086 quam
3415 1033 3522 1072 non

1948 1095 2175 1168 Moyses,
2204 1097 2297 1153 sed
2335 1100 2510 1156 Aaron
2537 1099 2621 1156 vel
2644 1103 2963 1158 extendebat
2998 1121 3157 1176 super
3193 1122 3408 1178 aquam,
3437 1109 3521 1163 vel

1949 1201 2008 1242 ea
2037 1197 2230 1243 terram
2261 1191 2616 1259 percutiebat:
2644 1208 2782 1247 nunc
2806 1209 2933 1250 vero
2962 1195 3289 1268 interpositis
3313 1197 3520 1255 duobus

1947 1281 2109 1350 signis
2125 1281 2191 1338 de
2207 1283 2482 1355 cynomyia
2499 1292 2553 1337 et
2570 1300 2814 1354 pecorum
2833 1288 3108 1354 mortibus,
3127 1289 3212 1344 ubi
3233 1307 3330 1346 nec
3348 1293 3522 1346 Aaron

1948 1385 2046 1426 nec
2058 1369 2265 1444 Moyses
2279 1372 2476 1443 aliquid
2488 1389 2643 1429 manu
2661 1379 2860 1450 operati
2879 1388 3020 1445 sunt,
3037 1378 3230 1435 dicitur
3244 1390 3299 1435 ut
3314 1381 3522 1453 Moyses

1947 1461 2174 1518 farinam
2212 1474 2425 1535 spargat
2463 1466 2515 1520 in
2553 1467 2744 1523 ctelum
2771 1467 2838 1524 de
2866 1465 3100 1538 fornace,
3131 1485 3180 1528 et
3203 1472 3338 1527 hanc
3363 1471 3521 1529 ambo

1945 1570 2154 1610 sumere
2175 1556 2446 1626 jubentur,
2470 1558 2562 1613 sed
2585 1559 2672 1614 ille
2696 1575 2944 1631 spargere
2967 1578 3072 1618 non
3103 1565 3158 1619 in
3189 1574 3410 1633 terram,
3426 1567 3520 1622 sed

1945 1647 2000 1702 In
2025 1647 2250 1704 caelum:
2277 1656 2521 1718 tanquam
2545 1654 2718 1706 Aaron
2740 1654 2825 1722 qui
2845 1651 2997 1709 datus
3025 1661 3140 1710 erat
3161 1655 3224 1710 ad
3245 1657 3514 1728 populum,

1945 1742 2139 1792 terram
2170 1745 2448 1808 percutere
2465 1739 2705 1807 deberet,
2729 1743 2814 1798 vel
2840 1743 2890 1798 in
2913 1749 3103 1799 terram
3125 1747 3234 1801 sive
3253 1747 3301 1800 iu
3329 1762 3517 1818 aquam

1945 1839 2158 1881 manum
2186 1827 2503 1896 extendere;
2533 1829 2745 1902 Moyses
2762 1847 2907 1894 vero,
2951 1835 3017 1889 de
3054 1851 3158 1906 quo
3182 1836 3381 1892 dictum
3415 1849 3516 1906 est,

1948 1915 2060 1972 Erit
2078 1913 2167 1971 tibi
2190 1918 2262 1990 (a)
2283 1935 2394 1989 qua:
2419 1919 2487 1972 ad
2515 1919 2678 1974 Deum
2703 1920 2890 1987 (Exod.
2919 1937 2996 1990 Iv,
3022 1924 3132 1997 I6),
3156 1926 3208 1980 in
3223 1925 3412 1982 cmlum
3435 1928 3518 1998 ju-

1945 2005 2102 2061 betur
2121 2005 2347 2063 favillam
2365 2021 2629 2080 spargere.
2655 2011 2790 2078 Quid
2819 2013 3024 2068 duoilla
3056 2018 3325 2086 superiora
3346 2019 3514 2089 signa,

1945 2099 2034 2153 ubi
2063 2113 2160 2153 nec
2187 2099 2395 2170 Moyses
2433 2115 2530 2157 nec
2559 2101 2732 2157 Aaron
2769 2119 2924 2159 manu
2965 2103 3160 2178 aliquid
3190 2110 3518 2177 Operantur?

1943 2189 2080 2257 Quid
2105 2190 2207 2245 sibi
2233 2193 2341 2246 vult
2368 2192 2465 2246 ista
2487 2192 2800 2250 diversitas?
2821 2209 2992 2267 neque
3018 2201 3156 2252 enim
3183 2199 3333 2254 nihil.

2013 2276 2226 2337 XXXII.
2253 2281 2352 2357 [lb.
2385 2297 2462 2350 Ix,
2494 2282 2606 2358 I6.]
2639 2285 2703 2340 Et
2726 2299 2928 2358 propter
2953 2291 3046 2344 hoc
3069 2292 3233 2361 ipsum
3255 2309 3518 2348 conserva-

1944 2383 2024 2428 tas
2049 2387 2120 2440 es,
2153 2385 2207 2430 ut
2235 2381 2488 2432 ostendam
2526 2379 2578 2433 iu
2607 2389 2653 2434 te
2693 2381 2922 2436 virtutem
2949 2401 3132 2448 meam,
3162 2396 3208 2441 et
3233 2399 3285 2441 ut
3315 2404 3516 2442 annun-

1944 2467 2092 2520 tietar
2116 2481 2298 2522 nomen
2333 2482 2498 2522 meum
2540 2470 2590 2523 In
2636 2474 2863 2526 universa
2889 2481 3040 2528 terra.
3075 2475 3197 2531 IIrcc
3230 2475 3516 2548 Scriptura:

1944 2556 2103 2611 verba
2130 2561 2184 2611 et
2209 2557 2490 2627 Apostolus
2512 2560 2702 2628 posuit,
2726 2575 2844 2615 cum
2874 2563 2924 2616 in
2951 2564 3138 2619 eodem
3167 2566 3284 2620 Ioco
3311 2569 3511 2638 perdif-

1945 2644 2066 2702 ﬁcili
2086 2655 2406 2706 versaretur.
2435 2648 2509 2703 Ibi
2535 2659 2706 2704 autem
2734 2651 2907 2707 ethoc
2927 2653 3031 2707 ait:
3059 2651 3122 2709 Si
3151 2669 3314 2711 autem
3348 2659 3515 2714 volens

1943 2736 2082 2793 Deus
2110 2741 2366 2794 ostendere
2402 2741 2550 2808 iram,
2582 2751 2631 2795 et
2664 2742 3003 2799 detuonstrare
3040 2749 3309 2817 potentiam
3347 2767 3511 2818 suam,

1942 2831 2110 2885 attulit
2131 2831 2184 2885 in
2210 2831 2368 2885 multa
2396 2831 2632 2902 patientia
2658 2847 2773 2888 vasa
2796 2836 2920 2889 irae:
2944 2835 3209 2906 parcendo
3237 2841 3416 2912 utique
3450 2841 3514 2898 iis

1941 2933 2077 2992 quos
2113 2923 2280 2976 malos
2323 2922 2524 2976 futuros
2561 2935 2679 2978 esse
2717 2926 3048 2995 prmscicrat;
3080 2939 3197 2998 quae
3237 2945 3359 2985 vasa
3387 2929 3515 2986 dicit

1941 3015 2172 3083 perlecta
2207 3015 2258 3068 in
2305 3014 2675 3084 perditionem.
2723 3016 2788 3070 Et
2825 3025 2881 3071 ut
2915 3030 3078 3080 notas,
3112 3020 3296 3090 inquit,
3329 3024 3514 3093 ﬁtccret

1940 3104 2137 3157 divitias
2159 3105 2333 3174 gloria
2358 3121 2465 3159 sure
2488 3106 2538 3160 in
2562 3120 2680 3160 vasa
2705 3107 3058 3164 misericordia:
3081 3107 3254 3180 (Rom.
3301 3127 3377 3176 Ix,
3416 3113 3506 3179 22,

1938 3197 2052 3266 25).
2077 3193 2230 3252 Unde
2255 3211 2498 3253 vasorum
2532 3199 2906 3254 misericordia:
2936 3212 3035 3256 vox
3058 3211 3139 3257 est
3163 3201 3215 3256 in
3246 3203 3468 3258 Psalmis
3497 3224 3506 3256 τ

1939 3286 2078 3341 Deus
2106 3299 2261 3351 meus,
2293 3289 2630 3342 ntiseticordia
2657 3293 2766 3360 ejus
2789 3294 3052 3360 prrrveniet
3077 3307 3182 3359 me;
3213 3287 3349 3349 Deus
3377 3312 3510 3350 utens

1939 3377 2291 3432 demonstravit
2320 3380 2442 3432 mihi
2462 3380 2511 3432 in
2533 3380 2745 3434 inimicis
2771 3383 2890 3435 meis
2919 3381 3086 3455 (Psal.
3112 3398 3258 3450 LVIII,
3284 3383 3367 3450 II,
3395 3387 3504 3458 12).

1938 3467 2095 3524 Novit
2118 3483 2245 3540 ergo
2268 3471 2404 3525 Deus
2428 3471 2564 3526 bene
2593 3473 2664 3525 uti
2690 3473 2860 3534 malis,
2895 3473 2946 3528 in
2975 3476 3164 3544 quibus
3191 3487 3366 3532 tamen
3406 3479 3505 3532 hu-

1938 3575 2146 3617 manam
2165 3571 2406 3616 naturam
2433 3563 2618 3617 nonad
2638 3564 2892 3617 malitiam
2914 3573 3078 3632 creat,
3099 3567 3188 3621 sed
3208 3568 3398 3636 perfert
3415 3584 3508 3623 eos

1938 3655 2199 3721 patienter
2236 3665 2510 3723 quousque
2552 3654 2652 3706 scit
2679 3662 2953 3722 oportere;
2989 3671 3094 3710 non
3136 3656 3378 3724 inaniter,
3412 3661 3502 3714 sed

1937 3753 2092 3797 utens
2119 3743 2198 3798 eis
2216 3743 2282 3796 ad
2307 3743 2716 3797 admonitionem
2747 3745 2827 3799 vel
2869 3747 3296 3805 exercitationem
3331 3750 3500 3807 bono-

1936 3849 2072 3888 rum.
2105 3833 2243 3888 Ecce
2268 3833 2406 3886 enim
2433 3841 2492 3887 ut
2514 3836 2914 3891 annuntiaretur
2957 3853 3146 3893 nomen
3191 3837 3286 3895 Dei
3314 3840 3366 3896 in
3393 3843 3506 3897 uui-

1936 3939 2086 3979 vcrsa
2131 3933 2290 3987 terra,
2332 3925 2476 3980 vasis
2511 3927 2888 3983 misericordia:
2926 3931 3106 4001 utique
3146 3931 3377 4002 prodest.
3424 3933 3504 3992 Ad

1935 4033 2118 4073 eorum
2150 4017 2325 4087 itaque
2358 4018 2634 4073 utilitatem
2667 4020 2871 4076 Pharao
2897 4033 3138 4079 servatus
3163 4033 3264 4094 est,
3293 4027 3427 4082 sicut
3452 4040 3505 4084 ct

1935 4109 2204 4181 Scriptura
2226 4118 2468 4176 testatur,
2493 4118 2547 4166 et
2568 4113 2739 4166 exitus
2762 4113 2935 4168 docet.

2003 4202 2241 4259 XXXIII.
2277 4203 2375 4277 [1b.
2402 4217 2475 4270 Is,
2503 4204 2588 4270 19,
2611 4203 2663 4266 6,
2686 4203 2802 4277 20.]
2820 4206 2952 4273 Quid
2974 4207 3214 4277 estquod
3239 4209 3503 4264 mandavit

1934 4295 2073 4352 Deus
2099 4295 2378 4360 Pharaoni,
2407 4310 2526 4349 cum
2556 4311 2614 4350 se
2637 4294 2896 4350 facturum
2927 4311 3166 4366 magnam
3195 4299 3501 4367 grandinem

1933 4387 2246 4451 minaretur,
2271 4395 2328 4438 ut
2353 4385 2565 4440 festinet
2589 4399 2910 4455 congregare
2938 4402 3128 4457 pecora
3156 4401 3270 4456 sua,
3297 4399 3350 4444 et
3368 4403 3501 4461 quae-

1932 4491 2158 4545 cumque
2187 4475 2258 4530 illi
2285 4485 2464 4530 cssent
2504 4477 2554 4529 in
2588 4489 2796 4543 campo,
2827 4491 2894 4532 ne
2919 4478 3174 4546 grandine
3208 4479 3502 4535 intereant?

1933 4567 2035 4622 hoc
2063 4566 2203 4621 enim
2243 4581 2349 4621 non
2382 4576 2484 4620 tam
2527 4566 2861 4638 indignanter
2893 4585 3052 4639 quam
3091 4570 3500 4628 misericorditer

1933 4659 2139 4714 videtur
2177 4657 2482 4712 admonere.
2525 4659 2630 4713 Sed
2678 4659 2778 4714 hoc
2815 4675 2918 4714 non
2970 4661 3091 4716 facit
3134 4665 3496 4733 qua'stlouem,

1931 4749 2141 4820 quando
2173 4750 2314 4804 Dens
2341 4750 2496 4803 etiam
2538 4749 2777 4805 irascens
2817 4759 3075 4823 temperat
3106 4767 3335 4824 paruam.
3369 4757 3498 4811 Illud

1932 4849 2012 4896 est
2038 4839 2176 4910 quod
2197 4841 2386 4896 merito
2412 4851 2607 4907 movet,
2631 4843 2820 4912 quibus
2845 4859 2983 4898 nunc
3006 4849 3284 4916 pecoribus
3308 4861 3501 4902 consu-

1931 4933 2088 4997 Iatur,
2119 4931 2163 4986 si
2192 4932 2368 4986 omnia
2397 4941 2602 4987 mortua
2643 4932 2854 4988 fuerant
2897 4934 3046 5004 plaga
3085 4936 3496 5006 SUPOI'IOI‘C,’UIII

1930 5023 2184 5091 scriptum
2210 5031 2293 5076 est
2311 5022 2449 5092 quod
2465 5022 2717 5078 discrevit
2736 5024 2872 5079 Deus
2891 5026 3028 5080 inter
3042 5039 3231 5095 pecora
3255 5023 3498 5080 Hebraeo-

1931 5129 2049 5168 rum
2073 5121 2126 5167 et
2150 5113 2541 5185 Egyptiorum,
2581 5115 2653 5169 ita
2683 5124 2738 5169 ut
2767 5117 2908 5171 illinc
2936 5117 3136 5170 nullum
3178 5128 3493 5184 moreretur,

1929 5204 2106 5258 omnia
2131 5219 2258 5260 vero
2282 5204 2652 5278 Egyptiorum
2683 5221 2872 5277 pecora
2913 5219 3266 5265 morerentur.
3307 5212 3388 5264 Au
3433 5225 3497 5267 eo

1931 5294 2150 5350 solvitur
2169 5297 2412 5365 quaestio,
2438 5296 2578 5366 quod
2604 5298 2919 5366 praedixerat
2943 5313 3003 5352 ea
3032 5301 3283 5356 moritura
3303 5317 3418 5372 qua:
3446 5305 3497 5357 in

1929 5401 2116 5458 campo
2138 5386 2378 5452 fuissent,
2407 5397 2463 5444 ut
2482 5389 2596 5444 haec
2623 5390 2948 5460 accipiantur
2974 5391 3178 5458 omnia;
3206 5393 3500 5467 intelligan-

1930 5486 2015 5532 tur
2035 5489 2209 5533 autem
2237 5481 2466 5534 evasisse
2491 5496 2609 5552 qua:
2638 5481 2689 5534 in
2716 5481 2962 5538 domibus
2981 5494 3152 5552 erant,
3177 5503 3295 5557 quae
3316 5499 3502 5559 potue-

1928 5567 2051 5624 runt
2078 5571 2236 5623 etiam
2261 5586 2288 5623 a
2317 5569 2674 5625 dubitantibus
2717 5573 2911 5644 colligi,
2941 5584 2998 5631 et
3037 5576 3088 5631 in
3119 5577 3278 5634 domo
3307 5582 3496 5648 teneri,

1928 5670 2000 5716 ne
2022 5660 2158 5716 forte
2176 5676 2357 5715 verum
2377 5671 2519 5717 esset
2538 5663 2678 5733 quod
2705 5663 2913 5738 Moyses
2935 5669 3214 5727 Dominum
3240 5672 3499 5732 facturum

1992 5772 2064 5834 (α)
2089 5769 2316 5835 Vulgata:
2345 5772 2448 5824 Eris
2469 5773 2516 5824 ei
2533 5771 2583 5825 in
2603 5774 2696 5828 Itis.

3601 635 3621 667 Ι
