  <div class='ocr_page' id='page_1' title='image "/cluster/home/n/w/nwhite01/storage/ocr_20150623/34/uva.x000826574/319.png"; bbox 0 0 3902 6312; ppageno 0'>
   <div class='ocr_carea' id='block_1_1' title="bbox 424 270 545 355">
    <p class='ocr_par' dir='ltr' id='par_1_1' title="bbox 424 270 545 355">
     <span class='ocr_line' id='line_1_1' title="bbox 424 270 545 355; baseline -0.017 -23"><span class='ocrx_word' id='word_1_1' title='bbox 424 270 545 355; x_wconf 31' lang='grc' dir='ltr'><strong>,ϐο-ι</strong></span> 
     </span>
    </p>
   </div>
   <div class='ocr_carea' id='block_1_2' title="bbox 440 387 2029 470">
    <p class='ocr_par' dir='ltr' id='par_1_2' title="bbox 440 387 2029 470">
     <span class='ocr_line' id='line_1_2' title="bbox 440 387 2029 470; baseline -0.009 -16"><span class='ocrx_word' id='word_1_2' title='bbox 440 411 563 454; x_wconf 89' lang='lat' dir='ltr'><strong>esse</strong></span> <span class='ocrx_word' id='word_1_3' title='bbox 590 394 944 470; x_wconf 72' lang='lat' dir='ltr'><strong>prmdixerat:</strong></span> <span class='ocrx_word' id='word_1_4' title='bbox 968 400 1025 449; x_wconf 90' lang='lat' dir='ltr'><strong>et</strong></span> <span class='ocrx_word' id='word_1_5' title='bbox 1051 406 1115 449; x_wconf 82' lang='lat' dir='ltr'><strong>ex</strong></span> <span class='ocrx_word' id='word_1_6' title='bbox 1143 390 1228 446; x_wconf 86' lang='lat' dir='ltr'><strong>his</strong></span> <span class='ocrx_word' id='word_1_7' title='bbox 1256 403 1377 447; x_wconf 87' lang='lat' dir='ltr'><strong>esse</strong></span> <span class='ocrx_word' id='word_1_8' title='bbox 1401 390 1454 445; x_wconf 92' lang='lat' dir='ltr'><strong>in</strong></span> <span class='ocrx_word' id='word_1_9' title='bbox 1478 387 1680 459; x_wconf 89' lang='lat' dir='ltr'><strong>campis</strong></span> <span class='ocrx_word' id='word_1_10' title='bbox 1713 387 1904 443; x_wconf 91' lang='lat' dir='ltr'><strong>iterum</strong></span> <span class='ocrx_word' id='word_1_11' title='bbox 1931 399 2029 456; x_wconf 87' lang='lat' dir='ltr'><strong>po-</strong></span> 
     </span>
    </p>
   </div>
   <div class='ocr_carea' id='block_1_3' title="bbox 440 482 2032 563">
    <p class='ocr_par' dir='ltr' id='par_1_3' title="bbox 440 482 2032 563">
     <span class='ocr_line' id='line_1_3' title="bbox 440 482 2032 563; baseline -0.008 -14"><span class='ocrx_word' id='word_1_12' title='bbox 440 500 637 558; x_wconf 90' lang='lat' dir='ltr'><strong>terant,</strong></span> <span class='ocrx_word' id='word_1_13' title='bbox 658 506 779 563; x_wconf 67' lang='lat' dir='ltr'><strong>quas</strong></span> <span class='ocrx_word' id='word_1_14' title='bbox 806 488 966 545; x_wconf 90' lang='lat' dir='ltr'><strong>modo</strong></span> <span class='ocrx_word' id='word_1_15' title='bbox 1004 487 1256 543; x_wconf 83' lang='lat' dir='ltr'><strong>admonet</strong></span> <span class='ocrx_word' id='word_1_16' title='bbox 1285 484 1595 557; x_wconf 86' lang='lat' dir='ltr'><strong>congregari</strong></span> <span class='ocrx_word' id='word_1_17' title='bbox 1632 484 1684 539; x_wconf 91' lang='lat' dir='ltr'><strong>in</strong></span> <span class='ocrx_word' id='word_1_18' title='bbox 1721 482 1931 548; x_wconf 79' lang='lat' dir='ltr'><strong>domos,</strong></span> <span class='ocrx_word' id='word_1_19' title='bbox 1960 496 2032 536; x_wconf 88' lang='lat' dir='ltr'><strong>ne</strong></span> 
     </span>
    </p>
   </div>
   <div class='ocr_carea' id='block_1_4' title="bbox 438 575 2031 657">
    <p class='ocr_par' dir='ltr' id='par_1_4' title="bbox 438 575 2031 657">
     <span class='ocr_line' id='line_1_4' title="bbox 438 575 2031 657; baseline -0.006 -18"><span class='ocrx_word' id='word_1_20' title='bbox 438 582 696 657; x_wconf 84' lang='lat' dir='ltr'><strong>grandine</strong></span> <span class='ocrx_word' id='word_1_21' title='bbox 716 590 970 653; x_wconf 83' lang='lat' dir='ltr'><strong>pereant;</strong></span> <span class='ocrx_word' id='word_1_22' title='bbox 1000 580 1248 646; x_wconf 78' lang='lat' dir='ltr'><strong>maxime,</strong></span> <span class='ocrx_word' id='word_1_23' title='bbox 1274 578 1397 650; x_wconf 84' lang='lat' dir='ltr'><strong>quia</strong></span> <span class='ocrx_word' id='word_1_24' title='bbox 1421 578 1659 648; x_wconf 85' lang='lat' dir='ltr'><strong>sequitur</strong></span> <span class='ocrx_word' id='word_1_25' title='bbox 1681 575 1955 645; x_wconf 78' lang='lat' dir='ltr'><strong>Scriptura</strong></span> <span class='ocrx_word' id='word_1_26' title='bbox 1976 583 2031 630; x_wconf 89' lang='lat' dir='ltr'><strong>et</strong></span> 
     </span>
    </p>
   </div>
   <div class='ocr_carea' id='block_1_5' title="bbox 438 666 2025 740">
    <p class='ocr_par' dir='ltr' id='par_1_5' title="bbox 438 666 2025 740">
     <span class='ocr_line' id='line_1_5' title="bbox 438 666 2025 740; baseline -0.006 -11"><span class='ocrx_word' id='word_1_27' title='bbox 438 674 587 739; x_wconf 80' lang='lat' dir='ltr'><strong>dicit,</strong></span> <span class='ocrx_word' id='word_1_28' title='bbox 618 672 720 740; x_wconf 83' lang='lat' dir='ltr'><strong>Qui</strong></span> <span class='ocrx_word' id='word_1_29' title='bbox 757 672 923 726; x_wconf 91' lang='lat' dir='ltr'><strong>timuit</strong></span> <span class='ocrx_word' id='word_1_30' title='bbox 972 671 1176 726; x_wconf 83' lang='lat' dir='ltr'><strong>verbum</strong></span> <span class='ocrx_word' id='word_1_31' title='bbox 1198 669 1408 724; x_wconf 81' lang='lat' dir='ltr'><strong>Domini</strong></span> <span class='ocrx_word' id='word_1_32' title='bbox 1432 684 1687 723; x_wconf 88' lang='lat' dir='ltr'><strong>servorum</strong></span> <span class='ocrx_word' id='word_1_33' title='bbox 1720 666 2025 733; x_wconf 73' lang='lat' dir='ltr'><strong>Pharaonis,</strong></span> 
     </span>
    </p>
   </div>
   <div class='ocr_carea' id='block_1_6' title="bbox 438 758 2029 836">
    <p class='ocr_par' dir='ltr' id='par_1_6' title="bbox 438 758 2029 836">
     <span class='ocr_line' id='line_1_6' title="bbox 438 758 2029 836; baseline -0.005 -17"><span class='ocrx_word' id='word_1_34' title='bbox 438 763 757 836; x_wconf 81' lang='lat' dir='ltr'><strong>congreth</strong></span> <span class='ocrx_word' id='word_1_35' title='bbox 778 779 961 834; x_wconf 79' lang='lat' dir='ltr'><strong>pecora</strong></span> <span class='ocrx_word' id='word_1_36' title='bbox 984 780 1077 818; x_wconf 87' lang='lat' dir='ltr'><strong>sua</strong></span> <span class='ocrx_word' id='word_1_37' title='bbox 1101 762 1155 816; x_wconf 89' lang='lat' dir='ltr'><strong>in</strong></span> <span class='ocrx_word' id='word_1_38' title='bbox 1179 761 1355 816; x_wconf 87' lang='lat' dir='ltr'><strong>domos</strong></span> <span class='ocrx_word' id='word_1_39' title='bbox 1373 776 1392 816; x_wconf 93' lang='lat'><strong>:</strong></span> <span class='ocrx_word' id='word_1_40' title='bbox 1412 760 1496 829; x_wconf 81' lang='lat' dir='ltr'><strong>qui</strong></span> <span class='ocrx_word' id='word_1_41' title='bbox 1518 770 1685 814; x_wconf 87' lang='lat' dir='ltr'><strong>autem</strong></span> <span class='ocrx_word' id='word_1_42' title='bbox 1704 777 1801 814; x_wconf 89' lang='lat' dir='ltr'><strong>non</strong></span> <span class='ocrx_word' id='word_1_43' title='bbox 1819 758 2029 813; x_wconf 79' lang='lat' dir='ltr'><strong>intendit</strong></span> 
     </span>
    </p>
   </div>
   <div class='ocr_carea' id='block_1_7' title="bbox 438 851 2030 924">
    <p class='ocr_par' dir='ltr' id='par_1_7' title="bbox 438 851 2030 924">
     <span class='ocr_line' id='line_1_7' title="bbox 438 851 2030 924; baseline -0.001 -16"><span class='ocrx_word' id='word_1_44' title='bbox 438 864 602 910; x_wconf 87' lang='lat' dir='ltr'><strong>mente</strong></span> <span class='ocrx_word' id='word_1_45' title='bbox 628 855 682 910; x_wconf 91' lang='lat' dir='ltr'><strong>in</strong></span> <span class='ocrx_word' id='word_1_46' title='bbox 706 856 907 909; x_wconf 80' lang='lat' dir='ltr'><strong>verbum</strong></span> <span class='ocrx_word' id='word_1_47' title='bbox 938 853 1167 920; x_wconf 85' lang='lat' dir='ltr'><strong>Domini,</strong></span> <span class='ocrx_word' id='word_1_48' title='bbox 1198 853 1388 908; x_wconf 87' lang='lat' dir='ltr'><strong>dimisit</strong></span> <span class='ocrx_word' id='word_1_49' title='bbox 1406 869 1589 924; x_wconf 87' lang='lat' dir='ltr'><strong>pecora</strong></span> <span class='ocrx_word' id='word_1_50' title='bbox 1612 869 1707 907; x_wconf 90' lang='lat' dir='ltr'><strong>sua</strong></span> <span class='ocrx_word' id='word_1_51' title='bbox 1734 853 1788 907; x_wconf 86' lang='lat' dir='ltr'><strong>in</strong></span> <span class='ocrx_word' id='word_1_52' title='bbox 1812 851 2030 923; x_wconf 79' lang='lat' dir='ltr'><strong>campo?</strong></span> 
     </span>
    </p>
   </div>
   <div class='ocr_carea' id='block_1_8' title="bbox 440 944 2028 1018">
    <p class='ocr_par' dir='ltr' id='par_1_8' title="bbox 440 944 2028 1018">
     <span class='ocr_line' id='line_1_8' title="bbox 440 944 2028 1018; baseline -0.001 -17"><span class='ocrx_word' id='word_1_53' title='bbox 440 946 554 1002; x_wconf 82' lang='lat' dir='ltr'><strong>Hoc</strong></span> <span class='ocrx_word' id='word_1_54' title='bbox 580 961 709 1018; x_wconf 91' lang='lat' dir='ltr'><strong>ergo</strong></span> <span class='ocrx_word' id='word_1_55' title='bbox 739 944 853 1002; x_wconf 78' lang='lat' dir='ltr'><strong>ﬁeri</strong></span> <span class='ocrx_word' id='word_1_56' title='bbox 877 947 1069 1017; x_wconf 88' lang='lat' dir='ltr'><strong>potuit,</strong></span> <span class='ocrx_word' id='word_1_57' title='bbox 1098 945 1311 1016; x_wconf 84' lang='lat' dir='ltr'><strong>quando</strong></span> <span class='ocrx_word' id='word_1_58' title='bbox 1337 944 1498 1001; x_wconf 89' lang='lat' dir='ltr'><strong>etiam</strong></span> <span class='ocrx_word' id='word_1_59' title='bbox 1525 953 1749 1001; x_wconf 88' lang='lat' dir='ltr'><strong>mortem</strong></span> <span class='ocrx_word' id='word_1_60' title='bbox 1777 959 2028 1015; x_wconf 81' lang='lat' dir='ltr'><strong>pecorum</strong></span> 
     </span>
    </p>
   </div>
   <div class='ocr_carea' id='block_1_9' title="bbox 440 1035 1885 1109">
    <p class='ocr_par' dir='ltr' id='par_1_9' title="bbox 440 1035 1885 1109">
     <span class='ocr_line' id='line_1_9' title="bbox 440 1035 1885 1109; baseline -0.003 -16"><span class='ocrx_word' id='word_1_61' title='bbox 440 1039 674 1093; x_wconf 88' lang='lat' dir='ltr'><strong>minatus</strong></span> <span class='ocrx_word' id='word_1_62' title='bbox 700 1046 779 1092; x_wconf 87' lang='lat' dir='ltr'><strong>est</strong></span> <span class='ocrx_word' id='word_1_63' title='bbox 809 1037 973 1104; x_wconf 87' lang='lat' dir='ltr'><strong>Deus,</strong></span> <span class='ocrx_word' id='word_1_64' title='bbox 1002 1037 1245 1109; x_wconf 86' lang='lat' dir='ltr'><strong>quamvis</strong></span> <span class='ocrx_word' id='word_1_65' title='bbox 1272 1037 1335 1092; x_wconf 82' lang='lat' dir='ltr'><strong>id.</strong></span> <span class='ocrx_word' id='word_1_66' title='bbox 1348 1037 1620 1107; x_wconf 84' lang='lat' dir='ltr'><strong>Scriptura</strong></span> <span class='ocrx_word' id='word_1_67' title='bbox 1642 1035 1885 1091; x_wconf 84' lang='lat' dir='ltr'><strong>tacuerit.</strong></span> 
     </span>
    </p>
   </div>
   <div class='ocr_carea' id='block_1_10' title="bbox 512 1126 2027 1217">
    <p class='ocr_par' dir='ltr' id='par_1_10' title="bbox 512 1126 2027 1217">
     <span class='ocr_line' id='line_1_10' title="bbox 512 1126 2027 1217; baseline -0.001 -32"><span class='ocrx_word' id='word_1_68' title='bbox 512 1129 752 1185; x_wconf 80' lang='lat' dir='ltr'><strong>XXXIV.</strong></span> <span class='ocrx_word' id='word_1_69' title='bbox 784 1128 885 1203; x_wconf 87' lang='lat' dir='ltr'><strong>[lb.</strong></span> <span class='ocrx_word' id='word_1_70' title='bbox 915 1144 993 1195; x_wconf 69' lang='grc' dir='ltr'><strong>ις,</strong></span> <span class='ocrx_word' id='word_1_71' title='bbox 1165 1128 1232 1184; x_wconf 84' lang='grc' dir='ltr'><strong>Ει</strong></span> <span class='ocrx_word' id='word_1_72' title='bbox 1272 1128 1399 1185; x_wconf 76' lang='lat' dir='ltr'><strong>dixit</strong></span> <span class='ocrx_word' id='word_1_73' title='bbox 1427 1126 1679 1183; x_wconf 90' lang='lat' dir='ltr'><strong>Dominus</strong></span> <span class='ocrx_word' id='word_1_74' title='bbox 1702 1128 1771 1183; x_wconf 91' lang='lat' dir='ltr'><strong>ad</strong></span> <span class='ocrx_word' id='word_1_75' title='bbox 1796 1128 2027 1200; x_wconf 75' lang='lat' dir='ltr'><strong>Moysen,</strong></span> 
     </span>
    </p>
   </div>
   <div class='ocr_carea' id='block_1_11' title="bbox 441 1219 2031 1293">
    <p class='ocr_par' dir='ltr' id='par_1_11' title="bbox 441 1219 2031 1293">
     <span class='ocr_line' id='line_1_11' title="bbox 441 1219 2031 1293; baseline 0.001 -18"><span class='ocrx_word' id='word_1_76' title='bbox 441 1219 674 1276; x_wconf 72' lang='lat' dir='ltr'><strong>Extende</strong></span> <span class='ocrx_word' id='word_1_77' title='bbox 695 1238 902 1276; x_wconf 90' lang='lat' dir='ltr'><strong>manum</strong></span> <span class='ocrx_word' id='word_1_78' title='bbox 932 1231 1077 1275; x_wconf 88' lang='lat' dir='ltr'><strong>tuam</strong></span> <span class='ocrx_word' id='word_1_79' title='bbox 1099 1221 1152 1276; x_wconf 89' lang='lat' dir='ltr'><strong>in</strong></span> <span class='ocrx_word' id='word_1_80' title='bbox 1175 1222 1373 1289; x_wconf 68' lang='lat' dir='ltr'><strong>cretum,</strong></span> <span class='ocrx_word' id='word_1_81' title='bbox 1400 1231 1446 1276; x_wconf 86' lang='lat' dir='ltr'><strong>et</strong></span> <span class='ocrx_word' id='word_1_82' title='bbox 1480 1222 1571 1276; x_wconf 87' lang='lat' dir='ltr'><strong>erit</strong></span> <span class='ocrx_word' id='word_1_83' title='bbox 1597 1222 1793 1293; x_wconf 87' lang='lat' dir='ltr'><strong>grando</strong></span> <span class='ocrx_word' id='word_1_84' title='bbox 1814 1224 1868 1276; x_wconf 90' lang='lat' dir='ltr'><strong>in</strong></span> <span class='ocrx_word' id='word_1_85' title='bbox 1893 1223 2031 1278; x_wconf 90' lang='lat' dir='ltr'><strong>omni</strong></span> 
     </span>
    </p>
   </div>
   <div class='ocr_carea' id='block_1_12' title="bbox 440 1310 2031 1385">
    <p class='ocr_par' dir='ltr' id='par_1_12' title="bbox 440 1310 2031 1385">
     <span class='ocr_line' id='line_1_12' title="bbox 440 1310 2031 1385; baseline 0.003 -19"><span class='ocrx_word' id='word_1_86' title='bbox 440 1321 574 1367; x_wconf 88' lang='lat' dir='ltr'><strong>terra</strong></span> <span class='ocrx_word' id='word_1_87' title='bbox 598 1310 839 1385; x_wconf 64' lang='lat' dir='ltr'><strong>Egypti.</strong></span> <span class='ocrx_word' id='word_1_88' title='bbox 862 1313 1005 1369; x_wconf 80' lang='lat' dir='ltr'><strong>Ecce</strong></span> <span class='ocrx_word' id='word_1_89' title='bbox 1040 1314 1227 1369; x_wconf 86' lang='lat' dir='ltr'><strong>iterum</strong></span> <span class='ocrx_word' id='word_1_90' title='bbox 1257 1312 1467 1385; x_wconf 82' lang='lat' dir='ltr'><strong>Moyses</strong></span> <span class='ocrx_word' id='word_1_91' title='bbox 1493 1330 1600 1368; x_wconf 86' lang='lat' dir='ltr'><strong>non</strong></span> <span class='ocrx_word' id='word_1_92' title='bbox 1627 1314 1677 1368; x_wconf 91' lang='lat' dir='ltr'><strong>in</strong></span> <span class='ocrx_word' id='word_1_93' title='bbox 1695 1316 1921 1382; x_wconf 78' lang='lat' dir='ltr'><strong>terram,</strong></span> <span class='ocrx_word' id='word_1_94' title='bbox 1934 1315 2031 1371; x_wconf 84' lang='lat' dir='ltr'><strong>sed</strong></span> 
     </span>
    </p>
   </div>
   <div class='ocr_carea' id='block_1_13' title="bbox 438 1403 2032 1477">
    <p class='ocr_par' dir='ltr' id='par_1_13' title="bbox 438 1403 2032 1477">
     <span class='ocr_line' id='line_1_13' title="bbox 438 1403 2032 1477; baseline 0.003 -18"><span class='ocrx_word' id='word_1_95' title='bbox 438 1403 494 1459; x_wconf 91' lang='lat' dir='ltr'><strong>in</strong></span> <span class='ocrx_word' id='word_1_96' title='bbox 517 1403 713 1459; x_wconf 74' lang='lat' dir='ltr'><strong>emtum</strong></span> <span class='ocrx_word' id='word_1_97' title='bbox 738 1419 960 1459; x_wconf 90' lang='lat' dir='ltr'><strong>manum</strong></span> <span class='ocrx_word' id='word_1_98' title='bbox 976 1403 1194 1475; x_wconf 85' lang='lat' dir='ltr'><strong>jubetur</strong></span> <span class='ocrx_word' id='word_1_99' title='bbox 1216 1404 1523 1471; x_wconf 78' lang='lat' dir='ltr'><strong>extendere,</strong></span> <span class='ocrx_word' id='word_1_100' title='bbox 1544 1404 1683 1462; x_wconf 83' lang='lat' dir='ltr'><strong>sicut</strong></span> <span class='ocrx_word' id='word_1_101' title='bbox 1706 1407 1950 1477; x_wconf 85' lang='lat' dir='ltr'><strong>superius</strong></span> <span class='ocrx_word' id='word_1_102' title='bbox 1964 1404 2032 1463; x_wconf 89' lang='lat' dir='ltr'><strong>dc</strong></span> 
     </span>
    </p>
   </div>
   <div class='ocr_carea' id='block_1_14' title="bbox 440 1494 639 1552">
    <p class='ocr_par' dir='ltr' id='par_1_14' title="bbox 440 1494 639 1552">
     <span class='ocr_line' id='line_1_14' title="bbox 440 1494 639 1552; baseline 0 -2"><span class='ocrx_word' id='word_1_103' title='bbox 440 1494 639 1552; x_wconf 82' lang='lat' dir='ltr'><strong>favilla.</strong></span> 
     </span>
    </p>
   </div>
   <div class='ocr_carea' id='block_1_15' title="bbox 512 1585 2033 1665">
    <p class='ocr_par' dir='ltr' id='par_1_15' title="bbox 512 1585 2033 1665">
     <span class='ocr_line' id='line_1_15' title="bbox 512 1585 2033 1665; baseline 0.005 -23"><span class='ocrx_word' id='word_1_104' title='bbox 512 1585 728 1643; x_wconf 86' lang='lat' dir='ltr'><strong>XXXV.</strong></span> <span class='ocrx_word' id='word_1_105' title='bbox 770 1585 871 1660; x_wconf 92' lang='lat' dir='ltr'><strong>[lb.</strong></span> <span class='ocrx_word' id='word_1_106' title='bbox 904 1603 977 1655; x_wconf 86' lang='lat' dir='ltr'><strong>Ix,</strong></span> <span class='ocrx_word' id='word_1_107' title='bbox 1005 1587 1096 1651; x_wconf 71' lang='lat'><strong>27.</strong></span> <span class='ocrx_word' id='word_1_108' title='bbox 1119 1587 1233 1662; x_wconf 76' lang='lat'><strong>30.]</strong></span> <span class='ocrx_word' id='word_1_109' title='bbox 1260 1589 1390 1645; x_wconf 87' lang='lat' dir='ltr'><strong>Cum</strong></span> <span class='ocrx_word' id='word_1_110' title='bbox 1411 1588 1619 1661; x_wconf 88' lang='lat' dir='ltr'><strong>fragore</strong></span> <span class='ocrx_word' id='word_1_111' title='bbox 1656 1592 1800 1661; x_wconf 64' lang='lat' dir='ltr'><strong>caeli,</strong></span> <span class='ocrx_word' id='word_1_112' title='bbox 1829 1594 1917 1665; x_wconf 91' lang='lat' dir='ltr'><strong>qui</strong></span> <span class='ocrx_word' id='word_1_113' title='bbox 1942 1608 2033 1650; x_wconf 90' lang='lat' dir='ltr'><strong>ve-</strong></span> 
     </span>
    </p>
   </div>
   <div class='ocr_carea' id='block_1_16' title="bbox 440 1676 2035 1756">
    <p class='ocr_par' dir='ltr' id='par_1_16' title="bbox 440 1676 2035 1756">
     <span class='ocr_line' id='line_1_16' title="bbox 440 1676 2035 1756; baseline 0.007 -24"><span class='ocrx_word' id='word_1_114' title='bbox 440 1676 665 1733; x_wconf 85' lang='lat' dir='ltr'><strong>hemens</strong></span> <span class='ocrx_word' id='word_1_115' title='bbox 706 1686 826 1733; x_wconf 89' lang='lat' dir='ltr'><strong>erat</strong></span> <span class='ocrx_word' id='word_1_116' title='bbox 866 1678 920 1732; x_wconf 93' lang='lat' dir='ltr'><strong>in</strong></span> <span class='ocrx_word' id='word_1_117' title='bbox 964 1678 1241 1749; x_wconf 87' lang='lat' dir='ltr'><strong>grandine,</strong></span> <span class='ocrx_word' id='word_1_118' title='bbox 1291 1679 1499 1736; x_wconf 79' lang='lat' dir='ltr'><strong>Pharao</strong></span> <span class='ocrx_word' id='word_1_119' title='bbox 1555 1683 1772 1740; x_wconf 88' lang='lat' dir='ltr'><strong>territus</strong></span> <span class='ocrx_word' id='word_1_120' title='bbox 1818 1678 2035 1756; x_wconf 78' lang='lat' dir='ltr'><strong>rogaret</strong></span> 
     </span>
    </p>
   </div>
   <div class='ocr_carea' id='block_1_17' title="bbox 440 1766 2031 1845">
    <p class='ocr_par' dir='ltr' id='par_1_17' title="bbox 440 1766 2031 1845">
     <span class='ocr_line' id='line_1_17' title="bbox 440 1766 2031 1845; baseline 0.008 -23"><span class='ocrx_word' id='word_1_121' title='bbox 440 1766 657 1841; x_wconf 81' lang='lat' dir='ltr'><strong>Moysen</strong></span> <span class='ocrx_word' id='word_1_122' title='bbox 687 1777 744 1824; x_wconf 93' lang='lat' dir='ltr'><strong>ut</strong></span> <span class='ocrx_word' id='word_1_123' title='bbox 770 1778 945 1825; x_wconf 87' lang='lat' dir='ltr'><strong>oraret</strong></span> <span class='ocrx_word' id='word_1_124' title='bbox 962 1783 1060 1840; x_wconf 87' lang='lat' dir='ltr'><strong>pro</strong></span> <span class='ocrx_word' id='word_1_125' title='bbox 1088 1770 1198 1839; x_wconf 86' lang='lat' dir='ltr'><strong>illo,</strong></span> <span class='ocrx_word' id='word_1_126' title='bbox 1228 1770 1491 1829; x_wconf 78' lang='lat' dir='ltr'><strong>confitens</strong></span> <span class='ocrx_word' id='word_1_127' title='bbox 1520 1774 1852 1845; x_wconf 68' lang='lat' dir='ltr'><strong>iniqnimtem</strong></span> <span class='ocrx_word' id='word_1_128' title='bbox 1879 1792 2031 1835; x_wconf 88' lang='lat' dir='ltr'><strong>suam</strong></span> 
     </span>
    </p>
   </div>
   <div class='ocr_carea' id='block_1_18' title="bbox 440 1860 2034 1942">
    <p class='ocr_par' dir='ltr' id='par_1_18' title="bbox 440 1860 2034 1942">
     <span class='ocr_line' id='line_1_18' title="bbox 440 1860 2034 1942; baseline 0.008 -28"><span class='ocrx_word' id='word_1_129' title='bbox 440 1868 495 1915; x_wconf 87' lang='grc' dir='ltr'>ει</span> <span class='ocrx_word' id='word_1_130' title='bbox 526 1860 701 1931; x_wconf 89' lang='lat' dir='ltr'><strong>populi</strong></span> <span class='ocrx_word' id='word_1_131' title='bbox 722 1862 825 1923; x_wconf 87' lang='lat' dir='ltr'><strong>sui,</strong></span> <span class='ocrx_word' id='word_1_132' title='bbox 845 1860 1053 1934; x_wconf 82' lang='lat' dir='ltr'><strong>Moyses</strong></span> <span class='ocrx_word' id='word_1_133' title='bbox 1068 1862 1118 1918; x_wconf 86' lang='lat' dir='ltr'><strong>ei</strong></span> <span class='ocrx_word' id='word_1_134' title='bbox 1139 1863 1301 1918; x_wconf 82' lang='lat' dir='ltr'><strong>dixit:</strong></span> <span class='ocrx_word' id='word_1_135' title='bbox 1328 1861 1394 1918; x_wconf 83' lang='lat' dir='ltr'><strong>Et</strong></span> <span class='ocrx_word' id='word_1_136' title='bbox 1411 1873 1465 1919; x_wconf 92' lang='lat' dir='ltr'><strong>tu</strong></span> <span class='ocrx_word' id='word_1_137' title='bbox 1482 1875 1528 1920; x_wconf 92' lang='lat' dir='ltr'><strong>et</strong></span> <span class='ocrx_word' id='word_1_138' title='bbox 1543 1867 1671 1921; x_wconf 90' lang='lat' dir='ltr'><strong>servi</strong></span> <span class='ocrx_word' id='word_1_139' title='bbox 1692 1868 1768 1922; x_wconf 88' lang='lat' dir='ltr'><strong>tui</strong></span> <span class='ocrx_word' id='word_1_140' title='bbox 1780 1869 1883 1924; x_wconf 88' lang='lat' dir='ltr'><strong>scio</strong></span> <span class='ocrx_word' id='word_1_141' title='bbox 1897 1870 2034 1942; x_wconf 83' lang='lat' dir='ltr'><strong>quod</strong></span> 
     </span>
    </p>
   </div>
   <div class='ocr_carea' id='block_1_19' title="bbox 442 1951 2029 2033">
    <p class='ocr_par' dir='ltr' id='par_1_19' title="bbox 442 1951 2029 2033">
     <span class='ocr_line' id='line_1_19' title="bbox 442 1951 2029 2033; baseline 0.009 -29"><span class='ocrx_word' id='word_1_142' title='bbox 442 1951 668 2005; x_wconf 85' lang='lat' dir='ltr'><strong>nondum</strong></span> <span class='ocrx_word' id='word_1_143' title='bbox 689 1952 873 2007; x_wconf 75' lang='lat' dir='ltr'><strong>timetis</strong></span> <span class='ocrx_word' id='word_1_144' title='bbox 899 1952 1194 2009; x_wconf 88' lang='lat' dir='ltr'><strong>Dominum.</strong></span> <span class='ocrx_word' id='word_1_145' title='bbox 1219 1954 1442 2022; x_wconf 86' lang='lat' dir='ltr'><strong>Qualem</strong></span> <span class='ocrx_word' id='word_1_146' title='bbox 1468 1958 1712 2014; x_wconf 88' lang='lat' dir='ltr'><strong>timorem</strong></span> <span class='ocrx_word' id='word_1_147' title='bbox 1738 1963 2029 2033; x_wconf 67' lang='lat' dir='ltr'><strong>quwrebat,</strong></span> 
     </span>
    </p>
   </div>
   <div class='ocr_carea' id='block_1_20' title="bbox 432 2042 2036 2112">
    <p class='ocr_par' dir='ltr' id='par_1_20' title="bbox 432 2042 2036 2112">
     <span class='ocr_line' id='line_1_20' title="bbox 432 2042 2036 2112; baseline 0.009 -15"><span class='ocrx_word' id='word_1_148' title='bbox 432 2042 526 2098; x_wconf 77' lang='lat' dir='ltr'><strong>cui</strong></span> <span class='ocrx_word' id='word_1_149' title='bbox 556 2044 715 2099; x_wconf 89' lang='lat' dir='ltr'><strong>timor</strong></span> <span class='ocrx_word' id='word_1_150' title='bbox 734 2044 834 2100; x_wconf 88' lang='lat' dir='ltr'><strong>iste</strong></span> <span class='ocrx_word' id='word_1_151' title='bbox 861 2045 1096 2102; x_wconf 91' lang='lat' dir='ltr'><strong>nondum</strong></span> <span class='ocrx_word' id='word_1_152' title='bbox 1126 2057 1240 2103; x_wconf 86' lang='lat' dir='ltr'><strong>erat</strong></span> <span class='ocrx_word' id='word_1_153' title='bbox 1269 2048 1479 2104; x_wconf 89' lang='lat' dir='ltr'><strong>Domini</strong></span> <span class='ocrx_word' id='word_1_154' title='bbox 1514 2050 1706 2107; x_wconf 78' lang='lat' dir='ltr'><strong>timor?</strong></span> <span class='ocrx_word' id='word_1_155' title='bbox 1739 2051 1918 2110; x_wconf 84' lang='lat' dir='ltr'><strong>Facile</strong></span> <span class='ocrx_word' id='word_1_156' title='bbox 1951 2064 2036 2112; x_wconf 87' lang='lat' dir='ltr'><strong>est</strong></span> 
     </span>
    </p>
   </div>
   <div class='ocr_carea' id='block_1_21' title="bbox 442 2138 2030 2219">
    <p class='ocr_par' dir='ltr' id='par_1_21' title="bbox 442 2138 2030 2219">
     <span class='ocr_line' id='line_1_21' title="bbox 442 2138 2030 2219; baseline 0.011 -30"><span class='ocrx_word' id='word_1_157' title='bbox 442 2138 584 2190; x_wconf 90' lang='lat' dir='ltr'><strong>enim</strong></span> <span class='ocrx_word' id='word_1_158' title='bbox 615 2150 836 2208; x_wconf 72' lang='lat' dir='ltr'><strong>pmnatn</strong></span> <span class='ocrx_word' id='word_1_159' title='bbox 856 2138 1065 2207; x_wconf 89' lang='lat' dir='ltr'><strong>timere,</strong></span> <span class='ocrx_word' id='word_1_160' title='bbox 1106 2139 1200 2195; x_wconf 90' lang='lat' dir='ltr'><strong>sed</strong></span> <span class='ocrx_word' id='word_1_161' title='bbox 1230 2156 1335 2196; x_wconf 89' lang='lat' dir='ltr'><strong>non</strong></span> <span class='ocrx_word' id='word_1_162' title='bbox 1365 2140 1467 2198; x_wconf 92' lang='lat' dir='ltr'><strong>hoc</strong></span> <span class='ocrx_word' id='word_1_163' title='bbox 1493 2152 1576 2199; x_wconf 91' lang='lat' dir='ltr'><strong>est</strong></span> <span class='ocrx_word' id='word_1_164' title='bbox 1606 2145 1772 2201; x_wconf 87' lang='lat' dir='ltr'><strong>Deum</strong></span> <span class='ocrx_word' id='word_1_165' title='bbox 1817 2147 2030 2219; x_wconf 89' lang='lat' dir='ltr'><strong>timere,</strong></span> 
     </span>
    </p>
   </div>
   <div class='ocr_carea' id='block_1_22' title="bbox 444 2227 2031 2307">
    <p class='ocr_par' dir='ltr' id='par_1_22' title="bbox 444 2227 2031 2307">
     <span class='ocr_line' id='line_1_22' title="bbox 444 2227 2031 2307; baseline 0.009 -26"><span class='ocrx_word' id='word_1_166' title='bbox 444 2227 536 2282; x_wconf 89' lang='lat' dir='ltr'><strong>illo</strong></span> <span class='ocrx_word' id='word_1_167' title='bbox 552 2228 753 2283; x_wconf 83' lang='lat' dir='ltr'><strong>scilicet</strong></span> <span class='ocrx_word' id='word_1_168' title='bbox 781 2229 976 2286; x_wconf 89' lang='lat' dir='ltr'><strong>timore</strong></span> <span class='ocrx_word' id='word_1_169' title='bbox 997 2231 1228 2301; x_wconf 82' lang='lat' dir='ltr'><strong>pietatis,</strong></span> <span class='ocrx_word' id='word_1_170' title='bbox 1254 2248 1413 2303; x_wconf 89' lang='lat' dir='ltr'><strong>quem</strong></span> <span class='ocrx_word' id='word_1_171' title='bbox 1434 2245 1819 2293; x_wconf 84' lang='lat' dir='ltr'><strong>commemorat</strong></span> <span class='ocrx_word' id='word_1_172' title='bbox 1846 2239 2031 2307; x_wconf 77' lang='lat' dir='ltr'><strong>Jaéob,</strong></span> 
     </span>
    </p>
   </div>
   <div class='ocr_carea' id='block_1_23' title="bbox 447 2317 2035 2395">
    <p class='ocr_par' dir='ltr' id='par_1_23' title="bbox 447 2317 2035 2395">
     <span class='ocr_line' id='line_1_23' title="bbox 447 2317 2035 2395; baseline 0.008 -22"><span class='ocrx_word' id='word_1_173' title='bbox 447 2318 532 2375; x_wconf 87' lang='lat' dir='ltr'><strong>ubi</strong></span> <span class='ocrx_word' id='word_1_174' title='bbox 562 2317 722 2375; x_wconf 88' lang='lat' dir='ltr'><strong>dicit:</strong></span> <span class='ocrx_word' id='word_1_175' title='bbox 754 2318 875 2375; x_wconf 87' lang='lat' dir='ltr'><strong>Nisi</strong></span> <span class='ocrx_word' id='word_1_176' title='bbox 909 2319 1045 2376; x_wconf 87' lang='lat' dir='ltr'><strong>Deus</strong></span> <span class='ocrx_word' id='word_1_177' title='bbox 1073 2323 1231 2393; x_wconf 84' lang='lat' dir='ltr'><strong>patris</strong></span> <span class='ocrx_word' id='word_1_178' title='bbox 1248 2324 1343 2378; x_wconf 91' lang='lat' dir='ltr'><strong>mei</strong></span> <span class='ocrx_word' id='word_1_179' title='bbox 1358 2324 1635 2395; x_wconf 80' lang='lat' dir='ltr'><strong>Abraham,</strong></span> <span class='ocrx_word' id='word_1_180' title='bbox 1656 2338 1702 2383; x_wconf 91' lang='lat' dir='ltr'><strong>et</strong></span> <span class='ocrx_word' id='word_1_181' title='bbox 1721 2330 1870 2384; x_wconf 86' lang='lat' dir='ltr'><strong>timor</strong></span> <span class='ocrx_word' id='word_1_182' title='bbox 1883 2328 2035 2387; x_wconf 87' lang='lat' dir='ltr'><strong>Isaac</strong></span> 
     </span>
    </p>
   </div>
   <div class='ocr_carea' id='block_1_24' title="bbox 446 2409 2031 2496">
    <p class='ocr_par' dir='ltr' id='par_1_24' title="bbox 446 2409 2031 2496">
     <span class='ocr_line' id='line_1_24' title="bbox 446 2409 2031 2496; baseline 0.01 -32"><span class='ocrx_word' id='word_1_183' title='bbox 446 2409 668 2465; x_wconf 73' lang='lat' dir='ltr'><strong>adesset’</strong></span> <span class='ocrx_word' id='word_1_184' title='bbox 686 2412 831 2479; x_wconf 86' lang='lat' dir='ltr'><strong>mihi,</strong></span> <span class='ocrx_word' id='word_1_185' title='bbox 851 2429 985 2467; x_wconf 87' lang='lat' dir='ltr'><strong>nunc</strong></span> <span class='ocrx_word' id='word_1_186' title='bbox 1005 2430 1083 2468; x_wconf 84' lang='lat' dir='ltr'><strong>me</strong></span> <span class='ocrx_word' id='word_1_187' title='bbox 1096 2415 1294 2471; x_wconf 85' lang='lat' dir='ltr'><strong>inanem</strong></span> <span class='ocrx_word' id='word_1_188' title='bbox 1309 2416 1582 2473; x_wconf 86' lang='lat' dir='ltr'><strong>dimisisses</strong></span> <span class='ocrx_word' id='word_1_189' title='bbox 1597 2419 1746 2492; x_wconf 77' lang='lat' dir='ltr'><strong>(Gen.</strong></span> <span class='ocrx_word' id='word_1_190' title='bbox 1761 2438 1905 2487; x_wconf 76' lang='lat' dir='ltr'><strong>xxxi,</strong></span> <span class='ocrx_word' id='word_1_191' title='bbox 1919 2424 2031 2496; x_wconf 72' lang='grc'><strong>42).</strong></span> 
     </span>
    </p>
   </div>
   <div class='ocr_carea' id='block_1_25' title="bbox 517 2501 2037 2586">
    <p class='ocr_par' dir='ltr' id='par_1_25' title="bbox 517 2501 2037 2586">
     <span class='ocr_line' id='line_1_25' title="bbox 517 2501 2037 2586; baseline 0.009 -26"><span class='ocrx_word' id='word_1_192' title='bbox 517 2501 759 2560; x_wconf 79' lang='lat' dir='ltr'><strong>XXXVI.</strong></span> <span class='ocrx_word' id='word_1_193' title='bbox 782 2502 883 2578; x_wconf 87' lang='lat' dir='ltr'><strong>[lb.</strong></span> <span class='ocrx_word' id='word_1_194' title='bbox 907 2523 962 2573; x_wconf 69' lang='grc' dir='ltr'><strong>κ,</strong></span> <span class='ocrx_word' id='word_1_195' title='bbox 995 2505 1069 2580; x_wconf 81' lang='grc'><strong>1.]</strong></span> <span class='ocrx_word' id='word_1_196' title='bbox 1093 2507 1239 2563; x_wconf 71' lang='lat' dir='ltr'><strong>Dixit</strong></span> <span class='ocrx_word' id='word_1_197' title='bbox 1269 2508 1516 2566; x_wconf 88' lang='lat' dir='ltr'><strong>Dominus</strong></span> <span class='ocrx_word' id='word_1_198' title='bbox 1543 2512 1611 2566; x_wconf 89' lang='lat' dir='ltr'><strong>ad</strong></span> <span class='ocrx_word' id='word_1_199' title='bbox 1636 2512 1867 2586; x_wconf 72' lang='lat' dir='ltr'><strong>Moysen,</strong></span> <span class='ocrx_word' id='word_1_200' title='bbox 1887 2516 2037 2573; x_wconf 82' lang='lat' dir='ltr'><strong>Intra</strong></span> 
     </span>
    </p>
   </div>
   <div class='ocr_carea' id='block_1_26' title="bbox 448 2592 2037 2678">
    <p class='ocr_par' dir='ltr' id='par_1_26' title="bbox 448 2592 2037 2678">
     <span class='ocr_line' id='line_1_26' title="bbox 448 2592 2037 2678; baseline 0.012 -31"><span class='ocrx_word' id='word_1_201' title='bbox 448 2593 517 2649; x_wconf 87' lang='lat' dir='ltr'><strong>ad</strong></span> <span class='ocrx_word' id='word_1_202' title='bbox 550 2592 874 2651; x_wconf 78' lang='lat' dir='ltr'><strong>Pharaonem</strong></span> <span class='ocrx_word' id='word_1_203' title='bbox 894 2612 914 2651; x_wconf 90' lang='lat'><strong>:</strong></span> <span class='ocrx_word' id='word_1_204' title='bbox 938 2614 1029 2670; x_wconf 88' lang='lat' dir='ltr'><strong>ego</strong></span> <span class='ocrx_word' id='word_1_205' title='bbox 1056 2600 1190 2654; x_wconf 86' lang='lat' dir='ltr'><strong>enim</strong></span> <span class='ocrx_word' id='word_1_206' title='bbox 1227 2603 1429 2672; x_wconf 88' lang='lat' dir='ltr'><strong>gravavi</strong></span> <span class='ocrx_word' id='word_1_207' title='bbox 1458 2619 1546 2659; x_wconf 83' lang='lat' dir='ltr'><strong>cor</strong></span> <span class='ocrx_word' id='word_1_208' title='bbox 1572 2606 1682 2678; x_wconf 85' lang='lat' dir='ltr'><strong>ejus</strong></span> <span class='ocrx_word' id='word_1_209' title='bbox 1707 2616 1753 2661; x_wconf 86' lang='lat' dir='ltr'><strong>et</strong></span> <span class='ocrx_word' id='word_1_210' title='bbox 1777 2625 2037 2667; x_wconf 87' lang='lat' dir='ltr'><strong>servorum</strong></span> 
     </span>
    </p>
   </div>
   <div class='ocr_carea' id='block_1_27' title="bbox 446 2684 2031 2770">
    <p class='ocr_par' dir='ltr' id='par_1_27' title="bbox 446 2684 2031 2770">
     <span class='ocr_line' id='line_1_27' title="bbox 446 2684 2031 2770; baseline 0.012 -32"><span class='ocrx_word' id='word_1_211' title='bbox 446 2684 578 2756; x_wconf 83' lang='lat' dir='ltr'><strong>ejus,</strong></span> <span class='ocrx_word' id='word_1_212' title='bbox 605 2694 661 2739; x_wconf 92' lang='lat' dir='ltr'><strong>ut</strong></span> <span class='ocrx_word' id='word_1_213' title='bbox 689 2686 867 2741; x_wconf 90' lang='lat' dir='ltr'><strong>ordine</strong></span> <span class='ocrx_word' id='word_1_214' title='bbox 890 2690 1244 2760; x_wconf 88' lang='lat' dir='ltr'><strong>superveniant</strong></span> <span class='ocrx_word' id='word_1_215' title='bbox 1268 2692 1415 2764; x_wconf 83' lang='lat' dir='ltr'><strong>signa</strong></span> <span class='ocrx_word' id='word_1_216' title='bbox 1440 2710 1550 2749; x_wconf 88' lang='lat' dir='ltr'><strong>mea</strong></span> <span class='ocrx_word' id='word_1_217' title='bbox 1573 2695 1681 2752; x_wconf 72' lang='lat' dir='ltr'><strong>Itth</strong></span> <span class='ocrx_word' id='word_1_218' title='bbox 1701 2715 1855 2769; x_wconf 86' lang='lat' dir='ltr'><strong>super</strong></span> <span class='ocrx_word' id='word_1_219' title='bbox 1880 2716 1965 2756; x_wconf 91' lang='lat' dir='ltr'><strong>eos</strong></span> <span class='ocrx_word' id='word_1_220' title='bbox 1979 2703 2031 2770; x_wconf 72' lang='grc' dir='ltr'><strong>’ς</strong></span> 
     </span>
    </p>
   </div>
   <div class='ocr_carea' id='block_1_28' title="bbox 448 2777 2035 2857">
    <p class='ocr_par' dir='ltr' id='par_1_28' title="bbox 448 2777 2035 2857">
     <span class='ocr_line' id='line_1_28' title="bbox 448 2777 2035 2857; baseline 0.012 -27"><span class='ocrx_word' id='word_1_221' title='bbox 448 2784 697 2847; x_wconf 77' lang='lat' dir='ltr'><strong>tanquam</strong></span> <span class='ocrx_word' id='word_1_222' title='bbox 741 2792 874 2848; x_wconf 90' lang='lat' dir='ltr'><strong>opus</strong></span> <span class='ocrx_word' id='word_1_223' title='bbox 918 2777 1113 2837; x_wconf 88' lang='lat' dir='ltr'><strong>haheat</strong></span> <span class='ocrx_word' id='word_1_224' title='bbox 1145 2781 1287 2839; x_wconf 85' lang='lat' dir='ltr'><strong>Deus</strong></span> <span class='ocrx_word' id='word_1_225' title='bbox 1323 2783 1632 2857; x_wconf 87' lang='lat' dir='ltr'><strong>cujusquam</strong></span> <span class='ocrx_word' id='word_1_226' title='bbox 1669 2790 1888 2845; x_wconf 88' lang='lat' dir='ltr'><strong>malitia.</strong></span> <span class='ocrx_word' id='word_1_227' title='bbox 1929 2792 2035 2849; x_wconf 90' lang='lat' dir='ltr'><strong>Sed</strong></span> 
     </span>
    </p>
   </div>
   <div class='ocr_carea' id='block_1_29' title="bbox 445 2866 2035 2954">
    <p class='ocr_par' dir='ltr' id='par_1_29' title="bbox 445 2866 2035 2954">
     <span class='ocr_line' id='line_1_29' title="bbox 445 2866 2035 2954; baseline 0.013 -32"><span class='ocrx_word' id='word_1_228' title='bbox 445 2866 524 2923; x_wconf 90' lang='lat' dir='ltr'><strong>sic</strong></span> <span class='ocrx_word' id='word_1_229' title='bbox 552 2866 959 2940; x_wconf 86' lang='lat' dir='ltr'><strong>intelligendum</strong></span> <span class='ocrx_word' id='word_1_230' title='bbox 983 2881 1086 2940; x_wconf 87' lang='lat' dir='ltr'><strong>est,</strong></span> <span class='ocrx_word' id='word_1_231' title='bbox 1118 2887 1181 2928; x_wconf 90' lang='lat' dir='ltr'><strong>ac</strong></span> <span class='ocrx_word' id='word_1_232' title='bbox 1201 2874 1246 2931; x_wconf 91' lang='lat' dir='ltr'><strong>si</strong></span> <span class='ocrx_word' id='word_1_233' title='bbox 1275 2875 1495 2945; x_wconf 85' lang='lat' dir='ltr'><strong>diceret,</strong></span> <span class='ocrx_word' id='word_1_234' title='bbox 1518 2878 1633 2949; x_wconf 88' lang='lat' dir='ltr'><strong>Ego</strong></span> <span class='ocrx_word' id='word_1_235' title='bbox 1656 2882 1798 2937; x_wconf 90' lang='lat' dir='ltr'><strong>enim</strong></span> <span class='ocrx_word' id='word_1_236' title='bbox 1829 2887 2035 2954; x_wconf 91' lang='lat' dir='ltr'><strong>patiens</strong></span> 
     </span>
    </p>
   </div>
   <div class='ocr_carea' id='block_1_30' title="bbox 445 2959 2037 3045">
    <p class='ocr_par' dir='ltr' id='par_1_30' title="bbox 445 2959 2037 3045">
     <span class='ocr_line' id='line_1_30' title="bbox 445 2959 2037 3045; baseline 0.013 -30"><span class='ocrx_word' id='word_1_237' title='bbox 445 2959 519 3016; x_wconf 85' lang='lat' dir='ltr'><strong>fui</strong></span> <span class='ocrx_word' id='word_1_238' title='bbox 545 2976 706 3033; x_wconf 86' lang='lat' dir='ltr'><strong>super</strong></span> <span class='ocrx_word' id='word_1_239' title='bbox 730 2977 852 3019; x_wconf 90' lang='lat' dir='ltr'><strong>cum</strong></span> <span class='ocrx_word' id='word_1_240' title='bbox 873 2973 929 3021; x_wconf 91' lang='lat' dir='ltr'><strong>et</strong></span> <span class='ocrx_word' id='word_1_241' title='bbox 951 2978 1135 3022; x_wconf 84' lang='lat' dir='ltr'><strong>servos</strong></span> <span class='ocrx_word' id='word_1_242' title='bbox 1159 2969 1294 3038; x_wconf 89' lang='lat' dir='ltr'><strong>ejus,</strong></span> <span class='ocrx_word' id='word_1_243' title='bbox 1325 2978 1509 3026; x_wconf 91' lang='lat' dir='ltr'><strong>utnon</strong></span> <span class='ocrx_word' id='word_1_244' title='bbox 1546 2986 1639 3028; x_wconf 92' lang='lat' dir='ltr'><strong>eos</strong></span> <span class='ocrx_word' id='word_1_245' title='bbox 1662 2974 1950 3045; x_wconf 83' lang='lat' dir='ltr'><strong>auferrem,</strong></span> <span class='ocrx_word' id='word_1_246' title='bbox 1978 2991 2037 3036; x_wconf 92' lang='lat' dir='ltr'><strong>ut</strong></span> 
     </span>
    </p>
   </div>
   <div class='ocr_carea' id='block_1_31' title="bbox 448 3053 2033 3137">
    <p class='ocr_par' dir='ltr' id='par_1_31' title="bbox 448 3053 2033 3137">
     <span class='ocr_line' id='line_1_31' title="bbox 448 3053 2033 3137; baseline 0.013 -28"><span class='ocrx_word' id='word_1_247' title='bbox 448 3053 636 3110; x_wconf 90' lang='lat' dir='ltr'><strong>ordine</strong></span> <span class='ocrx_word' id='word_1_248' title='bbox 659 3056 1041 3127; x_wconf 89' lang='lat' dir='ltr'><strong>superveniant</strong></span> <span class='ocrx_word' id='word_1_249' title='bbox 1070 3059 1219 3130; x_wconf 81' lang='lat' dir='ltr'><strong>signa</strong></span> <span class='ocrx_word' id='word_1_250' title='bbox 1257 3076 1374 3118; x_wconf 89' lang='lat' dir='ltr'><strong>mea</strong></span> <span class='ocrx_word' id='word_1_251' title='bbox 1407 3077 1569 3134; x_wconf 84' lang='lat' dir='ltr'><strong>super</strong></span> <span class='ocrx_word' id='word_1_252' title='bbox 1589 3081 1703 3122; x_wconf 87' lang='lat' dir='ltr'><strong>eos.</strong></span> <span class='ocrx_word' id='word_1_253' title='bbox 1730 3069 1862 3137; x_wconf 86' lang='lat' dir='ltr'><strong>Quia</strong></span> <span class='ocrx_word' id='word_1_254' title='bbox 1889 3073 2033 3129; x_wconf 91' lang='lat' dir='ltr'><strong>enim</strong></span> 
     </span>
    </p>
   </div>
   <div class='ocr_carea' id='block_1_32' title="bbox 447 3146 2035 3233">
    <p class='ocr_par' dir='ltr' id='par_1_32' title="bbox 447 3146 2035 3233">
     <span class='ocr_line' id='line_1_32' title="bbox 447 3146 2035 3233; baseline 0.013 -34"><span class='ocrx_word' id='word_1_255' title='bbox 447 3146 700 3215; x_wconf 90' lang='lat' dir='ltr'><strong>patientia</strong></span> <span class='ocrx_word' id='word_1_256' title='bbox 725 3146 817 3203; x_wconf 91' lang='lat' dir='ltr'><strong>Dei</strong></span> <span class='ocrx_word' id='word_1_257' title='bbox 847 3148 1167 3206; x_wconf 88' lang='lat' dir='ltr'><strong>obstinatior</strong></span> <span class='ocrx_word' id='word_1_258' title='bbox 1181 3150 1340 3208; x_wconf 77' lang='lat' dir='ltr'><strong>[iebat</strong></span> <span class='ocrx_word' id='word_1_259' title='bbox 1360 3154 1534 3211; x_wconf 90' lang='lat' dir='ltr'><strong>malus</strong></span> <span class='ocrx_word' id='word_1_260' title='bbox 1549 3158 1777 3226; x_wconf 90' lang='lat' dir='ltr'><strong>animus,</strong></span> <span class='ocrx_word' id='word_1_261' title='bbox 1796 3160 1917 3217; x_wconf 87' lang='lat' dir='ltr'><strong>ideo</strong></span> <span class='ocrx_word' id='word_1_262' title='bbox 1939 3178 2035 3233; x_wconf 94' lang='lat' dir='ltr'><strong>pro</strong></span> 
     </span>
    </p>
   </div>
   <div class='ocr_carea' id='block_1_33' title="bbox 446 3238 2029 3322">
    <p class='ocr_par' dir='ltr' id='par_1_33' title="bbox 446 3238 2029 3322">
     <span class='ocr_line' id='line_1_33' title="bbox 446 3238 2029 3322; baseline 0.01 -29"><span class='ocrx_word' id='word_1_263' title='bbox 446 3250 514 3293; x_wconf 89' lang='lat' dir='ltr'><strong>eo</strong></span> <span class='ocrx_word' id='word_1_264' title='bbox 525 3238 667 3309; x_wconf 84' lang='lat' dir='ltr'><strong>quod</strong></span> <span class='ocrx_word' id='word_1_265' title='bbox 684 3248 787 3307; x_wconf 87' lang='lat' dir='ltr'><strong>est,</strong></span> <span class='ocrx_word' id='word_1_266' title='bbox 803 3239 1018 3297; x_wconf 89' lang='lat' dir='ltr'><strong>Patiens</strong></span> <span class='ocrx_word' id='word_1_267' title='bbox 1032 3242 1085 3299; x_wconf 93' lang='lat' dir='ltr'><strong>in</strong></span> <span class='ocrx_word' id='word_1_268' title='bbox 1100 3258 1222 3300; x_wconf 88' lang='lat' dir='ltr'><strong>eum</strong></span> <span class='ocrx_word' id='word_1_269' title='bbox 1240 3245 1335 3313; x_wconf 90' lang='lat' dir='ltr'><strong>fui,</strong></span> <span class='ocrx_word' id='word_1_270' title='bbox 1353 3247 1456 3303; x_wconf 91' lang='lat' dir='ltr'><strong>dici</strong></span> <span class='ocrx_word' id='word_1_271' title='bbox 1463 3258 1564 3315; x_wconf 87' lang='lat' dir='ltr'><strong>tur,</strong></span> <span class='ocrx_word' id='word_1_272' title='bbox 1581 3253 1784 3322; x_wconf 87' lang='lat' dir='ltr'><strong>gravavi</strong></span> <span class='ocrx_word' id='word_1_273' title='bbox 1797 3270 1884 3308; x_wconf 89' lang='lat' dir='ltr'><strong>cor</strong></span> <span class='ocrx_word' id='word_1_274' title='bbox 1900 3256 2029 3321; x_wconf 85' lang='lat' dir='ltr'><strong>ejus.</strong></span> 
     </span>
    </p>
   </div>
   <div class='ocr_carea' id='block_1_34' title="bbox 527 3328 2035 3408">
    <p class='ocr_par' dir='ltr' id='par_1_34' title="bbox 527 3328 2035 3408">
     <span class='ocr_line' id='line_1_34' title="bbox 527 3328 2035 3408; baseline 0.011 -23"><span class='ocrx_word' id='word_1_275' title='bbox 527 3328 791 3387; x_wconf 79' lang='lat' dir='ltr'><strong>XXXVII.</strong></span> <span class='ocrx_word' id='word_1_276' title='bbox 823 3330 923 3406; x_wconf 87' lang='lat' dir='ltr'><strong>[lb.</strong></span> <span class='ocrx_word' id='word_1_277' title='bbox 952 3350 1008 3402; x_wconf 84' lang='lat' dir='ltr'><strong>x,</strong></span> <span class='ocrx_word' id='word_1_278' title='bbox 1039 3333 1152 3408; x_wconf 69' lang='lat'><strong>19.]</strong></span> <span class='ocrx_word' id='word_1_279' title='bbox 1176 3335 1241 3391; x_wconf 85' lang='lat' dir='ltr'><strong>Et</strong></span> <span class='ocrx_word' id='word_1_280' title='bbox 1269 3354 1371 3393; x_wconf 92' lang='lat' dir='ltr'><strong>non</strong></span> <span class='ocrx_word' id='word_1_281' title='bbox 1404 3349 1475 3393; x_wconf 90' lang='lat' dir='ltr'><strong>est</strong></span> <span class='ocrx_word' id='word_1_282' title='bbox 1510 3342 1685 3397; x_wconf 85' lang='lat' dir='ltr'><strong>relicta</strong></span> <span class='ocrx_word' id='word_1_283' title='bbox 1715 3344 1907 3400; x_wconf 88' lang='lat' dir='ltr'><strong>locusta</strong></span> <span class='ocrx_word' id='word_1_284' title='bbox 1933 3365 2035 3403; x_wconf 87' lang='lat' dir='ltr'><strong>una</strong></span> 
     </span>
    </p>
   </div>
   <div class='ocr_carea' id='block_1_35' title="bbox 445 3424 2033 3499">
    <p class='ocr_par' dir='ltr' id='par_1_35' title="bbox 445 3424 2033 3499">
     <span class='ocr_line' id='line_1_35' title="bbox 445 3424 2033 3499; baseline 0.01 -21"><span class='ocrx_word' id='word_1_285' title='bbox 445 3424 502 3479; x_wconf 87' lang='lat' dir='ltr'><strong>in</strong></span> <span class='ocrx_word' id='word_1_286' title='bbox 522 3424 662 3480; x_wconf 85' lang='lat' dir='ltr'><strong>omni</strong></span> <span class='ocrx_word' id='word_1_287' title='bbox 689 3434 823 3480; x_wconf 88' lang='lat' dir='ltr'><strong>terra</strong></span> <span class='ocrx_word' id='word_1_288' title='bbox 849 3424 1071 3499; x_wconf 57' lang='lat' dir='ltr'><strong>ﬁgypti</strong></span> <span class='ocrx_word' id='word_1_289' title='bbox 1089 3443 1109 3484; x_wconf 91' lang='lat'><strong>:</strong></span> <span class='ocrx_word' id='word_1_290' title='bbox 1131 3438 1181 3484; x_wconf 88' lang='lat' dir='ltr'><strong>et</strong></span> <span class='ocrx_word' id='word_1_291' title='bbox 1214 3430 1468 3487; x_wconf 88' lang='lat' dir='ltr'><strong>induravit</strong></span> <span class='ocrx_word' id='word_1_292' title='bbox 1495 3432 1743 3489; x_wconf 81' lang='lat' dir='ltr'><strong>Dominus</strong></span> <span class='ocrx_word' id='word_1_293' title='bbox 1771 3454 1858 3492; x_wconf 83' lang='lat' dir='ltr'><strong>cor</strong></span> <span class='ocrx_word' id='word_1_294' title='bbox 1885 3437 2033 3495; x_wconf 84' lang='lat' dir='ltr'><strong>Pha-</strong></span> 
     </span>
    </p>
   </div>
   <div class='ocr_carea' id='block_1_36' title="bbox 444 3516 2030 3601">
    <p class='ocr_par' dir='ltr' id='par_1_36' title="bbox 444 3516 2030 3601">
     <span class='ocr_line' id='line_1_36' title="bbox 444 3516 2030 3601; baseline 0.01 -30"><span class='ocrx_word' id='word_1_295' title='bbox 444 3516 637 3573; x_wconf 83' lang='lat' dir='ltr'><strong>raonis.</strong></span> <span class='ocrx_word' id='word_1_296' title='bbox 666 3516 991 3576; x_wconf 72' lang='lat' dir='ltr'><strong>Beneficium</strong></span> <span class='ocrx_word' id='word_1_297' title='bbox 1016 3533 1162 3577; x_wconf 89' lang='lat' dir='ltr'><strong>certe</strong></span> <span class='ocrx_word' id='word_1_298' title='bbox 1180 3521 1272 3578; x_wconf 89' lang='lat' dir='ltr'><strong>Dei</strong></span> <span class='ocrx_word' id='word_1_299' title='bbox 1290 3527 2030 3601; x_wconf 84' lang='lat' dir='ltr'><strong>commemoravitScriptura,</strong></span> 
     </span>
    </p>
   </div>
   <div class='ocr_carea' id='block_1_37' title="bbox 444 3609 2036 3685">
    <p class='ocr_par' dir='ltr' id='par_1_37' title="bbox 444 3609 2036 3685">
     <span class='ocr_line' id='line_1_37' title="bbox 444 3609 2036 3685; baseline 0.011 -21"><span class='ocrx_word' id='word_1_300' title='bbox 444 3623 553 3681; x_wconf 91' lang='lat' dir='ltr'><strong>quo</strong></span> <span class='ocrx_word' id='word_1_301' title='bbox 579 3609 799 3667; x_wconf 80' lang='lat' dir='ltr'><strong>abstulit</strong></span> <span class='ocrx_word' id='word_1_302' title='bbox 834 3611 1099 3680; x_wconf 86' lang='lat' dir='ltr'><strong>locustas;</strong></span> <span class='ocrx_word' id='word_1_303' title='bbox 1132 3622 1188 3671; x_wconf 88' lang='lat' dir='ltr'><strong>et</strong></span> <span class='ocrx_word' id='word_1_304' title='bbox 1214 3625 1414 3685; x_wconf 89' lang='lat' dir='ltr'><strong>secuta,</strong></span> <span class='ocrx_word' id='word_1_305' title='bbox 1442 3617 1576 3675; x_wconf 82' lang='lat' dir='ltr'><strong>dixit</strong></span> <span class='ocrx_word' id='word_1_306' title='bbox 1611 3620 1889 3679; x_wconf 88' lang='lat' dir='ltr'><strong>indurasse</strong></span> <span class='ocrx_word' id='word_1_307' title='bbox 1926 3626 2036 3681; x_wconf 90' lang='lat' dir='ltr'><strong>Do-</strong></span> 
     </span>
    </p>
   </div>
   <div class='ocr_carea' id='block_1_38' title="bbox 448 3701 2034 3789">
    <p class='ocr_par' dir='ltr' id='par_1_38' title="bbox 448 3701 2034 3789">
     <span class='ocr_line' id='line_1_38' title="bbox 448 3701 2034 3789; baseline 0.012 -32"><span class='ocrx_word' id='word_1_308' title='bbox 448 3701 652 3758; x_wconf 89' lang='lat' dir='ltr'><strong>minum</strong></span> <span class='ocrx_word' id='word_1_309' title='bbox 678 3717 775 3759; x_wconf 87' lang='lat' dir='ltr'><strong>cor</strong></span> <span class='ocrx_word' id='word_1_310' title='bbox 798 3702 1117 3773; x_wconf 84' lang='lat' dir='ltr'><strong>Pharaonis,</strong></span> <span class='ocrx_word' id='word_1_311' title='bbox 1143 3707 1399 3765; x_wconf 80' lang='lat' dir='ltr'><strong>beneﬁcio</strong></span> <span class='ocrx_word' id='word_1_312' title='bbox 1423 3712 1606 3783; x_wconf 88' lang='lat' dir='ltr'><strong>utique</strong></span> <span class='ocrx_word' id='word_1_313' title='bbox 1621 3728 1735 3780; x_wconf 87' lang='lat' dir='ltr'><strong>suo,</strong></span> <span class='ocrx_word' id='word_1_314' title='bbox 1756 3726 1808 3773; x_wconf 90' lang='lat' dir='ltr'><strong>et</strong></span> <span class='ocrx_word' id='word_1_315' title='bbox 1831 3719 2034 3789; x_wconf 84' lang='lat' dir='ltr'><strong>patien-</strong></span> 
     </span>
    </p>
   </div>
   <div class='ocr_carea' id='block_1_39' title="bbox 445 3794 2029 3879">
    <p class='ocr_par' dir='ltr' id='par_1_39' title="bbox 445 3794 2029 3879">
     <span class='ocr_line' id='line_1_39' title="bbox 445 3794 2029 3879; baseline 0.011 -28"><span class='ocrx_word' id='word_1_316' title='bbox 445 3794 519 3853; x_wconf 83' lang='lat' dir='ltr'><strong>tia</strong></span> <span class='ocrx_word' id='word_1_317' title='bbox 542 3811 660 3864; x_wconf 88' lang='lat' dir='ltr'><strong>sua,</strong></span> <span class='ocrx_word' id='word_1_318' title='bbox 690 3812 793 3868; x_wconf 83' lang='lat' dir='ltr'><strong>qua</strong></span> <span class='ocrx_word' id='word_1_319' title='bbox 815 3797 903 3853; x_wconf 92' lang='lat' dir='ltr'><strong>ille</strong></span> <span class='ocrx_word' id='word_1_320' title='bbox 924 3799 1443 3871; x_wconf 87' lang='lat' dir='ltr'><strong>liebatobstinatior,</strong></span> <span class='ocrx_word' id='word_1_321' title='bbox 1471 3805 1596 3861; x_wconf 91' lang='lat' dir='ltr'><strong>dum</strong></span> <span class='ocrx_word' id='word_1_322' title='bbox 1626 3809 1675 3863; x_wconf 91' lang='lat' dir='ltr'><strong>ei</strong></span> <span class='ocrx_word' id='word_1_323' title='bbox 1705 3821 2029 3879; x_wconf 83' lang='lat' dir='ltr'><strong>parceretur:</strong></span> 
     </span>
    </p>
   </div>
   <div class='ocr_carea' id='block_1_40' title="bbox 445 3888 2033 3969">
    <p class='ocr_par' dir='ltr' id='par_1_40' title="bbox 445 3888 2033 3969">
     <span class='ocr_line' id='line_1_40' title="bbox 445 3888 2033 3969; baseline 0.01 -26"><span class='ocrx_word' id='word_1_324' title='bbox 445 3888 582 3945; x_wconf 88' lang='lat' dir='ltr'><strong>sicut</strong></span> <span class='ocrx_word' id='word_1_325' title='bbox 609 3890 791 3945; x_wconf 85' lang='lat' dir='ltr'><strong>omnia</strong></span> <span class='ocrx_word' id='word_1_326' title='bbox 821 3890 967 3946; x_wconf 87' lang='lat' dir='ltr'><strong>mala</strong></span> <span class='ocrx_word' id='word_1_327' title='bbox 994 3891 1154 3948; x_wconf 90' lang='lat' dir='ltr'><strong>corda</strong></span> <span class='ocrx_word' id='word_1_328' title='bbox 1175 3892 1470 3963; x_wconf 83' lang='lat' dir='ltr'><strong>hominum,</strong></span> <span class='ocrx_word' id='word_1_329' title='bbox 1501 3899 1751 3969; x_wconf 87' lang='lat' dir='ltr'><strong>patientia</strong></span> <span class='ocrx_word' id='word_1_330' title='bbox 1778 3902 1871 3957; x_wconf 88' lang='lat' dir='ltr'><strong>Dei</strong></span> <span class='ocrx_word' id='word_1_331' title='bbox 1892 3904 2033 3961; x_wconf 88' lang='lat' dir='ltr'><strong>male</strong></span> 
     </span>
    </p>
   </div>
   <div class='ocr_carea' id='block_1_41' title="bbox 448 3980 1995 4041">
    <p class='ocr_par' dir='ltr' id='par_1_41' title="bbox 448 3980 1995 4041">
     <span class='ocr_line' id='line_1_41' title="bbox 448 3980 1995 4041; baseline 0.003 -5"><span class='ocrx_word' id='word_1_332' title='bbox 448 3981 644 4037; x_wconf 88' lang='lat' dir='ltr'><strong>utendo</strong></span> <span class='ocrx_word' id='word_1_333' title='bbox 657 3980 965 4039; x_wconf 90' lang='lat' dir='ltr'><strong>durescunt.</strong></span> <span class='ocrx_word' id='word_1_334' title='bbox 1994 4034 1995 4041; x_wconf 48' lang='grc' dir='ltr'><strong>η</strong></span> 
     </span>
    </p>
   </div>
   <div class='ocr_carea' id='block_1_42' title="bbox 516 4069 2028 4160">
    <p class='ocr_par' dir='ltr' id='par_1_42' title="bbox 516 4069 2028 4160">
     <span class='ocr_line' id='line_1_42' title="bbox 516 4069 2028 4160; baseline 0.012 -32"><span class='ocrx_word' id='word_1_335' title='bbox 516 4069 806 4129; x_wconf 80' lang='lat' dir='ltr'><strong>XXXVIII.</strong></span> <span class='ocrx_word' id='word_1_336' title='bbox 839 4072 946 4148; x_wconf 87' lang='lat' dir='ltr'><strong>[lb.</strong></span> <span class='ocrx_word' id='word_1_337' title='bbox 978 4090 1032 4144; x_wconf 75' lang='grc' dir='ltr'><strong>κ,</strong></span> <span class='ocrx_word' id='word_1_338' title='bbox 1051 4076 1141 4143; x_wconf 65' lang='lat' dir='ltr'><strong>SI,</strong></span> <span class='ocrx_word' id='word_1_339' title='bbox 1169 4076 1279 4151; x_wconf 74' lang='lat' dir='ltr'><strong>I2.]</strong></span> <span class='ocrx_word' id='word_1_340' title='bbox 1302 4077 1481 4136; x_wconf 88' lang='lat' dir='ltr'><strong>Tertio</strong></span> <span class='ocrx_word' id='word_1_341' title='bbox 1500 4080 1694 4139; x_wconf 90' lang='lat' dir='ltr'><strong>dicitur</strong></span> <span class='ocrx_word' id='word_1_342' title='bbox 1706 4084 1772 4140; x_wconf 86' lang='lat' dir='ltr'><strong>ad</strong></span> <span class='ocrx_word' id='word_1_343' title='bbox 1791 4086 2028 4160; x_wconf 78' lang='lat' dir='ltr'><strong>Moysen,</strong></span> 
     </span>
    </p>
   </div>
   <div class='ocr_carea' id='block_1_43' title="bbox 444 4163 2030 4252">
    <p class='ocr_par' dir='ltr' id='par_1_43' title="bbox 444 4163 2030 4252">
     <span class='ocr_line' id='line_1_43' title="bbox 444 4163 2030 4252; baseline 0.011 -31"><span class='ocrx_word' id='word_1_344' title='bbox 444 4163 678 4222; x_wconf 67' lang='lat' dir='ltr'><strong>Extende</strong></span> <span class='ocrx_word' id='word_1_345' title='bbox 702 4183 908 4224; x_wconf 87' lang='lat' dir='ltr'><strong>manum</strong></span> <span class='ocrx_word' id='word_1_346' title='bbox 935 4177 1075 4225; x_wconf 89' lang='lat' dir='ltr'><strong>tuam</strong></span> <span class='ocrx_word' id='word_1_347' title='bbox 1098 4169 1152 4225; x_wconf 90' lang='lat' dir='ltr'><strong>in</strong></span> <span class='ocrx_word' id='word_1_348' title='bbox 1175 4171 1374 4239; x_wconf 72' lang='lat' dir='ltr'><strong>calum,</strong></span> <span class='ocrx_word' id='word_1_349' title='bbox 1411 4183 1469 4229; x_wconf 92' lang='lat' dir='ltr'><strong>ut</strong></span> <span class='ocrx_word' id='word_1_350' title='bbox 1501 4174 1653 4231; x_wconf 86' lang='lat' dir='ltr'><strong>ﬂeret</strong></span> <span class='ocrx_word' id='word_1_351' title='bbox 1677 4179 1834 4233; x_wconf 89' lang='lat' dir='ltr'><strong>etiam</strong></span> <span class='ocrx_word' id='word_1_352' title='bbox 1880 4181 2030 4252; x_wconf 81' lang='lat' dir='ltr'><strong>plaga</strong></span> 
     </span>
    </p>
   </div>
   <div class='ocr_carea' id='block_1_44' title="bbox 446 4258 2028 4333">
    <p class='ocr_par' dir='ltr' id='par_1_44' title="bbox 446 4258 2028 4333">
     <span class='ocr_line' id='line_1_44' title="bbox 446 4258 2028 4333; baseline 0.009 -19"><span class='ocrx_word' id='word_1_353' title='bbox 446 4259 809 4315; x_wconf 84' lang='lat' dir='ltr'><strong>tenebrarum.</strong></span> <span class='ocrx_word' id='word_1_354' title='bbox 852 4258 1133 4333; x_wconf 87' lang='lat' dir='ltr'><strong>Nunquam</strong></span> <span class='ocrx_word' id='word_1_355' title='bbox 1176 4272 1350 4320; x_wconf 89' lang='lat' dir='ltr'><strong>autem</strong></span> <span class='ocrx_word' id='word_1_356' title='bbox 1377 4264 1577 4323; x_wconf 88' lang='lat' dir='ltr'><strong>dictum</strong></span> <span class='ocrx_word' id='word_1_357' title='bbox 1606 4277 1689 4323; x_wconf 89' lang='lat' dir='ltr'><strong>est</strong></span> <span class='ocrx_word' id='word_1_358' title='bbox 1716 4268 1782 4325; x_wconf 87' lang='lat' dir='ltr'><strong>ad</strong></span> <span class='ocrx_word' id='word_1_359' title='bbox 1813 4270 2028 4328; x_wconf 79' lang='lat' dir='ltr'><strong>fratrem</strong></span> 
     </span>
    </p>
   </div>
   <div class='ocr_carea' id='block_1_45' title="bbox 444 4342 2029 4433">
    <p class='ocr_par' dir='ltr' id='par_1_45' title="bbox 444 4342 2029 4433">
     <span class='ocr_line' id='line_1_45' title="bbox 444 4342 2029 4433; baseline 0.01 -27"><span class='ocrx_word' id='word_1_360' title='bbox 444 4349 562 4421; x_wconf 85' lang='lat' dir='ltr'><strong>ejus</strong></span> <span class='ocrx_word' id='word_1_361' title='bbox 592 4342 793 4419; x_wconf 80' lang='lat' dir='ltr'><strong>Aaron,</strong></span> <span class='ocrx_word' id='word_1_362' title='bbox 839 4362 898 4409; x_wconf 90' lang='lat' dir='ltr'><strong>ut</strong></span> <span class='ocrx_word' id='word_1_363' title='bbox 935 4354 1249 4412; x_wconf 82' lang='lat' dir='ltr'><strong>extenderet</strong></span> <span class='ocrx_word' id='word_1_364' title='bbox 1291 4373 1505 4414; x_wconf 91' lang='lat' dir='ltr'><strong>manum</strong></span> <span class='ocrx_word' id='word_1_365' title='bbox 1550 4360 1601 4415; x_wconf 94' lang='lat' dir='ltr'><strong>in</strong></span> <span class='ocrx_word' id='word_1_366' title='bbox 1630 4362 1845 4418; x_wconf 86' lang='lat' dir='ltr'><strong>coelum.</strong></span> <span class='ocrx_word' id='word_1_367' title='bbox 1877 4363 2029 4433; x_wconf 88' lang='lat' dir='ltr'><strong>Quod</strong></span> 
     </span>
    </p>
   </div>
   <div class='ocr_carea' id='block_1_46' title="bbox 441 4442 2030 4530">
    <p class='ocr_par' dir='ltr' id='par_1_46' title="bbox 441 4442 2030 4530">
     <span class='ocr_line' id='line_1_46' title="bbox 441 4442 2030 4530; baseline 0.008 -31"><span class='ocrx_word' id='word_1_368' title='bbox 441 4457 573 4515; x_wconf 82' lang='lat' dir='ltr'><strong>ergo</strong></span> <span class='ocrx_word' id='word_1_369' title='bbox 593 4442 792 4501; x_wconf 87' lang='lat' dir='ltr'><strong>dictum</strong></span> <span class='ocrx_word' id='word_1_370' title='bbox 817 4454 901 4503; x_wconf 89' lang='lat' dir='ltr'><strong>est</strong></span> <span class='ocrx_word' id='word_1_371' title='bbox 918 4445 983 4501; x_wconf 86' lang='lat' dir='ltr'><strong>ad</strong></span> <span class='ocrx_word' id='word_1_372' title='bbox 1004 4447 1241 4520; x_wconf 83' lang='lat' dir='ltr'><strong>Moysen,</strong></span> <span class='ocrx_word' id='word_1_373' title='bbox 1265 4448 1490 4506; x_wconf 76' lang='lat' dir='ltr'><strong>Extende</strong></span> <span class='ocrx_word' id='word_1_374' title='bbox 1503 4469 1707 4507; x_wconf 88' lang='lat' dir='ltr'><strong>manum</strong></span> <span class='ocrx_word' id='word_1_375' title='bbox 1723 4464 1861 4510; x_wconf 89' lang='lat' dir='ltr'><strong>tuam</strong></span> <span class='ocrx_word' id='word_1_376' title='bbox 1876 4474 2030 4530; x_wconf 82' lang='lat' dir='ltr'><strong>super</strong></span> 
     </span>
    </p>
   </div>
   <div class='ocr_carea' id='block_1_47' title="bbox 442 4536 2027 4615">
    <p class='ocr_par' dir='ltr' id='par_1_47' title="bbox 442 4536 2027 4615">
     <span class='ocr_line' id='line_1_47' title="bbox 442 4536 2027 4615; baseline 0.009 -22"><span class='ocrx_word' id='word_1_377' title='bbox 442 4546 628 4594; x_wconf 85' lang='lat' dir='ltr'><strong>terram</strong></span> <span class='ocrx_word' id='word_1_378' title='bbox 656 4536 894 4611; x_wconf 69' lang='lat' dir='ltr'><strong>£gypti,</strong></span> <span class='ocrx_word' id='word_1_379' title='bbox 921 4549 969 4596; x_wconf 87' lang='lat' dir='ltr'><strong>et</strong></span> <span class='ocrx_word' id='word_1_380' title='bbox 995 4543 1231 4597; x_wconf 85' lang='lat' dir='ltr'><strong>ascendat</strong></span> <span class='ocrx_word' id='word_1_381' title='bbox 1249 4542 1440 4598; x_wconf 89' lang='lat' dir='ltr'><strong>locusta</strong></span> <span class='ocrx_word' id='word_1_382' title='bbox 1464 4561 1617 4615; x_wconf 86' lang='lat' dir='ltr'><strong>super</strong></span> <span class='ocrx_word' id='word_1_383' title='bbox 1635 4556 1840 4615; x_wconf 86' lang='lat' dir='ltr'><strong>terram,</strong></span> <span class='ocrx_word' id='word_1_384' title='bbox 1865 4551 2027 4607; x_wconf 88' lang='lat' dir='ltr'><strong>credo</strong></span> 
     </span>
    </p>
   </div>
   <div class='ocr_carea' id='block_1_48' title="bbox 445 4626 2022 4711">
    <p class='ocr_par' dir='ltr' id='par_1_48' title="bbox 445 4626 2022 4711">
     <span class='ocr_line' id='line_1_48' title="bbox 445 4626 2022 4711; baseline 0.01 -27"><span class='ocrx_word' id='word_1_385' title='bbox 445 4626 497 4684; x_wconf 93' lang='lat' dir='ltr'><strong>id</strong></span> <span class='ocrx_word' id='word_1_386' title='bbox 532 4628 903 4699; x_wconf 80' lang='lat' dir='ltr'><strong>signiﬁcatum,</strong></span> <span class='ocrx_word' id='word_1_387' title='bbox 941 4631 1102 4688; x_wconf 83' lang='lat' dir='ltr'><strong>etiam</strong></span> <span class='ocrx_word' id='word_1_388' title='bbox 1143 4634 1318 4688; x_wconf 88' lang='lat' dir='ltr'><strong>minus</strong></span> <span class='ocrx_word' id='word_1_389' title='bbox 1357 4650 1515 4705; x_wconf 89' lang='lat' dir='ltr'><strong>posse</strong></span> <span class='ocrx_word' id='word_1_390' title='bbox 1554 4637 1642 4707; x_wconf 91' lang='lat' dir='ltr'><strong>qui</strong></span> <span class='ocrx_word' id='word_1_391' title='bbox 1674 4638 1791 4708; x_wconf 86' lang='lat' dir='ltr'><strong>plus</strong></span> <span class='ocrx_word' id='word_1_392' title='bbox 1817 4651 2022 4711; x_wconf 87' lang='lat' dir='ltr'><strong>potest;</strong></span> 
     </span>
    </p>
   </div>
   <div class='ocr_carea' id='block_1_49' title="bbox 443 4718 2039 4805">
    <p class='ocr_par' dir='ltr' id='par_1_49' title="bbox 443 4718 2039 4805">
     <span class='ocr_line' id='line_1_49' title="bbox 443 4718 2039 4805; baseline 0.011 -29"><span class='ocrx_word' id='word_1_393' title='bbox 443 4734 551 4776; x_wconf 89' lang='lat' dir='ltr'><strong>non</strong></span> <span class='ocrx_word' id='word_1_394' title='bbox 588 4728 769 4777; x_wconf 88' lang='lat' dir='ltr'><strong>autem</strong></span> <span class='ocrx_word' id='word_1_395' title='bbox 803 4722 1056 4779; x_wconf 88' lang='lat' dir='ltr'><strong>continuo</strong></span> <span class='ocrx_word' id='word_1_396' title='bbox 1082 4724 1167 4781; x_wconf 91' lang='lat' dir='ltr'><strong>cui</strong></span> <span class='ocrx_word' id='word_1_397' title='bbox 1195 4724 1403 4781; x_wconf 89' lang='lat' dir='ltr'><strong>minora</strong></span> <span class='ocrx_word' id='word_1_398' title='bbox 1450 4728 1835 4800; x_wconf 88' lang='lat' dir='ltr'><strong>conceduntur,</strong></span> <span class='ocrx_word' id='word_1_399' title='bbox 1869 4718 2039 4805; x_wconf 20' lang='lat' dir='ltr'><strong>posse,</strong></span> 
     </span>
    </p>
   </div>
   <div class='ocr_carea' id='block_1_50' title="bbox 441 4827 667 4883">
    <p class='ocr_par' dir='ltr' id='par_1_50' title="bbox 441 4827 667 4883">
     <span class='ocr_line' id='line_1_50' title="bbox 441 4827 667 4883; baseline 0.009 -14"><span class='ocrx_word' id='word_1_400' title='bbox 441 4827 667 4883; x_wconf 78' lang='lat' dir='ltr'><strong>majora.</strong></span> 
     </span>
    </p>
   </div>
   <div class='ocr_carea' id='block_1_51' title="bbox 512 4903 2025 4995">
    <p class='ocr_par' dir='ltr' id='par_1_51' title="bbox 512 4903 2025 4995">
     <span class='ocr_line' id='line_1_51' title="bbox 512 4903 2025 4995; baseline 0.011 -33"><span class='ocrx_word' id='word_1_401' title='bbox 512 4903 759 4963; x_wconf 82' lang='lat' dir='ltr'><strong>XXXIX.</strong></span> <span class='ocrx_word' id='word_1_402' title='bbox 784 4906 883 4982; x_wconf 91' lang='lat' dir='ltr'><strong>[lb.</strong></span> <span class='ocrx_word' id='word_1_403' title='bbox 906 4923 983 4975; x_wconf 79' lang='lat' dir='ltr'><strong>xl,</strong></span> <span class='ocrx_word' id='word_1_404' title='bbox 1003 4906 1082 4983; x_wconf 74' lang='lat'><strong>2.]</strong></span> <span class='ocrx_word' id='word_1_405' title='bbox 1113 4910 1252 4966; x_wconf 86' lang='lat' dir='ltr'><strong>Deus</strong></span> <span class='ocrx_word' id='word_1_406' title='bbox 1283 4910 1350 4967; x_wconf 88' lang='lat' dir='ltr'><strong>ad</strong></span> <span class='ocrx_word' id='word_1_407' title='bbox 1387 4912 1635 4986; x_wconf 82' lang='lat' dir='ltr'><strong>Moysen:</strong></span> <span class='ocrx_word' id='word_1_408' title='bbox 1658 4916 1886 4991; x_wconf 82' lang='lat' dir='ltr'><strong>Loquere</strong></span> <span class='ocrx_word' id='word_1_409' title='bbox 1907 4939 2025 4995; x_wconf 85' lang='lat' dir='ltr'><strong>ergo</strong></span> 
     </span>
    </p>
   </div>
   <div class='ocr_carea' id='block_1_52' title="bbox 437 4999 2021 5083">
    <p class='ocr_par' dir='ltr' id='par_1_52' title="bbox 437 4999 2021 5083">
     <span class='ocr_line' id='line_1_52' title="bbox 437 4999 2021 5083; baseline 0.009 -28"><span class='ocrx_word' id='word_1_410' title='bbox 437 5009 630 5056; x_wconf 76' lang='lat' dir='ltr'><strong>secreto</strong></span> <span class='ocrx_word' id='word_1_411' title='bbox 649 4999 705 5054; x_wconf 89' lang='lat' dir='ltr'><strong>in</strong></span> <span class='ocrx_word' id='word_1_412' title='bbox 722 5015 870 5055; x_wconf 82' lang='lat' dir='ltr'><strong>aures</strong></span> <span class='ocrx_word' id='word_1_413' title='bbox 899 5000 1095 5073; x_wconf 77' lang='lat' dir='ltr'><strong>pepuli,</strong></span> <span class='ocrx_word' id='word_1_414' title='bbox 1124 5010 1171 5055; x_wconf 91' lang='lat' dir='ltr'><strong>et</strong></span> <span class='ocrx_word' id='word_1_415' title='bbox 1197 5010 1331 5072; x_wconf 86' lang='lat' dir='ltr'><strong>petat</strong></span> <span class='ocrx_word' id='word_1_416' title='bbox 1361 5006 1701 5079; x_wconf 76' lang='lat' dir='ltr'><strong>unusquisque</strong></span> <span class='ocrx_word' id='word_1_417' title='bbox 1719 5027 1751 5063; x_wconf 89' lang='lat' dir='ltr'><strong>a</strong></span> <span class='ocrx_word' id='word_1_418' title='bbox 1771 5014 2021 5083; x_wconf 78' lang='lat' dir='ltr'><strong>proximo,</strong></span> 
     </span>
    </p>
   </div>
   <div class='ocr_carea' id='block_1_53' title="bbox 440 5092 2019 5173">
    <p class='ocr_par' dir='ltr' id='par_1_53' title="bbox 440 5092 2019 5173">
     <span class='ocr_line' id='line_1_53' title="bbox 440 5092 2019 5173; baseline 0.011 -25"><span class='ocrx_word' id='word_1_419' title='bbox 440 5101 490 5148; x_wconf 91' lang='lat' dir='ltr'><strong>et</strong></span> <span class='ocrx_word' id='word_1_420' title='bbox 521 5092 703 5149; x_wconf 78' lang='lat' dir='ltr'><strong>mulier</strong></span> <span class='ocrx_word' id='word_1_421' title='bbox 730 5110 762 5148; x_wconf 89' lang='lat' dir='ltr'><strong>a</strong></span> <span class='ocrx_word' id='word_1_422' title='bbox 786 5093 1042 5167; x_wconf 69' lang='lat' dir='ltr'><strong>proxima,</strong></span> <span class='ocrx_word' id='word_1_423' title='bbox 1070 5111 1192 5150; x_wconf 88' lang='lat' dir='ltr'><strong>vasa</strong></span> <span class='ocrx_word' id='word_1_424' title='bbox 1224 5112 1379 5152; x_wconf 86' lang='lat' dir='ltr'><strong>aurea</strong></span> <span class='ocrx_word' id='word_1_425' title='bbox 1403 5110 1452 5153; x_wconf 92' lang='lat' dir='ltr'><strong>et</strong></span> <span class='ocrx_word' id='word_1_426' title='bbox 1475 5112 1712 5173; x_wconf 85' lang='lat' dir='ltr'><strong>argentea</strong></span> <span class='ocrx_word' id='word_1_427' title='bbox 1743 5114 1789 5160; x_wconf 88' lang='lat' dir='ltr'><strong>et</strong></span> <span class='ocrx_word' id='word_1_428' title='bbox 1820 5118 2019 5166; x_wconf 87' lang='lat' dir='ltr'><strong>vestem.</strong></span> 
     </span>
    </p>
   </div>
   <div class='ocr_carea' id='block_1_54' title="bbox 441 5184 2026 5268">
    <p class='ocr_par' dir='ltr' id='par_1_54' title="bbox 441 5184 2026 5268">
     <span class='ocr_line' id='line_1_54' title="bbox 441 5184 2026 5268; baseline 0.008 -24"><span class='ocrx_word' id='word_1_429' title='bbox 441 5184 557 5244; x_wconf 80' lang='lat' dir='ltr'><strong>Non</strong></span> <span class='ocrx_word' id='word_1_430' title='bbox 587 5185 708 5243; x_wconf 93' lang='lat' dir='ltr'><strong>hinc</strong></span> <span class='ocrx_word' id='word_1_431' title='bbox 737 5188 960 5261; x_wconf 87' lang='lat' dir='ltr'><strong>quisque</strong></span> <span class='ocrx_word' id='word_1_432' title='bbox 984 5189 1298 5245; x_wconf 89' lang='lat' dir='ltr'><strong>sumendum</strong></span> <span class='ocrx_word' id='word_1_433' title='bbox 1324 5194 1625 5265; x_wconf 87' lang='lat' dir='ltr'><strong>exemplum</strong></span> <span class='ocrx_word' id='word_1_434' title='bbox 1652 5207 1839 5268; x_wconf 88' lang='lat' dir='ltr'><strong>putare</strong></span> <span class='ocrx_word' id='word_1_435' title='bbox 1865 5199 2026 5258; x_wconf 89' lang='lat' dir='ltr'><strong>debet</strong></span> 
     </span>
    </p>
   </div>
   <div class='ocr_carea' id='block_1_55' title="bbox 441 5280 2023 5355">
    <p class='ocr_par' dir='ltr' id='par_1_55' title="bbox 441 5280 2023 5355">
     <span class='ocr_line' id='line_1_55' title="bbox 441 5280 2023 5355; baseline 0.009 -19"><span class='ocrx_word' id='word_1_436' title='bbox 441 5280 507 5337; x_wconf 85' lang='lat' dir='ltr'><strong>ad</strong></span> <span class='ocrx_word' id='word_1_437' title='bbox 530 5280 930 5355; x_wconf 81' lang='lat' dir='ltr'><strong>exspoliandum</strong></span> <span class='ocrx_word' id='word_1_438' title='bbox 952 5282 1054 5339; x_wconf 87' lang='lat' dir='ltr'><strong>isto</strong></span> <span class='ocrx_word' id='word_1_439' title='bbox 1070 5282 1229 5338; x_wconf 89' lang='lat' dir='ltr'><strong>modo</strong></span> <span class='ocrx_word' id='word_1_440' title='bbox 1254 5286 1571 5355; x_wconf 82' lang='lat' dir='ltr'><strong>proximum.</strong></span> <span class='ocrx_word' id='word_1_441' title='bbox 1596 5288 1705 5345; x_wconf 80' lang='lat' dir='ltr'><strong>Hoc</strong></span> <span class='ocrx_word' id='word_1_442' title='bbox 1721 5292 1861 5348; x_wconf 87' lang='lat' dir='ltr'><strong>enim</strong></span> <span class='ocrx_word' id='word_1_443' title='bbox 1883 5293 2023 5352; x_wconf 89' lang='lat' dir='ltr'><strong>Deus</strong></span> 
     </span>
    </p>
   </div>
   <div class='ocr_carea' id='block_1_56' title="bbox 437 5374 2024 5453">
    <p class='ocr_par' dir='ltr' id='par_1_56' title="bbox 437 5374 2024 5453">
     <span class='ocr_line' id='line_1_56' title="bbox 437 5374 2024 5453; baseline 0.008 -22"><span class='ocrx_word' id='word_1_444' title='bbox 437 5375 617 5448; x_wconf 86' lang='lat' dir='ltr'><strong>jussit,</strong></span> <span class='ocrx_word' id='word_1_445' title='bbox 661 5374 751 5448; x_wconf 91' lang='lat' dir='ltr'><strong>qui</strong></span> <span class='ocrx_word' id='word_1_446' title='bbox 786 5386 1007 5433; x_wconf 83' lang='lat' dir='ltr'><strong>noverat</strong></span> <span class='ocrx_word' id='word_1_447' title='bbox 1030 5376 1155 5449; x_wconf 89' lang='lat' dir='ltr'><strong>quid</strong></span> <span class='ocrx_word' id='word_1_448' title='bbox 1181 5392 1445 5451; x_wconf 87' lang='lat' dir='ltr'><strong>quemque</strong></span> <span class='ocrx_word' id='word_1_449' title='bbox 1468 5380 1577 5452; x_wconf 88' lang='lat' dir='ltr'><strong>pati</strong></span> <span class='ocrx_word' id='word_1_450' title='bbox 1600 5392 1901 5453; x_wconf 88' lang='lat' dir='ltr'><strong>oporteret:</strong></span> <span class='ocrx_word' id='word_1_451' title='bbox 1923 5403 2024 5444; x_wconf 91' lang='lat' dir='ltr'><strong>nec</strong></span> 
     </span>
    </p>
   </div>
   <div class='ocr_carea' id='block_1_57' title="bbox 505 5498 2020 5584">
    <p class='ocr_par' dir='ltr' id='par_1_57' title="bbox 505 5498 2020 5584">
     <span class='ocr_line' id='line_1_57' title="bbox 505 5498 2020 5584; baseline 0.011 -27"><span class='ocrx_word' id='word_1_452' title='bbox 505 5509 746 5583; x_wconf 47' lang='lat' dir='ltr'><strong>{septem</strong></span> <span class='ocrx_word' id='word_1_453' title='bbox 782 5506 999 5561; x_wconf 77' lang='lat' dir='ltr'><strong>melioris</strong></span> <span class='ocrx_word' id='word_1_454' title='bbox 1037 5498 1166 5562; x_wconf 63' lang='lat' dir='ltr'><strong>noue</strong></span> <span class='ocrx_word' id='word_1_455' title='bbox 1189 5518 1318 5573; x_wconf 66' lang='lat' dir='ltr'><strong>uss,</strong></span> <span class='ocrx_word' id='word_1_456' title='bbox 1339 5520 1498 5579; x_wconf 86' lang='lat' dir='ltr'><strong>esset;</strong></span> <span class='ocrx_word' id='word_1_457' title='bbox 1522 5514 1663 5580; x_wconf 84' lang='lat' dir='ltr'><strong>juxta</strong></span> <span class='ocrx_word' id='word_1_458' title='bbox 1701 5530 1934 5584; x_wconf 56' lang='lat' dir='ltr'><strong>gra‘cum,</strong></span> <span class='ocrx_word' id='word_1_459' title='bbox 1958 5521 2020 5575; x_wconf 65' lang='grc' dir='ltr'><strong>ἐκ</strong></span> 
     </span>
    </p>
   </div>
   <div class='ocr_carea' id='block_1_58' title="bbox 506 5606 2019 5721">
    <p class='ocr_par' dir='ltr' id='par_1_58' title="bbox 506 5606 2019 5721">
     <span class='ocr_line' id='line_1_58' title="bbox 506 5606 2019 5721; baseline 0 0"><span class='ocrx_word' id='word_1_460' title='bbox 1083 5642 1187 5721; x_wconf 62' lang='grc'><strong>⁵3⁷11-</strong></span> <span class='ocrx_word' id='word_1_461' title='bbox 1516 5640 1846 5721; x_wconf 47' lang='lat' dir='ltr'><strong>seditque:</strong></span> <span class='ocrx_word' id='word_1_462' title='bbox 1881 5645 2019 5721; x_wconf 57' lang='lat' dir='ltr'><strong>dicit.</strong></span> 
     </span>
    </p>
   </div>
   <div class='ocr_carea' id='block_1_59' title="bbox 441 5697 2020 5819">
    <p class='ocr_par' dir='ltr' id='par_1_59' title="bbox 441 5697 2020 5819">
     <span class='ocr_line' id='line_1_59' title="bbox 441 5697 2020 5819; baseline -0.066 -9"><span class='ocrx_word' id='word_1_463' title='bbox 441 5697 939 5819; x_wconf 44' lang='lat' dir='ltr'><strong>ﬁgimugem</strong></span> <span class='ocrx_word' id='word_1_464' title='bbox 958 5710 1044 5795; x_wconf 68' lang='lat' dir='ltr'><strong>cpr</strong></span> <span class='ocrx_word' id='word_1_465' title='bbox 1080 5711 1202 5771; x_wconf 69' lang='lat' dir='ltr'><strong>erus</strong></span> <span class='ocrx_word' id='word_1_466' title='bbox 1220 5706 1272 5751; x_wconf 83' lang='lat' dir='ltr'><strong>ut</strong></span> <span class='ocrx_word' id='word_1_467' title='bbox 1305 5700 1475 5753; x_wconf 76' lang='lat' dir='ltr'><strong>ordine</strong></span> <span class='ocrx_word' id='word_1_468' title='bbox 1515 5697 1847 5770; x_wconf 42' lang='lat' dir='ltr'><strong>me</strong></span> <span class='ocrx_word' id='word_1_469' title='bbox 1883 5697 2020 5775; x_wconf 42' lang='grc' dir='ltr'><strong>δή</strong></span> 
     </span>
    </p>
   </div>
   <div class='ocr_carea' id='block_1_60' title="bbox 1236 260 2915 340">
    <p class='ocr_par' dir='ltr' id='par_1_60' title="bbox 1236 260 2915 340">
     <span class='ocr_line' id='line_1_60' title="bbox 1236 260 2915 340; baseline -0.002 -12"><span class='ocrx_word' id='word_1_470' title='bbox 1236 266 1698 340; x_wconf 65' lang='lat' dir='ltr'><strong>QUESTIONUM</strong></span> <span class='ocrx_word' id='word_1_471' title='bbox 1740 265 1801 325; x_wconf 90' lang='lat' dir='ltr'><strong>S.</strong></span> <span class='ocrx_word' id='word_1_472' title='bbox 1841 260 2215 323; x_wconf 75' lang='lat' dir='ltr'><strong>AUGUSTINi</strong></span> <span class='ocrx_word' id='word_1_473' title='bbox 2254 260 2321 321; x_wconf 84' lang='lat' dir='ltr'><strong>IN</strong></span> <span class='ocrx_word' id='word_1_474' title='bbox 2360 263 2915 328; x_wconf 73' lang='lat' dir='ltr'><strong>HEPTATEUCHUM</strong></span> 
     </span>
    </p>
   </div>
   <div class='ocr_carea' id='block_1_61' title="bbox 3619 272 3745 334">
    <p class='ocr_par' dir='ltr' id='par_1_61' title="bbox 3619 272 3745 334">
     <span class='ocr_line' id='line_1_61' title="bbox 3619 272 3745 334; baseline 0 0"><span class='ocrx_word' id='word_1_475' title='bbox 3619 272 3745 334; x_wconf 70' lang='lat'><strong>608</strong></span> 
     </span>
    </p>
   </div>
   <div class='ocr_carea' id='block_1_62' title="bbox 2138 379 3754 459">
    <p class='ocr_par' dir='ltr' id='par_1_62' title="bbox 2138 379 3754 459">
     <span class='ocr_line' id='line_1_62' title="bbox 2138 379 3754 459; baseline 0.007 -22"><span class='ocrx_word' id='word_1_476' title='bbox 2138 379 2389 438; x_wconf 69' lang='lat' dir='ltr'><strong>Israelita:</strong></span> <span class='ocrx_word' id='word_1_477' title='bbox 2417 383 2608 440; x_wconf 87' lang='lat' dir='ltr'><strong>furtum</strong></span> <span class='ocrx_word' id='word_1_478' title='bbox 2633 385 2889 454; x_wconf 86' lang='lat' dir='ltr'><strong>fecerunt,</strong></span> <span class='ocrx_word' id='word_1_479' title='bbox 2907 382 3001 442; x_wconf 84' lang='lat' dir='ltr'><strong>sed</strong></span> <span class='ocrx_word' id='word_1_480' title='bbox 3026 386 3135 442; x_wconf 90' lang='lat' dir='ltr'><strong>Deo</strong></span> <span class='ocrx_word' id='word_1_481' title='bbox 3148 385 3354 459; x_wconf 89' lang='lat' dir='ltr'><strong>jubenti</strong></span> <span class='ocrx_word' id='word_1_482' title='bbox 3370 387 3754 449; x_wconf 79' lang='lat' dir='ltr'><strong>ministerium</strong></span> 
     </span>
    </p>
   </div>
   <div class='ocr_carea' id='block_1_63' title="bbox 2138 476 3752 550">
    <p class='ocr_par' dir='ltr' id='par_1_63' title="bbox 2138 476 3752 550">
     <span class='ocr_line' id='line_1_63' title="bbox 2138 476 3752 550; baseline 0.007 -21"><span class='ocrx_word' id='word_1_483' title='bbox 2138 476 2499 545; x_wconf 77' lang='lat' dir='ltr'><strong>prtcbuerunt.</strong></span> <span class='ocrx_word' id='word_1_484' title='bbox 2531 477 2983 542; x_wconf 75' lang='lat' dir='ltr'><strong>Quemadmodum</strong></span> <span class='ocrx_word' id='word_1_485' title='bbox 3004 494 3126 533; x_wconf 90' lang='lat' dir='ltr'><strong>eum</strong></span> <span class='ocrx_word' id='word_1_486' title='bbox 3148 477 3391 539; x_wconf 88' lang='lat' dir='ltr'><strong>minister</strong></span> <span class='ocrx_word' id='word_1_487' title='bbox 3410 480 3611 550; x_wconf 86' lang='lat' dir='ltr'><strong>judicis</strong></span> <span class='ocrx_word' id='word_1_488' title='bbox 3638 499 3752 541; x_wconf 82' lang='lat' dir='ltr'><strong>oc-</strong></span> 
     </span>
    </p>
   </div>
   <div class='ocr_carea' id='block_1_64' title="bbox 2136 567 3749 647">
    <p class='ocr_par' dir='ltr' id='par_1_64' title="bbox 2136 567 3749 647">
     <span class='ocr_line' id='line_1_64' title="bbox 2136 567 3749 647; baseline 0.007 -25"><span class='ocrx_word' id='word_1_489' title='bbox 2136 567 2267 623; x_wconf 90' lang='lat' dir='ltr'><strong>cidit</strong></span> <span class='ocrx_word' id='word_1_490' title='bbox 2280 585 2402 625; x_wconf 88' lang='lat' dir='ltr'><strong>eum</strong></span> <span class='ocrx_word' id='word_1_491' title='bbox 2419 585 2577 641; x_wconf 88' lang='lat' dir='ltr'><strong>quem</strong></span> <span class='ocrx_word' id='word_1_492' title='bbox 2594 569 2753 640; x_wconf 85' lang='lat' dir='ltr'><strong>judex</strong></span> <span class='ocrx_word' id='word_1_493' title='bbox 2766 570 2921 641; x_wconf 84' lang='lat' dir='ltr'><strong>jussit</strong></span> <span class='ocrx_word' id='word_1_494' title='bbox 2938 572 3128 639; x_wconf 87' lang='lat' dir='ltr'><strong>occidi,</strong></span> <span class='ocrx_word' id='word_1_495' title='bbox 3147 574 3382 643; x_wconf 88' lang='lat' dir='ltr'><strong>profecto</strong></span> <span class='ocrx_word' id='word_1_496' title='bbox 3401 575 3443 629; x_wconf 90' lang='lat' dir='ltr'><strong>si</strong></span> <span class='ocrx_word' id='word_1_497' title='bbox 3464 575 3512 630; x_wconf 89' lang='lat' dir='ltr'><strong>id</strong></span> <span class='ocrx_word' id='word_1_498' title='bbox 3529 585 3749 647; x_wconf 72' lang='lat' dir='ltr'><strong>sponte</strong></span> 
     </span>
    </p>
   </div>
   <div class='ocr_carea' id='block_1_65' title="bbox 2136 656 3750 737">
    <p class='ocr_par' dir='ltr' id='par_1_65' title="bbox 2136 656 3750 737">
     <span class='ocr_line' id='line_1_65' title="bbox 2136 656 3750 737; baseline 0.008 -25"><span class='ocrx_word' id='word_1_499' title='bbox 2136 656 2317 726; x_wconf 89' lang='lat' dir='ltr'><strong>faciat,</strong></span> <span class='ocrx_word' id='word_1_500' title='bbox 2359 658 2621 715; x_wconf 79' lang='lat' dir='ltr'><strong>homicida</strong></span> <span class='ocrx_word' id='word_1_501' title='bbox 2659 669 2761 726; x_wconf 86' lang='lat' dir='ltr'><strong>est,</strong></span> <span class='ocrx_word' id='word_1_502' title='bbox 2790 663 2996 718; x_wconf 84' lang='lat' dir='ltr'><strong>etiamsi</strong></span> <span class='ocrx_word' id='word_1_503' title='bbox 3029 679 3152 719; x_wconf 88' lang='lat' dir='ltr'><strong>eum</strong></span> <span class='ocrx_word' id='word_1_504' title='bbox 3179 665 3408 732; x_wconf 87' lang='lat' dir='ltr'><strong>occidat,</strong></span> <span class='ocrx_word' id='word_1_505' title='bbox 3435 683 3591 737; x_wconf 83' lang='lat' dir='ltr'><strong>quem</strong></span> <span class='ocrx_word' id='word_1_506' title='bbox 3628 669 3750 725; x_wconf 80' lang='lat' dir='ltr'><strong>Scit</strong></span> 
     </span>
    </p>
   </div>
   <div class='ocr_carea' id='block_1_66' title="bbox 2137 740 3751 833">
    <p class='ocr_par' dir='ltr' id='par_1_66' title="bbox 2137 740 3751 833">
     <span class='ocr_line' id='line_1_66' title="bbox 2137 740 3751 833; baseline 0.007 -26"><span class='ocrx_word' id='word_1_507' title='bbox 2137 751 2309 807; x_wconf 89' lang='lat' dir='ltr'><strong>occidi</strong></span> <span class='ocrx_word' id='word_1_508' title='bbox 2334 768 2363 806; x_wconf 86' lang='lat' dir='ltr'><strong>a</strong></span> <span class='ocrx_word' id='word_1_509' title='bbox 2385 752 2564 823; x_wconf 87' lang='lat' dir='ltr'><strong>judice</strong></span> <span class='ocrx_word' id='word_1_510' title='bbox 2583 740 2851 811; x_wconf 81' lang='lat' dir='ltr'><strong>debuisse.</strong></span> <span class='ocrx_word' id='word_1_511' title='bbox 2883 755 2981 811; x_wconf 85' lang='lat' dir='ltr'><strong>Est</strong></span> <span class='ocrx_word' id='word_1_512' title='bbox 3003 756 3164 811; x_wconf 88' lang='lat' dir='ltr'><strong>etiam</strong></span> <span class='ocrx_word' id='word_1_513' title='bbox 3191 758 3289 813; x_wconf 88' lang='lat' dir='ltr'><strong>ista</strong></span> <span class='ocrx_word' id='word_1_514' title='bbox 3311 761 3555 818; x_wconf 85' lang='lat' dir='ltr'><strong>nonnulla</strong></span> <span class='ocrx_word' id='word_1_515' title='bbox 3580 778 3751 833; x_wconf 54' lang='lat' dir='ltr'><strong>quas.</strong></span> 
     </span>
    </p>
   </div>
   <div class='ocr_carea' id='block_1_67' title="bbox 2135 841 3743 920">
    <p class='ocr_par' dir='ltr' id='par_1_67' title="bbox 2135 841 3743 920">
     <span class='ocr_line' id='line_1_67' title="bbox 2135 841 3743 920; baseline 0.007 -24"><span class='ocrx_word' id='word_1_516' title='bbox 2135 841 2260 910; x_wconf 89' lang='lat' dir='ltr'><strong>stio,</strong></span> <span class='ocrx_word' id='word_1_517' title='bbox 2287 842 2332 898; x_wconf 89' lang='lat' dir='ltr'><strong>si</strong></span> <span class='ocrx_word' id='word_1_518' title='bbox 2371 857 2612 899; x_wconf 87' lang='lat' dir='ltr'><strong>seorsum</strong></span> <span class='ocrx_word' id='word_1_519' title='bbox 2656 844 2963 901; x_wconf 88' lang='lat' dir='ltr'><strong>habitabant</strong></span> <span class='ocrx_word' id='word_1_520' title='bbox 3006 846 3213 903; x_wconf 77' lang='lat' dir='ltr'><strong>llebrmi</strong></span> <span class='ocrx_word' id='word_1_521' title='bbox 3244 849 3295 903; x_wconf 90' lang='lat' dir='ltr'><strong>iu</strong></span> <span class='ocrx_word' id='word_1_522' title='bbox 3328 859 3468 906; x_wconf 83' lang='lat' dir='ltr'><strong>terra</strong></span> <span class='ocrx_word' id='word_1_523' title='bbox 3494 851 3743 920; x_wconf 81' lang='lat' dir='ltr'><strong>Gessen,</strong></span> 
     </span>
    </p>
   </div>
   <div class='ocr_carea' id='block_1_68' title="bbox 2135 932 3747 1010">
    <p class='ocr_par' dir='ltr' id='par_1_68' title="bbox 2135 932 3747 1010">
     <span class='ocr_line' id='line_1_68' title="bbox 2135 932 3747 1010; baseline 0.007 -23"><span class='ocrx_word' id='word_1_524' title='bbox 2135 932 2225 988; x_wconf 88' lang='lat' dir='ltr'><strong>ubi</strong></span> <span class='ocrx_word' id='word_1_525' title='bbox 2253 947 2350 989; x_wconf 90' lang='lat' dir='ltr'><strong>nec</strong></span> <span class='ocrx_word' id='word_1_526' title='bbox 2376 935 2543 1006; x_wconf 74' lang='lat' dir='ltr'><strong>plaga:</strong></span> <span class='ocrx_word' id='word_1_527' title='bbox 2582 934 2778 991; x_wconf 87' lang='lat' dir='ltr'><strong>Iiehant</strong></span> <span class='ocrx_word' id='word_1_528' title='bbox 2799 937 2994 1007; x_wconf 90' lang='lat' dir='ltr'><strong>quibus</strong></span> <span class='ocrx_word' id='word_1_529' title='bbox 3014 954 3237 1010; x_wconf 78' lang='lat' dir='ltr'><strong>regnum</strong></span> <span class='ocrx_word' id='word_1_530' title='bbox 3265 940 3551 999; x_wconf 85' lang='lat' dir='ltr'><strong>Pharaonis</strong></span> <span class='ocrx_word' id='word_1_531' title='bbox 3576 942 3747 999; x_wconf 79' lang='lat' dir='ltr'><strong>afﬂi-</strong></span> 
     </span>
    </p>
   </div>
   <div class='ocr_carea' id='block_1_69' title="bbox 2133 1023 3747 1107">
    <p class='ocr_par' dir='ltr' id='par_1_69' title="bbox 2133 1023 3747 1107">
     <span class='ocr_line' id='line_1_69' title="bbox 2133 1023 3747 1107; baseline 0.007 -27"><span class='ocrx_word' id='word_1_532' title='bbox 2133 1023 2378 1094; x_wconf 87' lang='lat' dir='ltr'><strong>gebatur,</strong></span> <span class='ocrx_word' id='word_1_533' title='bbox 2409 1026 2677 1097; x_wconf 90' lang='lat' dir='ltr'><strong>quomodo</strong></span> <span class='ocrx_word' id='word_1_534' title='bbox 2705 1028 2834 1098; x_wconf 88' lang='lat' dir='ltr'><strong>petit</strong></span> <span class='ocrx_word' id='word_1_535' title='bbox 2857 1028 3129 1101; x_wconf 82' lang='lat' dir='ltr'><strong>quisquea</strong></span> <span class='ocrx_word' id='word_1_536' title='bbox 3155 1032 3396 1103; x_wconf 77' lang='lat' dir='ltr'><strong>proximo</strong></span> <span class='ocrx_word' id='word_1_537' title='bbox 3427 1035 3505 1090; x_wconf 78' lang='lat' dir='ltr'><strong>vel</strong></span> <span class='ocrx_word' id='word_1_538' title='bbox 3538 1050 3565 1089; x_wconf 88' lang='lat' dir='ltr'><strong>a</strong></span> <span class='ocrx_word' id='word_1_539' title='bbox 3600 1050 3747 1107; x_wconf 78' lang='lat' dir='ltr'><strong>pro-</strong></span> 
     </span>
    </p>
   </div>
   <div class='ocr_carea' id='block_1_70' title="bbox 2134 1118 3744 1198">
    <p class='ocr_par' dir='ltr' id='par_1_70' title="bbox 2134 1118 3744 1198">
     <span class='ocr_line' id='line_1_70' title="bbox 2134 1118 3744 1198; baseline 0.008 -25"><span class='ocrx_word' id='word_1_540' title='bbox 2134 1118 2298 1187; x_wconf 78' lang='lat' dir='ltr'><strong>xima,</strong></span> <span class='ocrx_word' id='word_1_541' title='bbox 2327 1135 2539 1186; x_wconf 89' lang='lat' dir='ltr'><strong>aurum,</strong></span> <span class='ocrx_word' id='word_1_542' title='bbox 2582 1130 2880 1192; x_wconf 81' lang='lat' dir='ltr'><strong>argentum,</strong></span> <span class='ocrx_word' id='word_1_543' title='bbox 2907 1132 2963 1178; x_wconf 93' lang='lat' dir='ltr'><strong>et</strong></span> <span class='ocrx_word' id='word_1_544' title='bbox 2996 1133 3231 1191; x_wconf 83' lang='lat' dir='ltr'><strong>vestem;</strong></span> <span class='ocrx_word' id='word_1_545' title='bbox 3266 1128 3554 1197; x_wconf 73' lang='lat' dir='ltr'><strong>prmsertitn</strong></span> <span class='ocrx_word' id='word_1_546' title='bbox 3591 1128 3744 1198; x_wconf 77' lang='lat' dir='ltr'><strong>quia</strong></span> 
     </span>
    </p>
   </div>
   <div class='ocr_carea' id='block_1_71' title="bbox 2137 1209 3741 1292">
    <p class='ocr_par' dir='ltr' id='par_1_71' title="bbox 2137 1209 3741 1292">
     <span class='ocr_line' id='line_1_71' title="bbox 2137 1209 3741 1292; baseline 0.007 -25"><span class='ocrx_word' id='word_1_547' title='bbox 2137 1209 2226 1267; x_wconf 89' lang='lat' dir='ltr'><strong>ubi</strong></span> <span class='ocrx_word' id='word_1_548' title='bbox 2253 1212 2486 1282; x_wconf 79' lang='lat' dir='ltr'><strong>primum</strong></span> <span class='ocrx_word' id='word_1_549' title='bbox 2514 1210 2615 1268; x_wconf 89' lang='lat' dir='ltr'><strong>hoc</strong></span> <span class='ocrx_word' id='word_1_550' title='bbox 2655 1213 2936 1270; x_wconf 88' lang='lat' dir='ltr'><strong>mandatur</strong></span> <span class='ocrx_word' id='word_1_551' title='bbox 2964 1232 3060 1287; x_wconf 90' lang='lat' dir='ltr'><strong>per</strong></span> <span class='ocrx_word' id='word_1_552' title='bbox 3100 1216 3342 1289; x_wconf 75' lang='lat' dir='ltr'><strong>Moysen,</strong></span> <span class='ocrx_word' id='word_1_553' title='bbox 3373 1218 3452 1275; x_wconf 90' lang='lat' dir='ltr'><strong>sic</strong></span> <span class='ocrx_word' id='word_1_554' title='bbox 3488 1222 3741 1292; x_wconf 77' lang='lat' dir='ltr'><strong>positqu</strong></span> 
     </span>
    </p>
   </div>
   <div class='ocr_carea' id='block_1_72' title="bbox 2137 1304 3738 1374">
    <p class='ocr_par' dir='ltr' id='par_1_72' title="bbox 2137 1304 3738 1374">
     <span class='ocr_line' id='line_1_72' title="bbox 2137 1304 3738 1374; baseline 0.007 -16"><span class='ocrx_word' id='word_1_555' title='bbox 2137 1312 2238 1368; x_wconf 87' lang='lat' dir='ltr'><strong>est,</strong></span> <span class='ocrx_word' id='word_1_556' title='bbox 2272 1313 2320 1357; x_wconf 76' lang='lat' dir='ltr'><strong>et</strong></span> <span class='ocrx_word' id='word_1_557' title='bbox 2345 1304 2527 1358; x_wconf 86' lang='lat' dir='ltr'><strong>mulier</strong></span> <span class='ocrx_word' id='word_1_558' title='bbox 2552 1320 2585 1357; x_wconf 90' lang='lat' dir='ltr'><strong>a</strong></span> <span class='ocrx_word' id='word_1_559' title='bbox 2608 1305 2771 1360; x_wconf 82' lang='lat' dir='ltr'><strong>vicina</strong></span> <span class='ocrx_word' id='word_1_560' title='bbox 2796 1322 2889 1361; x_wconf 90' lang='lat' dir='ltr'><strong>sua</strong></span> <span class='ocrx_word' id='word_1_561' title='bbox 2915 1316 2963 1362; x_wconf 91' lang='lat' dir='ltr'><strong>et</strong></span> <span class='ocrx_word' id='word_1_562' title='bbox 2994 1306 3318 1374; x_wconf 86' lang='lat' dir='ltr'><strong>concellaria,</strong></span> <span class='ocrx_word' id='word_1_563' title='bbox 3360 1316 3440 1368; x_wconf 87' lang='lat' dir='ltr'><strong>vel</strong></span> <span class='ocrx_word' id='word_1_564' title='bbox 3464 1313 3738 1369; x_wconf 77' lang='lat' dir='ltr'><strong>cancella-</strong></span> 
     </span>
    </p>
   </div>
   <div class='ocr_carea' id='block_1_73' title="bbox 2137 1393 3742 1475">
    <p class='ocr_par' dir='ltr' id='par_1_73' title="bbox 2137 1393 3742 1475">
     <span class='ocr_line' id='line_1_73' title="bbox 2137 1393 3742 1475; baseline 0.008 -26"><span class='ocrx_word' id='word_1_565' title='bbox 2137 1409 2232 1449; x_wconf 83' lang='lat' dir='ltr'><strong>nea</strong></span> <span class='ocrx_word' id='word_1_566' title='bbox 2250 1394 2317 1468; x_wconf 89' lang='lat' dir='ltr'><strong>(si</strong></span> <span class='ocrx_word' id='word_1_567' title='bbox 2338 1395 2409 1450; x_wconf 90' lang='lat' dir='ltr'><strong>ita</strong></span> <span class='ocrx_word' id='word_1_568' title='bbox 2430 1393 2712 1451; x_wconf 88' lang='lat' dir='ltr'><strong>dicendum</strong></span> <span class='ocrx_word' id='word_1_569' title='bbox 2728 1397 2853 1468; x_wconf 85' lang='lat' dir='ltr'><strong>est),</strong></span> <span class='ocrx_word' id='word_1_570' title='bbox 2878 1399 2959 1453; x_wconf 89' lang='lat' dir='ltr'><strong>vel</strong></span> <span class='ocrx_word' id='word_1_571' title='bbox 2975 1399 3329 1455; x_wconf 83' lang='lat' dir='ltr'><strong>cohabitatrice</strong></span> <span class='ocrx_word' id='word_1_572' title='bbox 3341 1419 3433 1457; x_wconf 87' lang='lat' dir='ltr'><strong>sua</strong></span> <span class='ocrx_word' id='word_1_573' title='bbox 3454 1403 3545 1475; x_wconf 83' lang='grc' dir='ltr'><strong>(α).</strong></span> <span class='ocrx_word' id='word_1_574' title='bbox 3567 1403 3742 1462; x_wconf 77' lang='lat' dir='ltr'><strong>Unde</strong></span> 
     </span>
    </p>
   </div>
   <div class='ocr_carea' id='block_1_74' title="bbox 2136 1486 3741 1557">
    <p class='ocr_par' dir='ltr' id='par_1_74' title="bbox 2136 1486 3741 1557">
     <span class='ocr_line' id='line_1_74' title="bbox 2136 1486 3741 1557; baseline 0.009 -16"><span class='ocrx_word' id='word_1_575' title='bbox 2136 1486 2537 1557; x_wconf 89' lang='lat' dir='ltr'><strong>intelligendum</strong></span> <span class='ocrx_word' id='word_1_576' title='bbox 2566 1496 2668 1554; x_wconf 91' lang='lat' dir='ltr'><strong>est,</strong></span> <span class='ocrx_word' id='word_1_577' title='bbox 2713 1488 2873 1544; x_wconf 89' lang='lat' dir='ltr'><strong>etiam</strong></span> <span class='ocrx_word' id='word_1_578' title='bbox 2918 1489 2972 1544; x_wconf 91' lang='lat' dir='ltr'><strong>in</strong></span> <span class='ocrx_word' id='word_1_579' title='bbox 3014 1500 3154 1546; x_wconf 78' lang='lat' dir='ltr'><strong>terra</strong></span> <span class='ocrx_word' id='word_1_580' title='bbox 3195 1493 3396 1550; x_wconf 87' lang='lat' dir='ltr'><strong>Gessen</strong></span> <span class='ocrx_word' id='word_1_581' title='bbox 3425 1510 3530 1551; x_wconf 92' lang='lat' dir='ltr'><strong>non</strong></span> <span class='ocrx_word' id='word_1_582' title='bbox 3570 1496 3741 1555; x_wconf 75' lang='lat' dir='ltr'><strong>solos</strong></span> 
     </span>
    </p>
   </div>
   <div class='ocr_carea' id='block_1_75' title="bbox 2137 1576 3738 1656">
    <p class='ocr_par' dir='ltr' id='par_1_75' title="bbox 2137 1576 3738 1656">
     <span class='ocr_line' id='line_1_75' title="bbox 2137 1576 3738 1656; baseline 0.008 -24"><span class='ocrx_word' id='word_1_583' title='bbox 2137 1576 2391 1632; x_wconf 78' lang='lat' dir='ltr'><strong>Hebrmos</strong></span> <span class='ocrx_word' id='word_1_584' title='bbox 2417 1576 2705 1647; x_wconf 88' lang='lat' dir='ltr'><strong>habitasse,</strong></span> <span class='ocrx_word' id='word_1_585' title='bbox 2737 1578 2833 1634; x_wconf 89' lang='lat' dir='ltr'><strong>sed</strong></span> <span class='ocrx_word' id='word_1_586' title='bbox 2872 1579 2952 1635; x_wconf 88' lang='lat' dir='ltr'><strong>eis</strong></span> <span class='ocrx_word' id='word_1_587' title='bbox 2980 1580 3187 1653; x_wconf 89' lang='lat' dir='ltr'><strong>aliquos</strong></span> <span class='ocrx_word' id='word_1_588' title='bbox 3227 1583 3505 1656; x_wconf 66' lang='lat' dir='ltr'><strong>Egyptios</strong></span> <span class='ocrx_word' id='word_1_589' title='bbox 3533 1588 3584 1642; x_wconf 93' lang='lat' dir='ltr'><strong>in</strong></span> <span class='ocrx_word' id='word_1_590' title='bbox 3628 1588 3738 1646; x_wconf 81' lang='lat' dir='ltr'><strong>illa</strong></span> 
     </span>
    </p>
   </div>
   <div class='ocr_carea' id='block_1_76' title="bbox 2138 1672 3738 1747">
    <p class='ocr_par' dir='ltr' id='par_1_76' title="bbox 2138 1672 3738 1747">
     <span class='ocr_line' id='line_1_76' title="bbox 2138 1672 3738 1747; baseline 0.006 -20"><span class='ocrx_word' id='word_1_591' title='bbox 2138 1680 2278 1728; x_wconf 87' lang='lat' dir='ltr'><strong>terra</strong></span> <span class='ocrx_word' id='word_1_592' title='bbox 2305 1672 2697 1728; x_wconf 82' lang='lat' dir='ltr'><strong>cobabitatores</strong></span> <span class='ocrx_word' id='word_1_593' title='bbox 2725 1673 2910 1740; x_wconf 89' lang='lat' dir='ltr'><strong>fuisse,</strong></span> <span class='ocrx_word' id='word_1_594' title='bbox 2958 1675 3024 1729; x_wconf 92' lang='lat' dir='ltr'><strong>ad</strong></span> <span class='ocrx_word' id='word_1_595' title='bbox 3053 1691 3189 1747; x_wconf 89' lang='lat' dir='ltr'><strong>quos</strong></span> <span class='ocrx_word' id='word_1_596' title='bbox 3216 1687 3499 1747; x_wconf 91' lang='lat' dir='ltr'><strong>potuerunt</strong></span> <span class='ocrx_word' id='word_1_597' title='bbox 3526 1681 3738 1739; x_wconf 86' lang='lat' dir='ltr'><strong>merito</strong></span> 
     </span>
    </p>
   </div>
   <div class='ocr_carea' id='block_1_77' title="bbox 2138 1763 3738 1840">
    <p class='ocr_par' dir='ltr' id='par_1_77' title="bbox 2138 1763 3738 1840">
     <span class='ocr_line' id='line_1_77' title="bbox 2138 1763 3738 1840; baseline 0.008 -22"><span class='ocrx_word' id='word_1_598' title='bbox 2138 1763 2482 1819; x_wconf 74' lang='lat' dir='ltr'><strong>Ilehrmorum</strong></span> <span class='ocrx_word' id='word_1_599' title='bbox 2511 1764 2673 1820; x_wconf 88' lang='lat' dir='ltr'><strong>etiam</strong></span> <span class='ocrx_word' id='word_1_600' title='bbox 2712 1764 2801 1820; x_wconf 89' lang='lat' dir='ltr'><strong>illa</strong></span> <span class='ocrx_word' id='word_1_601' title='bbox 2842 1765 3018 1821; x_wconf 83' lang='lat' dir='ltr'><strong>divina</strong></span> <span class='ocrx_word' id='word_1_602' title='bbox 3051 1768 3306 1824; x_wconf 89' lang='lat' dir='ltr'><strong>benellcia</strong></span> <span class='ocrx_word' id='word_1_603' title='bbox 3334 1773 3630 1840; x_wconf 85' lang='lat' dir='ltr'><strong>pervenire,</strong></span> <span class='ocrx_word' id='word_1_604' title='bbox 3668 1786 3738 1830; x_wconf 87' lang='lat' dir='ltr'><strong>ut</strong></span> 
     </span>
    </p>
   </div>
   <div class='ocr_carea' id='block_1_78' title="bbox 2139 1855 3737 1933">
    <p class='ocr_par' dir='ltr' id='par_1_78' title="bbox 2139 1855 3737 1933">
     <span class='ocr_line' id='line_1_78' title="bbox 2139 1855 3737 1933; baseline 0.009 -24"><span class='ocrx_word' id='word_1_605' title='bbox 2139 1855 2265 1912; x_wconf 90' lang='lat' dir='ltr'><strong>hinc</strong></span> <span class='ocrx_word' id='word_1_606' title='bbox 2286 1872 2380 1913; x_wconf 85' lang='lat' dir='ltr'><strong>eos</strong></span> <span class='ocrx_word' id='word_1_607' title='bbox 2398 1865 2452 1913; x_wconf 89' lang='lat' dir='ltr'><strong>et</strong></span> <span class='ocrx_word' id='word_1_608' title='bbox 2475 1856 2755 1930; x_wconf 73' lang='lat' dir='ltr'><strong>diligerent</strong></span> <span class='ocrx_word' id='word_1_609' title='bbox 2781 1857 2937 1914; x_wconf 90' lang='lat' dir='ltr'><strong>iidem</strong></span> <span class='ocrx_word' id='word_1_610' title='bbox 2961 1859 3199 1932; x_wconf 64' lang='lat' dir='ltr'><strong>Egyptii</strong></span> <span class='ocrx_word' id='word_1_611' title='bbox 3226 1861 3635 1933; x_wconf 76' lang='lat' dir='ltr'><strong>cobabitatores,</strong></span> <span class='ocrx_word' id='word_1_612' title='bbox 3672 1876 3737 1924; x_wconf 85' lang='lat' dir='ltr'><strong>et</strong></span> 
     </span>
    </p>
   </div>
   <div class='ocr_carea' id='block_1_79' title="bbox 2139 1949 3733 2020">
    <p class='ocr_par' dir='ltr' id='par_1_79' title="bbox 2139 1949 3733 2020">
     <span class='ocr_line' id='line_1_79' title="bbox 2139 1949 3733 2020; baseline 0.007 -17"><span class='ocrx_word' id='word_1_613' title='bbox 2139 1949 2278 2020; x_wconf 89' lang='lat' dir='ltr'><strong>quod</strong></span> <span class='ocrx_word' id='word_1_614' title='bbox 2308 1949 2558 2020; x_wconf 85' lang='lat' dir='ltr'><strong>petebant</strong></span> <span class='ocrx_word' id='word_1_615' title='bbox 2584 1950 2737 2006; x_wconf 85' lang='lat' dir='ltr'><strong>facile</strong></span> <span class='ocrx_word' id='word_1_616' title='bbox 2765 1951 3195 2009; x_wconf 81' lang='lat' dir='ltr'><strong>commodarent:</strong></span> <span class='ocrx_word' id='word_1_617' title='bbox 3223 1968 3325 2010; x_wconf 91' lang='lat' dir='ltr'><strong>nec</strong></span> <span class='ocrx_word' id='word_1_618' title='bbox 3364 1963 3537 2010; x_wconf 86' lang='lat' dir='ltr'><strong>tamen</strong></span> <span class='ocrx_word' id='word_1_619' title='bbox 3581 1957 3733 2014; x_wconf 88' lang='lat' dir='ltr'><strong>Deus</strong></span> 
     </span>
    </p>
   </div>
   <div class='ocr_carea' id='block_1_80' title="bbox 2133 2041 3731 2113">
    <p class='ocr_par' dir='ltr' id='par_1_80' title="bbox 2133 2041 3731 2113">
     <span class='ocr_line' id='line_1_80' title="bbox 2133 2041 3731 2113; baseline 0.006 -17"><span class='ocrx_word' id='word_1_620' title='bbox 2133 2041 2393 2112; x_wconf 84' lang='lat' dir='ltr'><strong>judicavit</strong></span> <span class='ocrx_word' id='word_1_621' title='bbox 2421 2043 2491 2096; x_wconf 91' lang='lat' dir='ltr'><strong>ita</strong></span> <span class='ocrx_word' id='word_1_622' title='bbox 2516 2042 2632 2098; x_wconf 90' lang='lat' dir='ltr'><strong>illos</strong></span> <span class='ocrx_word' id='word_1_623' title='bbox 2656 2042 2859 2100; x_wconf 89' lang='lat' dir='ltr'><strong>alienos</strong></span> <span class='ocrx_word' id='word_1_624' title='bbox 2887 2043 3053 2100; x_wconf 82' lang='lat' dir='ltr'><strong>fuisse</strong></span> <span class='ocrx_word' id='word_1_625' title='bbox 3089 2044 3157 2100; x_wconf 91' lang='lat' dir='ltr'><strong>ab</strong></span> <span class='ocrx_word' id='word_1_626' title='bbox 3198 2044 3403 2113; x_wconf 74' lang='lat' dir='ltr'><strong>injuriis</strong></span> <span class='ocrx_word' id='word_1_627' title='bbox 3436 2055 3491 2102; x_wconf 91' lang='lat' dir='ltr'><strong>et</strong></span> <span class='ocrx_word' id='word_1_628' title='bbox 3516 2049 3731 2105; x_wconf 82' lang='lat' dir='ltr'><strong>contri-</strong></span> 
     </span>
    </p>
   </div>
   <div class='ocr_carea' id='block_1_81' title="bbox 2144 2135 3731 2206">
    <p class='ocr_par' dir='ltr' id='par_1_81' title="bbox 2144 2135 3731 2206">
     <span class='ocr_line' id='line_1_81' title="bbox 2144 2135 3731 2206; baseline 0.004 -18"><span class='ocrx_word' id='word_1_629' title='bbox 2144 2135 2377 2189; x_wconf 89' lang='lat' dir='ltr'><strong>tionibus</strong></span> <span class='ocrx_word' id='word_1_630' title='bbox 2403 2151 2535 2205; x_wconf 89' lang='lat' dir='ltr'><strong>quas</strong></span> <span class='ocrx_word' id='word_1_631' title='bbox 2561 2136 2781 2206; x_wconf 90' lang='lat' dir='ltr'><strong>populus</strong></span> <span class='ocrx_word' id='word_1_632' title='bbox 2804 2136 2896 2191; x_wconf 89' lang='lat' dir='ltr'><strong>Dei</strong></span> <span class='ocrx_word' id='word_1_633' title='bbox 2922 2136 3155 2206; x_wconf 84' lang='lat' dir='ltr'><strong>pertulit,</strong></span> <span class='ocrx_word' id='word_1_634' title='bbox 3185 2146 3243 2192; x_wconf 92' lang='lat' dir='ltr'><strong>ut</strong></span> <span class='ocrx_word' id='word_1_635' title='bbox 3270 2152 3370 2193; x_wconf 89' lang='lat' dir='ltr'><strong>nec</strong></span> <span class='ocrx_word' id='word_1_636' title='bbox 3398 2137 3501 2193; x_wconf 90' lang='lat' dir='ltr'><strong>isto</strong></span> <span class='ocrx_word' id='word_1_637' title='bbox 3523 2137 3731 2194; x_wconf 76' lang='lat' dir='ltr'><strong>datnno</strong></span> 
     </span>
    </p>
   </div>
   <div class='ocr_carea' id='block_1_82' title="bbox 2142 2223 3729 2299">
    <p class='ocr_par' dir='ltr' id='par_1_82' title="bbox 2142 2223 3729 2299">
     <span class='ocr_line' id='line_1_82' title="bbox 2142 2223 3729 2299; baseline 0.004 -21"><span class='ocrx_word' id='word_1_638' title='bbox 2142 2223 2446 2293; x_wconf 89' lang='lat' dir='ltr'><strong>ferirentur,</strong></span> <span class='ocrx_word' id='word_1_639' title='bbox 2474 2225 2563 2295; x_wconf 90' lang='lat' dir='ltr'><strong>qui</strong></span> <span class='ocrx_word' id='word_1_640' title='bbox 2602 2226 2766 2297; x_wconf 82' lang='lat' dir='ltr'><strong>plagis</strong></span> <span class='ocrx_word' id='word_1_641' title='bbox 2796 2226 2898 2280; x_wconf 92' lang='lat' dir='ltr'><strong>illis</strong></span> <span class='ocrx_word' id='word_1_642' title='bbox 2943 2238 3225 2298; x_wconf 86' lang='lat' dir='ltr'><strong>propterea</strong></span> <span class='ocrx_word' id='word_1_643' title='bbox 3268 2226 3408 2299; x_wconf 90' lang='lat' dir='ltr'><strong>quod</strong></span> <span class='ocrx_word' id='word_1_644' title='bbox 3456 2237 3613 2285; x_wconf 70' lang='lat' dir='ltr'><strong>terra:</strong></span> <span class='ocrx_word' id='word_1_645' title='bbox 3640 2228 3729 2286; x_wconf 84' lang='lat' dir='ltr'><strong>illi</strong></span> 
     </span>
    </p>
   </div>
   <div class='ocr_carea' id='block_1_83' title="bbox 2139 2317 3079 2387">
    <p class='ocr_par' dir='ltr' id='par_1_83' title="bbox 2139 2317 3079 2387">
     <span class='ocr_line' id='line_1_83' title="bbox 2139 2317 3079 2387; baseline 0.004 -18"><span class='ocrx_word' id='word_1_646' title='bbox 2139 2317 2472 2387; x_wconf 84' lang='lat' dir='ltr'><strong>parcebatur,</strong></span> <span class='ocrx_word' id='word_1_647' title='bbox 2506 2319 2740 2387; x_wconf 61' lang='grc' dir='ltr'><strong>νεῖαι]δεί</strong></span> <span class='ocrx_word' id='word_1_648' title='bbox 2772 2334 2876 2373; x_wconf 89' lang='lat' dir='ltr'><strong>non</strong></span> <span class='ocrx_word' id='word_1_649' title='bbox 2905 2328 3079 2375; x_wconf 89' lang='lat' dir='ltr'><strong>erant.</strong></span> 
     </span>
    </p>
   </div>
   <div class='ocr_carea' id='block_1_84' title="bbox 2210 2407 3725 2487">
    <p class='ocr_par' dir='ltr' id='par_1_84' title="bbox 2210 2407 3725 2487">
     <span class='ocr_line' id='line_1_84' title="bbox 2210 2407 3725 2487; baseline 0.004 -23"><span class='ocrx_word' id='word_1_650' title='bbox 2210 2407 2322 2464; x_wconf 87' lang='lat' dir='ltr'><strong>XL.</strong></span> <span class='ocrx_word' id='word_1_651' title='bbox 2365 2408 2465 2482; x_wconf 91' lang='lat' dir='ltr'><strong>[lb.</strong></span> <span class='ocrx_word' id='word_1_652' title='bbox 2502 2424 2553 2463; x_wconf 87' lang='lat' dir='ltr'><strong>xt</strong></span> <span class='ocrx_word' id='word_1_653' title='bbox 2576 2452 2590 2473; x_wconf 88' lang='lat'><strong>,</strong></span> <span class='ocrx_word' id='word_1_654' title='bbox 2612 2407 2690 2481; x_wconf 86' lang='lat'><strong>9.]</strong></span> <span class='ocrx_word' id='word_1_655' title='bbox 2720 2407 2865 2463; x_wconf 75' lang='lat' dir='ltr'><strong>Diait</strong></span> <span class='ocrx_word' id='word_1_656' title='bbox 2892 2419 3057 2464; x_wconf 84' lang='lat' dir='ltr'><strong>autem</strong></span> <span class='ocrx_word' id='word_1_657' title='bbox 3099 2409 3348 2466; x_wconf 88' lang='lat' dir='ltr'><strong>Dominus</strong></span> <span class='ocrx_word' id='word_1_658' title='bbox 3373 2412 3442 2466; x_wconf 88' lang='lat' dir='ltr'><strong>ad</strong></span> <span class='ocrx_word' id='word_1_659' title='bbox 3485 2411 3725 2487; x_wconf 70' lang='lat' dir='ltr'><strong>Moysen,</strong></span> 
     </span>
    </p>
   </div>
   <div class='ocr_carea' id='block_1_85' title="bbox 2142 2497 3732 2576">
    <p class='ocr_par' dir='ltr' id='par_1_85' title="bbox 2142 2497 3732 2576">
     <span class='ocr_line' id='line_1_85' title="bbox 2142 2497 3732 2576; baseline 0.004 -23"><span class='ocrx_word' id='word_1_660' title='bbox 2142 2497 2264 2554; x_wconf 87' lang='lat' dir='ltr'><strong>Non</strong></span> <span class='ocrx_word' id='word_1_661' title='bbox 2289 2500 2520 2554; x_wconf 71' lang='lat' dir='ltr'><strong>exaudiet</strong></span> <span class='ocrx_word' id='word_1_662' title='bbox 2542 2515 2625 2554; x_wconf 83' lang='lat' dir='ltr'><strong>vos</strong></span> <span class='ocrx_word' id='word_1_663' title='bbox 2651 2497 2881 2567; x_wconf 84' lang='lat' dir='ltr'><strong>Pharao,</strong></span> <span class='ocrx_word' id='word_1_664' title='bbox 2916 2511 2971 2555; x_wconf 88' lang='lat' dir='ltr'><strong>ut</strong></span> <span class='ocrx_word' id='word_1_665' title='bbox 3008 2500 3340 2576; x_wconf 82' lang='lat' dir='ltr'><strong>multiplicem</strong></span> <span class='ocrx_word' id='word_1_666' title='bbox 3365 2504 3511 2575; x_wconf 85' lang='lat' dir='ltr'><strong>signa</strong></span> <span class='ocrx_word' id='word_1_667' title='bbox 3540 2522 3651 2559; x_wconf 87' lang='lat' dir='ltr'><strong>mea</strong></span> <span class='ocrx_word' id='word_1_668' title='bbox 3677 2515 3732 2560; x_wconf 83' lang='lat' dir='ltr'><strong>et</strong></span> 
     </span>
    </p>
   </div>
   <div class='ocr_carea' id='block_1_86' title="bbox 2140 2590 3730 2667">
    <p class='ocr_par' dir='ltr' id='par_1_86' title="bbox 2140 2590 3730 2667">
     <span class='ocr_line' id='line_1_86' title="bbox 2140 2590 3730 2667; baseline 0.007 -25"><span class='ocrx_word' id='word_1_669' title='bbox 2140 2599 2367 2661; x_wconf 86' lang='lat' dir='ltr'><strong>portenta</strong></span> <span class='ocrx_word' id='word_1_670' title='bbox 2396 2607 2505 2645; x_wconf 89' lang='lat' dir='ltr'><strong>mea</strong></span> <span class='ocrx_word' id='word_1_671' title='bbox 2534 2591 2588 2645; x_wconf 89' lang='lat' dir='ltr'><strong>in</strong></span> <span class='ocrx_word' id='word_1_672' title='bbox 2632 2601 2766 2645; x_wconf 88' lang='lat' dir='ltr'><strong>terra</strong></span> <span class='ocrx_word' id='word_1_673' title='bbox 2808 2590 3029 2664; x_wconf 60' lang='grc' dir='ltr'><strong>Αἴθρη)ιί</strong></span> <span class='ocrx_word' id='word_1_674' title='bbox 3058 2608 3076 2647; x_wconf 91' lang='lat'><strong>:</strong></span> <span class='ocrx_word' id='word_1_675' title='bbox 3107 2601 3355 2665; x_wconf 86' lang='lat' dir='ltr'><strong>tanquam</strong></span> <span class='ocrx_word' id='word_1_676' title='bbox 3396 2610 3531 2667; x_wconf 87' lang='lat' dir='ltr'><strong>opus</strong></span> <span class='ocrx_word' id='word_1_677' title='bbox 3562 2597 3730 2654; x_wconf 85' lang='lat' dir='ltr'><strong>fuerit</strong></span> 
     </span>
    </p>
   </div>
   <div class='ocr_carea' id='block_1_87' title="bbox 2140 2681 3726 2760">
    <p class='ocr_par' dir='ltr' id='par_1_87' title="bbox 2140 2681 3726 2760">
     <span class='ocr_line' id='line_1_87' title="bbox 2140 2681 3726 2760; baseline 0.005 -23"><span class='ocrx_word' id='word_1_678' title='bbox 2140 2681 2257 2752; x_wconf 88' lang='lat' dir='ltr'><strong>ejus</strong></span> <span class='ocrx_word' id='word_1_679' title='bbox 2284 2682 2659 2747; x_wconf 89' lang='lat' dir='ltr'><strong>iuobedieutia,</strong></span> <span class='ocrx_word' id='word_1_680' title='bbox 2685 2692 2740 2738; x_wconf 92' lang='lat' dir='ltr'><strong>ut</strong></span> <span class='ocrx_word' id='word_1_681' title='bbox 2765 2683 2915 2754; x_wconf 87' lang='lat' dir='ltr'><strong>signa</strong></span> <span class='ocrx_word' id='word_1_682' title='bbox 2947 2685 3033 2738; x_wconf 91' lang='lat' dir='ltr'><strong>illa</strong></span> <span class='ocrx_word' id='word_1_683' title='bbox 3060 2686 3557 2757; x_wconf 88' lang='lat' dir='ltr'><strong>multiplicareutur,</strong></span> <span class='ocrx_word' id='word_1_684' title='bbox 3600 2704 3726 2760; x_wconf 65' lang='lat' dir='ltr'><strong>qua</strong></span> 
     </span>
    </p>
   </div>
   <div class='ocr_carea' id='block_1_88' title="bbox 2140 2774 3727 2855">
    <p class='ocr_par' dir='ltr' id='par_1_88' title="bbox 2140 2774 3727 2855">
     <span class='ocr_line' id='line_1_88' title="bbox 2140 2774 3727 2855; baseline 0.004 -26"><span class='ocrx_word' id='word_1_685' title='bbox 2140 2774 2337 2830; x_wconf 87' lang='lat' dir='ltr'><strong>utiliter</strong></span> <span class='ocrx_word' id='word_1_686' title='bbox 2360 2775 2553 2830; x_wconf 89' lang='lat' dir='ltr'><strong>liehant</strong></span> <span class='ocrx_word' id='word_1_687' title='bbox 2577 2775 2645 2830; x_wconf 90' lang='lat' dir='ltr'><strong>ad</strong></span> <span class='ocrx_word' id='word_1_688' title='bbox 2672 2777 2975 2832; x_wconf 89' lang='lat' dir='ltr'><strong>terrendum</strong></span> <span class='ocrx_word' id='word_1_689' title='bbox 2997 2781 3249 2850; x_wconf 81' lang='lat' dir='ltr'><strong>pupulum</strong></span> <span class='ocrx_word' id='word_1_690' title='bbox 3281 2780 3394 2848; x_wconf 88' lang='lat' dir='ltr'><strong>Dei,</strong></span> <span class='ocrx_word' id='word_1_691' title='bbox 3422 2789 3584 2853; x_wconf 87' lang='lat' dir='ltr'><strong>atque</strong></span> <span class='ocrx_word' id='word_1_692' title='bbox 3608 2782 3727 2855; x_wconf 81' lang='lat' dir='ltr'><strong>ipsa</strong></span> 
     </span>
    </p>
   </div>
   <div class='ocr_carea' id='block_1_89' title="bbox 2139 2859 3721 2941">
    <p class='ocr_par' dir='ltr' id='par_1_89' title="bbox 2139 2859 3721 2941">
     <span class='ocr_line' id='line_1_89' title="bbox 2139 2859 3721 2941; baseline 0.004 -19"><span class='ocrx_word' id='word_1_693' title='bbox 2139 2866 2459 2923; x_wconf 78' lang='lat' dir='ltr'><strong>discretione</strong></span> <span class='ocrx_word' id='word_1_694' title='bbox 2472 2869 2538 2923; x_wconf 91' lang='lat' dir='ltr'><strong>ad</strong></span> <span class='ocrx_word' id='word_1_695' title='bbox 2562 2859 2807 2938; x_wconf 80' lang='lat' dir='ltr'><strong>pietatem</strong></span> <span class='ocrx_word' id='word_1_696' title='bbox 2825 2869 3239 2927; x_wconf 75' lang='lat' dir='ltr'><strong>inlormandum.</strong></span> <span class='ocrx_word' id='word_1_697' title='bbox 3258 2869 3362 2927; x_wconf 82' lang='lat' dir='ltr'><strong>Sed</strong></span> <span class='ocrx_word' id='word_1_698' title='bbox 3380 2871 3481 2927; x_wconf 87' lang='lat' dir='ltr'><strong>hoc</strong></span> <span class='ocrx_word' id='word_1_699' title='bbox 3499 2873 3589 2927; x_wconf 86' lang='lat' dir='ltr'><strong>Dei</strong></span> <span class='ocrx_word' id='word_1_700' title='bbox 3604 2874 3721 2941; x_wconf 80' lang='lat' dir='ltr'><strong>fuit,</strong></span> 
     </span>
    </p>
   </div>
   <div class='ocr_carea' id='block_1_90' title="bbox 2139 2958 3725 3031">
    <p class='ocr_par' dir='ltr' id='par_1_90' title="bbox 2139 2958 3725 3031">
     <span class='ocr_line' id='line_1_90' title="bbox 2139 2958 3725 3031; baseline 0.004 -17"><span class='ocrx_word' id='word_1_701' title='bbox 2139 2959 2337 3014; x_wconf 89' lang='lat' dir='ltr'><strong>malitia</strong></span> <span class='ocrx_word' id='word_1_702' title='bbox 2366 2958 2544 3015; x_wconf 89' lang='lat' dir='ltr'><strong>cordis</strong></span> <span class='ocrx_word' id='word_1_703' title='bbox 2570 2960 2709 3015; x_wconf 90' lang='lat' dir='ltr'><strong>illius</strong></span> <span class='ocrx_word' id='word_1_704' title='bbox 2734 2962 2871 3016; x_wconf 88' lang='lat' dir='ltr'><strong>bene</strong></span> <span class='ocrx_word' id='word_1_705' title='bbox 2900 2962 3125 3027; x_wconf 85' lang='lat' dir='ltr'><strong>utentis;</strong></span> <span class='ocrx_word' id='word_1_706' title='bbox 3156 2977 3263 3018; x_wconf 91' lang='lat' dir='ltr'><strong>non</strong></span> <span class='ocrx_word' id='word_1_707' title='bbox 3284 2962 3597 3031; x_wconf 87' lang='lat' dir='ltr'><strong>Pharaonis,</strong></span> <span class='ocrx_word' id='word_1_708' title='bbox 3629 2964 3725 3020; x_wconf 86' lang='lat' dir='ltr'><strong>Dei</strong></span> 
     </span>
    </p>
   </div>
   <div class='ocr_carea' id='block_1_91' title="bbox 2138 3052 2925 3123">
    <p class='ocr_par' dir='ltr' id='par_1_91' title="bbox 2138 3052 2925 3123">
     <span class='ocr_line' id='line_1_91' title="bbox 2138 3052 2925 3123; baseline 0.004 -19"><span class='ocrx_word' id='word_1_709' title='bbox 2138 3052 2389 3121; x_wconf 88' lang='lat' dir='ltr'><strong>patientia</strong></span> <span class='ocrx_word' id='word_1_710' title='bbox 2411 3052 2550 3107; x_wconf 86' lang='lat' dir='ltr'><strong>male</strong></span> <span class='ocrx_word' id='word_1_711' title='bbox 2576 3052 2860 3108; x_wconf 87' lang='lat' dir='ltr'><strong>abutentis.</strong></span> <span class='ocrx_word' id='word_1_712' title='bbox 2924 3120 2925 3123; x_wconf 20' lang='grc' dir='ltr'><strong>η</strong></span> 
     </span>
    </p>
   </div>
   <div class='ocr_carea' id='block_1_92' title="bbox 2210 3141 3725 3217">
    <p class='ocr_par' dir='ltr' id='par_1_92' title="bbox 2210 3141 3725 3217">
     <span class='ocr_line' id='line_1_92' title="bbox 2210 3141 3725 3217; baseline 0.007 -20"><span class='ocrx_word' id='word_1_713' title='bbox 2210 3142 2347 3198; x_wconf 88' lang='lat' dir='ltr'><strong>XLI.</strong></span> <span class='ocrx_word' id='word_1_714' title='bbox 2370 3141 2469 3217; x_wconf 87' lang='lat' dir='ltr'><strong>[lb.</strong></span> <span class='ocrx_word' id='word_1_715' title='bbox 2496 3159 2587 3209; x_wconf 73' lang='grc' dir='ltr'><strong>ιιι,</strong></span> <span class='ocrx_word' id='word_1_716' title='bbox 2617 3144 2701 3212; x_wconf 91' lang='lat' dir='ltr'><strong>l0,</strong></span> <span class='ocrx_word' id='word_1_717' title='bbox 2732 3142 2845 3217; x_wconf 63' lang='lat'><strong>46.]</strong></span> <span class='ocrx_word' id='word_1_718' title='bbox 2876 3143 3004 3211; x_wconf 79' lang='lat' dir='ltr'><strong>Qua:</strong></span> <span class='ocrx_word' id='word_1_719' title='bbox 3022 3154 3190 3201; x_wconf 83' lang='lat' dir='ltr'><strong>autem</strong></span> <span class='ocrx_word' id='word_1_720' title='bbox 3215 3149 3556 3217; x_wconf 84' lang='lat' dir='ltr'><strong>superaverint</strong></span> <span class='ocrx_word' id='word_1_721' title='bbox 3578 3151 3642 3205; x_wconf 88' lang='lat' dir='ltr'><strong>ab</strong></span> <span class='ocrx_word' id='word_1_722' title='bbox 3664 3168 3725 3208; x_wconf 82' lang='lat' dir='ltr'><strong>co</strong></span> 
     </span>
    </p>
   </div>
   <div class='ocr_carea' id='block_1_93' title="bbox 2138 3238 3725 3317">
    <p class='ocr_par' dir='ltr' id='par_1_93' title="bbox 2138 3238 3725 3317">
     <span class='ocr_line' id='line_1_93' title="bbox 2138 3238 3725 3317; baseline 0.009 -26"><span class='ocrx_word' id='word_1_723' title='bbox 2138 3238 2192 3291; x_wconf 88' lang='lat' dir='ltr'><strong>in</strong></span> <span class='ocrx_word' id='word_1_724' title='bbox 2230 3254 2400 3304; x_wconf 89' lang='lat' dir='ltr'><strong>mane,</strong></span> <span class='ocrx_word' id='word_1_725' title='bbox 2443 3238 2559 3309; x_wconf 81' lang='lat' dir='ltr'><strong>igne</strong></span> <span class='ocrx_word' id='word_1_726' title='bbox 2585 3240 2983 3295; x_wconf 84' lang='lat' dir='ltr'><strong>concremabitis.</strong></span> <span class='ocrx_word' id='word_1_727' title='bbox 3021 3240 3195 3310; x_wconf 74' lang='lat' dir='ltr'><strong>Qu:ct‘i</strong></span> <span class='ocrx_word' id='word_1_728' title='bbox 3235 3252 3429 3314; x_wconf 81' lang='lat' dir='ltr'><strong>potest,</strong></span> <span class='ocrx_word' id='word_1_729' title='bbox 3455 3247 3725 3317; x_wconf 85' lang='lat' dir='ltr'><strong>quomodo</strong></span> 
     </span>
    </p>
   </div>
   <div class='ocr_carea' id='block_1_94' title="bbox 2138 3328 3723 3402">
    <p class='ocr_par' dir='ltr' id='par_1_94' title="bbox 2138 3328 3723 3402">
     <span class='ocr_line' id='line_1_94' title="bbox 2138 3328 3723 3402; baseline 0.009 -22"><span class='ocrx_word' id='word_1_730' title='bbox 2138 3328 2337 3399; x_wconf 85' lang='lat' dir='ltr'><strong>aliquid</strong></span> <span class='ocrx_word' id='word_1_731' title='bbox 2382 3329 2670 3399; x_wconf 74' lang='lat' dir='ltr'><strong>superabit,</strong></span> <span class='ocrx_word' id='word_1_732' title='bbox 2712 3345 2834 3385; x_wconf 89' lang='lat' dir='ltr'><strong>cum</strong></span> <span class='ocrx_word' id='word_1_733' title='bbox 2874 3330 2976 3386; x_wconf 90' lang='lat' dir='ltr'><strong>hoc</strong></span> <span class='ocrx_word' id='word_1_734' title='bbox 3019 3335 3317 3402; x_wconf 72' lang='lat' dir='ltr'><strong>prmmoniti</strong></span> <span class='ocrx_word' id='word_1_735' title='bbox 3348 3333 3566 3402; x_wconf 86' lang='lat' dir='ltr'><strong>fuerint,</strong></span> <span class='ocrx_word' id='word_1_736' title='bbox 3597 3339 3723 3396; x_wconf 86' lang='lat' dir='ltr'><strong>utsi</strong></span> 
     </span>
    </p>
   </div>
   <div class='ocr_carea' id='block_1_95' title="bbox 2139 3419 3723 3497">
    <p class='ocr_par' dir='ltr' id='par_1_95' title="bbox 2139 3419 3723 3497">
     <span class='ocr_line' id='line_1_95' title="bbox 2139 3419 3723 3497; baseline 0.008 -24"><span class='ocrx_word' id='word_1_737' title='bbox 2139 3419 2328 3475; x_wconf 78' lang='lat' dir='ltr'><strong>dOIIIUS</strong></span> <span class='ocrx_word' id='word_1_738' title='bbox 2343 3436 2447 3475; x_wconf 92' lang='lat' dir='ltr'><strong>non</strong></span> <span class='ocrx_word' id='word_1_739' title='bbox 2470 3420 2708 3477; x_wconf 85' lang='lat' dir='ltr'><strong>habuerit</strong></span> <span class='ocrx_word' id='word_1_740' title='bbox 2724 3424 3087 3479; x_wconf 89' lang='lat' dir='ltr'><strong>consumendo</strong></span> <span class='ocrx_word' id='word_1_741' title='bbox 3109 3426 3284 3497; x_wconf 88' lang='lat' dir='ltr'><strong>pecori</strong></span> <span class='ocrx_word' id='word_1_742' title='bbox 3312 3427 3555 3483; x_wconf 87' lang='lat' dir='ltr'><strong>idoneam</strong></span> <span class='ocrx_word' id='word_1_743' title='bbox 3579 3430 3723 3485; x_wconf 68' lang='lat' dir='ltr'><strong>ntul-</strong></span> 
     </span>
    </p>
   </div>
   <div class='ocr_carea' id='block_1_96' title="bbox 2142 3513 3721 3592">
    <p class='ocr_par' dir='ltr' id='par_1_96' title="bbox 2142 3513 3721 3592">
     <span class='ocr_line' id='line_1_96' title="bbox 2142 3513 3721 3592; baseline 0.008 -25"><span class='ocrx_word' id='word_1_744' title='bbox 2142 3513 2440 3579; x_wconf 90' lang='lat' dir='ltr'><strong>titudinem,</strong></span> <span class='ocrx_word' id='word_1_745' title='bbox 2460 3516 2625 3571; x_wconf 76' lang='lat' dir='ltr'><strong>vicini</strong></span> <span class='ocrx_word' id='word_1_746' title='bbox 2638 3529 2993 3573; x_wconf 86' lang='lat' dir='ltr'><strong>assumantur.</strong></span> <span class='ocrx_word' id='word_1_747' title='bbox 3013 3517 3116 3574; x_wconf 80' lang='lat' dir='ltr'><strong>Sed</strong></span> <span class='ocrx_word' id='word_1_748' title='bbox 3134 3520 3447 3590; x_wconf 82' lang='lat' dir='ltr'><strong>intelligitur</strong></span> <span class='ocrx_word' id='word_1_749' title='bbox 3470 3523 3721 3592; x_wconf 73' lang='lat' dir='ltr'><strong>quoniam</strong></span> 
     </span>
    </p>
   </div>
   <div class='ocr_carea' id='block_1_97' title="bbox 2138 3605 3721 3686">
    <p class='ocr_par' dir='ltr' id='par_1_97' title="bbox 2138 3605 3721 3686">
     <span class='ocr_line' id='line_1_97' title="bbox 2138 3605 3721 3686; baseline 0.008 -27"><span class='ocrx_word' id='word_1_750' title='bbox 2138 3605 2338 3661; x_wconf 89' lang='lat' dir='ltr'><strong>dictum</strong></span> <span class='ocrx_word' id='word_1_751' title='bbox 2368 3615 2469 3674; x_wconf 87' lang='lat' dir='ltr'><strong>est,</strong></span> <span class='ocrx_word' id='word_1_752' title='bbox 2502 3608 2573 3663; x_wconf 88' lang='lat' dir='ltr'><strong>0s</strong></span> <span class='ocrx_word' id='word_1_753' title='bbox 2599 3624 2699 3662; x_wconf 90' lang='lat' dir='ltr'><strong>non</strong></span> <span class='ocrx_word' id='word_1_754' title='bbox 2724 3610 2982 3663; x_wconf 87' lang='lat' dir='ltr'><strong>conteretis</strong></span> <span class='ocrx_word' id='word_1_755' title='bbox 3001 3608 3061 3663; x_wconf 85' lang='lat' dir='ltr'><strong>ab</strong></span> <span class='ocrx_word' id='word_1_756' title='bbox 3090 3626 3169 3677; x_wconf 91' lang='lat' dir='ltr'><strong>eo,</strong></span> <span class='ocrx_word' id='word_1_757' title='bbox 3198 3627 3511 3668; x_wconf 84' lang='lat' dir='ltr'><strong>remansura</strong></span> <span class='ocrx_word' id='word_1_758' title='bbox 3537 3614 3721 3686; x_wconf 81' lang='lat' dir='ltr'><strong>utique</strong></span> 
     </span>
    </p>
   </div>
   <div class='ocr_carea' id='block_1_98' title="bbox 2140 3700 3164 3774">
    <p class='ocr_par' dir='ltr' id='par_1_98' title="bbox 2140 3700 3164 3774">
     <span class='ocr_line' id='line_1_98' title="bbox 2140 3700 3164 3774; baseline 0.006 -19"><span class='ocrx_word' id='word_1_759' title='bbox 2140 3700 2301 3756; x_wconf 82' lang='lat' dir='ltr'><strong>fuisse</strong></span> <span class='ocrx_word' id='word_1_760' title='bbox 2320 3716 2462 3767; x_wconf 90' lang='lat' dir='ltr'><strong>ossa,</strong></span> <span class='ocrx_word' id='word_1_761' title='bbox 2494 3718 2612 3773; x_wconf 77' lang='lat' dir='ltr'><strong>qua:</strong></span> <span class='ocrx_word' id='word_1_762' title='bbox 2639 3703 2759 3774; x_wconf 85' lang='lat' dir='ltr'><strong>igne</strong></span> <span class='ocrx_word' id='word_1_763' title='bbox 2782 3716 3164 3761; x_wconf 85' lang='lat' dir='ltr'><strong>cremarentur.</strong></span> 
     </span>
    </p>
   </div>
   <div class='ocr_carea' id='block_1_99' title="bbox 2208 3791 3718 3873">
    <p class='ocr_par' dir='ltr' id='par_1_99' title="bbox 2208 3791 3718 3873">
     <span class='ocr_line' id='line_1_99' title="bbox 2208 3791 3718 3873; baseline 0.008 -26"><span class='ocrx_word' id='word_1_764' title='bbox 2208 3791 2366 3848; x_wconf 88' lang='lat' dir='ltr'><strong>XLII.</strong></span> <span class='ocrx_word' id='word_1_765' title='bbox 2410 3792 2509 3866; x_wconf 89' lang='lat' dir='ltr'><strong>[lb.</strong></span> <span class='ocrx_word' id='word_1_766' title='bbox 2542 3810 2636 3873; x_wconf 53' lang='lat' dir='ltr'><strong>xu,</strong></span> <span class='ocrx_word' id='word_1_767' title='bbox 2665 3793 2742 3867; x_wconf 85' lang='lat'><strong>5.]</strong></span> <span class='ocrx_word' id='word_1_768' title='bbox 2769 3796 2942 3867; x_wconf 84' lang='lat' dir='ltr'><strong>Agnus</strong></span> <span class='ocrx_word' id='word_1_769' title='bbox 2960 3800 3227 3871; x_wconf 74' lang='lat' dir='ltr'><strong>perfectus,</strong></span> <span class='ocrx_word' id='word_1_770' title='bbox 3262 3800 3536 3868; x_wconf 85' lang='lat' dir='ltr'><strong>masculus,</strong></span> <span class='ocrx_word' id='word_1_771' title='bbox 3565 3802 3718 3858; x_wconf 81' lang='lat' dir='ltr'><strong>anni-</strong></span> 
     </span>
    </p>
   </div>
   <div class='ocr_carea' id='block_1_100' title="bbox 2136 3885 3719 3964">
    <p class='ocr_par' dir='ltr' id='par_1_100' title="bbox 2136 3885 3719 3964">
     <span class='ocr_line' id='line_1_100' title="bbox 2136 3885 3719 3964; baseline 0.007 -25"><span class='ocrx_word' id='word_1_772' title='bbox 2136 3885 2280 3941; x_wconf 84' lang='lat' dir='ltr'><strong>culus</strong></span> <span class='ocrx_word' id='word_1_773' title='bbox 2300 3886 2389 3940; x_wconf 84' lang='lat' dir='ltr'><strong>erit</strong></span> <span class='ocrx_word' id='word_1_774' title='bbox 2413 3888 2565 3941; x_wconf 74' lang='lat' dir='ltr'><strong>vobis.</strong></span> <span class='ocrx_word' id='word_1_775' title='bbox 2591 3886 2800 3943; x_wconf 85' lang='lat' dir='ltr'><strong>Movere</strong></span> <span class='ocrx_word' id='word_1_776' title='bbox 2824 3898 2996 3959; x_wconf 89' lang='lat' dir='ltr'><strong>potest</strong></span> <span class='ocrx_word' id='word_1_777' title='bbox 3020 3889 3117 3943; x_wconf 88' lang='lat' dir='ltr'><strong>ista</strong></span> <span class='ocrx_word' id='word_1_778' title='bbox 3141 3890 3355 3953; x_wconf 87' lang='lat' dir='ltr'><strong>locutio,</strong></span> <span class='ocrx_word' id='word_1_779' title='bbox 3381 3893 3531 3964; x_wconf 87' lang='lat' dir='ltr'><strong>quasi</strong></span> <span class='ocrx_word' id='word_1_780' title='bbox 3549 3908 3719 3964; x_wconf 83' lang='lat' dir='ltr'><strong>agnus</strong></span> 
     </span>
    </p>
   </div>
   <div class='ocr_carea' id='block_1_101' title="bbox 2136 3978 3719 4054">
    <p class='ocr_par' dir='ltr' id='par_1_101' title="bbox 2136 3978 3719 4054">
     <span class='ocr_line' id='line_1_101' title="bbox 2136 3978 3719 4054; baseline 0.007 -22"><span class='ocrx_word' id='word_1_781' title='bbox 2136 3978 2307 4049; x_wconf 89' lang='lat' dir='ltr'><strong>possit</strong></span> <span class='ocrx_word' id='word_1_782' title='bbox 2329 3992 2446 4034; x_wconf 88' lang='lat' dir='ltr'><strong>esse</strong></span> <span class='ocrx_word' id='word_1_783' title='bbox 2471 3993 2574 4033; x_wconf 90' lang='lat' dir='ltr'><strong>non</strong></span> <span class='ocrx_word' id='word_1_784' title='bbox 2605 3980 2890 4048; x_wconf 88' lang='lat' dir='ltr'><strong>masculus,</strong></span> <span class='ocrx_word' id='word_1_785' title='bbox 2921 3982 3243 4037; x_wconf 84' lang='lat' dir='ltr'><strong>nescientem</strong></span> <span class='ocrx_word' id='word_1_786' title='bbox 3269 3997 3373 4054; x_wconf 91' lang='lat' dir='ltr'><strong>qua</strong></span> <span class='ocrx_word' id='word_1_787' title='bbox 3400 3983 3719 4043; x_wconf 81' lang='lat' dir='ltr'><strong>necessitate</strong></span> 
     </span>
    </p>
   </div>
   <div class='ocr_carea' id='block_1_102' title="bbox 2136 4069 3717 4150">
    <p class='ocr_par' dir='ltr' id='par_1_102' title="bbox 2136 4069 3717 4150">
     <span class='ocr_line' id='line_1_102' title="bbox 2136 4069 3717 4150; baseline 0.008 -26"><span class='ocrx_word' id='word_1_788' title='bbox 2136 4069 2209 4125; x_wconf 86' lang='lat' dir='ltr'><strong>ita</strong></span> <span class='ocrx_word' id='word_1_789' title='bbox 2234 4075 2302 4126; x_wconf 91' lang='lat' dir='ltr'><strong>sit</strong></span> <span class='ocrx_word' id='word_1_790' title='bbox 2328 4072 2657 4127; x_wconf 90' lang='lat' dir='ltr'><strong>translatum.</strong></span> <span class='ocrx_word' id='word_1_791' title='bbox 2700 4072 2826 4128; x_wconf 85' lang='lat' dir='ltr'><strong>Ovis</strong></span> <span class='ocrx_word' id='word_1_792' title='bbox 2871 4075 3012 4129; x_wconf 85' lang='lat' dir='ltr'><strong>enim</strong></span> <span class='ocrx_word' id='word_1_793' title='bbox 3054 4075 3327 4131; x_wconf 75' lang='lat' dir='ltr'><strong>transferri</strong></span> <span class='ocrx_word' id='word_1_794' title='bbox 3354 4075 3558 4147; x_wconf 85' lang='lat' dir='ltr'><strong>debuit,</strong></span> <span class='ocrx_word' id='word_1_795' title='bbox 3592 4080 3717 4150; x_wconf 81' lang='lat' dir='ltr'><strong>quia</strong></span> 
     </span>
    </p>
   </div>
   <div class='ocr_carea' id='block_1_103' title="bbox 2137 4164 3715 4243">
    <p class='ocr_par' dir='ltr' id='par_1_103' title="bbox 2137 4164 3715 4243">
     <span class='ocr_line' id='line_1_103' title="bbox 2137 4164 3715 4243; baseline 0.006 -26"><span class='ocrx_word' id='word_1_796' title='bbox 2137 4178 2341 4235; x_wconf 65' lang='lat' dir='ltr'><strong>graecus</strong></span> <span class='ocrx_word' id='word_1_797' title='bbox 2367 4174 2592 4236; x_wconf 72' lang='grc' dir='ltr'><strong>πρόϐατον</strong></span> <span class='ocrx_word' id='word_1_798' title='bbox 2620 4164 2811 4230; x_wconf 89' lang='lat' dir='ltr'><strong>habet;</strong></span> <span class='ocrx_word' id='word_1_799' title='bbox 2841 4166 2933 4221; x_wconf 89' lang='lat' dir='ltr'><strong>sed</strong></span> <span class='ocrx_word' id='word_1_800' title='bbox 2976 4177 3203 4239; x_wconf 73' lang='grc' dir='ltr'><strong>πρόϐατον</strong></span> <span class='ocrx_word' id='word_1_801' title='bbox 3229 4168 3282 4224; x_wconf 92' lang='lat' dir='ltr'><strong>in</strong></span> <span class='ocrx_word' id='word_1_802' title='bbox 3322 4184 3497 4241; x_wconf 74' lang='lat' dir='ltr'><strong>grteca</strong></span> <span class='ocrx_word' id='word_1_803' title='bbox 3541 4170 3715 4243; x_wconf 80' lang='lat' dir='ltr'><strong>lingua</strong></span> 
     </span>
    </p>
   </div>
   <div class='ocr_carea' id='block_1_104' title="bbox 2134 4256 3714 4332">
    <p class='ocr_par' dir='ltr' id='par_1_104' title="bbox 2134 4256 3714 4332">
     <span class='ocr_line' id='line_1_104' title="bbox 2134 4256 3714 4332; baseline 0.005 -21"><span class='ocrx_word' id='word_1_804' title='bbox 2134 4256 2344 4326; x_wconf 78' lang='lat' dir='ltr'><strong>generis</strong></span> <span class='ocrx_word' id='word_1_805' title='bbox 2373 4258 2543 4312; x_wconf 90' lang='lat' dir='ltr'><strong>neutri</strong></span> <span class='ocrx_word' id='word_1_806' title='bbox 2572 4266 2673 4323; x_wconf 87' lang='lat' dir='ltr'><strong>est,</strong></span> <span class='ocrx_word' id='word_1_807' title='bbox 2696 4266 2749 4312; x_wconf 90' lang='lat' dir='ltr'><strong>et</strong></span> <span class='ocrx_word' id='word_1_808' title='bbox 2775 4268 3058 4328; x_wconf 87' lang='lat' dir='ltr'><strong>potuerunt</strong></span> <span class='ocrx_word' id='word_1_809' title='bbox 3077 4276 3196 4329; x_wconf 85' lang='lat' dir='ltr'><strong>quae</strong></span> <span class='ocrx_word' id='word_1_810' title='bbox 3224 4271 3517 4332; x_wconf 86' lang='lat' dir='ltr'><strong>sequuntur</strong></span> <span class='ocrx_word' id='word_1_811' title='bbox 3536 4265 3714 4319; x_wconf 81' lang='lat' dir='ltr'><strong>omnia</strong></span> 
     </span>
    </p>
   </div>
   <div class='ocr_carea' id='block_1_105' title="bbox 2135 4348 3712 4424">
    <p class='ocr_par' dir='ltr' id='par_1_105' title="bbox 2135 4348 3712 4424">
     <span class='ocr_line' id='line_1_105' title="bbox 2135 4348 3712 4424; baseline 0.006 -21"><span class='ocrx_word' id='word_1_812' title='bbox 2135 4348 2439 4417; x_wconf 89' lang='lat' dir='ltr'><strong>convenire,</strong></span> <span class='ocrx_word' id='word_1_813' title='bbox 2473 4358 2720 4421; x_wconf 89' lang='lat' dir='ltr'><strong>tauquam</strong></span> <span class='ocrx_word' id='word_1_814' title='bbox 2749 4350 2792 4405; x_wconf 92' lang='lat' dir='ltr'><strong>si</strong></span> <span class='ocrx_word' id='word_1_815' title='bbox 2823 4350 3042 4416; x_wconf 87' lang='lat' dir='ltr'><strong>diceret,</strong></span> <span class='ocrx_word' id='word_1_816' title='bbox 3071 4351 3240 4408; x_wconf 89' lang='lat' dir='ltr'><strong>Pecus</strong></span> <span class='ocrx_word' id='word_1_817' title='bbox 3268 4353 3580 4424; x_wconf 84' lang='lat' dir='ltr'><strong>perfectum,</strong></span> <span class='ocrx_word' id='word_1_818' title='bbox 3599 4371 3712 4413; x_wconf 86' lang='lat' dir='ltr'><strong>ma-</strong></span> 
     </span>
    </p>
   </div>
   <div class='ocr_carea' id='block_1_106' title="bbox 2133 4440 3709 4517">
    <p class='ocr_par' dir='ltr' id='par_1_106' title="bbox 2133 4440 3709 4517">
     <span class='ocr_line' id='line_1_106' title="bbox 2133 4440 3709 4517; baseline 0.006 -21"><span class='ocrx_word' id='word_1_819' title='bbox 2133 4440 2359 4507; x_wconf 88' lang='lat' dir='ltr'><strong>sculum,</strong></span> <span class='ocrx_word' id='word_1_820' title='bbox 2388 4442 2691 4497; x_wconf 86' lang='lat' dir='ltr'><strong>atmiculum</strong></span> <span class='ocrx_word' id='word_1_821' title='bbox 2716 4443 2818 4498; x_wconf 87' lang='lat' dir='ltr'><strong>erit</strong></span> <span class='ocrx_word' id='word_1_822' title='bbox 2843 4443 3009 4499; x_wconf 89' lang='lat' dir='ltr'><strong>vobis.</strong></span> <span class='ocrx_word' id='word_1_823' title='bbox 3031 4443 3211 4499; x_wconf 88' lang='lat' dir='ltr'><strong>Potuit</strong></span> <span class='ocrx_word' id='word_1_824' title='bbox 3228 4444 3370 4502; x_wconf 88' lang='lat' dir='ltr'><strong>cnim</strong></span> <span class='ocrx_word' id='word_1_825' title='bbox 3399 4446 3563 4503; x_wconf 86' lang='lat' dir='ltr'><strong>latine</strong></span> <span class='ocrx_word' id='word_1_826' title='bbox 3585 4448 3709 4517; x_wconf 89' lang='lat' dir='ltr'><strong>dici,</strong></span> 
     </span>
    </p>
   </div>
   <div class='ocr_carea' id='block_1_107' title="bbox 2134 4535 3707 4614">
    <p class='ocr_par' dir='ltr' id='par_1_107' title="bbox 2134 4535 3707 4614">
     <span class='ocr_line' id='line_1_107' title="bbox 2134 4535 3707 4614; baseline 0.008 -26"><span class='ocrx_word' id='word_1_827' title='bbox 2134 4535 2426 4590; x_wconf 89' lang='lat' dir='ltr'><strong>masculum</strong></span> <span class='ocrx_word' id='word_1_828' title='bbox 2459 4551 2647 4608; x_wconf 85' lang='lat' dir='ltr'><strong>pecus,</strong></span> <span class='ocrx_word' id='word_1_829' title='bbox 2679 4538 2944 4609; x_wconf 86' lang='lat' dir='ltr'><strong>quomodo</strong></span> <span class='ocrx_word' id='word_1_830' title='bbox 2973 4539 3218 4594; x_wconf 88' lang='lat' dir='ltr'><strong>dicuntur</strong></span> <span class='ocrx_word' id='word_1_831' title='bbox 3256 4542 3489 4597; x_wconf 85' lang='lat' dir='ltr'><strong>mascula</strong></span> <span class='ocrx_word' id='word_1_832' title='bbox 3533 4542 3707 4614; x_wconf 89' lang='lat' dir='ltr'><strong>thura,</strong></span> 
     </span>
    </p>
   </div>
   <div class='ocr_carea' id='block_1_108' title="bbox 2131 4632 3707 4707">
    <p class='ocr_par' dir='ltr' id='par_1_108' title="bbox 2131 4632 3707 4707">
     <span class='ocr_line' id='line_1_108' title="bbox 2131 4632 3707 4707; baseline 0.007 -24"><span class='ocrx_word' id='word_1_833' title='bbox 2131 4643 2329 4700; x_wconf 81' lang='lat' dir='ltr'><strong>genere</strong></span> <span class='ocrx_word' id='word_1_834' title='bbox 2358 4640 2582 4687; x_wconf 89' lang='lat' dir='ltr'><strong>neutro:</strong></span> <span class='ocrx_word' id='word_1_835' title='bbox 2604 4632 2717 4687; x_wconf 89' lang='lat' dir='ltr'><strong>ovis</strong></span> <span class='ocrx_word' id='word_1_836' title='bbox 2756 4640 2931 4689; x_wconf 91' lang='lat' dir='ltr'><strong>autem</strong></span> <span class='ocrx_word' id='word_1_837' title='bbox 2961 4635 3227 4689; x_wconf 89' lang='lat' dir='ltr'><strong>masculus</strong></span> <span class='ocrx_word' id='word_1_838' title='bbox 3252 4635 3353 4691; x_wconf 89' lang='lat' dir='ltr'><strong>dici</strong></span> <span class='ocrx_word' id='word_1_839' title='bbox 3378 4651 3486 4691; x_wconf 90' lang='lat' dir='ltr'><strong>non</strong></span> <span class='ocrx_word' id='word_1_840' title='bbox 3511 4647 3707 4707; x_wconf 89' lang='lat' dir='ltr'><strong>posset,</strong></span> 
     </span>
    </p>
   </div>
   <div class='ocr_carea' id='block_1_109' title="bbox 2131 4721 3708 4795">
    <p class='ocr_par' dir='ltr' id='par_1_109' title="bbox 2131 4721 3708 4795">
     <span class='ocr_line' id='line_1_109' title="bbox 2131 4721 3708 4795; baseline 0.008 -19"><span class='ocrx_word' id='word_1_841' title='bbox 2131 4722 2255 4792; x_wconf 89' lang='lat' dir='ltr'><strong>quia</strong></span> <span class='ocrx_word' id='word_1_842' title='bbox 2294 4721 2531 4779; x_wconf 89' lang='lat' dir='ltr'><strong>feminini</strong></span> <span class='ocrx_word' id='word_1_843' title='bbox 2576 4724 2786 4795; x_wconf 87' lang='lat' dir='ltr'><strong>generis</strong></span> <span class='ocrx_word' id='word_1_844' title='bbox 2813 4735 2896 4782; x_wconf 90' lang='lat' dir='ltr'><strong>est</strong></span> <span class='ocrx_word' id='word_1_845' title='bbox 2920 4727 3055 4782; x_wconf 85' lang='lat' dir='ltr'><strong>ovis.</strong></span> <span class='ocrx_word' id='word_1_846' title='bbox 3086 4726 3213 4782; x_wconf 86' lang='lat' dir='ltr'><strong>Item</strong></span> <span class='ocrx_word' id='word_1_847' title='bbox 3249 4728 3364 4783; x_wconf 82' lang='lat' dir='ltr'><strong>ovis</strong></span> <span class='ocrx_word' id='word_1_848' title='bbox 3398 4732 3632 4787; x_wconf 87' lang='lat' dir='ltr'><strong>mascula</strong></span> <span class='ocrx_word' id='word_1_849' title='bbox 3664 4732 3708 4788; x_wconf 90' lang='lat' dir='ltr'><strong>si</strong></span> 
     </span>
    </p>
   </div>
   <div class='ocr_carea' id='block_1_110' title="bbox 2132 4813 3707 4895">
    <p class='ocr_par' dir='ltr' id='par_1_110' title="bbox 2132 4813 3707 4895">
     <span class='ocr_line' id='line_1_110' title="bbox 2132 4813 3707 4895; baseline 0.008 -26"><span class='ocrx_word' id='word_1_850' title='bbox 2132 4813 2417 4881; x_wconf 89' lang='lat' dir='ltr'><strong>diceretur,</strong></span> <span class='ocrx_word' id='word_1_851' title='bbox 2446 4826 2589 4872; x_wconf 90' lang='lat' dir='ltr'><strong>esset</strong></span> <span class='ocrx_word' id='word_1_852' title='bbox 2616 4817 2917 4873; x_wconf 89' lang='lat' dir='ltr'><strong>absurdius.</strong></span> <span class='ocrx_word' id='word_1_853' title='bbox 2948 4819 3116 4875; x_wconf 89' lang='lat' dir='ltr'><strong>Pecus</strong></span> <span class='ocrx_word' id='word_1_854' title='bbox 3158 4835 3286 4877; x_wconf 84' lang='lat' dir='ltr'><strong>vero</strong></span> <span class='ocrx_word' id='word_1_855' title='bbox 3323 4823 3371 4878; x_wconf 88' lang='lat' dir='ltr'><strong>si</strong></span> <span class='ocrx_word' id='word_1_856' title='bbox 3403 4834 3707 4895; x_wconf 85' lang='lat' dir='ltr'><strong>poneretur,</strong></span> 
     </span>
    </p>
   </div>
   <div class='ocr_carea' id='block_1_111' title="bbox 2131 4907 3706 4981">
    <p class='ocr_par' dir='ltr' id='par_1_111' title="bbox 2131 4907 3706 4981">
     <span class='ocr_line' id='line_1_111' title="bbox 2131 4907 3706 4981; baseline 0.008 -20"><span class='ocrx_word' id='word_1_857' title='bbox 2131 4908 2291 4962; x_wconf 88' lang='lat' dir='ltr'><strong>etiam</strong></span> <span class='ocrx_word' id='word_1_858' title='bbox 2325 4907 2467 4963; x_wconf 89' lang='lat' dir='ltr'><strong>aliud</strong></span> <span class='ocrx_word' id='word_1_859' title='bbox 2506 4908 2916 4981; x_wconf 88' lang='lat' dir='ltr'><strong>intelligeretur;</strong></span> <span class='ocrx_word' id='word_1_860' title='bbox 2948 4926 3048 4967; x_wconf 90' lang='lat' dir='ltr'><strong>nec</strong></span> <span class='ocrx_word' id='word_1_861' title='bbox 3075 4924 3379 4969; x_wconf 88' lang='lat' dir='ltr'><strong>servaretur</strong></span> <span class='ocrx_word' id='word_1_862' title='bbox 3401 4930 3706 4974; x_wconf 88' lang='lat' dir='ltr'><strong>sacramen-</strong></span> 
     </span>
    </p>
   </div>
   <div class='ocr_carea' id='block_1_112' title="bbox 2133 5001 3702 5080">
    <p class='ocr_par' dir='ltr' id='par_1_112' title="bbox 2133 5001 3702 5080">
     <span class='ocr_line' id='line_1_112' title="bbox 2133 5001 3702 5080; baseline 0.008 -25"><span class='ocrx_word' id='word_1_863' title='bbox 2133 5009 2265 5067; x_wconf 92' lang='lat' dir='ltr'><strong>tum,</strong></span> <span class='ocrx_word' id='word_1_864' title='bbox 2294 5001 2433 5073; x_wconf 90' lang='lat' dir='ltr'><strong>quod</strong></span> <span class='ocrx_word' id='word_1_865' title='bbox 2459 5016 2581 5057; x_wconf 90' lang='lat' dir='ltr'><strong>cum</strong></span> <span class='ocrx_word' id='word_1_866' title='bbox 2610 5001 2882 5074; x_wconf 87' lang='lat' dir='ltr'><strong>Scriptura</strong></span> <span class='ocrx_word' id='word_1_867' title='bbox 2909 5003 2978 5060; x_wconf 89' lang='lat' dir='ltr'><strong>de</strong></span> <span class='ocrx_word' id='word_1_868' title='bbox 3002 5019 3102 5061; x_wconf 83' lang='lat' dir='ltr'><strong>ove</strong></span> <span class='ocrx_word' id='word_1_869' title='bbox 3124 5005 3397 5077; x_wconf 85' lang='lat' dir='ltr'><strong>loquatur,</strong></span> <span class='ocrx_word' id='word_1_870' title='bbox 3421 5020 3540 5079; x_wconf 89' lang='lat' dir='ltr'><strong>post</strong></span> <span class='ocrx_word' id='word_1_871' title='bbox 3559 5010 3702 5080; x_wconf 87' lang='lat' dir='ltr'><strong>dicit,</strong></span> 
     </span>
    </p>
   </div>
   <div class='ocr_carea' id='block_1_113' title="bbox 2131 5088 3709 5169">
    <p class='ocr_par' dir='ltr' id='par_1_113' title="bbox 2131 5088 3709 5169">
     <span class='ocr_line' id='line_1_113' title="bbox 2131 5088 3709 5169; baseline 0.009 -20"><span class='ocrx_word' id='word_1_872' title='bbox 2131 5097 2194 5151; x_wconf 88' lang='lat' dir='ltr'><strong>ab</strong></span> <span class='ocrx_word' id='word_1_873' title='bbox 2212 5096 2356 5167; x_wconf 87' lang='lat' dir='ltr'><strong>agnis</strong></span> <span class='ocrx_word' id='word_1_874' title='bbox 2376 5105 2423 5150; x_wconf 92' lang='lat' dir='ltr'><strong>et</strong></span> <span class='ocrx_word' id='word_1_875' title='bbox 2449 5096 2608 5152; x_wconf 76' lang='lat' dir='ltr'><strong>turdis</strong></span> <span class='ocrx_word' id='word_1_876' title='bbox 2629 5097 2881 5169; x_wconf 87' lang='lat' dir='ltr'><strong>accipietis</strong></span> <span class='ocrx_word' id='word_1_877' title='bbox 2898 5098 3049 5153; x_wconf 88' lang='lat' dir='ltr'><strong>illud.</strong></span> <span class='ocrx_word' id='word_1_878' title='bbox 3074 5099 3189 5167; x_wconf 82' lang='lat' dir='ltr'><strong>Qua</strong></span> <span class='ocrx_word' id='word_1_879' title='bbox 3216 5101 3269 5155; x_wconf 91' lang='lat' dir='ltr'><strong>in</strong></span> <span class='ocrx_word' id='word_1_880' title='bbox 3290 5117 3349 5157; x_wconf 88' lang='lat' dir='ltr'><strong>re</strong></span> <span class='ocrx_word' id='word_1_881' title='bbox 3371 5088 3616 5160; x_wconf 84' lang='lat' dir='ltr'><strong>Christus</strong></span> <span class='ocrx_word' id='word_1_882' title='bbox 3638 5106 3709 5162; x_wconf 81' lang='lat' dir='ltr'><strong>si-</strong></span> 
     </span>
    </p>
   </div>
   <div class='ocr_carea' id='block_1_114' title="bbox 2130 5187 3703 5265">
    <p class='ocr_par' dir='ltr' id='par_1_114' title="bbox 2130 5187 3703 5265">
     <span class='ocr_line' id='line_1_114' title="bbox 2130 5187 3703 5265; baseline 0.006 -21"><span class='ocrx_word' id='word_1_883' title='bbox 2130 5187 2367 5260; x_wconf 83' lang='lat' dir='ltr'><strong>gniﬁcari</strong></span> <span class='ocrx_word' id='word_1_884' title='bbox 2396 5190 2585 5245; x_wconf 89' lang='lat' dir='ltr'><strong>merito</strong></span> <span class='ocrx_word' id='word_1_885' title='bbox 2610 5189 2884 5261; x_wconf 86' lang='lat' dir='ltr'><strong>accipitur.</strong></span> <span class='ocrx_word' id='word_1_886' title='bbox 2914 5191 3051 5259; x_wconf 87' lang='lat' dir='ltr'><strong>Quid</strong></span> <span class='ocrx_word' id='word_1_887' title='bbox 3077 5193 3218 5248; x_wconf 89' lang='lat' dir='ltr'><strong>enim</strong></span> <span class='ocrx_word' id='word_1_888' title='bbox 3244 5208 3376 5265; x_wconf 91' lang='lat' dir='ltr'><strong>opus</strong></span> <span class='ocrx_word' id='word_1_889' title='bbox 3404 5204 3520 5251; x_wconf 76' lang='lat' dir='ltr'><strong>erat</strong></span> <span class='ocrx_word' id='word_1_890' title='bbox 3553 5212 3703 5253; x_wconf 83' lang='lat' dir='ltr'><strong>ovem</strong></span> 
     </span>
    </p>
   </div>
   <div class='ocr_carea' id='block_1_115' title="bbox 2129 5282 3705 5357">
    <p class='ocr_par' dir='ltr' id='par_1_115' title="bbox 2129 5282 3705 5357">
     <span class='ocr_line' id='line_1_115' title="bbox 2129 5282 3705 5357; baseline 0.005 -19"><span class='ocrx_word' id='word_1_891' title='bbox 2129 5282 2215 5338; x_wconf 84' lang='lat' dir='ltr'><strong>vel</strong></span> <span class='ocrx_word' id='word_1_892' title='bbox 2233 5297 2425 5353; x_wconf 89' lang='lat' dir='ltr'><strong>agnum</strong></span> <span class='ocrx_word' id='word_1_893' title='bbox 2453 5283 2520 5338; x_wconf 90' lang='lat' dir='ltr'><strong>ab</strong></span> <span class='ocrx_word' id='word_1_894' title='bbox 2549 5283 2698 5353; x_wconf 89' lang='lat' dir='ltr'><strong>agnis</strong></span> <span class='ocrx_word' id='word_1_895' title='bbox 2717 5293 2771 5338; x_wconf 90' lang='lat' dir='ltr'><strong>et</strong></span> <span class='ocrx_word' id='word_1_896' title='bbox 2791 5283 2957 5339; x_wconf 80' lang='lat' dir='ltr'><strong>luedis</strong></span> <span class='ocrx_word' id='word_1_897' title='bbox 2976 5285 3341 5355; x_wconf 87' lang='lat' dir='ltr'><strong>accipiendum</strong></span> <span class='ocrx_word' id='word_1_898' title='bbox 3357 5288 3579 5357; x_wconf 89' lang='lat' dir='ltr'><strong>moneri,</strong></span> <span class='ocrx_word' id='word_1_899' title='bbox 3605 5289 3705 5348; x_wconf 86' lang='lat' dir='ltr'><strong>nisi</strong></span> 
     </span>
    </p>
   </div>
   <div class='ocr_carea' id='block_1_116' title="bbox 2132 5358 3700 5449">
    <p class='ocr_par' dir='ltr' id='par_1_116' title="bbox 2132 5358 3700 5449">
     <span class='ocr_line' id='line_1_116' title="bbox 2132 5358 3700 5449; baseline 0.006 -22"><span class='ocrx_word' id='word_1_900' title='bbox 2132 5372 2220 5428; x_wconf 89' lang='lat' dir='ltr'><strong>ille</strong></span> <span class='ocrx_word' id='word_1_901' title='bbox 2261 5358 2593 5444; x_wconf 82' lang='lat' dir='ltr'><strong>tiguraretur,</strong></span> <span class='ocrx_word' id='word_1_902' title='bbox 2638 5373 2792 5445; x_wconf 88' lang='lat' dir='ltr'><strong>cujus</strong></span> <span class='ocrx_word' id='word_1_903' title='bbox 2815 5389 2942 5430; x_wconf 89' lang='lat' dir='ltr'><strong>caro</strong></span> <span class='ocrx_word' id='word_1_904' title='bbox 2972 5391 3077 5431; x_wconf 90' lang='lat' dir='ltr'><strong>non</strong></span> <span class='ocrx_word' id='word_1_905' title='bbox 3108 5376 3283 5433; x_wconf 85' lang='lat' dir='ltr'><strong>solum</strong></span> <span class='ocrx_word' id='word_1_906' title='bbox 3312 5394 3375 5434; x_wconf 82' lang='lat' dir='ltr'><strong>ex</strong></span> <span class='ocrx_word' id='word_1_907' title='bbox 3401 5378 3578 5449; x_wconf 83' lang='lat' dir='ltr'><strong>justis,</strong></span> <span class='ocrx_word' id='word_1_908' title='bbox 3612 5397 3700 5437; x_wconf 78' lang='lat' dir='ltr'><strong>ve-</strong></span> 
     </span>
    </p>
   </div>
   <div class='ocr_carea' id='block_1_117' title="bbox 2130 5467 3701 5545">
    <p class='ocr_par' dir='ltr' id='par_1_117' title="bbox 2130 5467 3701 5545">
     <span class='ocr_line' id='line_1_117' title="bbox 2130 5467 3701 5545; baseline 0.003 -20"><span class='ocrx_word' id='word_1_909' title='bbox 2130 5483 2249 5525; x_wconf 91' lang='lat' dir='ltr'><strong>rum</strong></span> <span class='ocrx_word' id='word_1_910' title='bbox 2269 5467 2427 5524; x_wconf 89' lang='lat' dir='ltr'><strong>etiam</strong></span> <span class='ocrx_word' id='word_1_911' title='bbox 2453 5484 2517 5525; x_wconf 78' lang='lat' dir='ltr'><strong>ex</strong></span> <span class='ocrx_word' id='word_1_912' title='bbox 2545 5469 2915 5541; x_wconf 88' lang='lat' dir='ltr'><strong>peccatoribus</strong></span> <span class='ocrx_word' id='word_1_913' title='bbox 2939 5480 3227 5542; x_wconf 86' lang='lat' dir='ltr'><strong>propagata</strong></span> <span class='ocrx_word' id='word_1_914' title='bbox 3251 5472 3369 5527; x_wconf 79' lang='lat' dir='ltr'><strong>est?</strong></span> <span class='ocrx_word' id='word_1_915' title='bbox 3394 5472 3701 5545; x_wconf 87' lang='lat' dir='ltr'><strong>Quanquam</strong></span> 
     </span>
    </p>
   </div>
   <div class='ocr_carea' id='block_1_118' title="bbox 2127 5559 3700 5635">
    <p class='ocr_par' dir='ltr' id='par_1_118' title="bbox 2127 5559 3700 5635">
     <span class='ocr_line' id='line_1_118' title="bbox 2127 5559 3700 5635; baseline 0.003 -18"><span class='ocrx_word' id='word_1_916' title='bbox 2127 5572 2388 5618; x_wconf 90' lang='lat' dir='ltr'><strong>conentur</strong></span> <span class='ocrx_word' id='word_1_917' title='bbox 2410 5560 2575 5617; x_wconf 75' lang='lat' dir='ltr'><strong>Judmi</strong></span> <span class='ocrx_word' id='word_1_918' title='bbox 2606 5560 2763 5616; x_wconf 89' lang='lat' dir='ltr'><strong>etiam</strong></span> <span class='ocrx_word' id='word_1_919' title='bbox 2785 5559 2995 5618; x_wconf 76' lang='lat' dir='ltr'><strong>hmdum</strong></span> <span class='ocrx_word' id='word_1_920' title='bbox 3019 5563 3319 5635; x_wconf 84' lang='lat' dir='ltr'><strong>intelligere</strong></span> <span class='ocrx_word' id='word_1_921' title='bbox 3342 5564 3700 5635; x_wconf 86' lang='lat' dir='ltr'><strong>accipiendum</strong></span> 
     </span>
    </p>
   </div>
   <div class='ocr_carea' id='block_1_119' title="bbox 2127 5653 3754 5728">
    <p class='ocr_par' dir='ltr' id='par_1_119' title="bbox 2127 5653 3754 5728">
     <span class='ocr_line' id='line_1_119' title="bbox 2127 5653 3754 5728; baseline 0.001 -17"><span class='ocrx_word' id='word_1_922' title='bbox 2127 5655 2194 5712; x_wconf 85' lang='lat' dir='ltr'><strong>ad</strong></span> <span class='ocrx_word' id='word_1_923' title='bbox 2218 5654 2593 5712; x_wconf 90' lang='lat' dir='ltr'><strong>celebrandum</strong></span> <span class='ocrx_word' id='word_1_924' title='bbox 2620 5653 2842 5720; x_wconf 85' lang='lat' dir='ltr'><strong>Pascha,</strong></span> <span class='ocrx_word' id='word_1_925' title='bbox 2864 5666 2919 5710; x_wconf 87' lang='lat' dir='ltr'><strong>et</strong></span> <span class='ocrx_word' id='word_1_926' title='bbox 2936 5653 3038 5711; x_wconf 89' lang='lat' dir='ltr'><strong>hoc</strong></span> <span class='ocrx_word' id='word_1_927' title='bbox 3056 5669 3177 5712; x_wconf 87' lang='lat' dir='ltr'><strong>esse</strong></span> <span class='ocrx_word' id='word_1_928' title='bbox 3196 5656 3393 5712; x_wconf 87' lang='lat' dir='ltr'><strong>dictum</strong></span> <span class='ocrx_word' id='word_1_929' title='bbox 3418 5665 3628 5728; x_wconf 89' lang='lat' dir='ltr'><strong>putant,</strong></span> <span class='ocrx_word' id='word_1_930' title='bbox 3639 5659 3701 5714; x_wconf 82' lang='lat' dir='ltr'><strong>ab</strong></span> <span class='ocrx_word' id='word_1_931' title='bbox 3739 5654 3754 5703; x_wconf 59' lang='grc' dir='ltr'><strong><em>Ψ</em></strong></span> 
     </span>
    </p>
   </div>
   <div class='ocr_carea' id='block_1_120' title="bbox 2194 5768 3432 5834">
    <p class='ocr_par' dir='ltr' id='par_1_120' title="bbox 2194 5768 3432 5834">
     <span class='ocr_line' id='line_1_120' title="bbox 2194 5768 3432 5834; baseline 0.002 -16"><span class='ocrx_word' id='word_1_932' title='bbox 2194 5771 2262 5832; x_wconf 77' lang='lat' dir='ltr'><strong>(u)</strong></span> <span class='ocrx_word' id='word_1_933' title='bbox 2285 5777 2333 5819; x_wconf 88' lang='lat' dir='ltr'><strong>tn</strong></span> <span class='ocrx_word' id='word_1_934' title='bbox 2356 5780 2534 5831; x_wconf 61' lang='lat' dir='ltr'><strong>graec,</strong></span> <span class='ocrx_word' id='word_1_935' title='bbox 2563 5782 2683 5834; x_wconf 82' lang='lat' dir='ltr'><strong>para</strong></span> <span class='ocrx_word' id='word_1_936' title='bbox 2703 5768 2912 5832; x_wconf 85' lang='lat' dir='ltr'><strong>geitonas</strong></span> <span class='ocrx_word' id='word_1_937' title='bbox 2934 5768 3017 5822; x_wconf 66' lang='grc' dir='ltr'><strong>Καὶ</strong></span> <span class='ocrx_word' id='word_1_938' title='bbox 3034 5769 3268 5823; x_wconf 72' lang='lat' dir='ltr'><strong>suskénau</strong></span> <span class='ocrx_word' id='word_1_939' title='bbox 3285 5770 3432 5823; x_wconf 68' lang='lat' dir='ltr'><strong>antes.</strong></span> 
     </span>
    </p>
   </div>
  </div>
