3902 6328
1064 302 1072 327 ο
1142 332 1147 337 .
1236 336 1237 339 η

233 320 341 380 609

231 438 381 495 uanis
398 445 446 492 et
465 437 622 493 haedis
646 437 888 507 accipere,
925 444 1167 505 tanquam
1198 435 1415 500 diceret,
1443 436 1527 491 vel
1559 438 1625 491 ab
1663 438 1813 505 agnis

230 544 450 601 agnum,
476 529 556 582 vel
579 529 645 581 ab
670 528 836 582 hzedis
858 527 1085 589 lardum,
1109 528 1151 580 si
1176 526 1300 581 illud
1327 527 1484 591 desit,
1508 529 1642 582 sumi
1660 544 1817 597 Opor-

232 629 381 676 tere:
404 628 623 690 apparet
645 628 819 674 tamen
844 620 893 673 in
918 619 1131 673 Christo
1150 619 1310 674 rebus
1331 619 1562 689 impletis
1583 619 1701 690 quid
1728 620 1814 674 illo

230 726 499 787 pra'cepto
531 713 687 767 fuerit
714 713 1011 784 ﬁguratum.

307 806 487 862 XLIII.
515 805 614 878 [lb.
648 821 744 869 xu,
776 802 887 876 14.]
911 804 1060 870 Quod
1103 806 1355 873 scriptum
1391 812 1497 868 est,
1529 802 1597 857 Et
1622 804 1813 873 facietis

228 899 364 951 diem
390 898 524 950 hunc
558 896 612 948 in
644 896 905 965 progenies
934 905 1118 948 vestras
1150 895 1421 965 legitimum
1450 904 1691 948 teternum
1729 893 1812 948 vel

226 990 547 1055 cternaletn,
578 989 725 1059 quod
756 1004 928 1059 grzccc
955 988 1146 1043 dicitur
1172 998 1355 1041 uiui-nou
1374 1029 1389 1052 ,
1432 1003 1534 1042 non
1561 987 1637 1041 sic
1674 987 1813 1040 acci-

229 1082 482 1153 piendum
512 1090 594 1135 est
619 1123 634 1145 ,
667 1091 713 1133 ta
727 1096 922 1150 nquam
950 1079 1109 1149 possit
1133 1080 1347 1133 istorum
1382 1077 1811 1147 prauereuntium

226 1174 346 1229 dies
372 1188 490 1229 esse
517 1172 655 1227 ullus
678 1181 910 1226 mteruus
939 1188 952 1235 ;
985 1171 1078 1225 sed
1109 1170 1232 1223 illud
1264 1179 1517 1223 wternum
1545 1179 1645 1230 est,
1668 1167 1809 1238 quod

227 1268 332 1323 iste
369 1266 631 1335 signiﬁcat
673 1264 792 1318 dies
824 1282 835 1317 :
868 1264 1010 1318 velut
1034 1278 1153 1317 cum
1185 1262 1410 1316 dicimus
1444 1261 1611 1330 ipsum
1645 1261 1807 1314 Deum

227 1367 528 1421 aeternum,
578 1372 684 1410 non
736 1357 917 1425 utique
971 1355 1097 1409 istas
1136 1354 1267 1409 duas
1314 1354 1540 1424 syllabas
1584 1362 1809 1407 aeternas

226 1451 485 1515 dicimus,
513 1449 609 1505 sed
648 1448 794 1519 quod
824 1446 1140 1517 significant.
1173 1446 1484 1515 Quanquam
1529 1441 1810 1513 diligenter

226 1539 571 1597 scrutandum
600 1539 669 1593 sit
708 1538 977 1609 quomodo
1020 1537 1287 1608 appellare
1330 1536 1598 1605 Scriptura
1641 1536 1809 1590 soleat

226 1644 520 1694 :cteruum,
553 1648 620 1685 ne
661 1630 800 1685 forte
829 1631 897 1684 ita
940 1629 1133 1683 dixerit
1179 1628 1490 1682 solemuitcr
1514 1636 1804 1692 aeternum,

225 1740 385 1797 quem
418 1724 568 1779 nefas
611 1723 842 1777 habeant
883 1722 1318 1790 praetermittere,
1368 1732 1456 1775 aut
1487 1737 1578 1775 sua
1621 1730 1808 1789 sponte

226 1828 461 1871 mutare.
508 1815 666 1870 Aliud
714 1824 795 1869 est
831 1815 970 1869 enim
1017 1813 1155 1885 quod
1190 1813 1489 1882 praecipitur
1535 1828 1808 1881 quousque

227 1908 340 1974 ﬁat,
362 1908 501 1962 sicut
528 1916 850 1977 pIchpltllll
872 1918 953 1961 est
980 1915 1033 1960 ut
1050 1906 1245 1975 septies
1266 1921 1447 1960 muros
1467 1904 1677 1961 Jericho
1706 1904 1807 1958 cir-

224 1999 456 2054 cumiret
482 2014 601 2052 arca
642 1998 919 2070 (.losuevt,
951 1998 1004 2062 5,
1037 1997 1091 2067 4)
1116 2016 1127 2050 ;
1153 1998 1309 2063 aliud,
1356 2012 1475 2051 cum
1506 1998 1809 2067 praccipitur

225 2092 307 2147 sic
341 2090 615 2146 observari
654 2090 854 2160 aliquid
878 2132 891 2155 ,
920 2100 973 2143 ut
1013 2091 1185 2144 nullus
1208 2091 1462 2145 terminus
1486 2091 1808 2159 pra‘liniatur

223 2182 643 2246 observationis,
677 2183 791 2237 sive
834 2182 1069 2253 quotidie
1093 2225 1108 2249 ,
1148 2183 1259 2237 sive
1292 2198 1383 2251 per
1424 2198 1662 2244 menses,
1695 2182 1806 2237 sive

226 2290 326 2346 per
354 2289 523 2330 annos
548 2274 890 2339 solemniter,
922 2274 1031 2328 sive
1057 2290 1151 2344 per
1172 2274 1454 2328 multorum
1490 2273 1569 2326 vel
1600 2274 1804 2343 aliquoc
1854 2334 1857 2337 η

223 2384 345 2424 rum
372 2383 631 2422 annorum
654 2378 799 2422 certa
827 2367 1123 2422 in'ervalla.
1148 2366 1252 2419 Aut
1276 2382 1405 2437 ergo
1430 2364 1508 2420 sic
1525 2359 1808 2436 appellavit

222 2472 518 2530 aeternum,
550 2461 692 2532 quod
724 2476 831 2516 non
870 2476 963 2514 sua
991 2470 1178 2530 sponte
1201 2460 1428 2515 audeant
1452 2461 1695 2515 desinere
1714 2476 1804 2515 ce-

224 2552 463 2617 lebrare;
495 2562 619 2617 aut,
648 2552 784 2607 sicut
828 2551 967 2615 dixi,
1018 2561 1076 2605 ut
1108 2566 1211 2605 non
1246 2552 1353 2621 ipsa
1395 2554 1543 2621 signa
1584 2567 1801 2619 rerum,

223 2643 321 2698 sed
344 2658 428 2698 res
454 2659 571 2713 (ιυιῐι
602 2644 666 2696 iis
695 2642 1057 2713 signiﬁcantur
1079 2650 1293 2697 aeternae
1323 2642 1694 2712 intelligantur.

298 2732 478 2788 XLIV.
508 2732 606 2806 [lb.
634 2750 729 2795 xu,
763 2731 875 2805 50.]
908 2732 971 2787 Et
991 2733 1156 2802 [actus
1181 2745 1253 2787 est
1281 2732 1471 2789 clamor
1512 2751 1723 2806 magnus
1750 2736 1805 2789 in

223 2836 358 2881 terra
380 2824 618 2896 Egypti.
650 2824 770 2879 Non
796 2826 930 2879 enim
956 2834 1061 2879 erat
1087 2826 1263 2880 domus
1283 2827 1334 2880 in
1366 2844 1465 2895 qua
1494 2843 1594 2880 non
1626 2826 1803 2880 eratin

156 2902 159 2907 ’
224 2937 287 2974 ea
310 2929 551 2974 mortuus.
576 2918 765 2974 Nonne
796 2920 961 2989 potuit
990 2934 1108 2973 esse
1134 2919 1307 2989 aliqua
1335 2918 1524 2974 domus
1550 2935 1665 2989 qua:
1693 2919 1801 2989 pri-

222 3012 551 3082 mogenitum
581 3026 684 3065 non
715 3010 970 3066 haberet?
1012 3010 1144 3067 Cum
1168 3025 1295 3081 ergo
1321 3010 1652 3081 primogeniti
1684 3020 1802 3065 tan-

221 3102 499 3158 tummodo
540 3111 879 3159 morerentur
898 3143 912 3169 ,
950 3102 1217 3173 quomodo
1246 3101 1387 3157 nulla
1410 3112 1525 3157 erat
1551 3118 1668 3172 qua:
1695 3118 1802 3156 non

221 3196 446 3252 haberet
492 3198 805 3252 mortuum?
848 3197 928 3250 An
969 3203 1023 3251 ct
1051 3196 1151 3251 hoc
1194 3194 1445 3250 divinitus
1476 3195 1803 3264 praescieutia

219 3290 318 3345 Dei
349 3288 519 3344 fuerat
550 3299 891 3359 procuratum
914 3331 929 3354 ,
961 3299 1017 3342 ut
1044 3289 1098 3343 in
1114 3289 1359 3342 omnibus
1386 3289 1602 3342 omnino
1626 3298 1804 3343 essent

216 3382 468 3436 domibus
485 3380 839 3451 primogeniti,
860 3380 910 3433 in
928 3379 1118 3449 quibus
1132 3387 1534 3449 percutereutur
1551 3379 1803 3451 .Egyptii?

216 3474 306 3527 Ab
338 3471 436 3525 hac
469 3486 596 3526 sane
635 3472 784 3541 plaga
828 3486 931 3525 non
968 3470 1182 3540 putandi
1209 3480 1331 3524 sunt
1356 3472 1615 3526 immunes
1643 3473 1802 3529 fuisse

215 3563 455 3635 JEgyptii
506 3563 593 3634 qui
622 3562 929 3618 habitabant
970 3563 1022 3617 in
1067 3572 1205 3617 terra
1236 3562 1473 3628 Gessen;
1528 3563 1801 3621 hominum

216 3658 416 3725 quippe
446 3664 559 3710 erat
583 3696 598 3720 ,
626 3655 707 3709 vel
739 3654 1042 3709 animalium
1068 3695 1083 3720 ,
1108 3669 1213 3708 non
1245 3665 1399 3709 terra:
1434 3672 1447 3708 :
1480 3654 1531 3709 id
1559 3664 1638 3710 est
1660 3698 1673 3722 ,
1709 3657 1803 3710 ho-

216 3747 391 3802 mines
417 3755 472 3802 et
491 3747 739 3801 animalia
762 3746 1107 3817 primogenita
1130 3746 1492 3802 moriebantur
1516 3748 1725 3802 occulto
1750 3757 1803 3804 et

218 3840 459 3910 angelico
508 3854 764 3909 percussu
791 3879 805 3903 ,
840 3855 943 3894 non
983 3838 1182 3909 aliquid
1225 3839 1276 3894 in
1306 3849 1442 3895 terra
1468 3840 1549 3894 vel
1581 3840 1631 3895 iu
1664 3841 1800 3897 cmlo

220 3931 413 3986 factum
462 3939 609 3998 erat,
644 3931 781 3986 sicut
806 3946 972 3996 rana,
1013 3930 1093 3984 vel
1122 3930 1353 3997 locusta,
1399 3931 1483 3985 vel
1528 3932 1797 3999 tenebrtc,

221 4024 361 4079 unde
388 4023 476 4094 qui
526 4022 866 4090 habitabant,
919 4022 1299 4093 afﬂigerentur.
1351 4024 1392 4078 A
1426 4025 1615 4079 talibus
1658 4025 1799 4080 enim

220 4117 386 4188 plagis
408 4132 529 4170 cum
571 4125 711 4171 terra
749 4116 954 4172 Gesseu
990 4114 1174 4170 fuisset
1199 4117 1395 4182 aliena,
1430 4119 1609 4187 procul
1640 4117 1801 4172 dubio

220 4207 564 4278 perveniebat
584 4207 897 4262 beneficium
923 4207 991 4262 ad
1012 4223 1106 4263 eos
1127 4206 1404 4279 Egyptios
1426 4209 1513 4278 qui
1534 4210 1583 4262 iu
1614 4210 1799 4264 eadem

222 4308 360 4354 terra
391 4315 510 4354 cum
542 4298 778 4354 Hebrmis
818 4300 1158 4353 morabantur
1187 4317 1199 4351 :
1234 4298 1333 4353 hac
1362 4314 1488 4354 vero
1531 4299 1796 4371 primoge-

204 4386 315 4446 initi
346 4406 530 4446 eorum
561 4405 749 4445 omnes
776 4391 1011 4460 percussi
1037 4400 1178 4444 sunt.

294 4482 452 4538 XLV.
494 4482 593 4557 [lb.
623 4499 698 4538 xu
718 4525 732 4549 ,
760 4483 850 4549 55,
881 4481 994 4554 '56.]
1023 4480 1146 4535 Filii
1183 4490 1350 4537 autem
1392 4480 1556 4538 Israel
1582 4486 1801 4555 fecerunt

219 4577 363 4631 sicuti
403 4585 710 4647 praeceperat
740 4574 843 4628 illis
870 4574 1099 4645 Moyses,
1124 4584 1170 4628 et
1187 4576 1430 4645 petierunt
1451 4577 1512 4630 ab
1539 4575 1801 4649 Egyptiis

219 4685 340 4724 vasa
369 4684 523 4722 aurea
546 4678 594 4722 et
613 4676 849 4738 argentea
870 4677 917 4721 et
946 4676 1160 4734 vestem;
1190 4677 1236 4722 et
1258 4668 1506 4724 Dominus
1526 4670 1660 4724 dedit
1685 4688 1801 4742 gra-

219 4765 344 4817 tiam
388 4761 574 4833 populo
618 4778 708 4816 suo
737 4778 907 4816 coram
947 4761 1245 4834 Afgyptiis,
1283 4772 1327 4816 et
1365 4764 1803 4820 commodaverunt

218 4855 322 4909 illis
340 4895 357 4919 ,
389 4863 434 4907 et
456 4853 669 4924 praedati
691 4852 1119 4925 sunt/Egyptios.
1141 4854 1258 4910 Jam
1288 4855 1389 4911 hoc
1416 4854 1607 4911 [actum
1634 4858 1804 4914 fuerat

219 4957 344 5004 autc
375 4957 573 5003 mortes
606 4947 1075 5019 primogenitorum
1105 4948 1509 5022 Egyptiorum;
1540 4952 1633 5006 sed
1664 4967 1804 5009 nunc

200 5032 321 5115 per
364 5043 861 5113 recapitulationem
913 5042 1191 5112 repetitur.
1243 5042 1374 5098 Nam
1422 5054 1691 5099 narratum
1722 5054 1805 5101 est

196 5126 435 5207 quando
460 5134 651 5189 factum
674 5141 776 5190 est.
808 5133 961 5188 Modo
990 5134 1133 5189 enim
1166 5133 1279 5189 licri
1306 5136 1570 5205 quomodo
1598 5144 1797 5207 posset,

220 5234 282 5280 ut
301 5226 353 5280 in
380 5235 526 5281 lauto
553 5228 695 5282 luctu
714 5240 776 5279 ex
808 5226 1066 5281 mortibus
1094 5242 1309 5280 suorum
1339 5228 1804 5285 accommodarent

223 5317 323 5373 ista
353 5318 475 5374 filiis
506 5318 704 5374 Israel?
731 5317 841 5373 Nisi
874 5316 1011 5374 forte
1030 5318 1149 5387 quis
1171 5319 1315 5375 dicat
1341 5322 1497 5376 etiam
1521 5322 1618 5378 ista
1648 5322 1801 5393 plaga

194 5412 333 5475 jnon
361 5409 522 5467 fuisse
553 5425 829 5480 percussos
854 5408 1131 5482 [Egyptios
1170 5413 1405 5483 quicum
1448 5414 1683 5471 Ilebracis
1721 5416 1801 5471 in-

225 5502 535 5559 habitabant
560 5512 756 5559 terram
785 5502 1008 5559 Gessen.

297 5596 479 5652 XLVI.
504 5596 604 5670 [lb.
646 5612 752 5663 xu,
782 5594 897 5668 22.]
928 5596 1061 5665 Quid
1093 5606 1174 5653 est
1216 5598 1355 5670 quod
1383 5600 1489 5667 ait,
1539 5600 1802 5673 Accipietis

192 5688 197 5691 ’
221 5700 395 5745 autem
420 5688 717 5760 fasciculum
746 5688 983 5758 hyssopi,
1015 5698 1062 5743 et
1091 5690 1334 5761 tingentes
1362 5707 1426 5746 ea;
1448 5693 1693 5765 sanguine
1718 5696 1804 5767 qui

190 5762 193 5767 ’
224 5792 301 5844 ut
319 5785 476 5857 juxta
504 5784 713 5851 ostium,
766 5780 948 5839 linietis
976 5797 1128 5852 super
1156 5784 1308 5840 limen
1334 5796 1379 5842 et
1428 5762 1582 5858 super
1630 5762 1800 5848 ambos

1459 343 1463 345 λ
1534 322 1739 381 LIBER
1772 325 2141 383 SECUNDUS.

3399 344 3502 407 610

1932 441 2141 509 postes?
2168 440 2431 508 Quaeritur
2459 445 2600 500 enim
2645 445 3137 521 quemsangumem
3183 453 3319 513 dicat
3352 458 3501 528 juxta

1927 533 2120 586 ostium
2142 575 2155 597 ,
2189 548 2309 589 cum
2350 534 2485 591 illius
2510 538 2629 608 agni
2661 542 2840 610 utique
2869 543 2997 598 velit
3039 543 3260 619 intelligi
3291 553 3499 622 sanguis

1926 640 2045 678 nem
2072 666 2084 688 ,
2113 627 2265 696 cujus
2287 628 2645 685 immolatione
2673 631 2727 686 fit
2752 632 2972 690 Pascha.
3002 636 3083 691 Au
3106 653 3171 693 eo
3190 640 3352 696 modo
3376 658 3504 699 con-

1925 725 2210 783 sequenter
2254 720 2517 788 prmcipit,
2546 722 2786 791 quamvis
2813 723 2913 779 hoc
2960 728 3212 794 tacuerit,
3264 740 3321 784 ut
3362 731 3501 788 idem

1925 819 2088 875 agnus
2104 807 2250 876 juxta
2282 810 2474 865 ostium
2513 812 2821 869 occidatur?
2846 816 2925 869 An
2945 858 2960 881 ,
2991 818 3131 887 quod
3157 829 3243 874 est
3262 823 3499 878 credibi-

1926 893 2024 949 lius
2042 939 2057 962 ,
2087 898 2205 952 ideo
2233 899 2365 954 dixit
2385 918 2448 956 ea:
2471 903 2715 973 sanguine
2738 906 2824 975 qui
2847 916 2922 960 est
2948 908 3105 978 juxta
3132 914 3315 965 ostium
3334 953 3350 979 ,
3378 913 3501 984 quia

1924 988 2106 1056 utique
2136 990 2224 1043 ille
2249 991 2338 1060 qui
2361 992 2604 1048 liniturus
2625 1003 2707 1049 est
2732 1010 2891 1065 super
2906 998 3066 1054 limen
3093 1010 3147 1055 et
3175 1012 3375 1072 postes,
3402 1020 3497 1062 vas

1922 1076 2097 1146 ipsum
2139 1081 2188 1133 in
2215 1097 2321 1151 quo
2350 1085 2658 1154 sanguinem
2679 1089 2921 1157 excepit,
2949 1090 3099 1157 juxta
3137 1094 3331 1149 ostium
3359 1097 3504 1167 posi-

1925 1179 2074 1227 turus
2093 1182 2173 1226 est
2190 1214 2205 1239 ,
2229 1183 2286 1237 ut
2309 1177 2372 1229 ad
2401 1192 2612 1231 mamnn
2637 1178 2826 1233 habeat
2846 1181 3056 1250 quando
3088 1185 3274 1255 tingit?

1992 1260 2197 1315 XLVII.
2230 1262 2328 1334 [lb.
2345 1280 2439 1328 xu,
2459 1268 2544 1329 57,
2564 1266 2679 1339 40.]
2697 1268 3023 1325 Sustulerunt
3041 1284 3204 1328 autem
3221 1276 3318 1345 lilii
3338 1275 3504 1335 Israel

1921 1348 2252 1405 de'Ramesse
2278 1353 2328 1405 in
2357 1353 2644 1424 Soccliotlt,
2695 1358 2745 1411 in
2793 1370 3025 1414 sexcenta
3075 1363 3237 1417 millia
3280 1368 3503 1437 peditum

1920 1439 2012 1492 viri
2031 1480 2046 1505 ,
2078 1452 2259 1509 printer
2284 1443 2580 1499 instructum
2598 1486 2613 1507 ,
2644 1447 2726 1501 vel
2758 1464 2995 1515 censum;
3025 1454 3068 1506 si
3112 1454 3213 1509 isto
3236 1457 3395 1511 modo
3415 1473 3503 1529 po-

1923 1534 2022 1585 test
2063 1544 2205 1588 recte
2253 1536 2587 1607 interpretari
2612 1539 2751 1610 quod
2779 1556 2983 1611 grrecus
3006 1544 3166 1602 habet
3202 1552 3496 1620 ἀποσκευήν,

1920 1636 2026 1692 quo
2051 1626 2212 1679 verbo
2231 1642 2335 1680 non
2359 1630 2529 1683 solum
2558 1630 2769 1685 mobilia
2787 1672 2803 1699 ,
2837 1648 3021 1689 verum
3051 1637 3208 1692 etiam
3231 1643 3500 1697 moventia

1919 1708 2201 1788 signiﬁcari
2247 1721 2442 1776 indicat
2491 1722 2795 1792 Scriptura,
2825 1726 2915 1781 ubi
2954 1727 3122 1784 Judas
3162 1730 3383 1801 loquens
3431 1733 3500 1790 ad

1918 1822 2120 1880 patrem
2170 1828 2321 1868 suum
2350 1815 2477 1869 dicit
2509 1833 2523 1870 :
2556 1815 2703 1871 Mitte
2730 1834 2942 1887 puerum
2970 1836 3161 1876 mecum
3180 1864 3196 1891 ,
3224 1832 3272 1877 et
3297 1841 3498 1897 surgen-

1920 1912 1990 1957 tes
2013 1904 2193 1959 ibimus
2217 1916 2268 1959 ut
2295 1907 2518 1962 vivamus
2538 1949 2554 1975 ,
2585 1917 2634 1962 et
2659 1925 2760 1963 non
2792 1911 3070 1966 moriamur
3093 1923 3140 1967 et
3169 1930 3261 1969 nos
3280 1956 3295 1980 ,
3328 1925 3373 1969 et
3402 1926 3457 1970 tu
3477 1957 3493 1985 ,

1918 2004 1964 2048 et
2005 1995 2279 2051 substantia
2304 2010 2476 2053 nostra
2523 1998 2677 2069 (Gen.
2718 2016 2866 2070 mn,
2895 2002 2972 2074 8).
3006 2003 3082 2060 lbi
3113 2006 3253 2061 enim
3292 2022 3499 2078 graecus

1918 2089 2179 2150 ἀποσκευὴν
2201 2088 2395 2153 habet,
2425 2090 2513 2144 ubi
2540 2090 2872 2147 substantiam
2901 2094 3097 2151 latinus
3123 2097 3497 2168 interpretatus

1918 2187 2028 2245 est;
2079 2180 2220 2250 quod
2264 2181 2546 2252 aliquando
2595 2201 2797 2239 censum
2841 2186 3253 2259 interpretantur
3292 2192 3493 2247 nostri:

1905 2267 2055 2325 sicut
2077 2289 2218 2328 nunc
2238 2274 2535 2330 instructum
2558 2277 2738 2334 dicere
2761 2279 3050 2349 voluimus,
3078 2283 3204 2339 dum
3234 2294 3408 2342 tamen
3430 2300 3498 2344 eo

1918 2364 2132 2419 nomine
2157 2376 2211 2420 et
2238 2367 2483 2425 homines
2499 2372 2800 2441 etjumenta
2822 2375 2905 2431 vel
2923 2376 3098 2431 omnia
3121 2392 3312 2446 pecora
3340 2379 3496 2435 intel-

1916 2451 2166 2523 ligantur.
2196 2456 2296 2512 Ubi
2316 2460 2476 2513 etiam
2503 2470 2679 2517 utrum
2704 2474 2755 2518 et
2785 2481 2981 2522 uxores
3012 2470 3214 2537 possint
3236 2468 3494 2541 intelligi,

1916 2549 2120 2602 nescio.
2148 2548 2410 2606 Sescenta
2433 2561 2607 2608 tamen
2634 2555 2798 2611 millia
2819 2558 3054 2629 peditum
3074 2575 3195 2614 cum
3226 2559 3496 2633 Scriptura

1917 2651 2332 2709 commemoret,
2364 2642 2565 2700 addens
2592 2653 2648 2701 et
2691 2646 2909 2717 dicens,
2959 2648 3186 2720 Excepto
3213 2651 3454 2706 instructu
3474 2692 3493 2721 ,

1915 2731 1997 2785 vel
2024 2748 2173 2786 censu
2191 2773 2207 2799 ,
2232 2733 2314 2788 vel
2333 2734 2615 2789 substantia
2635 2777 2650 2804 ,
2680 2737 2763 2792 vel
2794 2737 2838 2792 si
2856 2754 2962 2811 quo
2989 2740 3095 2794 alio
3116 2741 3278 2796 verbo
3304 2742 3496 2798 melius

1916 2821 2292 2892 interpretatur
2315 2828 2575 2892 ἀποσκιυὴ,
2603 2828 2942 2884 manifestum
2970 2838 3126 2885 estet
3150 2830 3392 2888 homines
3418 2833 3495 2889 si-

1914 2916 2191 2985 gniﬁcatos
2210 2958 2224 2981 ,
2252 2918 2364 2973 sive
2391 2918 2442 2972 in
2463 2920 2632 2975 servis
2654 2963 2669 2989 ,
2702 2922 2813 2978 sive
2836 2922 2891 2977 in
2918 2923 3230 2979 mulieribus
3247 2966 3263 2992 ,
3303 2925 3414 2981 sive
3440 2926 3495 2982 in

1914 3007 1998 3063 his
2021 3009 2266 3065 aetatibus
2290 3027 2407 3080 qua:
2433 3011 2636 3067 militiae
2674 3029 2779 3068 non
2808 3024 2990 3071 essent
3018 3016 3248 3083 idoneae,
3283 3026 3340 3073 ut
3366 3033 3494 3074 sex-

1913 3111 2067 3158 centa
2109 3103 2272 3158 millia
2322 3104 2556 3173 peditum
2588 3106 2639 3160 in
2679 3106 2756 3161 eis
2786 3107 2917 3163 solis
2962 3108 3315 3179 intelligamus
3339 3151 3354 3178 ,
3400 3110 3491 3181 qui

1914 3202 2133 3261 possent
2158 3194 2371 3248 militari
2401 3194 2611 3265 agmine
2637 3196 2853 3251 armari.

1982 3282 2159 3349 Quaeri
2188 3297 2364 3339 autem
2386 3285 2522 3341 solet
2546 3294 2720 3341 utrum
2756 3286 2825 3343 ad
2845 3296 3047 3344 tantum
3087 3305 3363 3345 numerum
3390 3290 3493 3347 He-

1911 3371 2041 3427 brmi
2082 3377 2364 3443 pervenire
2402 3376 2672 3447 potuerint
2713 3393 2808 3447 per
2834 3395 2928 3435 eos
2952 3395 3121 3437 annos
3151 3381 3201 3437 in
3227 3381 3491 3454 Aigypto,

1913 3478 2047 3533 quos
2088 3465 2370 3521 ostendere
2408 3467 2773 3523 consideratus
2811 3470 2863 3524 in
2910 3469 3195 3540 Scripturis
3242 3488 3496 3530 numerus

1912 3562 2084 3622 potest
2108 3573 2120 3608 :
2149 3557 2237 3626 qui
2265 3557 2493 3627 primum
2519 3559 2641 3613 anui
2666 3568 2797 3629 quot
2826 3555 3146 3616 fuerint'non
3169 3578 3327 3633 parva
3355 3580 3491 3635 qua:-

1910 3647 2014 3701 stio
2038 3656 2139 3701 est.
2170 3648 2305 3702 Dicit
2328 3648 2469 3702 enim
2502 3650 2639 3704 Deus
2662 3650 2729 3703 ad
2752 3651 3019 3707 Abraham
3040 3669 3161 3708 cum
3192 3654 3387 3711 factum
3408 3671 3495 3713 es-

1909 3746 1993 3792 set
2036 3737 2163 3792 illud
2200 3738 2517 3793 sacriﬁcium
2546 3739 2613 3796 de
2661 3756 2816 3797 vacca
2867 3742 3061 3813 trima,
3108 3754 3163 3801 et
3205 3762 3398 3817 capra,
3438 3756 3494 3805 et

1910 3830 2077 3884 ariete
2097 3871 2109 3893 ,
2134 3839 2188 3885 et
2213 3838 2417 3887 turture
2435 3874 2451 3897 ,
2479 3842 2532 3888 et
2567 3833 2810 3891 columba
2833 3878 2848 3905 ,
2880 3848 3160 3909 antequam
3193 3857 3295 3896 non
3318 3844 3491 3899 solum

1911 3918 2088 3986 Isaac,
2117 3921 2209 3977 sed
2255 3937 2353 3977 nec
2383 3922 2573 3980 lsmael
2610 3926 2823 3996 quidem
2857 3937 3014 3985 natus
3044 3940 3227 3987 esset:
3271 3932 3492 3990 Sciendo

1909 4014 2040 4068 scias
2094 4016 2134 4082 ⁸,
2164 4015 2284 4086 quia
2304 4020 2621 4089 peregrinum
2657 4020 2747 4074 erit
2784 4038 2951 4076 semen
2981 4033 3122 4077 tuum
3151 4024 3203 4079 in
3234 4034 3366 4081 terra
3390 4043 3493 4082 non

1910 4108 2153 4177 propria;
2206 4117 2252 4162 et
2294 4108 2345 4163 in
2380 4110 2665 4166 servitutem
2710 4113 2937 4186 redigant
2966 4132 3081 4183 eos,
3139 4124 3183 4172 et
3241 4118 3492 4175 nocebunt

1908 4196 2013 4250 illis
2042 4198 2436 4270 quadringentos
2467 4218 2628 4256 annos
2660 4202 2814 4273 (Gen.
2856 4221 2949 4272 xv,
2981 4204 3097 4279 15).
3130 4207 3185 4263 Si
3207 4223 3334 4279 ergo
3357 4224 3491 4280 qua-

1908 4285 2217 4357 dringentos
2236 4305 2407 4345 annos
2431 4292 2507 4348 sic
2530 4294 2893 4364 acceperimus
2910 4338 2926 4363 ,
2950 4298 3077 4353 utin
3103 4299 3364 4355 servitute
3392 4300 3494 4356 sub

1908 4377 2179 4450 Egyptiis
2224 4382 2623 4454 intelligantur,
2654 4400 2761 4440 non
2809 4402 3027 4456 parvum
3078 4389 3308 4461 spatium
3351 4399 3493 4447 tem-

1908 4474 2055 4543 poris
2084 4473 2214 4557 fuit,
2246 4491 2352 4545 quo
2387 4476 2458 4530 ita
2498 4478 2727 4547 populus
2764 4480 3228 4551 multiplicaretur.
3270 4482 3375 4540 Sed
3415 4492 3495 4542 tot

1908 4579 2077 4620 annos
2108 4581 2211 4622 non
2256 4568 2454 4638 fuisse,
2509 4570 2845 4640 apertissimo
2873 4572 3074 4631 indicio
3118 4576 3387 4650 Scriptura
3414 4589 3492 4637 te-

1908 4664 2095 4711 statur.
3303 4679 3314 4734 ί

1978 4746 2201 4815 Quidam
2236 4749 2377 4804 enim
2404 4758 2593 4820 putant
2626 4753 3043 4827 quadringentos
3077 4758 3289 4831 triginta
3319 4776 3489 4818 annos

1907 4840 2075 4911 accipi
2104 4841 2334 4908 debere,
2378 4859 2445 4900 ex
2486 4860 2592 4917 quo
2615 4844 2779 4903 Jacob
2825 4848 3038 4906 intravit
3074 4852 3126 4908 in
3164 4852 3489 4926 Egyptum,

1907 4932 2079 4990 donec
2105 4934 2229 4991 inde
2258 4937 2484 5007 populus
2510 4954 2606 5009 per
2648 4938 2862 5012 Moysen
2909 4943 3165 5000 liberatus
3200 4954 3315 5005 est,
3356 4959 3491 5014 quo-

1907 5024 2050 5079 niam
2074 5025 2128 5080 in
2154 5025 2338 5081 Exodo
2357 5028 2616 5099 scriptum
2636 5039 2718 5086 est
2748 5048 2762 5085 :
2793 5030 3062 5088 Incolatus
3082 5044 3248 5089 autem
3269 5033 3493 5104 filiorum

1906 5112 2103 5184 Israel,
2148 5137 2294 5190 quem
2330 5122 2647 5179 incoluerunt
2684 5124 2738 5180 in
2767 5135 2899 5181 terra
2930 5126 3153 5198 AEgypti
3191 5136 3239 5180 et
3276 5127 3330 5181 in
3359 5136 3494 5181 terra

1908 5208 2181 5279 Chanaan,
2209 5212 2307 5283 ipsi
2345 5223 2391 5268 et
2417 5224 2583 5286 patres
2621 5232 2826 5282 eorum,
2866 5218 2992 5271 anni
3024 5218 3378 5290 quadringenti
3402 5218 3496 5273 tri-

1906 5304 2065 5375 ginta.
2088 5304 2370 5361 Servitutis
2394 5316 2572 5363 autem
2599 5323 2785 5363 eorum
2817 5309 3004 5364 volunt
3032 5325 3151 5365 esse
3171 5325 3340 5367 annos
3364 5325 3494 5382 qua-

1906 5396 2252 5469 dringentos;
2283 5412 2559 5471 propterea
2587 5401 2729 5471 quod
2758 5403 3015 5474 scriptum
3056 5412 3139 5460 est
3173 5404 3224 5460 in
3252 5402 3445 5461 Genesi
3474 5422 3489 5459 :

1908 5490 2127 5547 Sciendo
2163 5492 2292 5547 scias
2315 5536 2330 5560 ,
2374 5494 2494 5564 quia
2544 5495 2863 5566 peregrinum
2917 5497 3009 5551 erit
3055 5515 3222 5554 semen
3267 5509 3407 5554 tuum
3438 5499 3493 5555 in

1908 5594 2042 5641 terra
2076 5604 2177 5641 non
2205 5602 2336 5652 sua;
2363 5596 2410 5641 et
2445 5589 2497 5641 in
2524 5588 2812 5643 servitutem
2850 5590 3080 5663 redigent
3110 5609 3221 5660 eos,
3268 5602 3313 5648 et
3341 5608 3493 5649 noce-

1912 5740 2218 5858 doiMss.
2240 5742 2331 5795 hoc
2352 5739 2460 5795 loco
2484 5756 2496 5795 :
2521 5750 2572 5797 at
2593 5742 2798 5798 inferius
2818 5755 3095 5803 constanter
3116 5751 3316 5816 habent,
3344 5763 3475 5810 qcm:
