  <div class='ocr_page' id='page_1' title='image "/cluster/home/n/w/nwhite01/storage/ocr_20150623/34/uva.x000826574/322.png"; bbox 0 0 3902 6312; ppageno 0'>
   <div class='ocr_carea' id='block_1_1' title="bbox 130 375 230 431">
    <p class='ocr_par' dir='ltr' id='par_1_1' title="bbox 130 375 230 431">
     <span class='ocr_line' id='line_1_1' title="bbox 130 375 230 431; baseline 0.01 -1"><span class='ocrx_word' id='word_1_1' title='bbox 130 375 230 431; x_wconf 77' lang='grc'><strong>615</strong></span> 
     </span>
    </p>
   </div>
   <div class='ocr_carea' id='block_1_2' title="bbox 132 473 1718 558">
    <p class='ocr_par' dir='ltr' id='par_1_2' title="bbox 132 473 1718 558">
     <span class='ocr_line' id='line_1_2' title="bbox 132 473 1718 558; baseline -0.005 -17"><span class='ocrx_word' id='word_1_2' title='bbox 132 487 363 558; x_wconf 85' lang='lat' dir='ltr'><strong>populus</strong></span> <span class='ocrx_word' id='word_1_3' title='bbox 405 501 474 540; x_wconf 75' lang='lat' dir='ltr'><strong>ex</strong></span> <span class='ocrx_word' id='word_1_4' title='bbox 519 485 780 555; x_wconf 65' lang='lat' dir='ltr'><strong>Egypto,</strong></span> <span class='ocrx_word' id='word_1_5' title='bbox 822 491 1040 552; x_wconf 80' lang='lat' dir='ltr'><strong>excepto</strong></span> <span class='ocrx_word' id='word_1_6' title='bbox 1075 488 1270 540; x_wconf 59' lang='lat' dir='ltr'><strong>ett-tero</strong></span> <span class='ocrx_word' id='word_1_7' title='bbox 1309 486 1583 549; x_wconf 41' lang='lat' dir='ltr'><strong>apparatu.</strong></span> <span class='ocrx_word' id='word_1_8' title='bbox 1629 473 1718 528; x_wconf 74' lang='lat' dir='ltr'><strong>ubi</strong></span> 
     </span>
    </p>
   </div>
   <div class='ocr_carea' id='block_1_3' title="bbox 134 571 1716 637">
    <p class='ocr_par' dir='ltr' id='par_1_3' title="bbox 134 571 1716 637">
     <span class='ocr_line' id='line_1_3' title="bbox 134 571 1716 637; baseline -0.008 -2"><span class='ocrx_word' id='word_1_9' title='bbox 134 593 184 635; x_wconf 86' lang='lat' dir='ltr'><strong>et</strong></span> <span class='ocrx_word' id='word_1_10' title='bbox 216 580 438 634; x_wconf 76' lang='lat' dir='ltr'><strong>servitia</strong></span> <span class='ocrx_word' id='word_1_11' title='bbox 473 590 653 635; x_wconf 89' lang='lat' dir='ltr'><strong>erant.</strong></span> <span class='ocrx_word' id='word_1_12' title='bbox 683 587 736 630; x_wconf 92' lang='lat' dir='ltr'><strong>et</strong></span> <span class='ocrx_word' id='word_1_13' title='bbox 763 592 918 637; x_wconf 79' lang='lat' dir='ltr'><strong>sexus</strong></span> <span class='ocrx_word' id='word_1_14' title='bbox 940 575 1215 632; x_wconf 77' lang='lat' dir='ltr'><strong>muliebris</strong></span> <span class='ocrx_word' id='word_1_15' title='bbox 1240 583 1292 628; x_wconf 88' lang='lat' dir='ltr'><strong>et</strong></span> <span class='ocrx_word' id='word_1_16' title='bbox 1317 571 1542 630; x_wconf 76' lang='lat' dir='ltr'><strong>imbellis</strong></span> <span class='ocrx_word' id='word_1_17' title='bbox 1567 580 1716 628; x_wconf 61' lang='lat' dir='ltr'><strong>aetas.</strong></span> 
     </span>
    </p>
   </div>
   <div class='ocr_carea' id='block_1_4' title="bbox 200 664 1717 739">
    <p class='ocr_par' dir='ltr' id='par_1_4' title="bbox 200 664 1717 739">
     <span class='ocr_line' id='line_1_4' title="bbox 200 664 1717 739; baseline -0.004 -13"><span class='ocrx_word' id='word_1_18' title='bbox 200 671 354 739; x_wconf 77' lang='lat' dir='ltr'><strong>Quod</strong></span> <span class='ocrx_word' id='word_1_19' title='bbox 379 684 513 738; x_wconf 72' lang='lat' dir='ltr'><strong>ergo</strong></span> <span class='ocrx_word' id='word_1_20' title='bbox 540 670 670 724; x_wconf 59' lang='lat' dir='ltr'><strong>dixit</strong></span> <span class='ocrx_word' id='word_1_21' title='bbox 698 670 836 723; x_wconf 85' lang='lat' dir='ltr'><strong>Deus</strong></span> <span class='ocrx_word' id='word_1_22' title='bbox 875 667 940 721; x_wconf 88' lang='lat' dir='ltr'><strong>ad</strong></span> <span class='ocrx_word' id='word_1_23' title='bbox 968 667 1266 732; x_wconf 74' lang='lat' dir='ltr'><strong>Abraham,</strong></span> <span class='ocrx_word' id='word_1_24' title='bbox 1307 664 1525 720; x_wconf 76' lang='lat' dir='ltr'><strong>Sciendo</strong></span> <span class='ocrx_word' id='word_1_25' title='bbox 1554 664 1683 720; x_wconf 78' lang='lat' dir='ltr'><strong>scias</strong></span> <span class='ocrx_word' id='word_1_26' title='bbox 1701 704 1717 729; x_wconf 90' lang='lat'><strong>,</strong></span> 
     </span>
    </p>
   </div>
   <div class='ocr_carea' id='block_1_5' title="bbox 78 755 1719 832">
    <p class='ocr_par' dir='ltr' id='par_1_5' title="bbox 78 755 1719 832">
     <span class='ocr_line' id='line_1_5' title="bbox 78 755 1719 832; baseline -0.007 -14"><span class='ocrx_word' id='word_1_27' title='bbox 78 765 88 788; x_wconf 80' lang='lat'>‘</span> <span class='ocrx_word' id='word_1_28' title='bbox 132 766 249 832; x_wconf 84' lang='lat' dir='ltr'><strong>quia</strong></span> <span class='ocrx_word' id='word_1_29' title='bbox 291 763 620 832; x_wconf 82' lang='lat' dir='ltr'><strong>peregrinum</strong></span> <span class='ocrx_word' id='word_1_30' title='bbox 646 761 735 814; x_wconf 86' lang='lat' dir='ltr'><strong>erit</strong></span> <span class='ocrx_word' id='word_1_31' title='bbox 766 775 929 813; x_wconf 81' lang='lat' dir='ltr'><strong>semen</strong></span> <span class='ocrx_word' id='word_1_32' title='bbox 952 768 1088 814; x_wconf 83' lang='lat' dir='ltr'><strong>tuum</strong></span> <span class='ocrx_word' id='word_1_33' title='bbox 1119 758 1169 810; x_wconf 87' lang='lat' dir='ltr'><strong>in</strong></span> <span class='ocrx_word' id='word_1_34' title='bbox 1200 765 1330 810; x_wconf 89' lang='lat' dir='ltr'><strong>terra</strong></span> <span class='ocrx_word' id='word_1_35' title='bbox 1351 772 1450 812; x_wconf 83' lang='lat' dir='ltr'><strong>non</strong></span> <span class='ocrx_word' id='word_1_36' title='bbox 1477 755 1719 827; x_wconf 79' lang='lat' dir='ltr'><strong>propria;</strong></span> 
     </span>
    </p>
   </div>
   <div class='ocr_carea' id='block_1_6' title="bbox 133 845 1717 920">
    <p class='ocr_par' dir='ltr' id='par_1_6' title="bbox 133 845 1717 920">
     <span class='ocr_line' id='line_1_6' title="bbox 133 845 1717 920; baseline -0.006 -11"><span class='ocrx_word' id='word_1_37' title='bbox 133 867 175 909; x_wconf 86' lang='lat' dir='ltr'><strong>et</strong></span> <span class='ocrx_word' id='word_1_38' title='bbox 213 855 265 906; x_wconf 87' lang='lat' dir='ltr'><strong>in</strong></span> <span class='ocrx_word' id='word_1_39' title='bbox 308 854 603 905; x_wconf 72' lang='lat' dir='ltr'><strong>servitutem</strong></span> <span class='ocrx_word' id='word_1_40' title='bbox 633 849 860 920; x_wconf 72' lang='lat' dir='ltr'><strong>redigant</strong></span> <span class='ocrx_word' id='word_1_41' title='bbox 881 865 985 914; x_wconf 89' lang='lat' dir='ltr'><strong>eos,</strong></span> <span class='ocrx_word' id='word_1_42' title='bbox 1011 857 1057 900; x_wconf 84' lang='lat' dir='ltr'><strong>et</strong></span> <span class='ocrx_word' id='word_1_43' title='bbox 1083 848 1321 902; x_wconf 86' lang='lat' dir='ltr'><strong>nocebunt</strong></span> <span class='ocrx_word' id='word_1_44' title='bbox 1345 846 1448 900; x_wconf 80' lang='lat' dir='ltr'><strong>illis</strong></span> <span class='ocrx_word' id='word_1_45' title='bbox 1473 845 1717 914; x_wconf 83' lang='lat' dir='ltr'><strong>quadrin-</strong></span> 
     </span>
    </p>
   </div>
   <div class='ocr_carea' id='block_1_7' title="bbox 133 933 1719 1015">
    <p class='ocr_par' dir='ltr' id='par_1_7' title="bbox 133 933 1719 1015">
     <span class='ocr_line' id='line_1_7' title="bbox 133 933 1719 1015; baseline -0.005 -19"><span class='ocrx_word' id='word_1_46' title='bbox 133 953 302 1015; x_wconf 73' lang='lat' dir='ltr'><strong>gentos</strong></span> <span class='ocrx_word' id='word_1_47' title='bbox 324 959 514 1006; x_wconf 87' lang='lat' dir='ltr'><strong>annos,</strong></span> <span class='ocrx_word' id='word_1_48' title='bbox 537 956 642 993; x_wconf 87' lang='lat' dir='ltr'><strong>non</strong></span> <span class='ocrx_word' id='word_1_49' title='bbox 671 940 745 992; x_wconf 78' lang='lat' dir='ltr'><strong>sic</strong></span> <span class='ocrx_word' id='word_1_50' title='bbox 774 937 1134 1008; x_wconf 89' lang='lat' dir='ltr'><strong>accipiendum</strong></span> <span class='ocrx_word' id='word_1_51' title='bbox 1155 945 1261 1000; x_wconf 89' lang='lat' dir='ltr'><strong>.est,</strong></span> <span class='ocrx_word' id='word_1_52' title='bbox 1287 945 1531 1005; x_wconf 88' lang='lat' dir='ltr'><strong>tanquam</strong></span> <span class='ocrx_word' id='word_1_53' title='bbox 1555 934 1604 986; x_wconf 91' lang='lat' dir='ltr'><strong>in</strong></span> <span class='ocrx_word' id='word_1_54' title='bbox 1633 933 1719 1000; x_wconf 82' lang='lat' dir='ltr'><strong>illa</strong></span> 
     </span>
    </p>
   </div>
   <div class='ocr_carea' id='block_1_8' title="bbox 133 1026 1720 1100">
    <p class='ocr_par' dir='ltr' id='par_1_8' title="bbox 133 1026 1720 1100">
     <span class='ocr_line' id='line_1_8' title="bbox 133 1026 1720 1100; baseline -0.006 -10"><span class='ocrx_word' id='word_1_55' title='bbox 133 1034 419 1090; x_wconf 76' lang='lat' dir='ltr'><strong>durissima</strong></span> <span class='ocrx_word' id='word_1_56' title='bbox 454 1032 712 1090; x_wconf 79' lang='lat' dir='ltr'><strong>servitute</strong></span> <span class='ocrx_word' id='word_1_57' title='bbox 741 1030 1150 1100; x_wconf 74' lang='lat' dir='ltr'><strong>quadringentos</strong></span> <span class='ocrx_word' id='word_1_58' title='bbox 1182 1043 1348 1081; x_wconf 87' lang='lat' dir='ltr'><strong>annos</strong></span> <span class='ocrx_word' id='word_1_59' title='bbox 1376 1027 1465 1080; x_wconf 90' lang='lat' dir='ltr'><strong>Dei</strong></span> <span class='ocrx_word' id='word_1_60' title='bbox 1501 1026 1720 1100; x_wconf 82' lang='lat' dir='ltr'><strong>populus</strong></span> 
     </span>
    </p>
   </div>
   <div class='ocr_carea' id='block_1_9' title="bbox 137 1117 1721 1192">
    <p class='ocr_par' dir='ltr' id='par_1_9' title="bbox 137 1117 1721 1192">
     <span class='ocr_line' id='line_1_9' title="bbox 137 1117 1721 1192; baseline -0.008 -11"><span class='ocrx_word' id='word_1_61' title='bbox 137 1128 292 1181; x_wconf 81' lang='lat' dir='ltr'><strong>fuerit</strong></span> <span class='ocrx_word' id='word_1_62' title='bbox 322 1142 334 1176; x_wconf 88' lang='lat'><strong>:</strong></span> <span class='ocrx_word' id='word_1_63' title='bbox 365 1124 467 1178; x_wconf 88' lang='lat' dir='ltr'><strong>sed</strong></span> <span class='ocrx_word' id='word_1_64' title='bbox 499 1123 620 1192; x_wconf 88' lang='lat' dir='ltr'><strong>quia</strong></span> <span class='ocrx_word' id='word_1_65' title='bbox 660 1122 912 1190; x_wconf 86' lang='lat' dir='ltr'><strong>scriptum</strong></span> <span class='ocrx_word' id='word_1_66' title='bbox 938 1132 1041 1182; x_wconf 81' lang='lat' dir='ltr'><strong>est,</strong></span> <span class='ocrx_word' id='word_1_67' title='bbox 1070 1117 1135 1173; x_wconf 87' lang='lat' dir='ltr'><strong>In</strong></span> <span class='ocrx_word' id='word_1_68' title='bbox 1171 1117 1320 1171; x_wconf 78' lang='lat' dir='ltr'><strong>Isaac</strong></span> <span class='ocrx_word' id='word_1_69' title='bbox 1356 1117 1608 1172; x_wconf 79' lang='lat' dir='ltr'><strong>nocebitur</strong></span> <span class='ocrx_word' id='word_1_70' title='bbox 1635 1117 1721 1171; x_wconf 86' lang='lat' dir='ltr'><strong>tibi</strong></span> 
     </span>
    </p>
   </div>
   <div class='ocr_carea' id='block_1_10' title="bbox 134 1195 1722 1285">
    <p class='ocr_par' dir='ltr' id='par_1_10' title="bbox 134 1195 1722 1285">
     <span class='ocr_line' id='line_1_10' title="bbox 134 1195 1722 1285; baseline -0.006 -15"><span class='ocrx_word' id='word_1_71' title='bbox 134 1195 294 1270; x_wconf 62' lang='lat' dir='ltr'><strong>sumen</strong></span> <span class='ocrx_word' id='word_1_72' title='bbox 319 1213 429 1285; x_wconf 87' lang='lat' dir='ltr'><strong>(Id.</strong></span> <span class='ocrx_word' id='word_1_73' title='bbox 458 1229 577 1273; x_wconf 73' lang='grc' dir='ltr'>ιιιιι,</span> <span class='ocrx_word' id='word_1_74' title='bbox 606 1211 726 1284; x_wconf 64' lang='lat' dir='ltr'><strong>li);</strong></span> <span class='ocrx_word' id='word_1_75' title='bbox 759 1227 822 1266; x_wconf 76' lang='lat' dir='ltr'><strong>ex</strong></span> <span class='ocrx_word' id='word_1_76' title='bbox 852 1228 987 1265; x_wconf 87' lang='lat' dir='ltr'><strong>anno</strong></span> <span class='ocrx_word' id='word_1_77' title='bbox 1010 1211 1292 1264; x_wconf 74' lang='lat' dir='ltr'><strong>nativitatis</strong></span> <span class='ocrx_word' id='word_1_78' title='bbox 1315 1209 1458 1264; x_wconf 85' lang='lat' dir='ltr'><strong>Isaac</strong></span> <span class='ocrx_word' id='word_1_79' title='bbox 1478 1205 1722 1280; x_wconf 86' lang='lat' dir='ltr'><strong>usquead</strong></span> 
     </span>
    </p>
   </div>
   <div class='ocr_carea' id='block_1_11' title="bbox 137 1297 1721 1372">
    <p class='ocr_par' dir='ltr' id='par_1_11' title="bbox 137 1297 1721 1372">
     <span class='ocr_line' id='line_1_11' title="bbox 137 1297 1721 1372; baseline -0.006 -14"><span class='ocrx_word' id='word_1_80' title='bbox 137 1320 328 1360; x_wconf 84' lang='lat' dir='ltr'><strong>anmnn</strong></span> <span class='ocrx_word' id='word_1_81' title='bbox 354 1301 688 1371; x_wconf 85' lang='lat' dir='ltr'><strong>egressionis</strong></span> <span class='ocrx_word' id='word_1_82' title='bbox 708 1318 771 1355; x_wconf 79' lang='lat' dir='ltr'><strong>ex</strong></span> <span class='ocrx_word' id='word_1_83' title='bbox 805 1300 1037 1372; x_wconf 60' lang='lat' dir='ltr'><strong>[Egypto</strong></span> <span class='ocrx_word' id='word_1_84' title='bbox 1055 1309 1426 1370; x_wconf 90' lang='lat' dir='ltr'><strong>computantur</strong></span> <span class='ocrx_word' id='word_1_85' title='bbox 1440 1297 1563 1356; x_wconf 82' lang='lat' dir='ltr'><strong>anni</strong></span> <span class='ocrx_word' id='word_1_86' title='bbox 1590 1313 1721 1366; x_wconf 89' lang='lat' dir='ltr'><strong>qua-</strong></span> 
     </span>
    </p>
   </div>
   <div class='ocr_carea' id='block_1_12' title="bbox 137 1388 1724 1467">
    <p class='ocr_par' dir='ltr' id='par_1_12' title="bbox 137 1388 1724 1467">
     <span class='ocr_line' id='line_1_12' title="bbox 137 1388 1724 1467; baseline -0.006 -14"><span class='ocrx_word' id='word_1_87' title='bbox 137 1397 397 1467; x_wconf 85' lang='lat' dir='ltr'><strong>dringenti</strong></span> <span class='ocrx_word' id='word_1_88' title='bbox 417 1397 678 1464; x_wconf 81' lang='lat' dir='ltr'><strong>quinque.</strong></span> <span class='ocrx_word' id='word_1_89' title='bbox 700 1394 832 1448; x_wconf 86' lang='lat' dir='ltr'><strong>Cum</strong></span> <span class='ocrx_word' id='word_1_90' title='bbox 861 1408 986 1464; x_wconf 83' lang='lat' dir='ltr'><strong>ergo</strong></span> <span class='ocrx_word' id='word_1_91' title='bbox 1012 1393 1078 1447; x_wconf 90' lang='lat' dir='ltr'><strong>de</strong></span> <span class='ocrx_word' id='word_1_92' title='bbox 1097 1390 1491 1462; x_wconf 78' lang='lat' dir='ltr'><strong>quadringentis</strong></span> <span class='ocrx_word' id='word_1_93' title='bbox 1514 1388 1724 1460; x_wconf 82' lang='lat' dir='ltr'><strong>triginta</strong></span> 
     </span>
    </p>
   </div>
   <div class='ocr_carea' id='block_1_13' title="bbox 139 1480 1722 1556">
    <p class='ocr_par' dir='ltr' id='par_1_13' title="bbox 139 1480 1722 1556">
     <span class='ocr_line' id='line_1_13' title="bbox 139 1480 1722 1556; baseline -0.007 -11"><span class='ocrx_word' id='word_1_94' title='bbox 139 1489 432 1545; x_wconf 78' lang='lat' dir='ltr'><strong>detraxeris</strong></span> <span class='ocrx_word' id='word_1_95' title='bbox 458 1486 645 1556; x_wconf 78' lang='lat' dir='ltr'><strong>viginti</strong></span> <span class='ocrx_word' id='word_1_96' title='bbox 676 1486 905 1556; x_wconf 85' lang='lat' dir='ltr'><strong>quinque</strong></span> <span class='ocrx_word' id='word_1_97' title='bbox 929 1483 1016 1554; x_wconf 90' lang='lat' dir='ltr'><strong>qui</strong></span> <span class='ocrx_word' id='word_1_98' title='bbox 1044 1493 1161 1536; x_wconf 86' lang='lat' dir='ltr'><strong>sunt</strong></span> <span class='ocrx_word' id='word_1_99' title='bbox 1197 1497 1228 1536; x_wconf 87' lang='lat' dir='ltr'><strong>a</strong></span> <span class='ocrx_word' id='word_1_100' title='bbox 1255 1480 1604 1550; x_wconf 88' lang='lat' dir='ltr'><strong>promissione</strong></span> <span class='ocrx_word' id='word_1_101' title='bbox 1632 1494 1722 1534; x_wconf 87' lang='lat' dir='ltr'><strong>us-</strong></span> 
     </span>
    </p>
   </div>
   <div class='ocr_carea' id='block_1_14' title="bbox 139 1571 1726 1654">
    <p class='ocr_par' dir='ltr' id='par_1_14' title="bbox 139 1571 1726 1654">
     <span class='ocr_line' id='line_1_14' title="bbox 139 1571 1726 1654; baseline -0.006 -20"><span class='ocrx_word' id='word_1_102' title='bbox 139 1597 236 1654; x_wconf 85' lang='lat' dir='ltr'><strong>que</strong></span> <span class='ocrx_word' id='word_1_103' title='bbox 263 1579 330 1634; x_wconf 89' lang='lat' dir='ltr'><strong>ad</strong></span> <span class='ocrx_word' id='word_1_104' title='bbox 363 1587 550 1632; x_wconf 86' lang='lat' dir='ltr'><strong>natum</strong></span> <span class='ocrx_word' id='word_1_105' title='bbox 575 1577 745 1640; x_wconf 75' lang='lat' dir='ltr'><strong>‘lsaac,</strong></span> <span class='ocrx_word' id='word_1_106' title='bbox 791 1591 894 1628; x_wconf 90' lang='lat' dir='ltr'><strong>non</strong></span> <span class='ocrx_word' id='word_1_107' title='bbox 925 1575 1113 1627; x_wconf 90' lang='lat' dir='ltr'><strong>mirum</strong></span> <span class='ocrx_word' id='word_1_108' title='bbox 1145 1581 1222 1626; x_wconf 89' lang='lat' dir='ltr'><strong>est</strong></span> <span class='ocrx_word' id='word_1_109' title='bbox 1247 1572 1291 1625; x_wconf 89' lang='lat' dir='ltr'><strong>si</strong></span> <span class='ocrx_word' id='word_1_110' title='bbox 1316 1571 1726 1646; x_wconf 67' lang='lat' dir='ltr'><strong>quadringentos</strong></span> 
     </span>
    </p>
   </div>
   <div class='ocr_carea' id='block_1_15' title="bbox 141 1660 1728 1742">
    <p class='ocr_par' dir='ltr' id='par_1_15' title="bbox 141 1660 1728 1742">
     <span class='ocr_line' id='line_1_15' title="bbox 141 1660 1728 1742; baseline -0.008 -15"><span class='ocrx_word' id='word_1_111' title='bbox 141 1682 190 1728; x_wconf 91' lang='lat' dir='ltr'><strong>et</strong></span> <span class='ocrx_word' id='word_1_112' title='bbox 219 1672 456 1742; x_wconf 89' lang='lat' dir='ltr'><strong>quinque</strong></span> <span class='ocrx_word' id='word_1_113' title='bbox 505 1683 675 1723; x_wconf 88' lang='lat' dir='ltr'><strong>annos</strong></span> <span class='ocrx_word' id='word_1_114' title='bbox 713 1682 915 1720; x_wconf 84' lang='lat' dir='ltr'><strong>summa</strong></span> <span class='ocrx_word' id='word_1_115' title='bbox 941 1663 1106 1718; x_wconf 90' lang='lat' dir='ltr'><strong>solida</strong></span> <span class='ocrx_word' id='word_1_116' title='bbox 1132 1663 1539 1734; x_wconf 77' lang='lat' dir='ltr'><strong>quadringentos</strong></span> <span class='ocrx_word' id='word_1_117' title='bbox 1565 1660 1728 1720; x_wconf 86' lang='lat' dir='ltr'><strong>voluit</strong></span> 
     </span>
    </p>
   </div>
   <div class='ocr_carea' id='block_1_16' title="bbox 141 1755 1723 1833">
    <p class='ocr_par' dir='ltr' id='par_1_16' title="bbox 141 1755 1723 1833">
     <span class='ocr_line' id='line_1_16' title="bbox 141 1755 1723 1833; baseline -0.008 -16"><span class='ocrx_word' id='word_1_118' title='bbox 141 1763 408 1833; x_wconf 87' lang='lat' dir='ltr'><strong>appellare</strong></span> <span class='ocrx_word' id='word_1_119' title='bbox 429 1761 729 1828; x_wconf 85' lang='lat' dir='ltr'><strong>Scriptura,</strong></span> <span class='ocrx_word' id='word_1_120' title='bbox 760 1773 877 1826; x_wconf 76' lang='lat' dir='ltr'><strong>qua:</strong></span> <span class='ocrx_word' id='word_1_121' title='bbox 897 1757 1030 1810; x_wconf 85' lang='lat' dir='ltr'><strong>solet</strong></span> <span class='ocrx_word' id='word_1_122' title='bbox 1053 1767 1287 1824; x_wconf 90' lang='lat' dir='ltr'><strong>tempora</strong></span> <span class='ocrx_word' id='word_1_123' title='bbox 1311 1755 1378 1806; x_wconf 89' lang='lat' dir='ltr'><strong>ita</strong></span> <span class='ocrx_word' id='word_1_124' title='bbox 1403 1768 1723 1823; x_wconf 89' lang='lat' dir='ltr'><strong>nuncupare,</strong></span> 
     </span>
    </p>
   </div>
   <div class='ocr_carea' id='block_1_17' title="bbox 144 1843 1729 1922">
    <p class='ocr_par' dir='ltr' id='par_1_17' title="bbox 144 1843 1729 1922">
     <span class='ocr_line' id='line_1_17' title="bbox 144 1843 1729 1922; baseline -0.008 -15"><span class='ocrx_word' id='word_1_125' title='bbox 144 1851 357 1922; x_wconf 90' lang='lat' dir='ltr'><strong>utquod</strong></span> <span class='ocrx_word' id='word_1_126' title='bbox 397 1850 469 1904; x_wconf 85' lang='lat' dir='ltr'><strong>de</strong></span> <span class='ocrx_word' id='word_1_127' title='bbox 511 1864 716 1902; x_wconf 90' lang='lat' dir='ltr'><strong>summa</strong></span> <span class='ocrx_word' id='word_1_128' title='bbox 751 1845 1074 1917; x_wconf 80' lang='lat' dir='ltr'><strong>perfectioris</strong></span> <span class='ocrx_word' id='word_1_129' title='bbox 1105 1845 1307 1898; x_wconf 90' lang='lat' dir='ltr'><strong>numeri</strong></span> <span class='ocrx_word' id='word_1_130' title='bbox 1337 1843 1601 1912; x_wconf 86' lang='lat' dir='ltr'><strong>paululum</strong></span> <span class='ocrx_word' id='word_1_131' title='bbox 1635 1857 1729 1896; x_wconf 76' lang='lat' dir='ltr'><strong>ex-</strong></span> 
     </span>
    </p>
   </div>
   <div class='ocr_carea' id='block_1_18' title="bbox 144 1934 1727 2004">
    <p class='ocr_par' dir='ltr' id='par_1_18' title="bbox 144 1934 1727 2004">
     <span class='ocr_line' id='line_1_18' title="bbox 144 1934 1727 2004; baseline -0.006 -7"><span class='ocrx_word' id='word_1_132' title='bbox 144 1945 328 2000; x_wconf 85' lang='lat' dir='ltr'><strong>crescit</strong></span> <span class='ocrx_word' id='word_1_133' title='bbox 379 1950 478 1996; x_wconf 88' lang='lat' dir='ltr'><strong>aut</strong></span> <span class='ocrx_word' id='word_1_134' title='bbox 524 1940 654 1994; x_wconf 82' lang='lat' dir='ltr'><strong>infra</strong></span> <span class='ocrx_word' id='word_1_135' title='bbox 696 1950 811 2003; x_wconf 87' lang='lat' dir='ltr'><strong>est,</strong></span> <span class='ocrx_word' id='word_1_136' title='bbox 858 1952 960 1991; x_wconf 89' lang='lat' dir='ltr'><strong>non</strong></span> <span class='ocrx_word' id='word_1_137' title='bbox 1009 1946 1360 2004; x_wconf 88' lang='lat' dir='ltr'><strong>computetur.</strong></span> <span class='ocrx_word' id='word_1_138' title='bbox 1397 1934 1510 1988; x_wconf 84' lang='lat' dir='ltr'><strong>Non</strong></span> <span class='ocrx_word' id='word_1_139' title='bbox 1551 1934 1727 2001; x_wconf 88' lang='lat' dir='ltr'><strong>itaque</strong></span> 
     </span>
    </p>
   </div>
   <div class='ocr_carea' id='block_1_19' title="bbox 145 2021 1723 2103">
    <p class='ocr_par' dir='ltr' id='par_1_19' title="bbox 145 2021 1723 2103">
     <span class='ocr_line' id='line_1_19' title="bbox 145 2021 1723 2103; baseline -0.008 -16"><span class='ocrx_word' id='word_1_140' title='bbox 145 2034 280 2103; x_wconf 81' lang='lat' dir='ltr'><strong>quod</strong></span> <span class='ocrx_word' id='word_1_141' title='bbox 305 2034 399 2095; x_wconf 87' lang='lat' dir='ltr'><strong>ait,</strong></span> <span class='ocrx_word' id='word_1_142' title='bbox 451 2030 521 2084; x_wconf 86' lang='lat' dir='ltr'><strong>In</strong></span> <span class='ocrx_word' id='word_1_143' title='bbox 548 2031 831 2085; x_wconf 77' lang='lat' dir='ltr'><strong>servitutem</strong></span> <span class='ocrx_word' id='word_1_144' title='bbox 866 2027 1084 2096; x_wconf 77' lang='lat' dir='ltr'><strong>redigcnt</strong></span> <span class='ocrx_word' id='word_1_145' title='bbox 1111 2043 1223 2091; x_wconf 88' lang='lat' dir='ltr'><strong>eos,</strong></span> <span class='ocrx_word' id='word_1_146' title='bbox 1253 2037 1298 2078; x_wconf 87' lang='lat' dir='ltr'><strong>et</strong></span> <span class='ocrx_word' id='word_1_147' title='bbox 1326 2024 1564 2078; x_wconf 82' lang='lat' dir='ltr'><strong>nocebunt</strong></span> <span class='ocrx_word' id='word_1_148' title='bbox 1585 2021 1685 2076; x_wconf 82' lang='lat' dir='ltr'><strong>illis</strong></span> <span class='ocrx_word' id='word_1_149' title='bbox 1709 2066 1723 2088; x_wconf 91' lang='lat'><strong>,</strong></span> 
     </span>
    </p>
   </div>
   <div class='ocr_carea' id='block_1_20' title="bbox 145 2117 1729 2194">
    <p class='ocr_par' dir='ltr' id='par_1_20' title="bbox 145 2117 1729 2194">
     <span class='ocr_line' id='line_1_20' title="bbox 145 2117 1729 2194; baseline -0.006 -16"><span class='ocrx_word' id='word_1_150' title='bbox 145 2124 207 2178; x_wconf 86' lang='lat' dir='ltr'><strong>ad</strong></span> <span class='ocrx_word' id='word_1_151' title='bbox 228 2123 650 2194; x_wconf 79' lang='lat' dir='ltr'><strong>quadringentos</strong></span> <span class='ocrx_word' id='word_1_152' title='bbox 676 2134 840 2172; x_wconf 88' lang='lat' dir='ltr'><strong>annos</strong></span> <span class='ocrx_word' id='word_1_153' title='bbox 868 2117 1205 2171; x_wconf 78' lang='lat' dir='ltr'><strong>referendum</strong></span> <span class='ocrx_word' id='word_1_154' title='bbox 1234 2125 1333 2178; x_wconf 90' lang='lat' dir='ltr'><strong>est,</strong></span> <span class='ocrx_word' id='word_1_155' title='bbox 1369 2125 1612 2184; x_wconf 85' lang='lat' dir='ltr'><strong>tanquam</strong></span> <span class='ocrx_word' id='word_1_156' title='bbox 1635 2129 1729 2183; x_wconf 89' lang='lat' dir='ltr'><strong>per</strong></span> 
     </span>
    </p>
   </div>
   <div class='ocr_carea' id='block_1_21' title="bbox 146 2207 1728 2274">
    <p class='ocr_par' dir='ltr' id='par_1_21' title="bbox 146 2207 1728 2274">
     <span class='ocr_line' id='line_1_21' title="bbox 146 2207 1728 2274; baseline -0.008 -3"><span class='ocrx_word' id='word_1_157' title='bbox 146 2226 222 2272; x_wconf 92' lang='lat' dir='ltr'><strong>tot</strong></span> <span class='ocrx_word' id='word_1_158' title='bbox 265 2232 438 2271; x_wconf 84' lang='lat' dir='ltr'><strong>annos</strong></span> <span class='ocrx_word' id='word_1_159' title='bbox 485 2228 578 2268; x_wconf 89' lang='lat' dir='ltr'><strong>eos</strong></span> <span class='ocrx_word' id='word_1_160' title='bbox 614 2212 891 2265; x_wconf 86' lang='lat' dir='ltr'><strong>habuerint</strong></span> <span class='ocrx_word' id='word_1_161' title='bbox 919 2211 970 2263; x_wconf 91' lang='lat' dir='ltr'><strong>in</strong></span> <span class='ocrx_word' id='word_1_162' title='bbox 1012 2210 1292 2274; x_wconf 82' lang='lat' dir='ltr'><strong>servitute;</strong></span> <span class='ocrx_word' id='word_1_163' title='bbox 1331 2207 1422 2262; x_wconf 89' lang='lat' dir='ltr'><strong>sed</strong></span> <span class='ocrx_word' id='word_1_164' title='bbox 1466 2207 1728 2262; x_wconf 76' lang='lat' dir='ltr'><strong>referendi</strong></span> 
     </span>
    </p>
   </div>
   <div class='ocr_carea' id='block_1_22' title="bbox 146 2298 1731 2376">
    <p class='ocr_par' dir='ltr' id='par_1_22' title="bbox 146 2298 1731 2376">
     <span class='ocr_line' id='line_1_22' title="bbox 146 2298 1731 2376; baseline -0.006 -15"><span class='ocrx_word' id='word_1_165' title='bbox 146 2315 268 2362; x_wconf 84' lang='lat' dir='ltr'><strong>sunt</strong></span> <span class='ocrx_word' id='word_1_166' title='bbox 309 2305 690 2376; x_wconf 82' lang='lat' dir='ltr'><strong>quadringenti</strong></span> <span class='ocrx_word' id='word_1_167' title='bbox 720 2302 844 2356; x_wconf 87' lang='lat' dir='ltr'><strong>anni</strong></span> <span class='ocrx_word' id='word_1_168' title='bbox 883 2302 947 2355; x_wconf 91' lang='lat' dir='ltr'><strong>ad</strong></span> <span class='ocrx_word' id='word_1_169' title='bbox 975 2300 1026 2354; x_wconf 88' lang='lat' dir='ltr'><strong>id</strong></span> <span class='ocrx_word' id='word_1_170' title='bbox 1053 2301 1188 2370; x_wconf 91' lang='lat' dir='ltr'><strong>quod</strong></span> <span class='ocrx_word' id='word_1_171' title='bbox 1218 2299 1415 2353; x_wconf 89' lang='lat' dir='ltr'><strong>dictum</strong></span> <span class='ocrx_word' id='word_1_172' title='bbox 1445 2308 1543 2363; x_wconf 87' lang='lat' dir='ltr'><strong>est,</strong></span> <span class='ocrx_word' id='word_1_173' title='bbox 1575 2298 1731 2352; x_wconf 85' lang='lat' dir='ltr'><strong>Pere-</strong></span> 
     </span>
    </p>
   </div>
   <div class='ocr_carea' id='block_1_23' title="bbox 148 2392 1732 2472">
    <p class='ocr_par' dir='ltr' id='par_1_23' title="bbox 148 2392 1732 2472">
     <span class='ocr_line' id='line_1_23' title="bbox 148 2392 1732 2472; baseline -0.006 -18"><span class='ocrx_word' id='word_1_174' title='bbox 148 2402 345 2472; x_wconf 69' lang='lat' dir='ltr'><strong>grinum</strong></span> <span class='ocrx_word' id='word_1_175' title='bbox 372 2399 472 2453; x_wconf 85' lang='lat' dir='ltr'><strong>erit</strong></span> <span class='ocrx_word' id='word_1_176' title='bbox 493 2415 660 2452; x_wconf 89' lang='lat' dir='ltr'><strong>semen</strong></span> <span class='ocrx_word' id='word_1_177' title='bbox 684 2406 826 2449; x_wconf 87' lang='lat' dir='ltr'><strong>tuum</strong></span> <span class='ocrx_word' id='word_1_178' title='bbox 850 2395 900 2448; x_wconf 86' lang='lat' dir='ltr'><strong>in</strong></span> <span class='ocrx_word' id='word_1_179' title='bbox 931 2404 1061 2447; x_wconf 87' lang='lat' dir='ltr'><strong>terra</strong></span> <span class='ocrx_word' id='word_1_180' title='bbox 1086 2409 1184 2446; x_wconf 90' lang='lat' dir='ltr'><strong>non</strong></span> <span class='ocrx_word' id='word_1_181' title='bbox 1207 2392 1449 2462; x_wconf 86' lang='lat' dir='ltr'><strong>propria:</strong></span> <span class='ocrx_word' id='word_1_182' title='bbox 1474 2392 1591 2460; x_wconf 89' lang='lat' dir='ltr'><strong>quia</strong></span> <span class='ocrx_word' id='word_1_183' title='bbox 1619 2393 1732 2446; x_wconf 84' lang='lat' dir='ltr'><strong>sive</strong></span> 
     </span>
    </p>
   </div>
   <div class='ocr_carea' id='block_1_24' title="bbox 150 2481 1732 2552">
    <p class='ocr_par' dir='ltr' id='par_1_24' title="bbox 150 2481 1732 2552">
     <span class='ocr_line' id='line_1_24' title="bbox 150 2481 1732 2552; baseline -0.005 -8"><span class='ocrx_word' id='word_1_184' title='bbox 150 2493 200 2544; x_wconf 90' lang='lat' dir='ltr'><strong>in</strong></span> <span class='ocrx_word' id='word_1_185' title='bbox 229 2501 368 2546; x_wconf 91' lang='lat' dir='ltr'><strong>terra</strong></span> <span class='ocrx_word' id='word_1_186' title='bbox 399 2490 658 2544; x_wconf 85' lang='lat' dir='ltr'><strong>Chanaan</strong></span> <span class='ocrx_word' id='word_1_187' title='bbox 685 2528 699 2552; x_wconf 92' lang='lat'><strong>,</strong></span> <span class='ocrx_word' id='word_1_188' title='bbox 731 2487 844 2540; x_wconf 88' lang='lat' dir='ltr'><strong>sive</strong></span> <span class='ocrx_word' id='word_1_189' title='bbox 873 2485 923 2538; x_wconf 89' lang='lat' dir='ltr'><strong>in</strong></span> <span class='ocrx_word' id='word_1_190' title='bbox 952 2483 1214 2552; x_wconf 73' lang='lat' dir='ltr'><strong>Egypto,</strong></span> <span class='ocrx_word' id='word_1_191' title='bbox 1245 2481 1580 2552; x_wconf 87' lang='lat' dir='ltr'><strong>peregrinum</strong></span> <span class='ocrx_word' id='word_1_192' title='bbox 1617 2490 1732 2536; x_wconf 90' lang='lat' dir='ltr'><strong>erat</strong></span> 
     </span>
    </p>
   </div>
   <div class='ocr_carea' id='block_1_25' title="bbox 151 2574 1731 2646">
    <p class='ocr_par' dir='ltr' id='par_1_25' title="bbox 151 2574 1731 2646">
     <span class='ocr_line' id='line_1_25' title="bbox 151 2574 1731 2646; baseline -0.007 -12"><span class='ocrx_word' id='word_1_193' title='bbox 151 2581 274 2635; x_wconf 85' lang='lat' dir='ltr'><strong>illud</strong></span> <span class='ocrx_word' id='word_1_194' title='bbox 301 2596 513 2643; x_wconf 83' lang='lat' dir='ltr'><strong>semen,</strong></span> <span class='ocrx_word' id='word_1_195' title='bbox 547 2586 826 2646; x_wconf 86' lang='lat' dir='ltr'><strong>antequam</strong></span> <span class='ocrx_word' id='word_1_196' title='bbox 851 2574 1213 2628; x_wconf 74' lang='lat' dir='ltr'><strong>{nereditatem</strong></span> <span class='ocrx_word' id='word_1_197' title='bbox 1242 2579 1510 2626; x_wconf 89' lang='lat' dir='ltr'><strong>sumerent</strong></span> <span class='ocrx_word' id='word_1_198' title='bbox 1540 2581 1731 2624; x_wconf 86' lang='lat' dir='ltr'><strong>terram</strong></span> 
     </span>
    </p>
   </div>
   <div class='ocr_carea' id='block_1_26' title="bbox 153 2663 1734 2741">
    <p class='ocr_par' dir='ltr' id='par_1_26' title="bbox 153 2663 1734 2741">
     <span class='ocr_line' id='line_1_26' title="bbox 153 2663 1734 2741; baseline -0.008 -14"><span class='ocrx_word' id='word_1_199' title='bbox 153 2688 216 2726; x_wconf 81' lang='lat' dir='ltr'><strong>ex</strong></span> <span class='ocrx_word' id='word_1_200' title='bbox 245 2669 604 2741; x_wconf 89' lang='lat' dir='ltr'><strong>promissione</strong></span> <span class='ocrx_word' id='word_1_201' title='bbox 635 2667 726 2721; x_wconf 87' lang='lat' dir='ltr'><strong>Dei</strong></span> <span class='ocrx_word' id='word_1_202' title='bbox 750 2681 766 2731; x_wconf 88' lang='lat'><strong>;</strong></span> <span class='ocrx_word' id='word_1_203' title='bbox 809 2665 946 2736; x_wconf 87' lang='lat' dir='ltr'><strong>quod</strong></span> <span class='ocrx_word' id='word_1_204' title='bbox 969 2663 1167 2718; x_wconf 75' lang='lat' dir='ltr'><strong>factum</strong></span> <span class='ocrx_word' id='word_1_205' title='bbox 1198 2672 1278 2717; x_wconf 91' lang='lat' dir='ltr'><strong>est</strong></span> <span class='ocrx_word' id='word_1_206' title='bbox 1303 2671 1641 2732; x_wconf 84' lang='lat' dir='ltr'><strong>posteaquam</strong></span> <span class='ocrx_word' id='word_1_207' title='bbox 1665 2676 1734 2716; x_wconf 82' lang='lat' dir='ltr'><strong>ex</strong></span> 
     </span>
    </p>
   </div>
   <div class='ocr_carea' id='block_1_27' title="bbox 161 2750 1729 2832">
    <p class='ocr_par' dir='ltr' id='par_1_27' title="bbox 161 2750 1729 2832">
     <span class='ocr_line' id='line_1_27' title="bbox 161 2750 1729 2832; baseline -0.007 -17"><span class='ocrx_word' id='word_1_208' title='bbox 161 2760 387 2832; x_wconf 63' lang='lat' dir='ltr'><strong>[Egypto</strong></span> <span class='ocrx_word' id='word_1_209' title='bbox 430 2759 638 2813; x_wconf 86' lang='lat' dir='ltr'><strong>liberati</strong></span> <span class='ocrx_word' id='word_1_210' title='bbox 663 2765 788 2810; x_wconf 87' lang='lat' dir='ltr'><strong>sunt</strong></span> <span class='ocrx_word' id='word_1_211' title='bbox 819 2772 831 2807; x_wconf 92' lang='lat'>:</span> <span class='ocrx_word' id='word_1_212' title='bbox 857 2764 914 2808; x_wconf 90' lang='lat' dir='ltr'><strong>ut</strong></span> <span class='ocrx_word' id='word_1_213' title='bbox 935 2754 1263 2824; x_wconf 77' lang='lat' dir='ltr'><strong>hyperbaton</strong></span> <span class='ocrx_word' id='word_1_214' title='bbox 1287 2750 1372 2806; x_wconf 89' lang='lat' dir='ltr'><strong>hic</strong></span> <span class='ocrx_word' id='word_1_215' title='bbox 1395 2751 1729 2821; x_wconf 82' lang='lat' dir='ltr'><strong>intelligatur,</strong></span> 
     </span>
    </p>
   </div>
   <div class='ocr_carea' id='block_1_28' title="bbox 155 2843 1736 2914">
    <p class='ocr_par' dir='ltr' id='par_1_28' title="bbox 155 2843 1736 2914">
     <span class='ocr_line' id='line_1_28' title="bbox 155 2843 1736 2914; baseline -0.008 -7"><span class='ocrx_word' id='word_1_216' title='bbox 155 2851 363 2907; x_wconf 85' lang='lat' dir='ltr'><strong>etordo</strong></span> <span class='ocrx_word' id='word_1_217' title='bbox 393 2850 678 2904; x_wconf 74' lang='lat' dir='ltr'><strong>verborum</strong></span> <span class='ocrx_word' id='word_1_218' title='bbox 725 2847 813 2912; x_wconf 89' lang='lat' dir='ltr'><strong>sit,</strong></span> <span class='ocrx_word' id='word_1_219' title='bbox 844 2845 1062 2900; x_wconf 86' lang='lat' dir='ltr'><strong>Sciendo</strong></span> <span class='ocrx_word' id='word_1_220' title='bbox 1089 2845 1238 2910; x_wconf 86' lang='lat' dir='ltr'><strong>scias,</strong></span> <span class='ocrx_word' id='word_1_221' title='bbox 1278 2843 1394 2912; x_wconf 81' lang='lat' dir='ltr'><strong>quia</strong></span> <span class='ocrx_word' id='word_1_222' title='bbox 1422 2843 1736 2914; x_wconf 69' lang='lat' dir='ltr'><strong>peregrinae:</strong></span> 
     </span>
    </p>
   </div>
   <div class='ocr_carea' id='block_1_29' title="bbox 157 2934 1734 3007">
    <p class='ocr_par' dir='ltr' id='par_1_29' title="bbox 157 2934 1734 3007">
     <span class='ocr_line' id='line_1_29' title="bbox 157 2934 1734 3007; baseline -0.007 -11"><span class='ocrx_word' id='word_1_223' title='bbox 157 2943 431 2997; x_wconf 83' lang='lat' dir='ltr'><strong>eritsemcn</strong></span> <span class='ocrx_word' id='word_1_224' title='bbox 463 2950 611 2994; x_wconf 66' lang='lat' dir='ltr'><strong>tuum</strong></span> <span class='ocrx_word' id='word_1_225' title='bbox 649 2939 700 2992; x_wconf 90' lang='lat' dir='ltr'><strong>in</strong></span> <span class='ocrx_word' id='word_1_226' title='bbox 731 2949 861 2991; x_wconf 82' lang='lat' dir='ltr'><strong>terra</strong></span> <span class='ocrx_word' id='word_1_227' title='bbox 891 2953 990 2990; x_wconf 85' lang='lat' dir='ltr'><strong>non</strong></span> <span class='ocrx_word' id='word_1_228' title='bbox 1014 2935 1222 3007; x_wconf 84' lang='lat' dir='ltr'><strong>prapria</strong></span> <span class='ocrx_word' id='word_1_229' title='bbox 1246 2934 1620 3006; x_wconf 68' lang='lat' dir='ltr'><strong>quadringentis</strong></span> <span class='ocrx_word' id='word_1_230' title='bbox 1639 2950 1734 2986; x_wconf 88' lang='lat' dir='ltr'><strong>an-</strong></span> 
     </span>
    </p>
   </div>
   <div class='ocr_carea' id='block_1_30' title="bbox 157 3023 1735 3098">
    <p class='ocr_par' dir='ltr' id='par_1_30' title="bbox 157 3023 1735 3098">
     <span class='ocr_line' id='line_1_30' title="bbox 157 3023 1735 3098; baseline -0.006 -11"><span class='ocrx_word' id='word_1_231' title='bbox 157 3048 269 3097; x_wconf 72' lang='lat' dir='ltr'><strong>nis;</strong></span> <span class='ocrx_word' id='word_1_232' title='bbox 295 3033 425 3087; x_wconf 88' lang='lat' dir='ltr'><strong>illud</strong></span> <span class='ocrx_word' id='word_1_233' title='bbox 457 3041 631 3085; x_wconf 87' lang='lat' dir='ltr'><strong>autem</strong></span> <span class='ocrx_word' id='word_1_234' title='bbox 657 3029 1021 3098; x_wconf 88' lang='lat' dir='ltr'><strong>interpositum</strong></span> <span class='ocrx_word' id='word_1_235' title='bbox 1054 3025 1390 3095; x_wconf 85' lang='lat' dir='ltr'><strong>intelligatur,</strong></span> <span class='ocrx_word' id='word_1_236' title='bbox 1421 3023 1487 3078; x_wconf 82' lang='lat' dir='ltr'><strong>Et</strong></span> <span class='ocrx_word' id='word_1_237' title='bbox 1503 3024 1560 3078; x_wconf 81' lang='lat' dir='ltr'><strong>in</strong></span> <span class='ocrx_word' id='word_1_238' title='bbox 1578 3025 1735 3078; x_wconf 78' lang='lat' dir='ltr'><strong>servi-</strong></span> 
     </span>
    </p>
   </div>
   <div class='ocr_carea' id='block_1_31' title="bbox 153 3117 1737 3194">
    <p class='ocr_par' dir='ltr' id='par_1_31' title="bbox 153 3117 1737 3194">
     <span class='ocr_line' id='line_1_31' title="bbox 153 3117 1737 3194; baseline -0.004 -17"><span class='ocrx_word' id='word_1_239' title='bbox 153 3132 307 3179; x_wconf 79' lang='lat' dir='ltr'><strong>tatem</strong></span> <span class='ocrx_word' id='word_1_240' title='bbox 327 3124 554 3194; x_wconf 79' lang='lat' dir='ltr'><strong>redigant</strong></span> <span class='ocrx_word' id='word_1_241' title='bbox 579 3139 682 3187; x_wconf 86' lang='lat' dir='ltr'><strong>eos,</strong></span> <span class='ocrx_word' id='word_1_242' title='bbox 714 3130 759 3175; x_wconf 88' lang='lat' dir='ltr'><strong>et</strong></span> <span class='ocrx_word' id='word_1_243' title='bbox 795 3122 1036 3174; x_wconf 82' lang='lat' dir='ltr'><strong>nocebunt</strong></span> <span class='ocrx_word' id='word_1_244' title='bbox 1061 3117 1196 3182; x_wconf 77' lang='lat' dir='ltr'><strong>illis;</strong></span> <span class='ocrx_word' id='word_1_245' title='bbox 1221 3118 1290 3172; x_wconf 86' lang='lat' dir='ltr'><strong>ita</strong></span> <span class='ocrx_word' id='word_1_246' title='bbox 1319 3126 1377 3172; x_wconf 90' lang='lat' dir='ltr'><strong>ut</strong></span> <span class='ocrx_word' id='word_1_247' title='bbox 1401 3117 1466 3171; x_wconf 87' lang='lat' dir='ltr'><strong>ad</strong></span> <span class='ocrx_word' id='word_1_248' title='bbox 1486 3117 1737 3188; x_wconf 73' lang='lat' dir='ltr'><strong>quadrin-</strong></span> 
     </span>
    </p>
   </div>
   <div class='ocr_carea' id='block_1_32' title="bbox 157 3206 1739 3286">
    <p class='ocr_par' dir='ltr' id='par_1_32' title="bbox 157 3206 1739 3286">
     <span class='ocr_line' id='line_1_32' title="bbox 157 3206 1739 3286; baseline -0.005 -16"><span class='ocrx_word' id='word_1_249' title='bbox 157 3223 347 3286; x_wconf 77' lang='lat' dir='ltr'><strong>gentos</strong></span> <span class='ocrx_word' id='word_1_250' title='bbox 373 3230 543 3269; x_wconf 88' lang='lat' dir='ltr'><strong>annos</strong></span> <span class='ocrx_word' id='word_1_251' title='bbox 580 3214 679 3267; x_wconf 84' lang='lat' dir='ltr'><strong>ista</strong></span> <span class='ocrx_word' id='word_1_252' title='bbox 723 3211 1050 3281; x_wconf 79' lang='lat' dir='ltr'><strong>interpositio</strong></span> <span class='ocrx_word' id='word_1_253' title='bbox 1080 3225 1181 3263; x_wconf 89' lang='lat' dir='ltr'><strong>non</strong></span> <span class='ocrx_word' id='word_1_254' title='bbox 1213 3209 1491 3278; x_wconf 87' lang='lat' dir='ltr'><strong>pertineat.</strong></span> <span class='ocrx_word' id='word_1_255' title='bbox 1541 3206 1598 3261; x_wconf 82' lang='lat' dir='ltr'><strong>lu</strong></span> <span class='ocrx_word' id='word_1_256' title='bbox 1642 3223 1739 3262; x_wconf 66' lang='lat' dir='ltr'><strong>ex-</strong></span> 
     </span>
    </p>
   </div>
   <div class='ocr_carea' id='block_1_33' title="bbox 157 3298 1738 3376">
    <p class='ocr_par' dir='ltr' id='par_1_33' title="bbox 157 3298 1738 3376">
     <span class='ocr_line' id='line_1_33' title="bbox 157 3298 1738 3376; baseline -0.006 -14"><span class='ocrx_word' id='word_1_257' title='bbox 157 3307 500 3363; x_wconf 72' lang='lat' dir='ltr'><strong>tremaenint</strong></span> <span class='ocrx_word' id='word_1_258' title='bbox 525 3315 682 3376; x_wconf 74' lang='lat' dir='ltr'><strong>parte</strong></span> <span class='ocrx_word' id='word_1_259' title='bbox 709 3317 967 3357; x_wconf 89' lang='lat' dir='ltr'><strong>annorum</strong></span> <span class='ocrx_word' id='word_1_260' title='bbox 1008 3316 1228 3356; x_wconf 78' lang='lat' dir='ltr'><strong>summa:</strong></span> <span class='ocrx_word' id='word_1_261' title='bbox 1264 3299 1452 3367; x_wconf 83' lang='lat' dir='ltr'><strong>hujus,</strong></span> <span class='ocrx_word' id='word_1_262' title='bbox 1495 3298 1596 3352; x_wconf 84' lang='lat' dir='ltr'><strong>hoc</strong></span> <span class='ocrx_word' id='word_1_263' title='bbox 1619 3307 1698 3354; x_wconf 83' lang='lat' dir='ltr'><strong>est</strong></span> <span class='ocrx_word' id='word_1_264' title='bbox 1721 3339 1738 3366; x_wconf 92' lang='lat'><strong>,</strong></span> 
     </span>
    </p>
   </div>
   <div class='ocr_carea' id='block_1_34' title="bbox 155 3389 1742 3471">
    <p class='ocr_par' dir='ltr' id='par_1_34' title="bbox 155 3389 1742 3471">
     <span class='ocr_line' id='line_1_34' title="bbox 155 3389 1742 3471; baseline -0.008 -15"><span class='ocrx_word' id='word_1_265' title='bbox 155 3411 276 3471; x_wconf 85' lang='lat' dir='ltr'><strong>post</strong></span> <span class='ocrx_word' id='word_1_266' title='bbox 310 3407 539 3452; x_wconf 85' lang='lat' dir='ltr'><strong>mortem</strong></span> <span class='ocrx_word' id='word_1_267' title='bbox 564 3395 784 3464; x_wconf 71' lang='lat' dir='ltr'><strong>Joseph,</strong></span> <span class='ocrx_word' id='word_1_268' title='bbox 807 3393 1124 3448; x_wconf 69' lang='lat' dir='ltr'><strong>factumest</strong></span> <span class='ocrx_word' id='word_1_269' title='bbox 1144 3399 1199 3444; x_wconf 92' lang='lat' dir='ltr'><strong>ut</strong></span> <span class='ocrx_word' id='word_1_270' title='bbox 1235 3390 1287 3443; x_wconf 89' lang='lat' dir='ltr'><strong>in</strong></span> <span class='ocrx_word' id='word_1_271' title='bbox 1315 3389 1548 3461; x_wconf 66' lang='lat' dir='ltr'><strong>Egypto</strong></span> <span class='ocrx_word' id='word_1_272' title='bbox 1574 3405 1742 3458; x_wconf 88' lang='lat' dir='ltr'><strong>popu-</strong></span> 
     </span>
    </p>
   </div>
   <div class='ocr_carea' id='block_1_35' title="bbox 151 3481 1241 3557">
    <p class='ocr_par' dir='ltr' id='par_1_35' title="bbox 151 3481 1241 3557">
     <span class='ocr_line' id='line_1_35' title="bbox 151 3481 1241 3557; baseline -0.011 -13"><span class='ocrx_word' id='word_1_273' title='bbox 151 3491 243 3544; x_wconf 83' lang='lat' dir='ltr'><strong>lus</strong></span> <span class='ocrx_word' id='word_1_274' title='bbox 265 3489 361 3543; x_wconf 85' lang='lat' dir='ltr'><strong>Dei</strong></span> <span class='ocrx_word' id='word_1_275' title='bbox 393 3487 579 3541; x_wconf 85' lang='lat' dir='ltr'><strong>duram</strong></span> <span class='ocrx_word' id='word_1_276' title='bbox 599 3491 888 3557; x_wconf 76' lang='lat' dir='ltr'><strong>perageret</strong></span> <span class='ocrx_word' id='word_1_277' title='bbox 909 3481 1241 3538; x_wconf 81' lang='lat' dir='ltr'><strong>servitutem.</strong></span> 
     </span>
    </p>
   </div>
   <div class='ocr_carea' id='block_1_36' title="bbox 228 3570 1747 3650">
    <p class='ocr_par' dir='ltr' id='par_1_36' title="bbox 228 3570 1747 3650">
     <span class='ocr_line' id='line_1_36' title="bbox 228 3570 1747 3650; baseline -0.005 -17"><span class='ocrx_word' id='word_1_278' title='bbox 228 3577 470 3634; x_wconf 64' lang='lat' dir='ltr'><strong>XLVIII.</strong></span> <span class='ocrx_word' id='word_1_279' title='bbox 504 3575 731 3650; x_wconf 66' lang='lat' dir='ltr'><strong>[HL-Im,</strong></span> <span class='ocrx_word' id='word_1_280' title='bbox 758 3572 995 3646; x_wconf 23' lang='lat' dir='ltr'><strong>9.]‘Quid</strong></span> <span class='ocrx_word' id='word_1_281' title='bbox 1020 3581 1103 3628; x_wconf 86' lang='lat' dir='ltr'><strong>est</strong></span> <span class='ocrx_word' id='word_1_282' title='bbox 1127 3570 1263 3641; x_wconf 89' lang='lat' dir='ltr'><strong>quod</strong></span> <span class='ocrx_word' id='word_1_283' title='bbox 1284 3571 1378 3637; x_wconf 85' lang='lat' dir='ltr'><strong>ait,</strong></span> <span class='ocrx_word' id='word_1_284' title='bbox 1403 3585 1524 3627; x_wconf 87' lang='lat' dir='ltr'><strong>cum</strong></span> <span class='ocrx_word' id='word_1_285' title='bbox 1553 3570 1619 3627; x_wconf 87' lang='lat' dir='ltr'><strong>de</strong></span> <span class='ocrx_word' id='word_1_286' title='bbox 1635 3572 1747 3626; x_wconf 71' lang='grc' dir='ltr'>ιΡιι-</span> 
     </span>
    </p>
   </div>
   <div class='ocr_carea' id='block_1_37' title="bbox 164 3665 1747 3740">
    <p class='ocr_par' dir='ltr' id='par_1_37' title="bbox 164 3665 1747 3740">
     <span class='ocr_line' id='line_1_37' title="bbox 164 3665 1747 3740; baseline -0.005 -13"><span class='ocrx_word' id='word_1_287' title='bbox 164 3672 290 3727; x_wconf 88' lang='lat' dir='ltr'><strong>scha</strong></span> <span class='ocrx_word' id='word_1_288' title='bbox 338 3673 675 3740; x_wconf 64' lang='lat' dir='ltr'><strong>praeciperet,</strong></span> <span class='ocrx_word' id='word_1_289' title='bbox 726 3666 839 3720; x_wconf 84' lang='lat' dir='ltr'><strong>Erit</strong></span> <span class='ocrx_word' id='word_1_290' title='bbox 881 3665 968 3719; x_wconf 86' lang='lat' dir='ltr'><strong>tibi</strong></span> <span class='ocrx_word' id='word_1_291' title='bbox 1005 3666 1058 3719; x_wconf 81' lang='lat' dir='ltr'><strong>in</strong></span> <span class='ocrx_word' id='word_1_292' title='bbox 1099 3665 1305 3734; x_wconf 73' lang='lat' dir='ltr'><strong>signum</strong></span> <span class='ocrx_word' id='word_1_293' title='bbox 1354 3681 1504 3734; x_wconf 86' lang='lat' dir='ltr'><strong>super</strong></span> <span class='ocrx_word' id='word_1_294' title='bbox 1545 3681 1747 3719; x_wconf 86' lang='lat' dir='ltr'><strong>manum</strong></span> 
     </span>
    </p>
   </div>
   <div class='ocr_carea' id='block_1_38' title="bbox 167 3754 1748 3829">
    <p class='ocr_par' dir='ltr' id='par_1_38' title="bbox 167 3754 1748 3829">
     <span class='ocr_line' id='line_1_38' title="bbox 167 3754 1748 3829; baseline -0.003 -15"><span class='ocrx_word' id='word_1_295' title='bbox 167 3763 343 3816; x_wconf 69' lang='lat' dir='ltr'><strong>tuam?</strong></span> <span class='ocrx_word' id='word_1_296' title='bbox 388 3777 457 3815; x_wconf 86' lang='lat' dir='ltr'><strong>an</strong></span> <span class='ocrx_word' id='word_1_297' title='bbox 493 3759 806 3829; x_wconf 75' lang='lat' dir='ltr'><strong>intelligitur</strong></span> <span class='ocrx_word' id='word_1_298' title='bbox 847 3772 1012 3828; x_wconf 87' lang='lat' dir='ltr'><strong>super</strong></span> <span class='ocrx_word' id='word_1_299' title='bbox 1039 3771 1200 3826; x_wconf 83' lang='lat' dir='ltr'><strong>opera</strong></span> <span class='ocrx_word' id='word_1_300' title='bbox 1235 3764 1330 3810; x_wconf 83' lang='lat' dir='ltr'><strong>tua</strong></span> <span class='ocrx_word' id='word_1_301' title='bbox 1351 3796 1363 3818; x_wconf 90' lang='lat'><strong>,</strong></span> <span class='ocrx_word' id='word_1_302' title='bbox 1396 3754 1449 3810; x_wconf 89' lang='lat' dir='ltr'><strong>id</strong></span> <span class='ocrx_word' id='word_1_303' title='bbox 1476 3763 1577 3818; x_wconf 83' lang='lat' dir='ltr'><strong>est,</strong></span> <span class='ocrx_word' id='word_1_304' title='bbox 1607 3755 1748 3826; x_wconf 87' lang='lat' dir='ltr'><strong>quod</strong></span> 
     </span>
    </p>
   </div>
   <div class='ocr_carea' id='block_1_39' title="bbox 163 3845 1748 3925">
    <p class='ocr_par' dir='ltr' id='par_1_39' title="bbox 163 3845 1748 3925">
     <span class='ocr_line' id='line_1_39' title="bbox 163 3845 1748 3925; baseline -0.006 -15"><span class='ocrx_word' id='word_1_305' title='bbox 163 3853 428 3925; x_wconf 66' lang='lat' dir='ltr'><strong>prmiarre</strong></span> <span class='ocrx_word' id='word_1_306' title='bbox 451 3851 647 3908; x_wconf 82' lang='lat' dir='ltr'><strong>debeas</strong></span> <span class='ocrx_word' id='word_1_307' title='bbox 684 3849 934 3919; x_wconf 79' lang='lat' dir='ltr'><strong>operibus</strong></span> <span class='ocrx_word' id='word_1_308' title='bbox 959 3846 1094 3902; x_wconf 79' lang='lat' dir='ltr'><strong>tuis?</strong></span> <span class='ocrx_word' id='word_1_309' title='bbox 1111 3847 1354 3902; x_wconf 81' lang='lat' dir='ltr'><strong>Pertinet</strong></span> <span class='ocrx_word' id='word_1_310' title='bbox 1375 3846 1516 3902; x_wconf 89' lang='lat' dir='ltr'><strong>enim</strong></span> <span class='ocrx_word' id='word_1_311' title='bbox 1539 3845 1748 3901; x_wconf 73' lang='lat' dir='ltr'><strong>Pascha</strong></span> 
     </span>
    </p>
   </div>
   <div class='ocr_carea' id='block_1_40' title="bbox 175 3936 1748 4018">
    <p class='ocr_par' dir='ltr' id='par_1_40' title="bbox 175 3936 1748 4018">
     <span class='ocr_line' id='line_1_40' title="bbox 175 3936 1748 4018; baseline -0.006 -18"><span class='ocrx_word' id='word_1_312' title='bbox 175 3955 394 4018; x_wconf 80' lang='lat' dir='ltr'><strong>propter</strong></span> <span class='ocrx_word' id='word_1_313' title='bbox 408 3944 726 4000; x_wconf 84' lang='lat' dir='ltr'><strong>occisionem</strong></span> <span class='ocrx_word' id='word_1_314' title='bbox 747 3940 862 3996; x_wconf 82' lang='lat' dir='ltr'><strong>ovis</strong></span> <span class='ocrx_word' id='word_1_315' title='bbox 877 3939 942 3994; x_wconf 88' lang='lat' dir='ltr'><strong>ad</strong></span> <span class='ocrx_word' id='word_1_316' title='bbox 961 3938 1115 3995; x_wconf 82' lang='lat' dir='ltr'><strong>[idem</strong></span> <span class='ocrx_word' id='word_1_317' title='bbox 1131 3936 1346 4004; x_wconf 76' lang='lat' dir='ltr'><strong>Christi,</strong></span> <span class='ocrx_word' id='word_1_318' title='bbox 1369 3947 1421 3993; x_wconf 91' lang='lat' dir='ltr'><strong>et</strong></span> <span class='ocrx_word' id='word_1_319' title='bbox 1441 3938 1748 4008; x_wconf 83' lang='lat' dir='ltr'><strong>sanguinem</strong></span> 
     </span>
    </p>
   </div>
   <div class='ocr_carea' id='block_1_41' title="bbox 174 4030 1749 4108">
    <p class='ocr_par' dir='ltr' id='par_1_41' title="bbox 174 4030 1749 4108">
     <span class='ocr_line' id='line_1_41' title="bbox 174 4030 1749 4108; baseline -0.007 -14"><span class='ocrx_word' id='word_1_320' title='bbox 174 4054 276 4108; x_wconf 84' lang='lat' dir='ltr'><strong>quo</strong></span> <span class='ocrx_word' id='word_1_321' title='bbox 298 4036 558 4107; x_wconf 83' lang='lat' dir='ltr'><strong>redempti</strong></span> <span class='ocrx_word' id='word_1_322' title='bbox 593 4049 796 4090; x_wconf 82' lang='lat' dir='ltr'><strong>sumus.</strong></span> <span class='ocrx_word' id='word_1_323' title='bbox 826 4033 1147 4088; x_wconf 70' lang='lat' dir='ltr'><strong>Eme-autent</strong></span> <span class='ocrx_word' id='word_1_324' title='bbox 1169 4030 1301 4085; x_wconf 88' lang='lat' dir='ltr'><strong>tides</strong></span> <span class='ocrx_word' id='word_1_325' title='bbox 1331 4030 1579 4099; x_wconf 81' lang='lat' dir='ltr'><strong>operibus</strong></span> <span class='ocrx_word' id='word_1_326' title='bbox 1610 4044 1749 4099; x_wconf 76' lang='lat' dir='ltr'><strong>prte-</strong></span> 
     </span>
    </p>
   </div>
   <div class='ocr_carea' id='block_1_42' title="bbox 168 4119 1748 4196">
    <p class='ocr_par' dir='ltr' id='par_1_42' title="bbox 168 4119 1748 4196">
     <span class='ocr_line' id='line_1_42' title="bbox 168 4119 1748 4196; baseline -0.006 -13"><span class='ocrx_word' id='word_1_327' title='bbox 168 4128 414 4196; x_wconf 59' lang='lat' dir='ltr'><strong>.ponenda</strong></span> <span class='ocrx_word' id='word_1_328' title='bbox 442 4135 558 4192; x_wconf 86' lang='lat' dir='ltr'><strong>est,</strong></span> <span class='ocrx_word' id='word_1_329' title='bbox 583 4133 646 4179; x_wconf 86' lang='lat' dir='ltr'><strong>ut</strong></span> <span class='ocrx_word' id='word_1_330' title='bbox 666 4124 735 4178; x_wconf 82' lang='lat' dir='ltr'><strong>sit</strong></span> <span class='ocrx_word' id='word_1_331' title='bbox 769 4120 1161 4193; x_wconf 83' lang='lat' dir='ltr'><strong>quodammodo</strong></span> <span class='ocrx_word' id='word_1_332' title='bbox 1183 4135 1346 4190; x_wconf 81' lang='lat' dir='ltr'><strong>super</strong></span> <span class='ocrx_word' id='word_1_333' title='bbox 1373 4135 1584 4174; x_wconf 86' lang='lat' dir='ltr'><strong>manum</strong></span> <span class='ocrx_word' id='word_1_334' title='bbox 1606 4159 1621 4185; x_wconf 91' lang='lat'><strong>,</strong></span> <span class='ocrx_word' id='word_1_335' title='bbox 1649 4119 1748 4173; x_wconf 81' lang='lat' dir='ltr'><strong>nd-</strong></span> 
     </span>
    </p>
   </div>
   <div class='ocr_carea' id='block_1_43' title="bbox 178 4209 1752 4284">
    <p class='ocr_par' dir='ltr' id='par_1_43' title="bbox 178 4209 1752 4284">
     <span class='ocr_line' id='line_1_43' title="bbox 178 4209 1752 4284; baseline -0.003 -15"><span class='ocrx_word' id='word_1_336' title='bbox 178 4231 358 4274; x_wconf 78' lang='lat' dir='ltr'><strong>versns</strong></span> <span class='ocrx_word' id='word_1_337' title='bbox 395 4216 514 4271; x_wconf 90' lang='lat' dir='ltr'><strong>illos</strong></span> <span class='ocrx_word' id='word_1_338' title='bbox 541 4215 628 4284; x_wconf 88' lang='lat' dir='ltr'><strong>qui</strong></span> <span class='ocrx_word' id='word_1_339' title='bbox 671 4213 723 4268; x_wconf 89' lang='lat' dir='ltr'><strong>in</strong></span> <span class='ocrx_word' id='word_1_340' title='bbox 755 4212 1015 4282; x_wconf 37' lang='lat' dir='ltr'><strong>teporibus</strong></span> <span class='ocrx_word' id='word_1_341' title='bbox 1055 4210 1209 4281; x_wconf 82' lang='lat' dir='ltr'><strong>Legis</strong></span> <span class='ocrx_word' id='word_1_342' title='bbox 1241 4210 1606 4280; x_wconf 75' lang='lat' dir='ltr'><strong>gloriabantur</strong></span> <span class='ocrx_word' id='word_1_343' title='bbox 1635 4227 1649 4263; x_wconf 90' lang='lat'><strong>:</strong></span> <span class='ocrx_word' id='word_1_344' title='bbox 1683 4209 1752 4266; x_wconf 87' lang='lat' dir='ltr'><strong>de</strong></span> 
     </span>
    </p>
   </div>
   <div class='ocr_carea' id='block_1_44' title="bbox 179 4299 1750 4375">
    <p class='ocr_par' dir='ltr' id='par_1_44' title="bbox 179 4299 1750 4375">
     <span class='ocr_line' id='line_1_44' title="bbox 179 4299 1750 4375; baseline -0.005 -14"><span class='ocrx_word' id='word_1_345' title='bbox 179 4320 277 4375; x_wconf 84' lang='lat' dir='ltr'><strong>qua</strong></span> <span class='ocrx_word' id='word_1_346' title='bbox 309 4323 370 4362; x_wconf 79' lang='lat' dir='ltr'><strong>re</strong></span> <span class='ocrx_word' id='word_1_347' title='bbox 401 4305 685 4375; x_wconf 76' lang='lat' dir='ltr'><strong>Apostolus</strong></span> <span class='ocrx_word' id='word_1_348' title='bbox 724 4303 974 4372; x_wconf 88' lang='lat' dir='ltr'><strong>loquitur,</strong></span> <span class='ocrx_word' id='word_1_349' title='bbox 1005 4310 1061 4356; x_wconf 86' lang='lat' dir='ltr'><strong>et</strong></span> <span class='ocrx_word' id='word_1_350' title='bbox 1104 4300 1329 4355; x_wconf 89' lang='lat' dir='ltr'><strong>multum</strong></span> <span class='ocrx_word' id='word_1_351' title='bbox 1369 4299 1539 4369; x_wconf 71' lang='lat' dir='ltr'><strong>agit‘;</strong></span> <span class='ocrx_word' id='word_1_352' title='bbox 1569 4299 1656 4370; x_wconf 87' lang='lat' dir='ltr'><strong>qui</strong></span> <span class='ocrx_word' id='word_1_353' title='bbox 1677 4299 1750 4354; x_wconf 81' lang='grc'><strong>,11-</strong></span> 
     </span>
    </p>
   </div>
   <div class='ocr_carea' id='block_1_45' title="bbox 181 4391 1754 4469">
    <p class='ocr_par' dir='ltr' id='par_1_45' title="bbox 181 4391 1754 4469">
     <span class='ocr_line' id='line_1_45' title="bbox 181 4391 1754 4469; baseline -0.005 -15"><span class='ocrx_word' id='word_1_354' title='bbox 181 4396 294 4454; x_wconf 81' lang='lat' dir='ltr'><strong>detn</strong></span> <span class='ocrx_word' id='word_1_355' title='bbox 325 4397 574 4469; x_wconf 87' lang='lat' dir='ltr'><strong>operibus</strong></span> <span class='ocrx_word' id='word_1_356' title='bbox 597 4396 676 4451; x_wconf 89' lang='lat' dir='ltr'><strong>sic</strong></span> <span class='ocrx_word' id='word_1_357' title='bbox 715 4394 826 4449; x_wconf 86' lang='lat' dir='ltr'><strong>vult</strong></span> <span class='ocrx_word' id='word_1_358' title='bbox 873 4393 1141 4462; x_wconf 86' lang='lat' dir='ltr'><strong>anteponi,</strong></span> <span class='ocrx_word' id='word_1_359' title='bbox 1173 4401 1230 4448; x_wconf 86' lang='lat' dir='ltr'><strong>ut</strong></span> <span class='ocrx_word' id='word_1_360' title='bbox 1267 4409 1330 4447; x_wconf 70' lang='lat' dir='ltr'><strong>ex</strong></span> <span class='ocrx_word' id='word_1_361' title='bbox 1359 4391 1446 4446; x_wconf 83' lang='lat' dir='ltr'><strong>illa</strong></span> <span class='ocrx_word' id='word_1_362' title='bbox 1491 4392 1754 4462; x_wconf 75' lang='lat' dir='ltr'><strong>pendeant</strong></span> 
     </span>
    </p>
   </div>
   <div class='ocr_carea' id='block_1_46' title="bbox 184 4484 1752 4562">
    <p class='ocr_par' dir='ltr' id='par_1_46' title="bbox 184 4484 1752 4562">
     <span class='ocr_line' id='line_1_46' title="bbox 184 4484 1752 4562; baseline -0.005 -16"><span class='ocrx_word' id='word_1_363' title='bbox 184 4505 336 4562; x_wconf 82' lang='lat' dir='ltr'><strong>opera</strong></span> <span class='ocrx_word' id='word_1_364' title='bbox 352 4493 515 4554; x_wconf 86' lang='lat' dir='ltr'><strong>bona,</strong></span> <span class='ocrx_word' id='word_1_365' title='bbox 540 4499 697 4560; x_wconf 87' lang='lat' dir='ltr'><strong>atque</strong></span> <span class='ocrx_word' id='word_1_366' title='bbox 719 4486 869 4541; x_wconf 68' lang='lat' dir='ltr'><strong>altea</strong></span> <span class='ocrx_word' id='word_1_367' title='bbox 891 4486 1300 4556; x_wconf 74' lang='lat' dir='ltr'><strong>przeveniantnr,</strong></span> <span class='ocrx_word' id='word_1_368' title='bbox 1323 4491 1506 4539; x_wconf 80' lang='lat' dir='ltr'><strong>nonut</strong></span> <span class='ocrx_word' id='word_1_369' title='bbox 1526 4484 1637 4552; x_wconf 71' lang='lat' dir='ltr'><strong>ipsa</strong></span> <span class='ocrx_word' id='word_1_370' title='bbox 1657 4498 1752 4538; x_wconf 76' lang='lat' dir='ltr'><strong>ve—</strong></span> 
     </span>
    </p>
   </div>
   <div class='ocr_carea' id='block_1_47' title="bbox 188 4572 1749 4647">
    <p class='ocr_par' dir='ltr' id='par_1_47' title="bbox 188 4572 1749 4647">
     <span class='ocr_line' id='line_1_47' title="bbox 188 4572 1749 4647; baseline -0.005 -12"><span class='ocrx_word' id='word_1_371' title='bbox 188 4581 257 4636; x_wconf 90' lang='lat' dir='ltr'><strong>lut</strong></span> <span class='ocrx_word' id='word_1_372' title='bbox 277 4583 482 4639; x_wconf 81' lang='lat' dir='ltr'><strong>nteritis</strong></span> <span class='ocrx_word' id='word_1_373' title='bbox 509 4582 768 4636; x_wconf 83' lang='lat' dir='ltr'><strong>bonorum</strong></span> <span class='ocrx_word' id='word_1_374' title='bbox 795 4591 1016 4647; x_wconf 81' lang='lat' dir='ltr'><strong>Operam</strong></span> <span class='ocrx_word' id='word_1_375' title='bbox 1041 4575 1262 4631; x_wconf 86' lang='lat' dir='ltr'><strong>retribui</strong></span> <span class='ocrx_word' id='word_1_376' title='bbox 1290 4574 1530 4630; x_wconf 87' lang='lat' dir='ltr'><strong>videatur</strong></span> <span class='ocrx_word' id='word_1_377' title='bbox 1557 4572 1749 4645; x_wconf 83' lang='lat' dir='ltr'><strong>(Galat.</strong></span> 
     </span>
    </p>
   </div>
   <div class='ocr_carea' id='block_1_48' title="bbox 185 4667 1754 4745">
    <p class='ocr_par' dir='ltr' id='par_1_48' title="bbox 185 4667 1754 4745">
     <span class='ocr_line' id='line_1_48' title="bbox 185 4667 1754 4745; baseline -0.006 -17"><span class='ocrx_word' id='word_1_378' title='bbox 185 4690 257 4739; x_wconf 87' lang='lat' dir='ltr'><strong>tu,</strong></span> <span class='ocrx_word' id='word_1_379' title='bbox 277 4685 322 4729; x_wconf 79' lang='lat' dir='ltr'><strong>et</strong></span> <span class='ocrx_word' id='word_1_380' title='bbox 354 4674 512 4729; x_wconf 79' lang='lat' dir='ltr'><strong>Hebr.</strong></span> <span class='ocrx_word' id='word_1_381' title='bbox 543 4672 642 4745; x_wconf 69' lang='grc' dir='ltr'>ιι).</span> <span class='ocrx_word' id='word_1_382' title='bbox 671 4671 763 4726; x_wconf 88' lang='lat' dir='ltr'><strong>llla</strong></span> <span class='ocrx_word' id='word_1_383' title='bbox 791 4670 932 4725; x_wconf 84' lang='lat' dir='ltr'><strong>enim</strong></span> <span class='ocrx_word' id='word_1_384' title='bbox 961 4667 1027 4723; x_wconf 90' lang='lat' dir='ltr'><strong>ad</strong></span> <span class='ocrx_word' id='word_1_385' title='bbox 1049 4667 1274 4740; x_wconf 76' lang='lat' dir='ltr'><strong>gratiam</strong></span> <span class='ocrx_word' id='word_1_386' title='bbox 1303 4668 1532 4736; x_wconf 83' lang='lat' dir='ltr'><strong>pertinet</strong></span> <span class='ocrx_word' id='word_1_387' title='bbox 1559 4667 1638 4722; x_wconf 83' lang='lat' dir='ltr'><strong>:si</strong></span> <span class='ocrx_word' id='word_1_388' title='bbox 1655 4683 1754 4720; x_wconf 88' lang='lat' dir='ltr'><strong>au-</strong></span> 
     </span>
    </p>
   </div>
   <div class='ocr_carea' id='block_1_49' title="bbox 163 4759 1754 4839">
    <p class='ocr_par' dir='ltr' id='par_1_49' title="bbox 163 4759 1754 4839">
     <span class='ocr_line' id='line_1_49' title="bbox 163 4759 1754 4839; baseline -0.006 -17"><span class='ocrx_word' id='word_1_389' title='bbox 163 4775 275 4822; x_wconf 74' lang='lat' dir='ltr'><strong>tem</strong></span> <span class='ocrx_word' id='word_1_390' title='bbox 303 4770 486 4839; x_wconf 79' lang='lat' dir='ltr'><strong>gratia,</strong></span> <span class='ocrx_word' id='word_1_391' title='bbox 520 4768 630 4837; x_wconf 85' lang='lat' dir='ltr'><strong>jam</strong></span> <span class='ocrx_word' id='word_1_392' title='bbox 665 4781 766 4820; x_wconf 85' lang='lat' dir='ltr'><strong>non</strong></span> <span class='ocrx_word' id='word_1_393' title='bbox 789 4779 853 4818; x_wconf 75' lang='lat' dir='ltr'><strong>ea:</strong></span> <span class='ocrx_word' id='word_1_394' title='bbox 887 4762 1152 4833; x_wconf 67' lang='lat' dir='ltr'><strong>aperiam;</strong></span> <span class='ocrx_word' id='word_1_395' title='bbox 1198 4759 1420 4830; x_wconf 80' lang='lat' dir='ltr'><strong>alioquin</strong></span> <span class='ocrx_word' id='word_1_396' title='bbox 1458 4759 1623 4831; x_wconf 82' lang='lat' dir='ltr'><strong>gratia</strong></span> <span class='ocrx_word' id='word_1_397' title='bbox 1641 4759 1754 4830; x_wconf 82' lang='lat' dir='ltr'><strong>jam</strong></span> 
     </span>
    </p>
   </div>
   <div class='ocr_carea' id='block_1_50' title="bbox 163 4855 971 4932">
    <p class='ocr_par' dir='ltr' id='par_1_50' title="bbox 163 4855 971 4932">
     <span class='ocr_line' id='line_1_50' title="bbox 163 4855 971 4932; baseline 0 -25"><span class='ocrx_word' id='word_1_398' title='bbox 163 4874 281 4912; x_wconf 34' lang='lat' dir='ltr'><strong>anno</strong></span> <span class='ocrx_word' id='word_1_399' title='bbox 305 4859 557 4932; x_wconf 78' lang='lat' dir='ltr'><strong>estgratia</strong></span> <span class='ocrx_word' id='word_1_400' title='bbox 587 4859 760 4929; x_wconf 80' lang='lat' dir='ltr'><strong>(.Rom.</strong></span> <span class='ocrx_word' id='word_1_401' title='bbox 788 4872 868 4922; x_wconf 64' lang='lat' dir='ltr'><strong>xl,</strong></span> <span class='ocrx_word' id='word_1_402' title='bbox 895 4855 971 4926; x_wconf 82' lang='grc'><strong>6).</strong></span> 
     </span>
    </p>
   </div>
   <div class='ocr_carea' id='block_1_51' title="bbox 255 4942 1754 5023">
    <p class='ocr_par' dir='ltr' id='par_1_51' title="bbox 255 4942 1754 5023">
     <span class='ocr_line' id='line_1_51' title="bbox 255 4942 1754 5023; baseline -0.004 -19"><span class='ocrx_word' id='word_1_403' title='bbox 255 4950 436 5006; x_wconf 60' lang='lat' dir='ltr'><strong>XLIX.</strong></span> <span class='ocrx_word' id='word_1_404' title='bbox 465 4949 565 5023; x_wconf 71' lang='grc'><strong>[11).</strong></span> <span class='ocrx_word' id='word_1_405' title='bbox 587 4965 704 5014; x_wconf 77' lang='lat' dir='ltr'><strong>xm,</strong></span> <span class='ocrx_word' id='word_1_406' title='bbox 730 4945 992 5020; x_wconf 66' lang='lat' dir='ltr'><strong>11.]:Cum</strong></span> <span class='ocrx_word' id='word_1_407' title='bbox 1023 4944 1394 4999; x_wconf 70' lang='lat' dir='ltr'><strong>autemdimisit</strong></span> <span class='ocrx_word' id='word_1_408' title='bbox 1421 4942 1630 4998; x_wconf 70' lang='lat' dir='ltr'><strong>iPharao</strong></span> <span class='ocrx_word' id='word_1_409' title='bbox 1659 4961 1754 5014; x_wconf 85' lang='lat' dir='ltr'><strong>pa-</strong></span> 
     </span>
    </p>
   </div>
   <div class='ocr_carea' id='block_1_52' title="bbox 191 5034 1752 5110">
    <p class='ocr_par' dir='ltr' id='par_1_52' title="bbox 191 5034 1752 5110">
     <span class='ocr_line' id='line_1_52' title="bbox 191 5034 1752 5110; baseline -0.001 -14"><span class='ocrx_word' id='word_1_410' title='bbox 191 5042 387 5110; x_wconf 80' lang='lat' dir='ltr'><strong>pulum,</strong></span> <span class='ocrx_word' id='word_1_411' title='bbox 423 5058 524 5096; x_wconf 80' lang='lat' dir='ltr'><strong>non</strong></span> <span class='ocrx_word' id='word_1_412' title='bbox 561 5039 765 5096; x_wconf 69' lang='lat' dir='ltr'><strong>deduxit</strong></span> <span class='ocrx_word' id='word_1_413' title='bbox 806 5055 888 5092; x_wconf 81' lang='lat' dir='ltr'><strong>eos</strong></span> <span class='ocrx_word' id='word_1_414' title='bbox 912 5036 1054 5092; x_wconf 77' lang='lat' dir='ltr'><strong>Deus</strong></span> <span class='ocrx_word' id='word_1_415' title='bbox 1091 5036 1258 5091; x_wconf 75' lang='lat' dir='ltr'><strong>riam’</strong></span> <span class='ocrx_word' id='word_1_416' title='bbox 1285 5045 1432 5092; x_wconf 69' lang='lat' dir='ltr'><strong>terra:</strong></span> <span class='ocrx_word' id='word_1_417' title='bbox 1453 5034 1752 5103; x_wconf 58' lang='lat' dir='ltr'><strong>Philistum,</strong></span> 
     </span>
    </p>
   </div>
   <div class='ocr_carea' id='block_1_53' title="bbox 198 5124 1758 5201">
    <p class='ocr_par' dir='ltr' id='par_1_53' title="bbox 198 5124 1758 5201">
     <span class='ocr_line' id='line_1_53' title="bbox 198 5124 1758 5201; baseline -0.003 -19"><span class='ocrx_word' id='word_1_418' title='bbox 198 5130 303 5194; x_wconf 83' lang='lat' dir='ltr'><strong>quia</strong></span> <span class='ocrx_word' id='word_1_419' title='bbox 329 5148 486 5201; x_wconf 84' lang='lat' dir='ltr'><strong>prope</strong></span> <span class='ocrx_word' id='word_1_420' title='bbox 507 5137 630 5184; x_wconf 88' lang='lat' dir='ltr'><strong>erat.</strong></span> <span class='ocrx_word' id='word_1_421' title='bbox 664 5127 804 5182; x_wconf 76' lang='lat' dir='ltr'><strong>Dixit</strong></span> <span class='ocrx_word' id='word_1_422' title='bbox 826 5127 957 5183; x_wconf 80' lang='lat' dir='ltr'><strong>enim</strong></span> <span class='ocrx_word' id='word_1_423' title='bbox 992 5124 1160 5192; x_wconf 83' lang='lat' dir='ltr'><strong>Deus,</strong></span> <span class='ocrx_word' id='word_1_424' title='bbox 1197 5124 1480 5194; x_wconf 79' lang='lat' dir='ltr'><strong>Nequando</strong></span> <span class='ocrx_word' id='word_1_425' title='bbox 1521 5128 1758 5197; x_wconf 73' lang='lat' dir='ltr'><strong>pmtiteat</strong></span> 
     </span>
    </p>
   </div>
   <div class='ocr_carea' id='block_1_54' title="bbox 181 5216 1759 5289">
    <p class='ocr_par' dir='ltr' id='par_1_54' title="bbox 181 5216 1759 5289">
     <span class='ocr_line' id='line_1_54' title="bbox 181 5216 1759 5289; baseline -0.009 -8"><span class='ocrx_word' id='word_1_426' title='bbox 181 5220 427 5288; x_wconf 55' lang='lat' dir='ltr'><strong>mutilum</strong></span> <span class='ocrx_word' id='word_1_427' title='bbox 467 5237 581 5276; x_wconf 82' lang='lat' dir='ltr'><strong>cum</strong></span> <span class='ocrx_word' id='word_1_428' title='bbox 617 5219 792 5276; x_wconf 77' lang='lat' dir='ltr'><strong>viderit</strong></span> <span class='ocrx_word' id='word_1_429' title='bbox 822 5217 1071 5289; x_wconf 65' lang='lat' dir='ltr'><strong>praelium,</strong></span> <span class='ocrx_word' id='word_1_430' title='bbox 1118 5225 1166 5271; x_wconf 84' lang='lat' dir='ltr'><strong>et</strong></span> <span class='ocrx_word' id='word_1_431' title='bbox 1209 5225 1481 5271; x_wconf 81' lang='lat' dir='ltr'><strong>revertatur</strong></span> <span class='ocrx_word' id='word_1_432' title='bbox 1506 5218 1560 5270; x_wconf 90' lang='lat' dir='ltr'><strong>in</strong></span> <span class='ocrx_word' id='word_1_433' title='bbox 1581 5216 1759 5287; x_wconf 55' lang='lat' dir='ltr'><strong>[Egy-</strong></span> 
     </span>
    </p>
   </div>
   <div class='ocr_carea' id='block_1_55' title="bbox 226 5347 1758 5426">
    <p class='ocr_par' dir='ltr' id='par_1_55' title="bbox 226 5347 1758 5426">
     <span class='ocr_line' id='line_1_55' title="bbox 226 5347 1758 5426; baseline 0.002 -25"><span class='ocrx_word' id='word_1_434' title='bbox 226 5351 271 5426; x_wconf 35' lang='lat' dir='ltr'><strong>L‘</strong></span> <span class='ocrx_word' id='word_1_435' title='bbox 291 5354 485 5426; x_wconf 42' lang='lat' dir='ltr'><strong>ste-uss.</strong></span> <span class='ocrx_word' id='word_1_436' title='bbox 504 5360 565 5426; x_wconf 57' lang='grc' dir='ltr'><em>μ</em></span> <span class='ocrx_word' id='word_1_437' title='bbox 586 5353 718 5426; x_wconf 65' lang='lat' dir='ltr'><strong>prius</strong></span> <span class='ocrx_word' id='word_1_438' title='bbox 740 5351 925 5426; x_wconf 57' lang='lat' dir='ltr'><strong>eacusi,</strong></span> <span class='ocrx_word' id='word_1_439' title='bbox 941 5355 986 5401; x_wconf 86' lang='lat' dir='ltr'><strong>et</strong></span> <span class='ocrx_word' id='word_1_440' title='bbox 1006 5347 1278 5426; x_wconf 33' lang='lat' dir='ltr'><strong>nu‘ltwrrait</strong></span> <span class='ocrx_word' id='word_1_441' title='bbox 1291 5363 1426 5426; x_wconf 73' lang='lat' dir='ltr'><strong>posse</strong></span> <span class='ocrx_word' id='word_1_442' title='bbox 1449 5360 1548 5402; x_wconf 82' lang='lat' dir='ltr'><strong>Deo</strong></span> <span class='ocrx_word' id='word_1_443' title='bbox 1569 5351 1758 5426; x_wconf 79' lang='lat' dir='ltr'><strong>placere</strong></span> 
     </span>
    </p>
   </div>
   <div class='ocr_carea' id='block_1_56' title="bbox 197 5537 1756 5604">
    <p class='ocr_par' dir='ltr' id='par_1_56' title="bbox 197 5537 1756 5604">
     <span class='ocr_line' id='line_1_56' title="bbox 197 5537 1756 5604; baseline 0.003 -21"><span class='ocrx_word' id='word_1_444' title='bbox 197 5547 287 5604; x_wconf 79' lang='lat' dir='ltr'><strong>que</strong></span> <span class='ocrx_word' id='word_1_445' title='bbox 313 5549 393 5599; x_wconf 77' lang='lat' dir='ltr'><strong>per</strong></span> <span class='ocrx_word' id='word_1_446' title='bbox 424 5537 514 5589; x_wconf 76' lang='lat' dir='ltr'><strong>nos</strong></span> <span class='ocrx_word' id='word_1_447' title='bbox 537 5537 726 5604; x_wconf 74' lang='lat' dir='ltr'><strong>resumi</strong></span> <span class='ocrx_word' id='word_1_448' title='bbox 746 5537 1030 5588; x_wconf 63' lang='lat' dir='ltr'><strong>auctoritate</strong></span> <span class='ocrx_word' id='word_1_449' title='bbox 1054 5543 1158 5588; x_wconf 69' lang='lat' dir='ltr'><strong>Mss.</strong></span> <span class='ocrx_word' id='word_1_450' title='bbox 1194 5537 1372 5600; x_wconf 85' lang='lat' dir='ltr'><strong>quibus</strong></span> <span class='ocrx_word' id='word_1_451' title='bbox 1391 5539 1632 5589; x_wconf 83' lang='lat' dir='ltr'><strong>consentit</strong></span> <span class='ocrx_word' id='word_1_452' title='bbox 1651 5537 1756 5588; x_wconf 83' lang='lat' dir='ltr'><strong>edi-</strong></span> 
     </span>
    </p>
   </div>
   <div class='ocr_carea' id='block_1_57' title="bbox 186 5599 640 5674">
    <p class='ocr_par' dir='ltr' id='par_1_57' title="bbox 186 5599 640 5674">
     <span class='ocr_line' id='line_1_57' title="bbox 186 5599 640 5674; baseline -0.007 0"><span class='ocrx_word' id='word_1_453' title='bbox 186 5599 640 5674; x_wconf 53' lang='grc' dir='ltr'><strong>’νβέίὲιέβμοιλθηδιε-</strong></span> 
     </span>
    </p>
   </div>
   <div class='ocr_carea' id='block_1_58' title="bbox 256 5660 1754 5726">
    <p class='ocr_par' dir='ltr' id='par_1_58' title="bbox 256 5660 1754 5726">
     <span class='ocr_line' id='line_1_58' title="bbox 256 5660 1754 5726; baseline 0.003 -18"><span class='ocrx_word' id='word_1_454' title='bbox 256 5660 426 5722; x_wconf 71' lang='lat' dir='ltr'><strong>&#39;Editi,</strong></span> <span class='ocrx_word' id='word_1_455' title='bbox 449 5660 697 5725; x_wconf 76' lang='lat' dir='ltr'><strong>perviam.</strong></span> <span class='ocrx_word' id='word_1_456' title='bbox 738 5661 901 5721; x_wconf 77' lang='lat' dir='ltr'><strong>Abest,</strong></span> <span class='ocrx_word' id='word_1_457' title='bbox 938 5672 1044 5724; x_wconf 87' lang='lat' dir='ltr'><strong>per,</strong></span> <span class='ocrx_word' id='word_1_458' title='bbox 1082 5672 1111 5710; x_wconf 84' lang='lat' dir='ltr'><strong>a</strong></span> <span class='ocrx_word' id='word_1_459' title='bbox 1153 5666 1259 5711; x_wconf 75' lang='lat' dir='ltr'><strong>Mss.</strong></span> <span class='ocrx_word' id='word_1_460' title='bbox 1299 5669 1400 5712; x_wconf 85' lang='lat' dir='ltr'><strong>eta</strong></span> <span class='ocrx_word' id='word_1_461' title='bbox 1435 5675 1582 5726; x_wconf 67' lang='lat' dir='ltr'><strong>graec.</strong></span> <span class='ocrx_word' id='word_1_462' title='bbox 1627 5669 1754 5726; x_wconf 68' lang='lat' dir='ltr'><strong>Lxx.</strong></span> 
     </span>
    </p>
   </div>
   <div class='ocr_carea' id='block_1_59' title="bbox 179 5719 1758 5791">
    <p class='ocr_par' dir='ltr' id='par_1_59' title="bbox 179 5719 1758 5791">
     <span class='ocr_line' id='line_1_59' title="bbox 179 5719 1758 5791; baseline -0.003 -11"><span class='ocrx_word' id='word_1_463' title='bbox 179 5719 734 5791; x_wconf 54' lang='grc' dir='ltr'><strong>,ξεξλθεωιιυ</strong></span> <span class='ocrx_word' id='word_1_464' title='bbox 1053 5727 1175 5776; x_wconf 84' lang='lat' dir='ltr'><strong>erat.</strong></span> <span class='ocrx_word' id='word_1_465' title='bbox 1195 5729 1378 5779; x_wconf 63' lang='lat' dir='ltr'><strong>stus.</strong></span> <span class='ocrx_word' id='word_1_466' title='bbox 1404 5719 1464 5780; x_wconf 67' lang='lat' dir='ltr'><strong>ei</strong></span> <span class='ocrx_word' id='word_1_467' title='bbox 1476 5730 1596 5786; x_wconf 70' lang='grc' dir='ltr'><strong>ω,</strong></span> <span class='ocrx_word' id='word_1_468' title='bbox 1610 5724 1758 5790; x_wconf 80' lang='lat' dir='ltr'><strong>quia;</strong></span> 
     </span>
    </p>
   </div>
   <div class='ocr_carea' id='block_1_60' title="bbox 200 5781 851 5849">
    <p class='ocr_par' dir='ltr' id='par_1_60' title="bbox 200 5781 851 5849">
     <span class='ocr_line' id='line_1_60' title="bbox 200 5781 851 5849; baseline 0.008 -22"><span class='ocrx_word' id='word_1_469' title='bbox 200 5781 851 5849; x_wconf 46' lang='lat' dir='ltr'><strong>summittimus»;</strong></span> 
     </span>
    </p>
   </div>
   <div class='ocr_carea' id='block_1_61' title="bbox 1421 355 2028 420">
    <p class='ocr_par' dir='ltr' id='par_1_61' title="bbox 1421 355 2028 420">
     <span class='ocr_line' id='line_1_61' title="bbox 1421 355 2028 420; baseline -0.005 -1"><span class='ocrx_word' id='word_1_470' title='bbox 1421 355 1618 420; x_wconf 77' lang='lat' dir='ltr'><strong>LIBER</strong></span> <span class='ocrx_word' id='word_1_471' title='bbox 1657 356 2028 418; x_wconf 77' lang='lat' dir='ltr'><strong>SECUNDUS.</strong></span> 
     </span>
    </p>
   </div>
   <div class='ocr_carea' id='block_1_62' title="bbox 3289 356 3394 422">
    <p class='ocr_par' dir='ltr' id='par_1_62' title="bbox 3289 356 3394 422">
     <span class='ocr_line' id='line_1_62' title="bbox 3289 356 3394 422; baseline 0.076 -9"><span class='ocrx_word' id='word_1_472' title='bbox 3289 356 3394 422; x_wconf 69' lang='lat' dir='ltr'><strong>6H</strong></span> 
     </span>
    </p>
   </div>
   <div class='ocr_carea' id='block_1_63' title="bbox 1827 468 3394 543">
    <p class='ocr_par' dir='ltr' id='par_1_63' title="bbox 1827 468 3394 543">
     <span class='ocr_line' id='line_1_63' title="bbox 1827 468 3394 543; baseline 0.003 -19"><span class='ocrx_word' id='word_1_473' title='bbox 1827 481 1987 543; x_wconf 84' lang='lat' dir='ltr'><strong>ptum.</strong></span> <span class='ocrx_word' id='word_1_474' title='bbox 2029 470 2126 527; x_wconf 84' lang='lat' dir='ltr'><strong>Hic</strong></span> <span class='ocrx_word' id='word_1_475' title='bbox 2153 471 2446 530; x_wconf 80' lang='lat' dir='ltr'><strong>ostenditur</strong></span> <span class='ocrx_word' id='word_1_476' title='bbox 2473 469 2648 528; x_wconf 82' lang='lat' dir='ltr'><strong>omnia</strong></span> <span class='ocrx_word' id='word_1_477' title='bbox 2679 469 2792 525; x_wconf 82' lang='lat' dir='ltr'><strong>ﬁeri</strong></span> <span class='ocrx_word' id='word_1_478' title='bbox 2819 469 3015 528; x_wconf 84' lang='lat' dir='ltr'><strong>debere</strong></span> <span class='ocrx_word' id='word_1_479' title='bbox 3033 470 3082 538; x_wconf 51' lang='grc' dir='ltr'><strong>ἢ,</strong></span> <span class='ocrx_word' id='word_1_480' title='bbox 3111 468 3238 538; x_wconf 68' lang='lat' dir='ltr'><strong>&#39;quze</strong></span> <span class='ocrx_word' id='word_1_481' title='bbox 3267 486 3394 528; x_wconf 74' lang='lat' dir='ltr'><strong>con-</strong></span> 
     </span>
    </p>
   </div>
   <div class='ocr_carea' id='block_1_64' title="bbox 1827 551 3393 638">
    <p class='ocr_par' dir='ltr' id='par_1_64' title="bbox 1827 551 3393 638">
     <span class='ocr_line' id='line_1_64' title="bbox 1827 551 3393 638; baseline -0.004 -20"><span class='ocrx_word' id='word_1_482' title='bbox 1827 564 1947 620; x_wconf 89' lang='lat' dir='ltr'><strong>silio</strong></span> <span class='ocrx_word' id='word_1_483' title='bbox 1986 572 2132 620; x_wconf 88' lang='lat' dir='ltr'><strong>recte</strong></span> <span class='ocrx_word' id='word_1_484' title='bbox 2177 563 2289 618; x_wconf 69' lang='lat' dir='ltr'><strong>fieri</strong></span> <span class='ocrx_word' id='word_1_485' title='bbox 2334 570 2574 632; x_wconf 79' lang='lat' dir='ltr'><strong>possunt,</strong></span> <span class='ocrx_word' id='word_1_486' title='bbox 2621 561 2685 618; x_wconf 85' lang='lat' dir='ltr'><strong>ad</strong></span> <span class='ocrx_word' id='word_1_487' title='bbox 2713 560 2989 618; x_wconf 84' lang='lat' dir='ltr'><strong>devitanda</strong></span> <span class='ocrx_word' id='word_1_488' title='bbox 3020 575 3135 638; x_wconf 73' lang='lat' dir='ltr'><strong>qua:</strong></span> <span class='ocrx_word' id='word_1_489' title='bbox 3175 551 3393 618; x_wconf 77' lang='lat' dir='ltr'><strong>adversa</strong></span> 
     </span>
    </p>
   </div>
   <div class='ocr_carea' id='block_1_65' title="bbox 1825 650 3188 721">
    <p class='ocr_par' dir='ltr' id='par_1_65' title="bbox 1825 650 3188 721">
     <span class='ocr_line' id='line_1_65' title="bbox 1825 650 3188 721; baseline -0.006 -11"><span class='ocrx_word' id='word_1_490' title='bbox 1825 664 1969 721; x_wconf 77' lang='lat' dir='ltr'><strong>sunt,</strong></span> <span class='ocrx_word' id='word_1_491' title='bbox 1999 655 2157 709; x_wconf 87' lang='lat' dir='ltr'><strong>etiam</strong></span> <span class='ocrx_word' id='word_1_492' title='bbox 2187 668 2308 707; x_wconf 87' lang='lat' dir='ltr'><strong>cum</strong></span> <span class='ocrx_word' id='word_1_493' title='bbox 2338 651 2476 708; x_wconf 85' lang='lat' dir='ltr'><strong>Deus</strong></span> <span class='ocrx_word' id='word_1_494' title='bbox 2499 651 2829 721; x_wconf 82' lang='lat' dir='ltr'><strong>apertissime</strong></span> <span class='ocrx_word' id='word_1_495' title='bbox 2853 650 3062 719; x_wconf 85' lang='lat' dir='ltr'><strong>adjutor</strong></span> <span class='ocrx_word' id='word_1_496' title='bbox 3087 659 3188 709; x_wconf 85' lang='lat' dir='ltr'><strong>est.</strong></span> 
     </span>
    </p>
   </div>
   <div class='ocr_carea' id='block_1_66' title="bbox 1896 739 3400 822">
    <p class='ocr_par' dir='ltr' id='par_1_66' title="bbox 1896 739 3400 822">
     <span class='ocr_line' id='line_1_66' title="bbox 1896 739 3400 822; baseline -0.004 -24"><span class='ocrx_word' id='word_1_497' title='bbox 1896 745 1959 806; x_wconf 83' lang='lat' dir='ltr'><strong>L.</strong></span> <span class='ocrx_word' id='word_1_498' title='bbox 1989 743 2092 822; x_wconf 72' lang='grc'><strong>[11).</strong></span> <span class='ocrx_word' id='word_1_499' title='bbox 2125 759 2243 812; x_wconf 78' lang='lat' dir='ltr'><strong>xm,</strong></span> <span class='ocrx_word' id='word_1_500' title='bbox 2279 741 2388 817; x_wconf 67' lang='lat'><strong>18.]</strong></span> <span class='ocrx_word' id='word_1_501' title='bbox 2414 742 2596 809; x_wconf 83' lang='lat' dir='ltr'><strong>Quinta</strong></span> <span class='ocrx_word' id='word_1_502' title='bbox 2620 751 2784 796; x_wconf 85' lang='lat' dir='ltr'><strong>autem</strong></span> <span class='ocrx_word' id='word_1_503' title='bbox 2809 740 3050 814; x_wconf 78' lang='lat' dir='ltr'><strong>progenie</strong></span> <span class='ocrx_word' id='word_1_504' title='bbox 3075 739 3400 794; x_wconf 81' lang='lat' dir='ltr'><strong>ascenderunt</strong></span> 
     </span>
    </p>
   </div>
   <div class='ocr_carea' id='block_1_67' title="bbox 1824 832 3399 908">
    <p class='ocr_par' dir='ltr' id='par_1_67' title="bbox 1824 832 3399 908">
     <span class='ocr_line' id='line_1_67' title="bbox 1824 832 3399 908; baseline -0.006 -14"><span class='ocrx_word' id='word_1_505' title='bbox 1824 836 1922 908; x_wconf 75' lang='lat' dir='ltr'><strong>ﬁlii</strong></span> <span class='ocrx_word' id='word_1_506' title='bbox 1941 835 2106 891; x_wconf 80' lang='lat' dir='ltr'><strong>Israel</strong></span> <span class='ocrx_word' id='word_1_507' title='bbox 2134 835 2197 890; x_wconf 85' lang='lat' dir='ltr'><strong>de</strong></span> <span class='ocrx_word' id='word_1_508' title='bbox 2219 845 2352 890; x_wconf 86' lang='lat' dir='ltr'><strong>terra</strong></span> <span class='ocrx_word' id='word_1_509' title='bbox 2380 832 2619 906; x_wconf 60' lang='lat' dir='ltr'><strong>Egypti.</strong></span> <span class='ocrx_word' id='word_1_510' title='bbox 2652 833 2836 889; x_wconf 89' lang='lat' dir='ltr'><strong>Utrum</strong></span> <span class='ocrx_word' id='word_1_511' title='bbox 2865 833 3167 906; x_wconf 69' lang='lat' dir='ltr'><strong>progeniem</strong></span> <span class='ocrx_word' id='word_1_512' title='bbox 3196 833 3246 888; x_wconf 87' lang='lat' dir='ltr'><strong>in</strong></span> <span class='ocrx_word' id='word_1_513' title='bbox 3273 847 3399 886; x_wconf 83' lang='lat' dir='ltr'><strong>cen-</strong></span> 
     </span>
    </p>
   </div>
   <div class='ocr_carea' id='block_1_68' title="bbox 1829 922 3398 1000">
    <p class='ocr_par' dir='ltr' id='par_1_68' title="bbox 1829 922 3398 1000">
     <span class='ocr_line' id='line_1_68' title="bbox 1829 922 3398 1000; baseline -0.003 -17"><span class='ocrx_word' id='word_1_514' title='bbox 1829 937 1937 990; x_wconf 88' lang='lat' dir='ltr'><strong>tum</strong></span> <span class='ocrx_word' id='word_1_515' title='bbox 1965 928 2118 984; x_wconf 88' lang='lat' dir='ltr'><strong>annis</strong></span> <span class='ocrx_word' id='word_1_516' title='bbox 2144 928 2256 982; x_wconf 85' lang='lat' dir='ltr'><strong>vult</strong></span> <span class='ocrx_word' id='word_1_517' title='bbox 2285 924 2611 996; x_wconf 83' lang='lat' dir='ltr'><strong>computari,</strong></span> <span class='ocrx_word' id='word_1_518' title='bbox 2653 933 2708 989; x_wconf 85' lang='lat' dir='ltr'><strong>et</strong></span> <span class='ocrx_word' id='word_1_519' title='bbox 2749 925 2868 982; x_wconf 93' lang='lat' dir='ltr'><strong>ideo</strong></span> <span class='ocrx_word' id='word_1_520' title='bbox 2907 922 3088 994; x_wconf 88' lang='lat' dir='ltr'><strong>quinta</strong></span> <span class='ocrx_word' id='word_1_521' title='bbox 3115 923 3364 1000; x_wconf 77' lang='lat' dir='ltr'><strong>progenie</strong></span> <span class='ocrx_word' id='word_1_522' title='bbox 3383 964 3398 988; x_wconf 89' lang='lat'><strong>,</strong></span> 
     </span>
    </p>
   </div>
   <div class='ocr_carea' id='block_1_69' title="bbox 1827 1014 3402 1098">
    <p class='ocr_par' dir='ltr' id='par_1_69' title="bbox 1827 1014 3402 1098">
     <span class='ocr_line' id='line_1_69' title="bbox 1827 1014 3402 1098; baseline -0.002 -26"><span class='ocrx_word' id='word_1_523' title='bbox 1827 1020 1946 1096; x_wconf 83' lang='lat' dir='ltr'><strong>quia</strong></span> <span class='ocrx_word' id='word_1_524' title='bbox 1973 1028 2094 1098; x_wconf 86' lang='lat' dir='ltr'><strong>post</strong></span> <span class='ocrx_word' id='word_1_525' title='bbox 2116 1019 2527 1091; x_wconf 72' lang='lat' dir='ltr'><strong>quadringentos</strong></span> <span class='ocrx_word' id='word_1_526' title='bbox 2556 1016 2766 1086; x_wconf 87' lang='lat' dir='ltr'><strong>triginta</strong></span> <span class='ocrx_word' id='word_1_527' title='bbox 2787 1015 2991 1072; x_wconf 86' lang='lat' dir='ltr'><strong>annos?</strong></span> <span class='ocrx_word' id='word_1_528' title='bbox 3011 1031 3078 1071; x_wconf 86' lang='lat' dir='ltr'><strong>an</strong></span> <span class='ocrx_word' id='word_1_529' title='bbox 3102 1031 3202 1094; x_wconf 81' lang='lat' dir='ltr'><strong>per</strong></span> <span class='ocrx_word' id='word_1_530' title='bbox 3232 1014 3402 1069; x_wconf 87' lang='lat' dir='ltr'><strong>homi-</strong></span> 
     </span>
    </p>
   </div>
   <div class='ocr_carea' id='block_1_70' title="bbox 1828 1109 3405 1186">
    <p class='ocr_par' dir='ltr' id='par_1_70' title="bbox 1828 1109 3405 1186">
     <span class='ocr_line' id='line_1_70' title="bbox 1828 1109 3405 1186; baseline 0 -22"><span class='ocrx_word' id='word_1_531' title='bbox 1828 1127 1953 1180; x_wconf 85' lang='lat' dir='ltr'><strong>num</strong></span> <span class='ocrx_word' id='word_1_532' title='bbox 1987 1111 2359 1182; x_wconf 78' lang='lat' dir='ltr'><strong>generationes</strong></span> <span class='ocrx_word' id='word_1_533' title='bbox 2401 1111 2500 1165; x_wconf 91' lang='lat' dir='ltr'><strong>hoc</strong></span> <span class='ocrx_word' id='word_1_534' title='bbox 2537 1111 2716 1186; x_wconf 83' lang='lat' dir='ltr'><strong>potius</strong></span> <span class='ocrx_word' id='word_1_535' title='bbox 2754 1109 3152 1180; x_wconf 88' lang='lat' dir='ltr'><strong>intelligendum</strong></span> <span class='ocrx_word' id='word_1_536' title='bbox 3181 1119 3294 1176; x_wconf 89' lang='lat' dir='ltr'><strong>est,</strong></span> <span class='ocrx_word' id='word_1_537' title='bbox 3337 1109 3405 1164; x_wconf 88' lang='lat' dir='ltr'><strong>ab</strong></span> 
     </span>
    </p>
   </div>
   <div class='ocr_carea' id='block_1_71' title="bbox 1829 1200 3405 1278">
    <p class='ocr_par' dir='ltr' id='par_1_71' title="bbox 1829 1200 3405 1278">
     <span class='ocr_line' id='line_1_71' title="bbox 1829 1200 3405 1278; baseline 0.001 -23"><span class='ocrx_word' id='word_1_538' title='bbox 1829 1202 1944 1274; x_wconf 86' lang='lat' dir='ltr'><strong>ipso</strong></span> <span class='ocrx_word' id='word_1_539' title='bbox 1971 1201 2134 1258; x_wconf 85' lang='lat' dir='ltr'><strong>Jacob</strong></span> <span class='ocrx_word' id='word_1_540' title='bbox 2163 1203 2250 1272; x_wconf 85' lang='lat' dir='ltr'><strong>qui</strong></span> <span class='ocrx_word' id='word_1_541' title='bbox 2278 1201 2490 1258; x_wconf 83' lang='lat' dir='ltr'><strong>intravit</strong></span> <span class='ocrx_word' id='word_1_542' title='bbox 2518 1201 2572 1257; x_wconf 90' lang='lat' dir='ltr'><strong>in</strong></span> <span class='ocrx_word' id='word_1_543' title='bbox 2595 1200 2882 1274; x_wconf 63' lang='lat' dir='ltr'><strong>Egyptum</strong></span> <span class='ocrx_word' id='word_1_544' title='bbox 2903 1243 2918 1268; x_wconf 88' lang='lat'><strong>,</strong></span> <span class='ocrx_word' id='word_1_545' title='bbox 2951 1217 3114 1278; x_wconf 86' lang='lat' dir='ltr'><strong>usque</strong></span> <span class='ocrx_word' id='word_1_546' title='bbox 3153 1201 3218 1258; x_wconf 89' lang='lat' dir='ltr'><strong>ad</strong></span> <span class='ocrx_word' id='word_1_547' title='bbox 3262 1202 3405 1274; x_wconf 78' lang='lat' dir='ltr'><strong>Moy-</strong></span> 
     </span>
    </p>
   </div>
   <div class='ocr_carea' id='block_1_72' title="bbox 1827 1291 3401 1366">
    <p class='ocr_par' dir='ltr' id='par_1_72' title="bbox 1827 1291 3401 1366">
     <span class='ocr_line' id='line_1_72' title="bbox 1827 1291 3401 1366; baseline -0.001 -19"><span class='ocrx_word' id='word_1_548' title='bbox 1827 1307 1920 1347; x_wconf 88' lang='lat' dir='ltr'><strong>sen</strong></span> <span class='ocrx_word' id='word_1_549' title='bbox 1947 1293 2034 1366; x_wconf 90' lang='lat' dir='ltr'><strong>qui</strong></span> <span class='ocrx_word' id='word_1_550' title='bbox 2060 1308 2180 1346; x_wconf 92' lang='lat' dir='ltr'><strong>cum</strong></span> <span class='ocrx_word' id='word_1_551' title='bbox 2205 1293 2404 1365; x_wconf 86' lang='lat' dir='ltr'><strong>populo</strong></span> <span class='ocrx_word' id='word_1_552' title='bbox 2431 1306 2676 1366; x_wconf 84' lang='lat' dir='ltr'><strong>egressus</strong></span> <span class='ocrx_word' id='word_1_553' title='bbox 2691 1291 2984 1348; x_wconf 83' lang='lat' dir='ltr'><strong>est?.laeob</strong></span> <span class='ocrx_word' id='word_1_554' title='bbox 3011 1293 3154 1346; x_wconf 90' lang='lat' dir='ltr'><strong>enim</strong></span> <span class='ocrx_word' id='word_1_555' title='bbox 3185 1292 3401 1361; x_wconf 87' lang='lat' dir='ltr'><strong>primus,</strong></span> 
     </span>
    </p>
   </div>
   <div class='ocr_carea' id='block_1_73' title="bbox 1827 1382 3405 1454">
    <p class='ocr_par' dir='ltr' id='par_1_73' title="bbox 1827 1382 3405 1454">
     <span class='ocr_line' id='line_1_73' title="bbox 1827 1382 3405 1454; baseline -0.001 -16"><span class='ocrx_word' id='word_1_556' title='bbox 1827 1383 2092 1438; x_wconf 86' lang='lat' dir='ltr'><strong>secundus</strong></span> <span class='ocrx_word' id='word_1_557' title='bbox 2115 1383 2258 1454; x_wconf 87' lang='lat' dir='ltr'><strong>Levi,</strong></span> <span class='ocrx_word' id='word_1_558' title='bbox 2285 1384 2472 1442; x_wconf 84' lang='lat' dir='ltr'><strong>tertius</strong></span> <span class='ocrx_word' id='word_1_559' title='bbox 2499 1382 2686 1449; x_wconf 85' lang='lat' dir='ltr'><strong>Caatlt,</strong></span> <span class='ocrx_word' id='word_1_560' title='bbox 2712 1394 2931 1454; x_wconf 89' lang='lat' dir='ltr'><strong>quartus</strong></span> <span class='ocrx_word' id='word_1_561' title='bbox 2953 1383 3226 1447; x_wconf 85' lang='lat' dir='ltr'><strong>Ambram,</strong></span> <span class='ocrx_word' id='word_1_562' title='bbox 3250 1382 3405 1452; x_wconf 86' lang='lat' dir='ltr'><strong>quin-</strong></span> 
     </span>
    </p>
   </div>
   <div class='ocr_carea' id='block_1_74' title="bbox 1831 1473 3404 1546">
    <p class='ocr_par' dir='ltr' id='par_1_74' title="bbox 1831 1473 3404 1546">
     <span class='ocr_line' id='line_1_74' title="bbox 1831 1473 3404 1546; baseline -0.001 -19"><span class='ocrx_word' id='word_1_563' title='bbox 1831 1483 1916 1530; x_wconf 89' lang='lat' dir='ltr'><strong>tus</strong></span> <span class='ocrx_word' id='word_1_564' title='bbox 1941 1474 2147 1546; x_wconf 75' lang='lat' dir='ltr'><strong>Moyses</strong></span> <span class='ocrx_word' id='word_1_565' title='bbox 2173 1475 2451 1529; x_wconf 86' lang='lat' dir='ltr'><strong>invenitur.</strong></span> <span class='ocrx_word' id='word_1_566' title='bbox 2477 1474 2582 1528; x_wconf 85' lang='lat' dir='ltr'><strong>Has</strong></span> <span class='ocrx_word' id='word_1_567' title='bbox 2609 1485 2789 1529; x_wconf 87' lang='lat' dir='ltr'><strong>autem</strong></span> <span class='ocrx_word' id='word_1_568' title='bbox 2819 1474 2946 1528; x_wconf 92' lang='lat' dir='ltr'><strong>dicit</strong></span> <span class='ocrx_word' id='word_1_569' title='bbox 2976 1475 3253 1545; x_wconf 85' lang='lat' dir='ltr'><strong>progenies</strong></span> <span class='ocrx_word' id='word_1_570' title='bbox 3286 1473 3404 1526; x_wconf 86' lang='lat' dir='ltr'><strong>lati-</strong></span> 
     </span>
    </p>
   </div>
   <div class='ocr_carea' id='block_1_75' title="bbox 1831 1565 3406 1640">
    <p class='ocr_par' dir='ltr' id='par_1_75' title="bbox 1831 1565 3406 1640">
     <span class='ocr_line' id='line_1_75' title="bbox 1831 1565 3406 1640; baseline -0.003 -18"><span class='ocrx_word' id='word_1_571' title='bbox 1831 1586 1927 1622; x_wconf 80' lang='lat' dir='ltr'><strong>nus</strong></span> <span class='ocrx_word' id='word_1_572' title='bbox 1955 1569 2234 1640; x_wconf 76' lang='lat' dir='ltr'><strong>interpres,</strong></span> <span class='ocrx_word' id='word_1_573' title='bbox 2263 1584 2392 1637; x_wconf 88' lang='lat' dir='ltr'><strong>quas</strong></span> <span class='ocrx_word' id='word_1_574' title='bbox 2413 1575 2564 1635; x_wconf 73' lang='grc' dir='ltr'><strong>γενεάς</strong></span> <span class='ocrx_word' id='word_1_575' title='bbox 2589 1566 2760 1624; x_wconf 73' lang='lat' dir='ltr'><strong>Grzcci</strong></span> <span class='ocrx_word' id='word_1_576' title='bbox 2783 1577 2993 1632; x_wconf 71' lang='lat' dir='ltr'><strong>vocant,</strong></span> <span class='ocrx_word' id='word_1_577' title='bbox 3014 1584 3131 1636; x_wconf 66' lang='lat' dir='ltr'><strong>quat:</strong></span> <span class='ocrx_word' id='word_1_578' title='bbox 3156 1567 3208 1630; x_wconf 82' lang='lat' dir='ltr'><strong>in</strong></span> <span class='ocrx_word' id='word_1_579' title='bbox 3235 1565 3406 1620; x_wconf 86' lang='lat' dir='ltr'><strong>Evan-</strong></span> 
     </span>
    </p>
   </div>
   <div class='ocr_carea' id='block_1_76' title="bbox 1829 1658 3407 1731">
    <p class='ocr_par' dir='ltr' id='par_1_76' title="bbox 1829 1658 3407 1731">
     <span class='ocr_line' id='line_1_76' title="bbox 1829 1658 3407 1731; baseline -0.001 -17"><span class='ocrx_word' id='word_1_580' title='bbox 1829 1660 1967 1730; x_wconf 84' lang='lat' dir='ltr'><strong>gelio</strong></span> <span class='ocrx_word' id='word_1_581' title='bbox 2005 1661 2341 1731; x_wconf 81' lang='lat' dir='ltr'><strong>generationes</strong></span> <span class='ocrx_word' id='word_1_582' title='bbox 2383 1659 2736 1728; x_wconf 88' lang='lat' dir='ltr'><strong>appellantur,</strong></span> <span class='ocrx_word' id='word_1_583' title='bbox 2782 1674 2879 1713; x_wconf 89' lang='lat' dir='ltr'><strong>nec</strong></span> <span class='ocrx_word' id='word_1_584' title='bbox 2923 1667 3267 1712; x_wconf 88' lang='lat' dir='ltr'><strong>numerantur</strong></span> <span class='ocrx_word' id='word_1_585' title='bbox 3306 1658 3407 1714; x_wconf 86' lang='lat' dir='ltr'><strong>nisi</strong></span> 
     </span>
    </p>
   </div>
   <div class='ocr_carea' id='block_1_77' title="bbox 1831 1749 3408 1820">
    <p class='ocr_par' dir='ltr' id='par_1_77' title="bbox 1831 1749 3408 1820">
     <span class='ocr_line' id='line_1_77' title="bbox 1831 1749 3408 1820; baseline 0.001 -17"><span class='ocrx_word' id='word_1_586' title='bbox 1831 1765 1926 1820; x_wconf 90' lang='lat' dir='ltr'><strong>per</strong></span> <span class='ocrx_word' id='word_1_587' title='bbox 1971 1749 2333 1804; x_wconf 84' lang='lat' dir='ltr'><strong>successiones</strong></span> <span class='ocrx_word' id='word_1_588' title='bbox 2377 1749 2683 1816; x_wconf 89' lang='lat' dir='ltr'><strong>hominum,</strong></span> <span class='ocrx_word' id='word_1_589' title='bbox 2727 1764 2834 1804; x_wconf 89' lang='lat' dir='ltr'><strong>non</strong></span> <span class='ocrx_word' id='word_1_590' title='bbox 2877 1765 2980 1820; x_wconf 68' lang='grc' dir='ltr'><strong>ρει·-</strong></span> <span class='ocrx_word' id='word_1_591' title='bbox 3004 1764 3282 1804; x_wconf 89' lang='lat' dir='ltr'><strong>numerum</strong></span> <span class='ocrx_word' id='word_1_592' title='bbox 3309 1763 3408 1804; x_wconf 87' lang='lat' dir='ltr'><strong>an-</strong></span> 
     </span>
    </p>
   </div>
   <div class='ocr_carea' id='block_1_78' title="bbox 1833 1855 2042 1893">
    <p class='ocr_par' dir='ltr' id='par_1_78' title="bbox 1833 1855 2042 1893">
     <span class='ocr_line' id='line_1_78' title="bbox 1833 1855 2042 1893; baseline 0.005 -1"><span class='ocrx_word' id='word_1_593' title='bbox 1833 1855 2042 1893; x_wconf 88' lang='lat' dir='ltr'><strong>norum.</strong></span> 
     </span>
    </p>
   </div>
   <div class='ocr_carea' id='block_1_79' title="bbox 1903 1929 3409 2006">
    <p class='ocr_par' dir='ltr' id='par_1_79' title="bbox 1903 1929 3409 2006">
     <span class='ocr_line' id='line_1_79' title="bbox 1903 1929 3409 2006; baseline 0.003 -20"><span class='ocrx_word' id='word_1_594' title='bbox 1903 1932 1986 1986; x_wconf 90' lang='lat' dir='ltr'><strong>LI.</strong></span> <span class='ocrx_word' id='word_1_595' title='bbox 2021 1930 2118 2004; x_wconf 89' lang='lat' dir='ltr'><strong>[|b.</strong></span> <span class='ocrx_word' id='word_1_596' title='bbox 2147 1947 2261 1998; x_wconf 78' lang='lat' dir='ltr'><strong>xw,</strong></span> <span class='ocrx_word' id='word_1_597' title='bbox 2287 1929 2396 2006; x_wconf 75' lang='lat'><strong>15.]</strong></span> <span class='ocrx_word' id='word_1_598' title='bbox 2429 1931 2563 1992; x_wconf 75' lang='lat' dir='ltr'><strong>Dixit</strong></span> <span class='ocrx_word' id='word_1_599' title='bbox 2588 1940 2760 1987; x_wconf 88' lang='lat' dir='ltr'><strong>autem</strong></span> <span class='ocrx_word' id='word_1_600' title='bbox 2790 1933 3035 2005; x_wconf 82' lang='lat' dir='ltr'><strong>Moyses:</strong></span> <span class='ocrx_word' id='word_1_601' title='bbox 3069 1934 3332 2005; x_wconf 73' lang='lat' dir='ltr'><strong>Con/idne,</strong></span> <span class='ocrx_word' id='word_1_602' title='bbox 3363 1945 3409 1990; x_wconf 84' lang='lat' dir='ltr'><strong>et</strong></span> 
     </span>
    </p>
   </div>
   <div class='ocr_carea' id='block_1_80' title="bbox 1833 2023 3409 2094">
    <p class='ocr_par' dir='ltr' id='par_1_80' title="bbox 1833 2023 3409 2094">
     <span class='ocr_line' id='line_1_80' title="bbox 1833 2023 3409 2094; baseline 0.001 -18"><span class='ocrx_word' id='word_1_603' title='bbox 1833 2032 1959 2076; x_wconf 85' lang='lat' dir='ltr'><strong>state</strong></span> <span class='ocrx_word' id='word_1_604' title='bbox 1973 2025 2015 2092; x_wconf 75' lang='grc'><strong>³,</strong></span> <span class='ocrx_word' id='word_1_605' title='bbox 2044 2035 2086 2076; x_wconf 87' lang='lat' dir='ltr'><strong>et</strong></span> <span class='ocrx_word' id='word_1_606' title='bbox 2112 2023 2270 2076; x_wconf 77' lang='lat' dir='ltr'><strong>ridete</strong></span> <span class='ocrx_word' id='word_1_607' title='bbox 2294 2023 2506 2075; x_wconf 83' lang='lat' dir='ltr'><strong>salutem</strong></span> <span class='ocrx_word' id='word_1_608' title='bbox 2539 2039 2650 2094; x_wconf 73' lang='lat' dir='ltr'><strong>qua:</strong></span> <span class='ocrx_word' id='word_1_609' title='bbox 2667 2032 2739 2077; x_wconf 87' lang='lat' dir='ltr'><strong>est</strong></span> <span class='ocrx_word' id='word_1_610' title='bbox 2761 2041 2790 2074; x_wconf 94' lang='lat' dir='ltr'><strong>a</strong></span> <span class='ocrx_word' id='word_1_611' title='bbox 2817 2023 3051 2088; x_wconf 86' lang='lat' dir='ltr'><strong>Domino,</strong></span> <span class='ocrx_word' id='word_1_612' title='bbox 3083 2041 3231 2093; x_wconf 88' lang='lat' dir='ltr'><strong>quam</strong></span> <span class='ocrx_word' id='word_1_613' title='bbox 3261 2025 3409 2094; x_wconf 77' lang='lat' dir='ltr'><strong>faciet</strong></span> 
     </span>
    </p>
   </div>
   <div class='ocr_carea' id='block_1_81' title="bbox 1833 2114 3410 2188">
    <p class='ocr_par' dir='ltr' id='par_1_81' title="bbox 1833 2114 3410 2188">
     <span class='ocr_line' id='line_1_81' title="bbox 1833 2114 3410 2188; baseline 0.002 -21"><span class='ocrx_word' id='word_1_614' title='bbox 1833 2115 1967 2168; x_wconf 82' lang='lat' dir='ltr'><strong>vobis</strong></span> <span class='ocrx_word' id='word_1_615' title='bbox 1993 2115 2158 2170; x_wconf 83' lang='lat' dir='ltr'><strong>hodie.</strong></span> <span class='ocrx_word' id='word_1_616' title='bbox 2190 2114 2333 2170; x_wconf 83' lang='lat' dir='ltr'><strong>Sicut</strong></span> <span class='ocrx_word' id='word_1_617' title='bbox 2374 2116 2504 2170; x_wconf 83' lang='lat' dir='ltr'><strong>enim</strong></span> <span class='ocrx_word' id='word_1_618' title='bbox 2540 2115 2729 2169; x_wconf 82' lang='lat' dir='ltr'><strong>vidistis</strong></span> <span class='ocrx_word' id='word_1_619' title='bbox 2769 2114 3043 2188; x_wconf 62' lang='lat' dir='ltr'><strong>Egyptios</strong></span> <span class='ocrx_word' id='word_1_620' title='bbox 3082 2117 3260 2179; x_wconf 81' lang='lat' dir='ltr'><strong>hodie,</strong></span> <span class='ocrx_word' id='word_1_621' title='bbox 3311 2133 3410 2170; x_wconf 87' lang='lat' dir='ltr'><strong>non</strong></span> 
     </span>
    </p>
   </div>
   <div class='ocr_carea' id='block_1_82' title="bbox 1833 2205 3408 2276">
    <p class='ocr_par' dir='ltr' id='par_1_82' title="bbox 1833 2205 3408 2276">
     <span class='ocr_line' id='line_1_82' title="bbox 1833 2205 3408 2276; baseline 0.003 -21"><span class='ocrx_word' id='word_1_622' title='bbox 1833 2205 2092 2274; x_wconf 82' lang='lat' dir='ltr'><strong>apponetis</strong></span> <span class='ocrx_word' id='word_1_623' title='bbox 2127 2205 2342 2276; x_wconf 84' lang='lat' dir='ltr'><strong>amplius</strong></span> <span class='ocrx_word' id='word_1_624' title='bbox 2366 2205 2530 2258; x_wconf 82' lang='lat' dir='ltr'><strong>videre</strong></span> <span class='ocrx_word' id='word_1_625' title='bbox 2568 2222 2650 2258; x_wconf 84' lang='lat' dir='ltr'><strong>eos</strong></span> <span class='ocrx_word' id='word_1_626' title='bbox 2676 2207 2726 2258; x_wconf 89' lang='lat' dir='ltr'><strong>in</strong></span> <span class='ocrx_word' id='word_1_627' title='bbox 2761 2217 3002 2260; x_wconf 65' lang='lat' dir='ltr'><strong>asternum</strong></span> <span class='ocrx_word' id='word_1_628' title='bbox 3031 2215 3241 2276; x_wconf 84' lang='lat' dir='ltr'><strong>tempus.</strong></span> <span class='ocrx_word' id='word_1_629' title='bbox 3266 2206 3408 2274; x_wconf 85' lang='lat' dir='ltr'><strong>Quo—</strong></span> 
     </span>
    </p>
   </div>
   <div class='ocr_carea' id='block_1_83' title="bbox 1833 2296 3410 2368">
    <p class='ocr_par' dir='ltr' id='par_1_83' title="bbox 1833 2296 3410 2368">
     <span class='ocr_line' id='line_1_83' title="bbox 1833 2296 3410 2368; baseline 0.001 -18"><span class='ocrx_word' id='word_1_630' title='bbox 1833 2297 1990 2350; x_wconf 88' lang='lat' dir='ltr'><strong>modo</strong></span> <span class='ocrx_word' id='word_1_631' title='bbox 2011 2296 2314 2366; x_wconf 89' lang='lat' dir='ltr'><strong>accipienda</strong></span> <span class='ocrx_word' id='word_1_632' title='bbox 2337 2308 2455 2354; x_wconf 90' lang='lat' dir='ltr'><strong>sunt</strong></span> <span class='ocrx_word' id='word_1_633' title='bbox 2477 2297 2589 2350; x_wconf 68' lang='lat' dir='ltr'><strong>htec</strong></span> <span class='ocrx_word' id='word_1_634' title='bbox 2616 2296 2796 2364; x_wconf 88' lang='lat' dir='ltr'><strong>verba,</strong></span> <span class='ocrx_word' id='word_1_635' title='bbox 2825 2314 2944 2352; x_wconf 84' lang='lat' dir='ltr'><strong>eum</strong></span> <span class='ocrx_word' id='word_1_636' title='bbox 2971 2297 3197 2352; x_wconf 86' lang='lat' dir='ltr'><strong>viderint</strong></span> <span class='ocrx_word' id='word_1_637' title='bbox 3229 2308 3410 2368; x_wconf 81' lang='lat' dir='ltr'><strong>postea</strong></span> 
     </span>
    </p>
   </div>
   <div class='ocr_carea' id='block_1_84' title="bbox 1835 2389 3408 2460">
    <p class='ocr_par' dir='ltr' id='par_1_84' title="bbox 1835 2389 3408 2460">
     <span class='ocr_line' id='line_1_84' title="bbox 1835 2389 3408 2460; baseline -0.001 -15"><span class='ocrx_word' id='word_1_638' title='bbox 1835 2390 2083 2446; x_wconf 76' lang='lat' dir='ltr'><strong>Israelita:</strong></span> <span class='ocrx_word' id='word_1_639' title='bbox 2118 2389 2432 2460; x_wconf 65' lang='lat' dir='ltr'><strong>Egyptios?</strong></span> <span class='ocrx_word' id='word_1_640' title='bbox 2470 2391 2550 2444; x_wconf 86' lang='lat' dir='ltr'><strong>An</strong></span> <span class='ocrx_word' id='word_1_641' title='bbox 2577 2390 2699 2460; x_wconf 87' lang='lat' dir='ltr'><strong>quia</strong></span> <span class='ocrx_word' id='word_1_642' title='bbox 2739 2391 2823 2444; x_wconf 83' lang='lat' dir='ltr'><strong>isli</strong></span> <span class='ocrx_word' id='word_1_643' title='bbox 2849 2391 2937 2457; x_wconf 87' lang='lat' dir='ltr'><strong>qui</strong></span> <span class='ocrx_word' id='word_1_644' title='bbox 2979 2400 3103 2446; x_wconf 88' lang='lat' dir='ltr'><strong>tunc</strong></span> <span class='ocrx_word' id='word_1_645' title='bbox 3129 2391 3408 2456; x_wconf 87' lang='lat' dir='ltr'><strong>videbant,</strong></span> 
     </span>
    </p>
   </div>
   <div class='ocr_carea' id='block_1_85' title="bbox 1836 2478 3411 2552">
    <p class='ocr_par' dir='ltr' id='par_1_85' title="bbox 1836 2478 3411 2552">
     <span class='ocr_line' id='line_1_85' title="bbox 1836 2478 3411 2552; baseline 0.001 -20"><span class='ocrx_word' id='word_1_646' title='bbox 1836 2494 1940 2533; x_wconf 91' lang='lat' dir='ltr'><strong>non</strong></span> <span class='ocrx_word' id='word_1_647' title='bbox 1970 2493 2062 2533; x_wconf 84' lang='lat' dir='ltr'><strong>eos</strong></span> <span class='ocrx_word' id='word_1_648' title='bbox 2083 2478 2303 2532; x_wconf 88' lang='lat' dir='ltr'><strong>ulterius</strong></span> <span class='ocrx_word' id='word_1_649' title='bbox 2332 2478 2602 2544; x_wconf 88' lang='lat' dir='ltr'><strong>viderunt;</strong></span> <span class='ocrx_word' id='word_1_650' title='bbox 2627 2480 2749 2549; x_wconf 87' lang='lat' dir='ltr'><strong>quia</strong></span> <span class='ocrx_word' id='word_1_651' title='bbox 2779 2489 2831 2533; x_wconf 92' lang='lat' dir='ltr'><strong>ct</strong></span> <span class='ocrx_word' id='word_1_652' title='bbox 2861 2479 2933 2532; x_wconf 91' lang='lat' dir='ltr'><strong>illi</strong></span> <span class='ocrx_word' id='word_1_653' title='bbox 2965 2488 3089 2533; x_wconf 90' lang='lat' dir='ltr'><strong>sunt</strong></span> <span class='ocrx_word' id='word_1_654' title='bbox 3109 2482 3300 2535; x_wconf 89' lang='lat' dir='ltr'><strong>mortui</strong></span> <span class='ocrx_word' id='word_1_655' title='bbox 3324 2482 3411 2552; x_wconf 87' lang='lat' dir='ltr'><strong>qui</strong></span> 
     </span>
    </p>
   </div>
   <div class='ocr_carea' id='block_1_86' title="bbox 1837 2570 3414 2642">
    <p class='ocr_par' dir='ltr' id='par_1_86' title="bbox 1837 2570 3414 2642">
     <span class='ocr_line' id='line_1_86' title="bbox 1837 2570 3414 2642; baseline 0 -17"><span class='ocrx_word' id='word_1_656' title='bbox 1837 2571 2316 2640; x_wconf 84' lang='lat' dir='ltr'><strong>consequebantur,</strong></span> <span class='ocrx_word' id='word_1_657' title='bbox 2371 2578 2424 2624; x_wconf 91' lang='lat' dir='ltr'><strong>et</strong></span> <span class='ocrx_word' id='word_1_658' title='bbox 2470 2570 2554 2623; x_wconf 90' lang='lat' dir='ltr'><strong>isti</strong></span> <span class='ocrx_word' id='word_1_659' title='bbox 2605 2585 2792 2624; x_wconf 88' lang='lat' dir='ltr'><strong>omnes</strong></span> <span class='ocrx_word' id='word_1_660' title='bbox 2834 2571 3056 2642; x_wconf 86' lang='lat' dir='ltr'><strong>quisque</strong></span> <span class='ocrx_word' id='word_1_661' title='bbox 3101 2571 3186 2626; x_wconf 89' lang='lat' dir='ltr'><strong>die</strong></span> <span class='ocrx_word' id='word_1_662' title='bbox 3227 2572 3414 2626; x_wconf 89' lang='lat' dir='ltr'><strong>mortis</strong></span> 
     </span>
    </p>
   </div>
   <div class='ocr_carea' id='block_1_87' title="bbox 1837 2660 3410 2730">
    <p class='ocr_par' dir='ltr' id='par_1_87' title="bbox 1837 2660 3410 2730">
     <span class='ocr_line' id='line_1_87' title="bbox 1837 2660 3410 2730; baseline -0.001 -16"><span class='ocrx_word' id='word_1_663' title='bbox 1837 2661 1989 2715; x_wconf 73' lang='lat' dir='ltr'><strong>sum?</strong></span> <span class='ocrx_word' id='word_1_664' title='bbox 2029 2677 2150 2715; x_wconf 81' lang='lat' dir='ltr'><strong>nam</strong></span> <span class='ocrx_word' id='word_1_665' title='bbox 2193 2660 2389 2730; x_wconf 87' lang='lat' dir='ltr'><strong>posteri</strong></span> <span class='ocrx_word' id='word_1_666' title='bbox 2420 2675 2605 2715; x_wconf 89' lang='lat' dir='ltr'><strong>eorum</strong></span> <span class='ocrx_word' id='word_1_667' title='bbox 2637 2660 2880 2714; x_wconf 84' lang='lat' dir='ltr'><strong>viderunt</strong></span> <span class='ocrx_word' id='word_1_668' title='bbox 2911 2671 3152 2730; x_wconf 85' lang='lat' dir='ltr'><strong>posteros</strong></span> <span class='ocrx_word' id='word_1_669' title='bbox 3181 2662 3410 2720; x_wconf 85' lang='lat' dir='ltr'><strong>illorum.</strong></span> 
     </span>
    </p>
   </div>
   <div class='ocr_carea' id='block_1_88' title="bbox 1839 2750 3412 2822">
    <p class='ocr_par' dir='ltr' id='par_1_88' title="bbox 1839 2750 3412 2822">
     <span class='ocr_line' id='line_1_88' title="bbox 1839 2750 3412 2822; baseline 0 -16"><span class='ocrx_word' id='word_1_670' title='bbox 1839 2754 1940 2820; x_wconf 77' lang='lat' dir='ltr'><strong>An,</strong></span> <span class='ocrx_word' id='word_1_671' title='bbox 1970 2751 2088 2807; x_wconf 83' lang='lat' dir='ltr'><strong>Non</strong></span> <span class='ocrx_word' id='word_1_672' title='bbox 2110 2767 2202 2807; x_wconf 89' lang='lat' dir='ltr'><strong>eos</strong></span> <span class='ocrx_word' id='word_1_673' title='bbox 2229 2751 2472 2806; x_wconf 89' lang='lat' dir='ltr'><strong>videbitis</strong></span> <span class='ocrx_word' id='word_1_674' title='bbox 2498 2753 2631 2806; x_wconf 88' lang='lat' dir='ltr'><strong>sicut</strong></span> <span class='ocrx_word' id='word_1_675' title='bbox 2665 2750 2844 2818; x_wconf 87' lang='lat' dir='ltr'><strong>hodie,</strong></span> <span class='ocrx_word' id='word_1_676' title='bbox 2875 2751 3273 2822; x_wconf 83' lang='lat' dir='ltr'><strong>intelligendum</strong></span> <span class='ocrx_word' id='word_1_677' title='bbox 3304 2761 3412 2816; x_wconf 87' lang='lat' dir='ltr'><strong>est,</strong></span> 
     </span>
    </p>
   </div>
   <div class='ocr_carea' id='block_1_89' title="bbox 1839 2842 3418 2913">
    <p class='ocr_par' dir='ltr' id='par_1_89' title="bbox 1839 2842 3418 2913">
     <span class='ocr_line' id='line_1_89' title="bbox 1839 2842 3418 2913; baseline 0.001 -16"><span class='ocrx_word' id='word_1_678' title='bbox 1839 2859 1946 2898; x_wconf 85' lang='lat' dir='ltr'><strong>non</strong></span> <span class='ocrx_word' id='word_1_679' title='bbox 1966 2843 2100 2898; x_wconf 91' lang='lat' dir='ltr'><strong>sicut</strong></span> <span class='ocrx_word' id='word_1_680' title='bbox 2121 2842 2276 2897; x_wconf 87' lang='lat' dir='ltr'><strong>hodie</strong></span> <span class='ocrx_word' id='word_1_681' title='bbox 2304 2852 2679 2913; x_wconf 88' lang='lat' dir='ltr'><strong>persequentes</strong></span> <span class='ocrx_word' id='word_1_682' title='bbox 2695 2852 2749 2896; x_wconf 90' lang='lat' dir='ltr'><strong>et</strong></span> <span class='ocrx_word' id='word_1_683' title='bbox 2774 2842 3034 2908; x_wconf 86' lang='lat' dir='ltr'><strong>inimicos,</strong></span> <span class='ocrx_word' id='word_1_684' title='bbox 3059 2853 3111 2896; x_wconf 89' lang='lat' dir='ltr'><strong>et</strong></span> <span class='ocrx_word' id='word_1_685' title='bbox 3135 2853 3278 2896; x_wconf 87' lang='lat' dir='ltr'><strong>tanto</strong></span> <span class='ocrx_word' id='word_1_686' title='bbox 3303 2855 3418 2913; x_wconf 81' lang='lat' dir='ltr'><strong>post</strong></span> 
     </span>
    </p>
   </div>
   <div class='ocr_carea' id='block_1_90' title="bbox 1840 2933 3412 3005">
    <p class='ocr_par' dir='ltr' id='par_1_90' title="bbox 1840 2933 3412 3005">
     <span class='ocr_line' id='line_1_90' title="bbox 1840 2933 3412 3005; baseline -0.001 -16"><span class='ocrx_word' id='word_1_687' title='bbox 1840 2951 1933 2989; x_wconf 86' lang='lat' dir='ltr'><strong>vos</strong></span> <span class='ocrx_word' id='word_1_688' title='bbox 1959 2936 2168 3005; x_wconf 82' lang='lat' dir='ltr'><strong>agmine</strong></span> <span class='ocrx_word' id='word_1_689' title='bbox 2199 2934 2504 2998; x_wconf 88' lang='lat' dir='ltr'><strong>venientes;</strong></span> <span class='ocrx_word' id='word_1_690' title='bbox 2539 2943 2594 2986; x_wconf 92' lang='lat' dir='ltr'><strong>ut</strong></span> <span class='ocrx_word' id='word_1_691' title='bbox 2621 2934 2836 2987; x_wconf 89' lang='lat' dir='ltr'><strong>omnino</strong></span> <span class='ocrx_word' id='word_1_692' title='bbox 2887 2933 3028 2986; x_wconf 87' lang='lat' dir='ltr'><strong>nulla</strong></span> <span class='ocrx_word' id='word_1_693' title='bbox 3057 2933 3124 2986; x_wconf 87' lang='lat' dir='ltr'><strong>sit</strong></span> <span class='ocrx_word' id='word_1_694' title='bbox 3153 2935 3376 3002; x_wconf 74' lang='lat' dir='ltr'><strong>quaestio</strong></span> <span class='ocrx_word' id='word_1_695' title='bbox 3399 2977 3412 2999; x_wconf 96' lang='lat'><strong>,</strong></span> 
     </span>
    </p>
   </div>
   <div class='ocr_carea' id='block_1_91' title="bbox 1843 3011 3418 3098">
    <p class='ocr_par' dir='ltr' id='par_1_91' title="bbox 1843 3011 3418 3098">
     <span class='ocr_line' id='line_1_91' title="bbox 1843 3011 3418 3098; baseline -0.001 -17"><span class='ocrx_word' id='word_1_696' title='bbox 1843 3042 1942 3082; x_wconf 87' lang='lat' dir='ltr'><strong>nec</strong></span> <span class='ocrx_word' id='word_1_697' title='bbox 1971 3025 2038 3082; x_wconf 84' lang='lat' dir='ltr'><strong>de</strong></span> <span class='ocrx_word' id='word_1_698' title='bbox 2061 3036 2259 3082; x_wconf 76' lang='lat' dir='ltr'><strong>teterno</strong></span> <span class='ocrx_word' id='word_1_699' title='bbox 2291 3036 2527 3098; x_wconf 88' lang='lat' dir='ltr'><strong>tempore</strong></span> <span class='ocrx_word' id='word_1_700' title='bbox 2547 3025 2686 3096; x_wconf 90' lang='lat' dir='ltr'><strong>quod</strong></span> <span class='ocrx_word' id='word_1_701' title='bbox 2715 3025 2800 3080; x_wconf 88' lang='lat' dir='ltr'><strong>ltic</strong></span> <span class='ocrx_word' id='word_1_702' title='bbox 2831 3025 3035 3095; x_wconf 91' lang='lat' dir='ltr'><strong>posuit;</strong></span> <span class='ocrx_word' id='word_1_703' title='bbox 3070 3026 3190 3095; x_wconf 89' lang='lat' dir='ltr'><strong>quia</strong></span> <span class='ocrx_word' id='word_1_704' title='bbox 3217 3026 3315 3080; x_wconf 89' lang='lat' dir='ltr'><strong>etsi</strong></span> <span class='ocrx_word' id='word_1_705' title='bbox 3341 3011 3418 3080; x_wconf 83' lang='lat' dir='ltr'><strong>vi-</strong></span> 
     </span>
    </p>
   </div>
   <div class='ocr_carea' id='block_1_92' title="bbox 1842 3117 3423 3188">
    <p class='ocr_par' dir='ltr' id='par_1_92' title="bbox 1842 3117 3423 3188">
     <span class='ocr_line' id='line_1_92' title="bbox 1842 3117 3423 3188; baseline 0.001 -16"><span class='ocrx_word' id='word_1_706' title='bbox 1842 3117 2042 3172; x_wconf 85' lang='lat' dir='ltr'><strong>debunt</strong></span> <span class='ocrx_word' id='word_1_707' title='bbox 2066 3133 2122 3172; x_wconf 89' lang='lat' dir='ltr'><strong>sc</strong></span> <span class='ocrx_word' id='word_1_708' title='bbox 2148 3119 2354 3188; x_wconf 89' lang='lat' dir='ltr'><strong>utrique</strong></span> <span class='ocrx_word' id='word_1_709' title='bbox 2382 3128 2619 3188; x_wconf 88' lang='lat' dir='ltr'><strong>tempore</strong></span> <span class='ocrx_word' id='word_1_710' title='bbox 2645 3117 3071 3185; x_wconf 86' lang='lat' dir='ltr'><strong>resurrectionis,</strong></span> <span class='ocrx_word' id='word_1_711' title='bbox 3099 3133 3201 3172; x_wconf 91' lang='lat' dir='ltr'><strong>non</strong></span> <span class='ocrx_word' id='word_1_712' title='bbox 3225 3120 3301 3173; x_wconf 89' lang='lat' dir='ltr'><strong>sic</strong></span> <span class='ocrx_word' id='word_1_713' title='bbox 3323 3120 3423 3174; x_wconf 87' lang='lat' dir='ltr'><strong>uti-</strong></span> 
     </span>
    </p>
   </div>
   <div class='ocr_carea' id='block_1_93' title="bbox 1844 3209 2522 3280">
    <p class='ocr_par' dir='ltr' id='par_1_93' title="bbox 1844 3209 2522 3280">
     <span class='ocr_line' id='line_1_93' title="bbox 1844 3209 2522 3280; baseline 0.004 -19"><span class='ocrx_word' id='word_1_714' title='bbox 1844 3226 1947 3280; x_wconf 91' lang='lat' dir='ltr'><strong>que</strong></span> <span class='ocrx_word' id='word_1_715' title='bbox 1975 3211 2224 3264; x_wconf 87' lang='lat' dir='ltr'><strong>videhunt</strong></span> <span class='ocrx_word' id='word_1_716' title='bbox 2254 3219 2310 3264; x_wconf 91' lang='lat' dir='ltr'><strong>ut</strong></span> <span class='ocrx_word' id='word_1_717' title='bbox 2333 3209 2522 3264; x_wconf 86' lang='lat' dir='ltr'><strong>hodie?</strong></span> 
     </span>
    </p>
   </div>
   <div class='ocr_carea' id='block_1_94' title="bbox 1914 3299 3427 3373">
    <p class='ocr_par' dir='ltr' id='par_1_94' title="bbox 1914 3299 3427 3373">
     <span class='ocr_line' id='line_1_94' title="bbox 1914 3299 3427 3373; baseline 0.004 -20"><span class='ocrx_word' id='word_1_718' title='bbox 1914 3300 2023 3354; x_wconf 86' lang='lat' dir='ltr'><strong>Lll.</strong></span> <span class='ocrx_word' id='word_1_719' title='bbox 2044 3299 2145 3373; x_wconf 84' lang='grc'><strong>[11).</strong></span> <span class='ocrx_word' id='word_1_720' title='bbox 2184 3317 2294 3367; x_wconf 81' lang='lat' dir='ltr'><strong>xw,</strong></span> <span class='ocrx_word' id='word_1_721' title='bbox 2330 3299 2441 3372; x_wconf 83' lang='lat' dir='ltr'><strong>l5.]</strong></span> <span class='ocrx_word' id='word_1_722' title='bbox 2472 3301 2606 3367; x_wconf 88' lang='lat' dir='ltr'><strong>Quid</strong></span> <span class='ocrx_word' id='word_1_723' title='bbox 2634 3309 2717 3354; x_wconf 91' lang='lat' dir='ltr'><strong>est</strong></span> <span class='ocrx_word' id='word_1_724' title='bbox 2741 3300 2880 3370; x_wconf 86' lang='lat' dir='ltr'><strong>quod</strong></span> <span class='ocrx_word' id='word_1_725' title='bbox 2911 3301 3042 3355; x_wconf 76' lang='lat' dir='ltr'><strong>dixit</strong></span> <span class='ocrx_word' id='word_1_726' title='bbox 3079 3303 3330 3358; x_wconf 90' lang='lat' dir='ltr'><strong>Dominus</strong></span> <span class='ocrx_word' id='word_1_727' title='bbox 3360 3305 3427 3360; x_wconf 89' lang='lat' dir='ltr'><strong>ad</strong></span> 
     </span>
    </p>
   </div>
   <div class='ocr_carea' id='block_1_95' title="bbox 1847 3391 3427 3464">
    <p class='ocr_par' dir='ltr' id='par_1_95' title="bbox 1847 3391 3427 3464">
     <span class='ocr_line' id='line_1_95' title="bbox 1847 3391 3427 3464; baseline 0.005 -19"><span class='ocrx_word' id='word_1_728' title='bbox 1847 3392 2061 3464; x_wconf 80' lang='lat' dir='ltr'><strong>Moysen</strong></span> <span class='ocrx_word' id='word_1_729' title='bbox 2088 3434 2101 3457; x_wconf 92' lang='lat'><strong>,</strong></span> <span class='ocrx_word' id='word_1_730' title='bbox 2143 3391 2277 3456; x_wconf 84' lang='lat' dir='ltr'><strong>Quid</strong></span> <span class='ocrx_word' id='word_1_731' title='bbox 2313 3401 2365 3444; x_wconf 86' lang='lat' dir='ltr'><strong>tu</strong></span> <span class='ocrx_word' id='word_1_732' title='bbox 2405 3391 2595 3445; x_wconf 83' lang='lat' dir='ltr'><strong>clamas</strong></span> <span class='ocrx_word' id='word_1_733' title='bbox 2627 3391 2694 3444; x_wconf 85' lang='lat' dir='ltr'><strong>ad</strong></span> <span class='ocrx_word' id='word_1_734' title='bbox 2719 3393 2839 3445; x_wconf 85' lang='lat' dir='ltr'><strong>me?</strong></span> <span class='ocrx_word' id='word_1_735' title='bbox 2876 3408 2994 3445; x_wconf 88' lang='lat' dir='ltr'><strong>cum</strong></span> <span class='ocrx_word' id='word_1_736' title='bbox 3021 3393 3288 3462; x_wconf 83' lang='lat' dir='ltr'><strong>Scriptura</strong></span> <span class='ocrx_word' id='word_1_737' title='bbox 3321 3412 3427 3452; x_wconf 88' lang='lat' dir='ltr'><strong>non</strong></span> 
     </span>
    </p>
   </div>
   <div class='ocr_carea' id='block_1_96' title="bbox 1848 3483 3428 3554">
    <p class='ocr_par' dir='ltr' id='par_1_96' title="bbox 1848 3483 3428 3554">
     <span class='ocr_line' id='line_1_96' title="bbox 1848 3483 3428 3554; baseline 0.005 -17"><span class='ocrx_word' id='word_1_738' title='bbox 1848 3483 2040 3538; x_wconf 79' lang='lat' dir='ltr'><strong>dixerit</strong></span> <span class='ocrx_word' id='word_1_739' title='bbox 2077 3483 2271 3553; x_wconf 85' lang='lat' dir='ltr'><strong>aliquid</strong></span> <span class='ocrx_word' id='word_1_740' title='bbox 2311 3483 2573 3554; x_wconf 73' lang='lat' dir='ltr'><strong>de‘Moysi</strong></span> <span class='ocrx_word' id='word_1_741' title='bbox 2604 3484 2854 3548; x_wconf 86' lang='lat' dir='ltr'><strong>vocibus,</strong></span> <span class='ocrx_word' id='word_1_742' title='bbox 2902 3500 2998 3538; x_wconf 91' lang='lat' dir='ltr'><strong>nec</strong></span> <span class='ocrx_word' id='word_1_743' title='bbox 3037 3501 3156 3540; x_wconf 89' lang='lat' dir='ltr'><strong>eum</strong></span> <span class='ocrx_word' id='word_1_744' title='bbox 3187 3499 3428 3544; x_wconf 88' lang='lat' dir='ltr'><strong>orantem</strong></span> 
     </span>
    </p>
   </div>
   <div class='ocr_carea' id='block_1_97' title="bbox 1849 3573 3427 3644">
    <p class='ocr_par' dir='ltr' id='par_1_97' title="bbox 1849 3573 3427 3644">
     <span class='ocr_line' id='line_1_97' title="bbox 1849 3573 3427 3644; baseline 0.004 -16"><span class='ocrx_word' id='word_1_745' title='bbox 1849 3573 2378 3637; x_wconf 85' lang='lat' dir='ltr'><strong>commemoraverit;</strong></span> <span class='ocrx_word' id='word_1_746' title='bbox 2427 3575 2525 3626; x_wconf 86' lang='lat' dir='ltr'><strong>nisi</strong></span> <span class='ocrx_word' id='word_1_747' title='bbox 2555 3575 2676 3642; x_wconf 91' lang='lat' dir='ltr'><strong>quia</strong></span> <span class='ocrx_word' id='word_1_748' title='bbox 2707 3574 2926 3644; x_wconf 87' lang='lat' dir='ltr'><strong>intelligi</strong></span> <span class='ocrx_word' id='word_1_749' title='bbox 2966 3576 3148 3640; x_wconf 90' lang='lat' dir='ltr'><strong>voluit,</strong></span> <span class='ocrx_word' id='word_1_750' title='bbox 3180 3579 3278 3634; x_wconf 92' lang='lat' dir='ltr'><strong>hoc</strong></span> <span class='ocrx_word' id='word_1_751' title='bbox 3307 3597 3427 3635; x_wconf 88' lang='lat' dir='ltr'><strong>eum</strong></span> 
     </span>
    </p>
   </div>
   <div class='ocr_carea' id='block_1_98' title="bbox 1850 3664 3009 3735">
    <p class='ocr_par' dir='ltr' id='par_1_98' title="bbox 1850 3664 3009 3735">
     <span class='ocr_line' id='line_1_98' title="bbox 1850 3664 3009 3735; baseline 0.002 -16"><span class='ocrx_word' id='word_1_752' title='bbox 1850 3665 2021 3735; x_wconf 73' lang='lat' dir='ltr'><strong>egis=e</strong></span> <span class='ocrx_word' id='word_1_753' title='bbox 2049 3665 2189 3718; x_wconf 83' lang='lat' dir='ltr'><strong>vocis</strong></span> <span class='ocrx_word' id='word_1_754' title='bbox 2215 3665 2441 3727; x_wconf 88' lang='lat' dir='ltr'><strong>silentio,</strong></span> <span class='ocrx_word' id='word_1_755' title='bbox 2476 3673 2532 3718; x_wconf 90' lang='lat' dir='ltr'><strong>ut</strong></span> <span class='ocrx_word' id='word_1_756' title='bbox 2550 3664 2709 3718; x_wconf 88' lang='lat' dir='ltr'><strong>corde</strong></span> <span class='ocrx_word' id='word_1_757' title='bbox 2736 3664 3009 3721; x_wconf 88' lang='lat' dir='ltr'><strong>clamaret.</strong></span> 
     </span>
    </p>
   </div>
   <div class='ocr_carea' id='block_1_99' title="bbox 1923 3754 3424 3829">
    <p class='ocr_par' dir='ltr' id='par_1_99' title="bbox 1923 3754 3424 3829">
     <span class='ocr_line' id='line_1_99' title="bbox 1923 3754 3424 3829; baseline 0.004 -17"><span class='ocrx_word' id='word_1_758' title='bbox 1923 3757 2048 3812; x_wconf 82' lang='lat' dir='ltr'><strong>Llll.</strong></span> <span class='ocrx_word' id='word_1_759' title='bbox 2077 3755 2174 3828; x_wconf 83' lang='grc'><strong>[11).</strong></span> <span class='ocrx_word' id='word_1_760' title='bbox 2207 3771 2312 3819; x_wconf 77' lang='lat' dir='ltr'><strong>xw,</strong></span> <span class='ocrx_word' id='word_1_761' title='bbox 2361 3754 2471 3827; x_wconf 74' lang='lat'><strong>16].</strong></span> <span class='ocrx_word' id='word_1_762' title='bbox 2521 3756 2586 3808; x_wconf 85' lang='lat' dir='ltr'><strong>Et</strong></span> <span class='ocrx_word' id='word_1_763' title='bbox 2605 3765 2657 3810; x_wconf 87' lang='lat' dir='ltr'><strong>tu</strong></span> <span class='ocrx_word' id='word_1_764' title='bbox 2681 3757 2818 3811; x_wconf 81' lang='lat' dir='ltr'><strong>elet&#39;a</strong></span> <span class='ocrx_word' id='word_1_765' title='bbox 2844 3759 3034 3829; x_wconf 83' lang='lat' dir='ltr'><strong>virgam</strong></span> <span class='ocrx_word' id='word_1_766' title='bbox 3059 3769 3216 3828; x_wconf 87' lang='lat' dir='ltr'><strong>tuam,</strong></span> <span class='ocrx_word' id='word_1_767' title='bbox 3256 3772 3301 3816; x_wconf 86' lang='lat' dir='ltr'><strong>et</strong></span> <span class='ocrx_word' id='word_1_768' title='bbox 3335 3781 3424 3818; x_wconf 56' lang='lat' dir='ltr'><strong>ex-</strong></span> 
     </span>
    </p>
   </div>
   <div class='ocr_carea' id='block_1_100' title="bbox 1853 3848 3431 3924">
    <p class='ocr_par' dir='ltr' id='par_1_100' title="bbox 1853 3848 3431 3924">
     <span class='ocr_line' id='line_1_100' title="bbox 1853 3848 3431 3924; baseline 0.004 -22"><span class='ocrx_word' id='word_1_769' title='bbox 1853 3849 1999 3903; x_wconf 84' lang='lat' dir='ltr'><strong>tende</strong></span> <span class='ocrx_word' id='word_1_770' title='bbox 2032 3863 2234 3900; x_wconf 81' lang='lat' dir='ltr'><strong>manant</strong></span> <span class='ocrx_word' id='word_1_771' title='bbox 2263 3857 2399 3899; x_wconf 81' lang='lat' dir='ltr'><strong>luant</strong></span> <span class='ocrx_word' id='word_1_772' title='bbox 2427 3863 2576 3918; x_wconf 84' lang='lat' dir='ltr'><strong>super</strong></span> <span class='ocrx_word' id='word_1_773' title='bbox 2604 3864 2758 3901; x_wconf 88' lang='lat' dir='ltr'><strong>mare.</strong></span> <span class='ocrx_word' id='word_1_774' title='bbox 2783 3848 2907 3903; x_wconf 70' lang='lat' dir='ltr'><strong>Hatc</strong></span> <span class='ocrx_word' id='word_1_775' title='bbox 2947 3858 3026 3904; x_wconf 84' lang='lat' dir='ltr'><strong>est</strong></span> <span class='ocrx_word' id='word_1_776' title='bbox 3051 3851 3137 3905; x_wconf 89' lang='lat' dir='ltr'><strong>illa</strong></span> <span class='ocrx_word' id='word_1_777' title='bbox 3168 3854 3310 3924; x_wconf 80' lang='lat' dir='ltr'><strong>virga</strong></span> <span class='ocrx_word' id='word_1_778' title='bbox 3334 3897 3346 3920; x_wconf 94' lang='lat'><strong>,</strong></span> <span class='ocrx_word' id='word_1_779' title='bbox 3379 3855 3431 3910; x_wconf 90' lang='lat' dir='ltr'><strong>in</strong></span> 
     </span>
    </p>
   </div>
   <div class='ocr_carea' id='block_1_101' title="bbox 1853 3938 3428 4019">
    <p class='ocr_par' dir='ltr' id='par_1_101' title="bbox 1853 3938 3428 4019">
     <span class='ocr_line' id='line_1_101' title="bbox 1853 3938 3428 4019; baseline 0.005 -25"><span class='ocrx_word' id='word_1_780' title='bbox 1853 3957 1954 4012; x_wconf 91' lang='lat' dir='ltr'><strong>qua</strong></span> <span class='ocrx_word' id='word_1_781' title='bbox 1980 3939 2175 3995; x_wconf 78' lang='lat' dir='ltr'><strong>ﬁebant</strong></span> <span class='ocrx_word' id='word_1_782' title='bbox 2205 3938 2486 4005; x_wconf 84' lang='lat' dir='ltr'><strong>mirabilia,</strong></span> <span class='ocrx_word' id='word_1_783' title='bbox 2519 3955 2638 4008; x_wconf 73' lang='lat' dir='ltr'><strong>quze</strong></span> <span class='ocrx_word' id='word_1_784' title='bbox 2666 3939 2823 3994; x_wconf 91' lang='lat' dir='ltr'><strong>modo</strong></span> <span class='ocrx_word' id='word_1_785' title='bbox 2851 3941 3043 3997; x_wconf 86' lang='lat' dir='ltr'><strong>dicitur</strong></span> <span class='ocrx_word' id='word_1_786' title='bbox 3069 3959 3186 3999; x_wconf 87' lang='lat' dir='ltr'><strong>esse</strong></span> <span class='ocrx_word' id='word_1_787' title='bbox 3224 3945 3388 4019; x_wconf 79' lang='lat' dir='ltr'><strong>Moysi</strong></span> <span class='ocrx_word' id='word_1_788' title='bbox 3416 3965 3428 4002; x_wconf 91' lang='lat'>:</span> 
     </span>
    </p>
   </div>
   <div class='ocr_carea' id='block_1_102' title="bbox 1851 4029 3433 4107">
    <p class='ocr_par' dir='ltr' id='par_1_102' title="bbox 1851 4029 3433 4107">
     <span class='ocr_line' id='line_1_102' title="bbox 1851 4029 3433 4107; baseline 0.004 -21"><span class='ocrx_word' id='word_1_789' title='bbox 1851 4041 1980 4088; x_wconf 82' lang='lat' dir='ltr'><strong>tunc</strong></span> <span class='ocrx_word' id='word_1_790' title='bbox 2003 4041 2178 4086; x_wconf 89' lang='lat' dir='ltr'><strong>autem</strong></span> <span class='ocrx_word' id='word_1_791' title='bbox 2229 4029 2406 4084; x_wconf 74' lang='lat' dir='ltr'><strong>fratris</strong></span> <span class='ocrx_word' id='word_1_792' title='bbox 2443 4029 2559 4098; x_wconf 79' lang='lat' dir='ltr'><strong>ejus</strong></span> <span class='ocrx_word' id='word_1_793' title='bbox 2599 4029 2760 4086; x_wconf 81' lang='lat' dir='ltr'><strong>fuisse</strong></span> <span class='ocrx_word' id='word_1_794' title='bbox 2788 4031 3076 4099; x_wconf 88' lang='lat' dir='ltr'><strong>dicebatur,</strong></span> <span class='ocrx_word' id='word_1_795' title='bbox 3103 4037 3311 4105; x_wconf 90' lang='lat' dir='ltr'><strong>quando</strong></span> <span class='ocrx_word' id='word_1_796' title='bbox 3340 4054 3433 4107; x_wconf 86' lang='lat' dir='ltr'><strong>per</strong></span> 
     </span>
    </p>
   </div>
   <div class='ocr_carea' id='block_1_103' title="bbox 1855 4121 2504 4192">
    <p class='ocr_par' dir='ltr' id='par_1_103' title="bbox 1855 4121 2504 4192">
     <span class='ocr_line' id='line_1_103' title="bbox 1855 4121 2504 4192; baseline -0.008 -13"><span class='ocrx_word' id='word_1_797' title='bbox 1855 4125 1998 4179; x_wconf 90' lang='lat' dir='ltr'><strong>illam</strong></span> <span class='ocrx_word' id='word_1_798' title='bbox 2027 4123 2139 4192; x_wconf 86' lang='lat' dir='ltr'><strong>ipse</strong></span> <span class='ocrx_word' id='word_1_799' title='bbox 2166 4121 2504 4190; x_wconf 83' lang='lat' dir='ltr'><strong>operabatur.</strong></span> 
     </span>
    </p>
   </div>
   <div class='ocr_carea' id='block_1_104' title="bbox 1925 4211 3433 4288">
    <p class='ocr_par' dir='ltr' id='par_1_104' title="bbox 1925 4211 3433 4288">
     <span class='ocr_line' id='line_1_104' title="bbox 1925 4211 3433 4288; baseline 0.001 -17"><span class='ocrx_word' id='word_1_800' title='bbox 1925 4215 2053 4271; x_wconf 75' lang='lat' dir='ltr'><strong>L‘IV.</strong></span> <span class='ocrx_word' id='word_1_801' title='bbox 2073 4213 2162 4288; x_wconf 68' lang='lat' dir='ltr'><strong>fln</strong></span> <span class='ocrx_word' id='word_1_802' title='bbox 2192 4231 2279 4277; x_wconf 77' lang='lat' dir='ltr'><strong>xv,</strong></span> <span class='ocrx_word' id='word_1_803' title='bbox 2313 4211 2424 4284; x_wconf 62' lang='lat'><strong>+2.]</strong></span> <span class='ocrx_word' id='word_1_804' title='bbox 2459 4211 2742 4268; x_wconf 73' lang='lat' dir='ltr'><strong>Extendistt&#39;</strong></span> <span class='ocrx_word' id='word_1_805' title='bbox 2769 4216 3022 4268; x_wconf 70' lang='lat' dir='ltr'><strong>dexteram</strong></span> <span class='ocrx_word' id='word_1_806' title='bbox 3047 4217 3245 4282; x_wconf 68' lang='lat' dir='ltr'><strong>tuam‘,</strong></span> <span class='ocrx_word' id='word_1_807' title='bbox 3268 4228 3433 4273; x_wconf 79' lang='lat' dir='ltr'><strong>trans-</strong></span> 
     </span>
    </p>
   </div>
   <div class='ocr_carea' id='block_1_105' title="bbox 1857 4304 3435 4373">
    <p class='ocr_par' dir='ltr' id='par_1_105' title="bbox 1857 4304 3435 4373">
     <span class='ocr_line' id='line_1_105' title="bbox 1857 4304 3435 4373; baseline 0.003 -12"><span class='ocrx_word' id='word_1_808' title='bbox 1857 4308 2046 4362; x_wconf 75' lang='lat' dir='ltr'><strong>voravit</strong></span> <span class='ocrx_word' id='word_1_809' title='bbox 2096 4321 2180 4359; x_wconf 86' lang='lat' dir='ltr'><strong>eos</strong></span> <span class='ocrx_word' id='word_1_810' title='bbox 2220 4313 2369 4358; x_wconf 80' lang='lat' dir='ltr'><strong>term.</strong></span> <span class='ocrx_word' id='word_1_811' title='bbox 2403 4304 2620 4358; x_wconf 64' lang='lat' dir='ltr'><strong>Terram</strong></span> <span class='ocrx_word' id='word_1_812' title='bbox 2664 4320 2756 4373; x_wconf 89' lang='lat' dir='ltr'><strong>pro</strong></span> <span class='ocrx_word' id='word_1_813' title='bbox 2794 4321 2925 4373; x_wconf 87' lang='lat' dir='ltr'><strong>aqua</strong></span> <span class='ocrx_word' id='word_1_814' title='bbox 2976 4321 3078 4359; x_wconf 89' lang='lat' dir='ltr'><strong>non</strong></span> <span class='ocrx_word' id='word_1_815' title='bbox 3120 4307 3308 4361; x_wconf 88' lang='lat' dir='ltr'><strong>mirum</strong></span> <span class='ocrx_word' id='word_1_816' title='bbox 3355 4320 3435 4365; x_wconf 84' lang='lat' dir='ltr'><strong>est</strong></span> 
     </span>
    </p>
   </div>
   <div class='ocr_carea' id='block_1_106' title="bbox 1849 4395 3433 4468">
    <p class='ocr_par' dir='ltr' id='par_1_106' title="bbox 1849 4395 3433 4468">
     <span class='ocr_line' id='line_1_106' title="bbox 1849 4395 3433 4468; baseline 0 -16"><span class='ocrx_word' id='word_1_817' title='bbox 1849 4399 2100 4468; x_wconf 86' lang='lat' dir='ltr'><strong>positam.</strong></span> <span class='ocrx_word' id='word_1_818' title='bbox 2147 4395 2277 4450; x_wconf 66' lang='lat' dir='ltr'><strong>Tota</strong></span> <span class='ocrx_word' id='word_1_819' title='bbox 2326 4395 2519 4464; x_wconf 86' lang='lat' dir='ltr'><strong>quippe</strong></span> <span class='ocrx_word' id='word_1_820' title='bbox 2554 4409 2685 4462; x_wconf 78' lang='lat' dir='ltr'><strong>pars</strong></span> <span class='ocrx_word' id='word_1_821' title='bbox 2713 4395 2822 4447; x_wconf 82' lang='lat' dir='ltr'><strong>ista</strong></span> <span class='ocrx_word' id='word_1_822' title='bbox 2865 4405 3100 4450; x_wconf 74' lang='lat' dir='ltr'><strong>extrema</strong></span> <span class='ocrx_word' id='word_1_823' title='bbox 3130 4397 3210 4450; x_wconf 86' lang='lat' dir='ltr'><strong>vel</strong></span> <span class='ocrx_word' id='word_1_824' title='bbox 3255 4398 3433 4452; x_wconf 86' lang='lat' dir='ltr'><strong>intima</strong></span> 
     </span>
    </p>
   </div>
   <div class='ocr_carea' id='block_1_107' title="bbox 1858 4486 3436 4557">
    <p class='ocr_par' dir='ltr' id='par_1_107' title="bbox 1858 4486 3436 4557">
     <span class='ocr_line' id='line_1_107' title="bbox 1858 4486 3436 4557; baseline 0 -14"><span class='ocrx_word' id='word_1_825' title='bbox 1858 4487 2064 4553; x_wconf 91' lang='lat' dir='ltr'><strong>mundi,</strong></span> <span class='ocrx_word' id='word_1_826' title='bbox 2094 4495 2248 4540; x_wconf 80' lang='lat' dir='ltr'><strong>terrae</strong></span> <span class='ocrx_word' id='word_1_827' title='bbox 2294 4487 2508 4539; x_wconf 88' lang='lat' dir='ltr'><strong>nomine</strong></span> <span class='ocrx_word' id='word_1_828' title='bbox 2545 4493 2823 4550; x_wconf 78' lang='lat' dir='ltr'><strong>cettsetur;</strong></span> <span class='ocrx_word' id='word_1_829' title='bbox 2865 4486 3156 4542; x_wconf 83' lang='lat' dir='ltr'><strong>secundum</strong></span> <span class='ocrx_word' id='word_1_830' title='bbox 3199 4488 3248 4542; x_wconf 88' lang='lat' dir='ltr'><strong>id</strong></span> <span class='ocrx_word' id='word_1_831' title='bbox 3295 4489 3436 4557; x_wconf 85' lang='lat' dir='ltr'><strong>quod</strong></span> 
     </span>
    </p>
   </div>
   <div class='ocr_carea' id='block_1_108' title="bbox 1857 4574 3439 4649">
    <p class='ocr_par' dir='ltr' id='par_1_108' title="bbox 1857 4574 3439 4649">
     <span class='ocr_line' id='line_1_108' title="bbox 1857 4574 3439 4649; baseline 0.001 -16"><span class='ocrx_word' id='word_1_832' title='bbox 1857 4594 2000 4649; x_wconf 67' lang='lat' dir='ltr'><strong>serpe</strong></span> <span class='ocrx_word' id='word_1_833' title='bbox 2023 4575 2235 4642; x_wconf 82' lang='lat' dir='ltr'><strong>dicitur,</strong></span> <span class='ocrx_word' id='word_1_834' title='bbox 2256 4574 2668 4644; x_wconf 59' lang='lat' dir='ltr'><strong>|Deus-quiLlYee-it</strong></span> <span class='ocrx_word' id='word_1_835' title='bbox 2687 4577 2894 4632; x_wconf 47' lang='lat' dir='ltr'><strong>.emlum</strong></span> <span class='ocrx_word' id='word_1_836' title='bbox 2940 4586 2992 4632; x_wconf 85' lang='lat' dir='ltr'><strong>et</strong></span> <span class='ocrx_word' id='word_1_837' title='bbox 3017 4587 3213 4638; x_wconf 76' lang='lat' dir='ltr'><strong>te-rrtun</strong></span> <span class='ocrx_word' id='word_1_838' title='bbox 3239 4597 3258 4631; x_wconf 82' lang='lat'><em>:</em></span> <span class='ocrx_word' id='word_1_839' title='bbox 3289 4587 3343 4634; x_wconf 85' lang='lat' dir='ltr'><strong>et</strong></span> <span class='ocrx_word' id='word_1_840' title='bbox 3378 4583 3439 4634; x_wconf 82' lang='lat' dir='ltr'><strong>il-</strong></span> 
     </span>
    </p>
   </div>
   <div class='ocr_carea' id='block_1_109' title="bbox 1861 4667 3435 4741">
    <p class='ocr_par' dir='ltr' id='par_1_109' title="bbox 1861 4667 3435 4741">
     <span class='ocr_line' id='line_1_109' title="bbox 1861 4667 3435 4741; baseline -0.001 -15"><span class='ocrx_word' id='word_1_841' title='bbox 1861 4672 1962 4726; x_wconf 86' lang='lat' dir='ltr'><strong>lius</strong></span> <span class='ocrx_word' id='word_1_842' title='bbox 1985 4669 2182 4741; x_wconf 83' lang='lat' dir='ltr'><strong>psalmi</strong></span> <span class='ocrx_word' id='word_1_843' title='bbox 2212 4667 2593 4722; x_wconf 81' lang='lat' dir='ltr'><strong>distributione</strong></span> <span class='ocrx_word' id='word_1_844' title='bbox 2623 4670 3435 4738; x_wconf 34' lang='lat' dir='ltr'><strong>.connnemoeatis.etelestlhns‘,</strong></span> 
     </span>
    </p>
   </div>
   <div class='ocr_carea' id='block_1_110' title="bbox 1858 4759 3441 4833">
    <p class='ocr_par' dir='ltr' id='par_1_110' title="bbox 1858 4759 3441 4833">
     <span class='ocr_line' id='line_1_110' title="bbox 1858 4759 3441 4833; baseline 0.001 -15"><span class='ocrx_word' id='word_1_845' title='bbox 1858 4763 2105 4828; x_wconf 75' lang='lat' dir='ltr'><strong>Laudate,</strong></span> <span class='ocrx_word' id='word_1_846' title='bbox 2129 4760 2328 4831; x_wconf 66' lang='lat' dir='ltr'><strong>:inquit,</strong></span> <span class='ocrx_word' id='word_1_847' title='bbox 2361 4759 2638 4814; x_wconf 78' lang='lat' dir='ltr'><strong>Dominum</strong></span> <span class='ocrx_word' id='word_1_848' title='bbox 2659 4760 2731 4814; x_wconf 34' lang='lat' dir='ltr'><strong>tde</strong></span> <span class='ocrx_word' id='word_1_849' title='bbox 2773 4771 2944 4827; x_wconf 74' lang='lat' dir='ltr'><strong>terra;</strong></span> <span class='ocrx_word' id='word_1_850' title='bbox 2971 4771 3023 4816; x_wconf 86' lang='lat' dir='ltr'><strong>et</strong></span> <span class='ocrx_word' id='word_1_851' title='bbox 3045 4779 3106 4817; x_wconf 85' lang='lat' dir='ltr'><strong>ea</strong></span> <span class='ocrx_word' id='word_1_852' title='bbox 3133 4765 3441 4833; x_wconf 74' lang='lat' dir='ltr'><strong>assequitur</strong></span> 
     </span>
    </p>
   </div>
   <div class='ocr_carea' id='block_1_111' title="bbox 1859 4852 3434 4928">
    <p class='ocr_par' dir='ltr' id='par_1_111' title="bbox 1859 4852 3434 4928">
     <span class='ocr_line' id='line_1_111' title="bbox 1859 4852 3434 4928; baseline -0.003 -18"><span class='ocrx_word' id='word_1_853' title='bbox 1859 4857 1912 4911; x_wconf 88' lang='lat' dir='ltr'><strong>in</strong></span> <span class='ocrx_word' id='word_1_854' title='bbox 1959 4853 2144 4918; x_wconf 86' lang='lat' dir='ltr'><strong>laude,</strong></span> <span class='ocrx_word' id='word_1_855' title='bbox 2195 4869 2312 4924; x_wconf 76' lang='lat' dir='ltr'><strong>qua:</strong></span> <span class='ocrx_word' id='word_1_856' title='bbox 2337 4853 2505 4906; x_wconf 81' lang='lat' dir='ltr'><strong>etiam</strong></span> <span class='ocrx_word' id='word_1_857' title='bbox 2547 4852 2615 4907; x_wconf 82' lang='lat' dir='ltr'><strong>ad</strong></span> <span class='ocrx_word' id='word_1_858' title='bbox 2667 4867 2836 4924; x_wconf 83' lang='lat' dir='ltr'><strong>aquas</strong></span> <span class='ocrx_word' id='word_1_859' title='bbox 2889 4857 3190 4924; x_wconf 75' lang='lat' dir='ltr'><strong>pertineant</strong></span> <span class='ocrx_word' id='word_1_860' title='bbox 3227 4854 3260 4928; x_wconf 83' lang='grc'><strong>-(</strong></span> <span class='ocrx_word' id='word_1_861' title='bbox 3291 4855 3434 4910; x_wconf 68' lang='lat' dir='ltr'><strong>Psat.</strong></span> 
     </span>
    </p>
   </div>
   <div class='ocr_carea' id='block_1_112' title="bbox 1841 4946 2183 5021">
    <p class='ocr_par' dir='ltr' id='par_1_112' title="bbox 1841 4946 2183 5021">
     <span class='ocr_line' id='line_1_112' title="bbox 1841 4946 2183 5021; baseline -0.018 -15"><span class='ocrx_word' id='word_1_862' title='bbox 1841 4965 2077 5016; x_wconf 78' lang='lat' dir='ltr'><strong>-.-c-xtmtt,</strong></span> <span class='ocrx_word' id='word_1_863' title='bbox 2107 4946 2183 5021; x_wconf 55' lang='grc' dir='ltr'><strong>ψ).</strong></span> 
     </span>
    </p>
   </div>
   <div class='ocr_carea' id='block_1_113' title="bbox 1931 5037 3440 5112">
    <p class='ocr_par' dir='ltr' id='par_1_113' title="bbox 1931 5037 3440 5112">
     <span class='ocr_line' id='line_1_113' title="bbox 1931 5037 3440 5112; baseline -0.001 -16"><span class='ocrx_word' id='word_1_864' title='bbox 1931 5041 2038 5096; x_wconf 84' lang='lat' dir='ltr'><strong>LV.</strong></span> <span class='ocrx_word' id='word_1_865' title='bbox 2055 5039 2252 5112; x_wconf 75' lang='lat' dir='ltr'><strong>[lb.xv,</strong></span> <span class='ocrx_word' id='word_1_866' title='bbox 2269 5039 2356 5105; x_wconf 82' lang='grc'><strong>10,</strong></span> <span class='ocrx_word' id='word_1_867' title='bbox 2369 5037 2446 5111; x_wconf 90' lang='grc'><strong>8.]</strong></span> <span class='ocrx_word' id='word_1_868' title='bbox 2464 5037 2652 5092; x_wconf 80' lang='lat' dir='ltr'><strong>Misisti</strong></span> <span class='ocrx_word' id='word_1_869' title='bbox 2669 5038 2921 5109; x_wconf 84' lang='lat' dir='ltr'><strong>Spiritum</strong></span> <span class='ocrx_word' id='word_1_870' title='bbox 2941 5050 3099 5105; x_wconf 88' lang='lat' dir='ltr'><strong>tuum,</strong></span> <span class='ocrx_word' id='word_1_871' title='bbox 3124 5050 3168 5093; x_wconf 82' lang='lat' dir='ltr'><strong>et</strong></span> <span class='ocrx_word' id='word_1_872' title='bbox 3185 5052 3440 5109; x_wconf 73' lang='lat' dir='ltr'><strong>cooperuit</strong></span> 
     </span>
    </p>
   </div>
   <div class='ocr_carea' id='block_1_114' title="bbox 1860 5128 3440 5200">
    <p class='ocr_par' dir='ltr' id='par_1_114' title="bbox 1860 5128 3440 5200">
     <span class='ocr_line' id='line_1_114' title="bbox 1860 5128 3440 5200; baseline 0 -15"><span class='ocrx_word' id='word_1_873' title='bbox 1860 5147 1942 5185; x_wconf 85' lang='lat' dir='ltr'><strong>eos</strong></span> <span class='ocrx_word' id='word_1_874' title='bbox 1970 5146 2124 5184; x_wconf 84' lang='lat' dir='ltr'><strong>mare.</strong></span> <span class='ocrx_word' id='word_1_875' title='bbox 2169 5128 2308 5188; x_wconf 75' lang='lat' dir='ltr'><strong>Ecce</strong></span> <span class='ocrx_word' id='word_1_876' title='bbox 2331 5130 2438 5198; x_wconf 83' lang='lat' dir='ltr'><strong>jam</strong></span> <span class='ocrx_word' id='word_1_877' title='bbox 2487 5130 2673 5199; x_wconf 87' lang='lat' dir='ltr'><strong>quinto</strong></span> <span class='ocrx_word' id='word_1_878' title='bbox 2718 5142 3167 5190; x_wconf 75' lang='lat' dir='ltr'><strong>continet-Iteratur</strong></span> <span class='ocrx_word' id='word_1_879' title='bbox 3213 5131 3440 5200; x_wconf 81' lang='lat' dir='ltr'><strong>Spiritus</strong></span> 
     </span>
    </p>
   </div>
   <div class='ocr_carea' id='block_1_115' title="bbox 1861 5204 3435 5292">
    <p class='ocr_par' dir='ltr' id='par_1_115' title="bbox 1861 5204 3435 5292">
     <span class='ocr_line' id='line_1_115' title="bbox 1861 5204 3435 5292; baseline 0.003 -16"><span class='ocrx_word' id='word_1_880' title='bbox 1861 5223 1974 5288; x_wconf 87' lang='lat' dir='ltr'><strong>Dei,</strong></span> <span class='ocrx_word' id='word_1_881' title='bbox 2005 5231 2060 5276; x_wconf 93' lang='lat' dir='ltr'><strong>ut</strong></span> <span class='ocrx_word' id='word_1_882' title='bbox 2081 5221 2131 5276; x_wconf 92' lang='lat' dir='ltr'><strong>in</strong></span> <span class='ocrx_word' id='word_1_883' title='bbox 2155 5220 2252 5274; x_wconf 89' lang='lat' dir='ltr'><strong>hoc</strong></span> <span class='ocrx_word' id='word_1_884' title='bbox 2281 5237 2498 5276; x_wconf 88' lang='lat' dir='ltr'><strong>numero</strong></span> <span class='ocrx_word' id='word_1_885' title='bbox 2524 5222 2848 5290; x_wconf 86' lang='lat' dir='ltr'><strong>accipiamus</strong></span> <span class='ocrx_word' id='word_1_886' title='bbox 2870 5231 2920 5275; x_wconf 91' lang='lat' dir='ltr'><strong>et</strong></span> <span class='ocrx_word' id='word_1_887' title='bbox 2945 5222 3083 5292; x_wconf 88' lang='lat' dir='ltr'><strong>quod</strong></span> <span class='ocrx_word' id='word_1_888' title='bbox 3111 5223 3305 5278; x_wconf 86' lang='lat' dir='ltr'><strong>dictum</strong></span> <span class='ocrx_word' id='word_1_889' title='bbox 3334 5204 3435 5292; x_wconf 79' lang='lat' dir='ltr'><strong>est.</strong></span> 
     </span>
    </p>
   </div>
   <div class='ocr_carea' id='block_1_116' title="bbox 1926 5350 3440 5464">
    <p class='ocr_par' dir='ltr' id='par_1_116' title="bbox 1926 5350 3440 5464">
     <span class='ocr_line' id='line_1_116' title="bbox 1926 5350 3440 5464; baseline 0 -59"><span class='ocrx_word' id='word_1_890' title='bbox 1926 5357 1942 5392; x_wconf 76' lang='grc' dir='ltr'><strong>ι</strong></span> <span class='ocrx_word' id='word_1_891' title='bbox 1963 5362 2097 5416; x_wconf 51' lang='lat' dir='ltr'><strong>tam,</strong></span> <span class='ocrx_word' id='word_1_892' title='bbox 2111 5351 2412 5464; x_wconf 45' lang='lat' dir='ltr'><strong>possidebat:</strong></span> <span class='ocrx_word' id='word_1_893' title='bbox 2434 5351 2642 5415; x_wconf 74' lang='lat' dir='ltr'><strong>cmsiliq,</strong></span> <span class='ocrx_word' id='word_1_894' title='bbox 2663 5350 3002 5424; x_wconf 51' lang='grc' dir='ltr'><strong>(ῖιιιιτιςοηδὶιὶοξ</strong></span> <span class='ocrx_word' id='word_1_895' title='bbox 3018 5361 3111 5424; x_wconf 74' lang='lat' dir='ltr'><strong>etc.</strong></span> <span class='ocrx_word' id='word_1_896' title='bbox 3131 5355 3243 5408; x_wconf 69' lang='lat' dir='ltr'><strong>Alite</strong></span> <span class='ocrx_word' id='word_1_897' title='bbox 3267 5356 3440 5412; x_wconf 68' lang='grc' dir='ltr'>εάιιιυ-</span> 
     </span>
     <span class='ocr_line' id='line_1_117' title="bbox 1926 5409 3439 5464; baseline -0.001 0"><span class='ocrx_word' id='word_1_898' title='bbox 1926 5431 1953 5464; x_wconf 91' lang='lat' dir='ltr'><strong>s</strong></span> <span class='ocrx_word' id='word_1_899' title='bbox 1967 5424 2018 5464; x_wconf 87' lang='lat' dir='ltr'><strong>et</strong></span> <span class='ocrx_word' id='word_1_900' title='bbox 2037 5430 2117 5464; x_wconf 89' lang='lat' dir='ltr'><strong>me</strong></span> <span class='ocrx_word' id='word_1_901' title='bbox 2139 5415 2250 5464; x_wconf 87' lang='lat' dir='ltr'><strong>ieris</strong></span> <span class='ocrx_word' id='word_1_902' title='bbox 2263 5421 2388 5464; x_wconf 80' lang='lat' dir='ltr'><strong>nota:</strong></span> <span class='ocrx_word' id='word_1_903' title='bbox 2539 5428 2634 5463; x_wconf 91' lang='lat' dir='ltr'><strong>non</strong></span> <span class='ocrx_word' id='word_1_904' title='bbox 2657 5409 2855 5464; x_wconf 84' lang='lat' dir='ltr'><strong>habent.</strong></span> <span class='ocrx_word' id='word_1_905' title='bbox 2871 5415 3083 5464; x_wconf 72' lang='lat' dir='ltr'><strong>consilto.</strong></span> <span class='ocrx_word' id='word_1_906' title='bbox 3102 5417 3190 5464; x_wconf 86' lang='lat' dir='ltr'><strong>nisi</strong></span> <span class='ocrx_word' id='word_1_907' title='bbox 3214 5417 3439 5464; x_wconf 60' lang='grc' dir='ltr'>ιιιιιρςιρρ-</span> 
     </span>
    </p>
   </div>
   <div class='ocr_carea' id='block_1_117' title="bbox 1861 5409 3439 5479">
    <p class='ocr_par' dir='ltr' id='par_1_117' title="bbox 1861 5409 3439 5479">
     <span class='ocr_line' id='line_1_118' title="bbox 1861 5409 3439 5479; baseline 0.001 -11"><span class='ocrx_word' id='word_1_908' title='bbox 1861 5431 1953 5468; x_wconf 89' lang='lat' dir='ltr'><strong>nes</strong></span> <span class='ocrx_word' id='word_1_909' title='bbox 1967 5409 2018 5479; x_wconf 83' lang='lat' dir='ltr'><strong>et</strong></span> <span class='ocrx_word' id='word_1_910' title='bbox 2037 5409 2250 5466; x_wconf 77' lang='lat' dir='ltr'><strong>melioris</strong></span> <span class='ocrx_word' id='word_1_911' title='bbox 2263 5421 2388 5464; x_wconf 79' lang='lat' dir='ltr'><strong>nota:</strong></span> <span class='ocrx_word' id='word_1_912' title='bbox 2539 5409 2638 5463; x_wconf 76' lang='lat' dir='ltr'><strong>non</strong></span> <span class='ocrx_word' id='word_1_913' title='bbox 2657 5409 2855 5474; x_wconf 85' lang='lat' dir='ltr'><strong>liabcut,</strong></span> <span class='ocrx_word' id='word_1_914' title='bbox 2871 5409 3083 5476; x_wconf 81' lang='lat' dir='ltr'><strong>consilio,</strong></span> <span class='ocrx_word' id='word_1_915' title='bbox 3102 5417 3190 5467; x_wconf 88' lang='lat' dir='ltr'><strong>nisi</strong></span> <span class='ocrx_word' id='word_1_916' title='bbox 3214 5409 3439 5479; x_wconf 51' lang='lat' dir='ltr'><strong>inperite,-</strong></span> 
     </span>
    </p>
   </div>
   <div class='ocr_carea' id='block_1_118' title="bbox 1846 5478 2116 5536">
    <p class='ocr_par' dir='ltr' id='par_1_118' title="bbox 1846 5478 2116 5536">
     <span class='ocr_line' id='line_1_119' title="bbox 1846 5478 2116 5536; baseline 0.015 -12"><span class='ocrx_word' id='word_1_917' title='bbox 1846 5478 2116 5536; x_wconf 75' lang='lat' dir='ltr'><strong>.rinrilnco.</strong></span> 
     </span>
    </p>
   </div>
   <div class='ocr_carea' id='block_1_119' title="bbox 1861 5535 3442 5653">
    <p class='ocr_par' dir='ltr' id='par_1_119' title="bbox 1861 5535 3442 5653">
     <span class='ocr_line' id='line_1_120' title="bbox 1861 5535 3442 5653; baseline 0.004 -68"><span class='ocrx_word' id='word_1_918' title='bbox 1861 5535 2747 5653; x_wconf 46' lang='lat' dir='ltr'><strong>agragas</strong></span> <span class='ocrx_word' id='word_1_919' title='bbox 2775 5550 2792 5586; x_wconf 88' lang='lat'><strong>.&#39;</strong></span> <span class='ocrx_word' id='word_1_920' title='bbox 2829 5539 3109 5602; x_wconf 75' lang='lat' dir='ltr'><strong>at,</strong></span> <span class='ocrx_word' id='word_1_921' title='bbox 3137 5541 3264 5604; x_wconf 61' lang='lat' dir='ltr'><strong>quod</strong></span> <span class='ocrx_word' id='word_1_922' title='bbox 3297 5545 3442 5598; x_wconf 76' lang='lat' dir='ltr'><strong>etiam</strong></span> 
     </span>
    </p>
   </div>
   <div class='ocr_carea' id='block_1_120' title="bbox 1890 5617 3440 5772">
    <p class='ocr_par' dir='ltr' id='par_1_120' title="bbox 1890 5617 3440 5772">
     <span class='ocr_line' id='line_1_121' title="bbox 1890 5617 3440 5772; baseline 0.01 -74"><span class='ocrx_word' id='word_1_923' title='bbox 1890 5617 2328 5740; x_wconf 46' lang='lat' dir='ltr'><strong>fiﬁﬁ‘iﬁm</strong></span> <span class='ocrx_word' id='word_1_924' title='bbox 2534 5659 2934 5772; x_wconf 49' lang='grc' dir='ltr'><strong>ικρὲγόαιεναηι</strong></span> <span class='ocrx_word' id='word_1_925' title='bbox 2955 5668 3120 5728; x_wconf 79' lang='lat' dir='ltr'><strong>tuam;</strong></span> <span class='ocrx_word' id='word_1_926' title='bbox 3151 5667 3290 5729; x_wconf 62' lang='lat' dir='ltr'><strong>insta</strong></span> <span class='ocrx_word' id='word_1_927' title='bbox 3304 5675 3440 5740; x_wconf 59' lang='lat' dir='ltr'><strong>tax,</strong></span> 
     </span>
     <span class='ocr_line' id='line_1_122' title="bbox 1890 5723 3439 5772; baseline 0 0"><span class='ocrx_word' id='word_1_928' title='bbox 1890 5739 1939 5772; x_wconf 72' lang='lat' dir='ltr'><strong>en</strong></span> <span class='ocrx_word' id='word_1_929' title='bbox 1963 5723 2142 5772; x_wconf 68' lang='lat' dir='ltr'><strong>derum</strong></span> <span class='ocrx_word' id='word_1_930' title='bbox 2163 5735 2246 5772; x_wconf 87' lang='lat' dir='ltr'><strong>sou</strong></span> <span class='ocrx_word' id='word_1_931' title='bbox 2266 5735 2282 5771; x_wconf 92' lang='lat'><em>:</em></span> <span class='ocrx_word' id='word_1_932' title='bbox 2301 5735 2462 5772; x_wconf 86' lang='lat' dir='ltr'><strong>neuue</strong></span> <span class='ocrx_word' id='word_1_933' title='bbox 2484 5727 2598 5772; x_wconf 84' lang='lat' dir='ltr'><strong>ante</strong></span> <span class='ocrx_word' id='word_1_934' title='bbox 2641 5730 2945 5772; x_wconf 77' lang='lat' dir='ltr'><strong>ransroravu.</strong></span> <span class='ocrx_word' id='word_1_935' title='bbox 2966 5725 3170 5772; x_wconf 81' lang='lat' dir='ltr'><strong>habetur</strong></span> <span class='ocrx_word' id='word_1_936' title='bbox 3196 5729 3439 5772; x_wconf 66' lang='grc' dir='ltr'>ιιειιιιιωιιλ.</span> 
     </span>
    </p>
   </div>
   <div class='ocr_carea' id='block_1_121' title="bbox 1861 5723 3440 5795">
    <p class='ocr_par' dir='ltr' id='par_1_121' title="bbox 1861 5723 3440 5795">
     <span class='ocr_line' id='line_1_123' title="bbox 1861 5723 3440 5795; baseline 0.004 -21"><span class='ocrx_word' id='word_1_937' title='bbox 1861 5724 1939 5795; x_wconf 81' lang='lat' dir='ltr'><strong>te‘n</strong></span> <span class='ocrx_word' id='word_1_938' title='bbox 1963 5723 2142 5795; x_wconf 71' lang='lat' dir='ltr'><strong>dexian</strong></span> <span class='ocrx_word' id='word_1_939' title='bbox 2157 5735 2246 5795; x_wconf 58' lang='lat' dir='ltr'><strong>sou</strong></span> <span class='ocrx_word' id='word_1_940' title='bbox 2262 5735 2282 5795; x_wconf 57' lang='grc' dir='ltr'>ί</span> <span class='ocrx_word' id='word_1_941' title='bbox 2301 5723 2945 5795; x_wconf 56' lang='grc' dir='ltr'>ιιριιιιεέιιιιθςῖνιιιιειιοναυὶι,</span> <span class='ocrx_word' id='word_1_942' title='bbox 2966 5723 3170 5780; x_wconf 73' lang='lat' dir='ltr'><strong>habetur</strong></span> <span class='ocrx_word' id='word_1_943' title='bbox 3194 5723 3440 5793; x_wconf 72' lang='lat' dir='ltr'><strong>particula,</strong></span> 
     </span>
    </p>
   </div>
   <div class='ocr_carea' id='block_1_122' title="bbox 1861 5784 2652 5856">
    <p class='ocr_par' dir='ltr' id='par_1_122' title="bbox 1861 5784 2652 5856">
     <span class='ocr_line' id='line_1_124' title="bbox 1861 5784 2652 5856; baseline -0.006 -17"><span class='ocrx_word' id='word_1_944' title='bbox 1861 5793 1924 5848; x_wconf 83' lang='lat' dir='ltr'><strong>et,</strong></span> <span class='ocrx_word' id='word_1_945' title='bbox 1947 5799 2057 5856; x_wconf 71' lang='lat' dir='ltr'><strong>qua:</strong></span> <span class='ocrx_word' id='word_1_946' title='bbox 2077 5785 2234 5840; x_wconf 79' lang='lat' dir='ltr'><strong>addita</strong></span> <span class='ocrx_word' id='word_1_947' title='bbox 2259 5784 2417 5850; x_wconf 81' lang='lat' dir='ltr'><strong>fuitin</strong></span> 
     </span>
    </p>
   </div>
  </div>
