3902 6314
482 378 589 437 615

483 467 685 567 Βίᾆὶιιιι
708 491 805 547 Dei
830 500 901 549 est
934 492 1028 547 hoc
1056 489 1249 563 (Exod.
1280 508 1398 560 vnn,
1432 492 1539 563 19).
1573 492 1771 559 Primo,
1803 492 1890 547 ubi
1921 492 2068 548 Serio

483 594 630 656 ptum
656 594 757 648 est.
783 584 1011 655 Spiritus
1032 582 1127 638 Dei
1150 586 1552 656 superferebatur
1570 601 1722 653 super
1737 601 1894 653 aquas
1917 584 2065 656 (Gen.

480 691 517 742 ι,
541 674 596 749 2)
631 695 644 731 :
691 675 946 740 secundo,
998 675 1087 730 ubi
1133 674 1345 739 dicitur,
1379 673 1501 730 Non
1548 677 1853 746 permanebit
1881 677 1933 729 in
1959 677 2069 732 istis

480 768 761 823 hominibus
786 766 1011 838 Spiritus
1038 784 1194 832 meus,
1222 769 1459 839 quoniam
1487 785 1662 823 carnes
1685 769 1829 822 sunt‘
1854 767 1963 842 (Id.
1989 784 2063 837 vr,

477 858 534 930 3)
569 878 580 914 :
610 859 790 925 tertio,
814 859 900 916 ubi
928 859 1133 914 Pharao
1154 859 1283 914 dicit
1311 860 1376 914 ad
1410 859 1629 932 .loseph,
1662 860 1909 926 Quoniam
1940 860 2067 931 Spi-

478 955 603 1009 ritus
626 952 727 1009 Dei
753 964 827 1010 est
853 954 906 1007 in
935 964 982 1007 te
1011 951 1121 1026 (Id.
1151 969 1259 1015 xu,
1283 953 1373 1023 58)
1409 972 1422 1008 :
1454 963 1664 1023 quarto,
1708 953 1795 1007 ubi
1827 954 2064 1007 incanta-

480 1058 622 1105 tores
637 1047 1007 1120 .«Egyptiorum
1035 1046 1237 1112 dicunt,
1264 1046 1463 1118 Digitus
1482 1046 1576 1100 Dei
1596 1056 1668 1100 est
1694 1046 1787 1101 hoc
1812 1062 1830 1100 :
1854 1046 2060 1116 quinto,

477 1141 529 1196 in
561 1141 663 1196 hoc
690 1140 919 1206 cantico,
950 1137 1135 1193 Misisti
1165 1137 1416 1209 Spiritum
1442 1148 1602 1203 tuum,
1636 1148 1679 1190 et
1708 1138 1960 1208 cooperuit
1981 1154 2064 1192 eos

478 1248 632 1286 mare.
662 1231 1062 1287 Meminerimus
1082 1240 1257 1285 autem
1281 1227 1534 1299 Spiritum
1560 1228 1649 1284 Dei
1678 1244 1782 1284 non
1804 1228 1973 1283 solum
1995 1228 2061 1284 ad

476 1323 752 1389 beneﬁcia,
784 1339 968 1378 verum
1007 1322 1165 1378 etiam
1210 1321 1277 1377 ad
1318 1321 1603 1376 vindictam
1632 1320 2057 1376 commemorari.

473 1416 603 1471 Nam
632 1415 756 1486 quid
785 1414 928 1470 aliud
968 1414 1127 1469 etiam
1167 1428 1327 1483 supra
1349 1413 1509 1480 dixit,
1541 1411 1644 1466 Per
1678 1412 1929 1484 Spiritum
1972 1412 2063 1465 ira:

474 1519 573 1562 tua:
597 1507 759 1561 divisa
799 1516 873 1561 est
898 1506 1067 1577 aqua?
1094 1504 1195 1560 Iste
1227 1504 1405 1574 itaque
1432 1504 1661 1574 Spiritus
1688 1504 1776 1559 Dei
1809 1504 1860 1558 in
1890 1502 2060 1574 Egy-

472 1601 633 1674 ptios,
662 1599 892 1671 Spiritus
913 1599 1004 1653 irae
1032 1598 1149 1669 ejus
1179 1597 1310 1652 luit'
1330 1639 1345 1662 ,
1376 1597 1570 1668 quibus
1600 1597 1780 1651 nocuit
1803 1612 2059 1667 aquarum

469 1692 685 1758 divisio,
708 1702 766 1747 ut
792 1692 1055 1747 intrantes
1076 1701 1298 1760 possent
1324 1690 1475 1761 aquis
1504 1688 1846 1745 redeuntibus
1874 1686 2056 1741 obrui:

472 1784 594 1843 ﬁliis
621 1800 748 1842 vero
777 1785 937 1841 Israel
976 1785 1167 1855 quibus
1196 1784 1394 1856 profuit
1423 1784 1562 1854 quod
1602 1799 1737 1854 aqua
1763 1783 1927 1837 divisa
1954 1789 2057 1847 est,

471 1894 575 1934 non
608 1877 704 1933 fuit
747 1877 836 1934 ille
865 1876 1095 1948 Spiritus
1130 1877 1223 1931 irae
1250 1876 1362 1932 Dei.
1396 1875 1549 1931 Unde
1577 1875 1904 1946 signiﬁcatur
1929 1888 2058 1943 pro-

471 1978 589 2041 pter
613 1967 853 2025 diversas
874 1968 1209 2039 operationes
1240 1977 1294 2023 et
1323 1966 1542 2021 eﬁ‘ecms
1561 1966 1812 2036 Spiritum
1841 1966 1930 2020 Dei
1952 1965 2058 2019 dis-

469 2063 713 2119 similiter
736 2062 1024 2135 appellari,
1050 2076 1170 2117 eum
1195 2059 1263 2115 sit
1290 2075 1427 2115 unus
1457 2069 1613 2130 atque
1640 2058 1777 2113 idem
1813 2058 1902 2111 ille
1924 2057 2057 2112 dun-

470 2160 636 2222 taxat,
666 2152 756 2224 qui
785 2154 945 2210 etiam
967 2152 1196 2224 Spiritus
1222 2158 1440 2207 sanctus
1466 2150 1517 2203 in
1556 2149 1756 2203 unitate
1785 2147 2057 2203 Trinitatis

468 2246 747 2314 accipitur.
780 2245 1009 2301 Proinde
1037 2261 1142 2300 non
1174 2244 1404 2299 arbitror
1440 2242 1600 2296 alium
1628 2258 1783 2311 quam
1810 2241 2054 2297 eumde

472 2337 778 2408 signiﬁcari,
811 2337 899 2394 ubi
938 2337 1067 2394 dicit
1104 2337 1410 2409 Apostolus,
1460 2335 1583 2391 Non
1624 2337 1752 2390 enim
1797 2336 2056 2408 accepistis

470 2430 720 2502 Spiritum
744 2430 992 2486 servitutis
1006 2430 1187 2484 iterum
1212 2430 1263 2483 in
1281 2428 1491 2483 timore8
1509 2445 1524 2495 ;
1542 2428 1630 2482 sed
1649 2427 1908 2498 accepistis
1929 2426 2053 2496 Spi-

468 2525 624 2580 ritum
647 2524 934 2597 adoptionis
958 2524 1012 2578 in
1040 2540 1136 2594 qua
1165 2522 1461 2585 clamamus,
1490 2520 1650 2587 Abba,
1683 2520 1835 2574 Pater
1864 2518 2050 2592 (Rom.

467 2632 583 2682 vm,
614 2616 704 2687 15)
737 2633 751 2669 :
779 2616 899 2686 quia
928 2614 1116 2671 eodem
1149 2615 1349 2685 Spiritu
1376 2614 1464 2669 Dei
1487 2656 1502 2681 ,
1531 2613 1582 2668 id
1608 2623 1708 2678 est,
1737 2612 1903 2683 digito
1939 2613 2049 2678 Dei,

465 2723 572 2781 quo
591 2707 701 2763 Lex
726 2707 777 2763 in
802 2707 990 2763 tabulis
1014 2706 1234 2776 lapideis
1255 2705 1558 2776 conscripta
1580 2716 1660 2760 est
1681 2702 1872 2778 (Exod.
1899 2720 2047 2769 χχιι,

466 2802 582 2871 18),
615 2801 773 2857 timor
802 2801 1046 2857 incussus
1066 2808 1148 2854 est
1168 2800 1247 2855 eis
1275 2800 1364 2869 qui
1385 2798 1607 2870 gratiam
1636 2797 1869 2851 nondum
1894 2796 2052 2851 intel-

467 2891 720 2965 ligebant,
751 2900 808 2946 ut
828 2891 899 2947 de
930 2905 1023 2945 sua
1053 2889 1357 2945 inﬁrmitate
1384 2898 1544 2959 atque
1580 2888 1807 2957 peccatis
1833 2903 1929 2956 per
1948 2886 2053 2941 Le-

464 3000 583 3055 gem
609 2984 1069 3048 convincerentur,
1106 2991 1161 3038 et
1188 2982 1293 3036 Lex
1330 2980 1433 3035 illis
1472 2981 1622 3034 ﬁeret
1652 2978 2000 3049 pietlagogus,
2022 2992 2054 3032 a

466 3093 571 3148 quo
612 3075 1029 3147 perducerentur
1061 3072 1129 3128 ad
1169 3072 1393 3143 gratiam
1438 3085 1557 3141 quae
1581 3076 1664 3124 est
1702 3069 1752 3122 in
1784 3068 1885 3123 ﬁde
1925 3067 2054 3123 Jesu

465 3167 660 3225 Christi
687 3165 881 3239 (Galat.
907 3182 985 3232 ιιι,
1018 3162 1235 3234 22-26).
1263 3163 1335 3217 De
1359 3160 1463 3217 hoc
1485 3172 1662 3215 autem
1706 3158 1907 3230 Spiritu
1950 3160 2051 3214 ad-

465 3260 697 3331 optionis
733 3266 789 3313 et
816 3257 1021 3329 gratiae,
1054 3255 1106 3311 id
1131 3264 1215 3311 est
1242 3253 1308 3310 de
1346 3252 1449 3308 hoc
1472 3266 1633 3322 opere
1663 3251 1892 3320 Spiritus
1924 3250 2049 3315 Dei,

466 3369 572 3425 quo
609 3353 908 3423 impertitur
945 3350 1113 3422 gratia
1159 3358 1216 3405 et
1244 3347 1578 3419 regeneratio
1606 3346 1658 3401 in
1690 3346 1855 3400 vitam
1898 3357 2054 3401 aster~

466 3464 610 3511 nam,
629 3446 840 3511 dicitur,
865 3445 1088 3517 Spiritus
1107 3453 1273 3498 autem
1299 3442 1514 3511 viviﬁcat
1529 3457 1548 3505 ;
1577 3454 1698 3495 cum
1719 3454 1879 3510 supra
1904 3438 2053 3495 dice-
2097 3495 2102 3501 ,

466 3550 614 3597 retur
642 3538 831 3594 Littera
882 3537 1063 3592 occidit
1094 3536 1159 3608 (ll
1192 3535 1309 3590 Cor.
1342 3550 1419 3601 ιιι,
1459 3534 1545 3605 ﬁ),
1579 3533 1629 3588 id
1653 3542 1755 3597 est,
1790 3533 1896 3589 Lex
1920 3548 2053 3589 con-

466 3633 662 3703 scripta
679 3674 695 3700 ,
739 3629 1104 3687 tantummodo
1125 3628 1320 3697 jubens
1338 3666 1353 3692 ,
1374 3626 1490 3681 sine
1513 3624 1774 3697 adiutorio
1797 3626 1981 3695 gratia:
2007 3624 2049 3678 ⁸.

537 3726 671 3783 LVI.
716 3724 813 3798 [lb.
841 3739 929 3789 xv,
959 3722 1050 3789 25,
1080 3719 1197 3793 24.]
1234 3719 1483 3774 Venerunt
1506 3728 1673 3773 autem
1696 3719 1749 3772 in
1777 3717 1969 3784 Merra,
2006 3728 2052 3772 et

408 3848 411 3851 ν
467 3839 566 3879 ηοη
607 3826 836 3890 poterant
876 3816 1039 3870 bibere
1075 3815 1137 3869 de
1169 3813 1341 3868 Merra
1364 3814 1406 3879 ⁸;
1439 3828 1614 3866 amara
1657 3811 1790 3866 enim
1832 3820 1957 3865 erat.
1997 3809 2053 3866 Si

466 3926 683 3988 propter
697 3913 799 3969 hoc
813 3910 1135 3983 appellatum
1160 3917 1242 3965 est
1265 3923 1458 3963 nomen
1477 3906 1577 3962 loci
1599 3904 1714 3976 ejus
1733 3904 2047 3971 amaritudo,

465 4008 585 4079 quia
618 4021 721 4061 non
745 4011 1033 4077 potuerunt
1058 4001 1127 4057 ibi
1152 4014 1342 4070 aquam
1373 3999 1572 4063 bibere,
1599 3997 1739 4069 quod
1760 4013 1939 4053 amara
1967 4013 2053 4054 es-

466 4108 544 4155 set
580 4082 771 4172 (Merra
808 4097 950 4153 enim
977 4096 1354 4165 interpretatur
1382 4091 1750 4162 Amaritudo);
1786 4092 2052 4162 quomodo

466 4199 723 4248 venerunt
742 4190 793 4246 in
818 4188 1011 4255 Merra,
1041 4186 1140 4243 nisi
1179 4186 1302 4258 quia
1335 4199 1401 4241 eo
1438 4185 1654 4241 nomine
1692 4185 1864 4239 locum
1904 4182 2050 4240 Scri-

462 4296 615 4359 ptura
644 4283 948 4357 appellavit,
975 4298 1027 4337 nt
1052 4296 1210 4353 quem
1241 4286 1522 4343 venerunt,
1550 4292 1656 4348 quo
1679 4276 1788 4347 jam
1814 4276 2050 4349 appella-

461 4380 616 4439 batur
646 4394 768 4435 eum
815 4377 933 4434 haec
965 4372 1374 4432 scribebantur?
1402 4371 1673 4427 Posterius
1697 4369 1840 4426 enim
1872 4369 2050 4440 utique

463 4474 659 4544 scripta
688 4482 833 4539 sunt,
859 4486 1018 4542 quam
1040 4469 1132 4525 illa
1159 4467 1515 4538 contigerunt.

533 4564 691 4622 LVII.
711 4563 813 4639 [lb.
836 4579 925 4629 xv,
945 4559 1062 4635 25.]
1089 4560 1155 4615 Et
1182 4557 1399 4616 ostendit
1424 4558 1469 4612 ei
1492 4556 1740 4612 Dominus
1764 4556 1975 4628 tignum,
2003 4566 2051 4610 et

460 4658 597 4715 misit
634 4657 764 4712 illud
791 4657 845 4711 in
868 4671 1072 4727 aquam,
1102 4662 1150 4710 et
1178 4656 1312 4726 facta
1353 4661 1427 4707 est
1465 4667 1596 4721 aqua
1639 4651 1822 4705 dulcis.
1868 4648 2048 4706 Genus

460 4748 586 4821 ligni
608 4757 722 4805 erat
751 4747 905 4803 istam
948 4745 1148 4801 habens
1171 4745 1277 4799 vim
1299 4783 1314 4807 ,
1344 4756 1414 4797 an
1444 4740 1679 4810 quolibet
1706 4742 1845 4810 ligno
1884 4740 1936 4795 id
1975 4741 2049 4794 fa-

462 4856 588 4898 cere
626 4846 834 4912 poterat
866 4838 1027 4902 Deus,
1057 4835 1148 4907 qui
1186 4843 1333 4889 tanta
1363 4831 1624 4889 mirabilia
1653 4830 1910 4888 faciebat?
1939 4832 2048 4888 lloe

458 4946 640 4995 tamen
669 4931 875 4990 videtur
897 4928 1197 5002 signiﬁcare
1224 4926 1366 5000 quod
1389 4925 1588 4987 dictum
1616 4934 1717 4995 est,
1740 4925 1954 4980 ostendit
1979 4926 2043 4994 ei,

520 5120 540 5154 ι
559 5125 660 5168 Am.
672 5122 745 5166 Er.
762 5120 814 5165 et
830 5121 959 5175 lov.,
976 5109 1201 5175 quoniam
1220 5122 1335 5162 caro
1353 5113 1479 5162 sunt.
1494 5116 1551 5160 At
1566 5107 1719 5175 editio
1733 5108 2046 5171 Ratisponen-

454 5172 953 5255 sls,.suﬁraganti_bgs
973 5172 1150 5227 nostris
1164 5182 1289 5236 Mss,
1314 5184 1515 5235 carnes;
1552 5172 1724 5235 plurali
1747 5183 1968 5234 numero,
1993 5178 2047 5223 ut

455 5246 602 5296 estin
627 5253 789 5307 ςτωοο
810 5246 937 5289 LXX.
1112 5296 1124 5308 .
1372 5297 1385 5310 .
1418 5298 1430 5309 .
1621 5297 1632 5309 .
1668 5295 1683 5308 θ
1934 5298 1947 5310 .

520 5309 540 5339 ²
564 5304 789 5375 Plerique
814 5311 940 5374 stes,
956 5362 968 5374 ο
980 5304 1072 5351 Iste
1086 5374 1091 5375 γ
1104 5305 1265 5375 itaque
1302 5305 1508 5375 spiritus
1530 5305 1725 5375 per
1744 5304 1997 5375 ﬁgyptws
2025 5312 2044 5375 ς

452 5360 903 5442 nam‘spiritushirte
920 5360 1027 5428 ejus
1061 5360 1234 5427 quibus
1254 5360 1431 5413 nocuit.
1459 5362 1545 5412 Ubi
1567 5360 1772 5423 additur,
1809 5360 1920 5412 nam
1936 5375 1956 5424 ;
1994 5369 2046 5413 et

452 5431 706 5491 omittitur,
728 5429 837 5494 fit“.
1069 5484 1082 5497 .
1159 5486 1171 5497 .
1776 5485 1788 5496 .

514 5494 536 5526 ³
550 5500 656 5544 Mss.
681 5494 876 5555 optimae
898 5496 1044 5548 notae,
1061 5500 1113 5538 in
1133 5494 1385 5555 timorem;
1403 5486 1541 5555 juxta
1564 5486 2043 5555 graec.,eysp_lwbon:

448 5568 561 5630 qua:
584 5548 731 5630 etiam
755 5552 900 5630 legio
922 5558 1031 5603 erat
1069 5548 1284 5614 Vulgata:
1325 5548 1651 5599 versionis‘in
1686 5548 1894 5614 antiquis
1930 5557 2042 5600 Cor-

448 5617 735 5669 beiensibus
756 5617 930 5668 Bibliis.
1802 5674 1807 5681 ,

459 5745 472 5752 _
512 5680 667 5749 ﬁniss.
690 5679 901 5752 aliquot,
939 5684 1035 5726 Lex
1077 5676 1348 5739 mscrtpta
1385 5672 1733 5737 tantummodo,
1767 5688 1870 5727 sine
1893 5675 2039 5740 adju-

451 5745 876 5917 ἒῖῗέεέἔὲιῐὸξτε
898 5811 1073 5852 aquam
1093 5800 1155 5852 de
1196 5807 1371 5853 κατα.
1394 5807 1452 5853 At
1470 5806 1601 5861 Mss,
1618 5798 1772 5852 bibere
1787 5800 1848 5852 de
1863 5809 2036 5855 Merra.

1231 377 1698 447 QUESTIONUM
1741 380 1797 435 S.
1839 372 2198 436 AUGUSTINI
2242 374 2306 434 IN
2346 378 2899 440 IIEPTATEUCHUM

3174 338 3206 346 φ.

3659 388 3788 447 616

2180 502 2425 562 tanquam
2451 493 2555 549 tale
2573 493 2681 563 jam
2712 494 2911 564 lignum
2946 502 3107 560 esset,
3132 509 3240 567 quo
3268 506 3448 568 posset
3475 495 3581 555 hoc
3607 500 3733 558 ﬁeri
3763 520 3784 557 :

2181 582 2282 637 nisi
2308 582 2445 638 forte
2472 584 2618 640 locus
2644 596 2759 640 erat
2778 586 2864 640 ubi
2892 585 3026 656 ligna
3045 588 3264 643 omnino
3284 605 3388 645 non
3415 588 3784 647 invenieban-

2178 686 2288 744 tur,
2316 686 2373 731 ut
2405 678 2503 733 hoc
2546 679 2716 748 ipsum
2761 689 2904 735 esset
2931 678 3093 735 divini
3120 680 3395 750 adjutorii,
3441 686 3586 755 quod
3624 688 3675 741 ei
3712 687 3784 742 li-

2173 787 2333 841 gnum
2360 771 2609 828 Dominus
2646 772 2908 840 ostendit,
2954 772 3041 828 ubi
3084 774 3286 829 nullum
3328 786 3461 842 erat,
3490 787 3545 834 et
3570 794 3668 849 per
3702 780 3781 835 ii-

2173 878 2336 933 gnum
2362 879 2526 934 aquas
2551 864 2734 921 dulces
2766 864 2909 933 fecit,
2937 866 3280 938 prmﬁgurans
3305 870 3526 940 gloriam
3554 881 3617 929 et
3642 888 3782 945 gra-

2172 956 2297 1011 tiam
2323 958 2498 1012 crueis
2532 976 2544 1011 :
2574 958 2667 1014 sed
2693 959 2744 1013 in
2774 959 2862 1013 tali
2901 959 3058 1014 etiam
3105 971 3290 1016 natura
3317 962 3464 1034 ligni,
3506 966 3631 1036 quis
3660 967 3777 1022 nisi

2171 1059 2381 1104 creator
2407 1059 2462 1104 et
2490 1049 2884 1106 demonstrator
2906 1051 3202 1108 laudandus
3229 1053 3350 1109 est?

2241 1141 2418 1197 LVIII.
2447 1142 2545 1216 [lb.
2568 1160 2679 1212 xvi,
2702 1142 2778 1217 4.]
2804 1144 2942 1198 Dixit
2968 1156 3132 1201 autem
3152 1146 3397 1203 Dominus
3424 1150 3491 1205 ad
3519 1149 3772 1223 Moysen,

2167 1232 2302 1289 Ecce
2337 1252 2429 1307 ego
2458 1237 2632 1307 pluam
2670 1236 2805 1291 vobis
2834 1254 2987 1306 panes
3016 1238 3078 1291 de
3116 1237 3239 1293 coelo
3266 1255 3285 1294 :
3311 1248 3357 1295 et
3382 1241 3508 1295 eaciet
3535 1245 3776 1313 populus

2166 1334 2214 1379 et
2239 1325 2440 1398 colliget
2470 1326 2615 1381 unius
2637 1325 2736 1381 diei
2760 1328 2813 1381 in
2837 1326 2992 1393 diem,
3023 1337 3078 1382 ut
3103 1337 3283 1384 tentem
3310 1330 3425 1385 illos
3452 1331 3495 1385 si
3518 1331 3774 1386 ambula-

2168 1420 2289 1474 bunt
2318 1421 2335 1452 ¹
2362 1422 2414 1475 in
2444 1422 2551 1493 lege
2579 1438 2707 1487 mea,
2729 1439 2795 1475 an
2826 1438 2945 1477 non.
2976 1422 3018 1477 Τ
3021 1424 3221 1478 cntatio
3246 1422 3342 1478 ista
3383 1425 3627 1494 probatio
3655 1438 3768 1492 est,

2165 1528 2271 1568 non
2301 1512 2368 1567 ad
2396 1521 2667 1581 peccatum
2697 1512 2936 1568 seductio
2961 1531 2973 1567 :
3003 1530 3102 1569 nec
3132 1513 3251 1569 ideo
3277 1515 3515 1585 probatio
3534 1527 3593 1572 ut
3615 1518 3773 1573 Deus

2166 1605 2397 1671 noverit,
2424 1603 2519 1659 sed
2551 1614 2608 1659 ut
2651 1604 2793 1675 ipsos
2813 1610 2833 1640 ²
2864 1604 2992 1675 ipsis
3026 1605 3326 1660 hominibus
3352 1608 3617 1675 ostendat,
3650 1624 3772 1679 quo

2165 1694 2473 1750 humiliores
2499 1696 2627 1751 ﬁant
2651 1697 2714 1752 ad
2742 1697 3024 1769 petendum
3045 1697 3365 1768 adjutorium
3389 1708 3443 1756 et
3459 1715 3771 1772 agnoscet]-

2164 1786 2285 1840 dum
2318 1788 2409 1842 Dei
2436 1791 2680 1859 gratiam.

2235 1877 2367 1933 LIX.
2399 1877 2497 1952 [lb.
2525 1896 2641 1945 xvr,
2665 1878 2743 1952 8.]
2767 1880 2971 1952 Moyses
3000 1892 3053 1936 et
3076 1880 3255 1937 Aaron
3280 1881 3464 1939 dicunt
3489 1883 3552 1939 ad
3577 1900 3767 1957 popu-

2162 1970 2269 2025 lmn
2318 1972 2454 2026 inter
2498 1982 2690 2027 caetera
2732 1991 2744 2026 :
2781 1971 2998 2043 Propter
3033 1973 3170 2044 quod
3207 1976 3459 2031 exaudivit
3498 1975 3765 2032 Dominus

2161 2064 2609 2117 murmurationem
2652 2073 2861 2118 vestram
2878 2106 2894 2131 ,
2923 2081 3076 2135 quam
3103 2082 3188 2121 uos
3217 2068 3538 2123 murmuratis
3560 2068 3764 2124 adver—

2160 2174 2273 2211 sum
2300 2174 2411 2211 nos.
2442 2156 2553 2212 Nos
2588 2167 2755 2212 autem
2780 2157 2902 2228 quid
2935 2161 3149 2214 sumus?
3178 2158 3301 2214 Non
3326 2160 3461 2215 enim
3483 2161 3764 2217 adversum

2161 2267 2253 2305 nos
2293 2266 2524 2304 murmur
2562 2260 2775 2305 vestrum
2803 2261 2911 2317 est,
2943 2252 3029 2306 sed
3052 2252 3291 2307 adversus
3321 2254 3503 2310 Deum.
3534 2254 3651 2310 Non
3666 2272 3761 2312 ‘ex

2161 2341 2262 2396 hoc
2291 2350 2492 2396 tantum
2524 2357 2583 2397 se
2606 2342 2785 2399 valere
2814 2343 3091 2399 voluerunt
3115 2354 3367 2416 quantutn
3395 2346 3534 2402 Deus
3558 2364 3572 2401 :
3594 2347 3759 2405 dixe-

2160 2445 2285 2489 runt
2312 2436 2451 2490 enim
2473 2478 2486 2499 ,
2528 2434 2665 2500 Quid
2688 2452 2862 2491 sumus
2890 2438 3017 2492 nos?
3044 2446 3101 2491 ut
3130 2437 3204 2492 illi
3234 2438 3489 2495 adversus
3513 2440 3663 2496 illum
3691 2456 3760 2497 se

2158 2527 2355 2581 scirent
2382 2542 2763 2594 murmurasse,
2792 2528 2879 2597 qui
2903 2529 3032 2582 istos
3053 2529 3289 2596 miserat,
3314 2540 3367 2585 et
3390 2532 3479 2601 qui
3503 2548 3594 2600 per
3613 2532 3757 2589 istos

2159 2619 2498 2687 operabatur.
2542 2619 2652 2675 Nec
2691 2620 2810 2673 talis
2846 2621 2934 2676 illa
2974 2629 3057 2675 est
3097 2608 3377 2692 sententia,
3424 2624 3512 2680 ubi
3556 2625 3757 2682 Petrus

2158 2712 2286 2767 dicit
2320 2713 2537 2766 Ananizc
2568 2730 2582 2767 :
2611 2713 2776 2767 Ausus
2816 2730 2867 2766 es
2905 2713 3105 2767 mentiri
3134 2714 3355 2783 Spiritui
3393 2718 3601 2771 sancto?
3645 2735 3756 2773 non

2159 2806 2440 2859 hominibus
2488 2805 2721 2859 mentitus
2765 2822 2838 2871 es,
2887 2805 2975 2859 sed
3005 2805 3110 2859 Deo
3156 2805 3270 2878 (Act
3306 2823 3362 2873 v,
3415 2807 3469 2872 5,
3513 2807 3589 2878 4).
3626 2807 3753 2864 Non

2158 2899 2301 2953 enim
2330 2899 2405 2953 ait
2430 2938 2443 2963 ,
2484 2899 2661 2952 Ausus
2687 2912 2745 2950 es
2774 2898 2983 2952 mentiri
3008 2896 3173 2952 mihi?
3200 2914 3305 2952 non
3336 2896 3465 2952 mihi
3492 2902 3751 2957 mentitus

2155 3004 2249 3056 es,
2281 2989 2376 3046 sed
2406 2990 2513 3044 Deo
2542 3008 2555 3043 :
2585 2987 2727 3059 Quod
2753 2989 2799 3043 si
2837 2988 3090 3053 dixisset,
3117 2989 3290 3045 simile
3318 2988 3525 3045 fuisset.
3560 2988 3749 3061 Neque

2157 3082 2229 3138 ita
2258 3081 2409 3147 dixit,
2436 3083 2609 3136 Ausus
2637 3097 2698 3135 es
2724 3080 2933 3136 mentiri
2953 3080 3171 3151 Spiritui
3196 3084 3419 3139 Sancto?
3447 3098 3551 3138 non
3578 3082 3749 3154 Spiri-

2159 3176 2233 3230 tui
2270 3182 2457 3230 sancto
2495 3176 2749 3230 mentitus
2775 3188 2867 3238 es,
2913 3173 3005 3228 sed
3038 3174 3146 3229 Deo
3178 3191 3192 3226 :
3224 3174 3293 3228 ita
3323 3174 3465 3230 enim
3493 3174 3742 3247 loquens,

2157 3279 2373 3340 negaret
2404 3270 2565 3324 Deum
2581 3282 2703 3324 esse
2720 3267 2972 3339 Spiritum
3001 3278 3263 3325 sanctum.
3304 3269 3455 3327 Nunc
3475 3286 3602 3327 vero
3620 3287 3746 3329 cum

2156 3362 2409 3429 dixisset,
2433 3362 2595 3416 Ausus
2620 3378 2671 3416 es
2698 3361 2899 3415 mentiri
2927 3361 3145 3430 Spiritui
3175 3363 3391 3418 sancto?
3417 3378 3538 3419 cum
3572 3365 3661 3421 ille
3684 3380 3745 3422 se

2158 3466 2369 3525 putaret
2388 3454 2687 3509 hominibus
2703 3452 2866 3508 fuisse
2886 3453 3186 3519 mentitum,
3202 3453 3314 3524 ipse
3332 3454 3585 3524 Spiritum
3614 3471 3744 3512 san-

2155 3555 2298 3601 ctum
2332 3547 2491 3601 Demn
2518 3560 2635 3600 esse
2658 3544 2970 3600 monstravit
2997 3544 3340 3616 subjungens,
3371 3543 3493 3601 Non
3516 3547 3743 3603 homini-

2155 3636 2248 3691 bus
2271 3636 2500 3690 mentilus
2528 3652 2607 3701 es,
2641 3638 2728 3689 sed
2762 3633 2889 3689 Deo.

2229 3727 2341 3782 LX.
2364 3725 2461 3799 [lb.
2482 3743 2586 3792 xw,
2620 3724 2731 3799 12.]
2765 3730 2903 3781 Deus
2926 3724 3142 3780 mandat
3168 3741 3262 3797 per
3286 3727 3500 3799 Moysen
3520 3728 3741 3799 populo,

2161 3820 2237 3875 Ad
2254 3836 2507 3891 vesperam
2528 3821 2679 3873 edetis
2696 3836 2891 3884 carnes,
2923 3829 2970 3873 et
2996 3836 3145 3875 mane
3167 3820 3478 3892 reptebimini
3502 3822 3741 3893 panibus.

2154 3916 2295 3971 Ecce
2326 3931 2431 3969 non
2459 3930 2552 3985 pro
2580 3913 2723 3968 onmi
2752 3913 3001 3969 alimento
3033 3929 3197 3985 panes
3221 3915 3577 3970 nominantur.
3605 3916 3740 3973 Nam

2156 4011 2260 4066 isto
2299 4010 2511 4065 nomine
2535 4018 2587 4064 et
2618 4023 2805 4064 carnes
2833 4009 3313 4079 complecterentur
3331 4051 3347 4076 ,
3373 4010 3497 4079 quia
3522 4020 3576 4066 et
3610 4011 3743 4083 ipse

2154 4102 2401 4156 alimenta
2428 4110 2585 4155 sunt:
2617 4116 2714 4156 nec
2743 4110 2917 4155 tamen
2948 4115 3111 4171 panes
3144 4116 3237 4156 eos
3264 4102 3423 4157 modo
3450 4102 3615 4171 dicit,
3646 4104 3741 4175 qui

2154 4194 2288 4250 ﬁunt
2313 4211 2379 4251 ex
2409 4196 2715 4261 frumentis;
2746 4196 2887 4265 ipsos
2912 4194 3054 4249 enim
3086 4195 3299 4266 praprie
3344 4210 3511 4265 panes
3552 4200 3742 4269 appel-

2155 4288 2263 4343 lare
2285 4288 2657 4344 consuevimus
2684 4306 2697 4340 :
2739 4301 2929 4340 manna
2956 4295 3134 4341 autem
3167 4302 3363 4358 panum
3390 4290 3607 4346 nomine
3642 4305 3741 4359 ap-

2153 4382 2336 4450 pellat.
2360 4378 2471 4434 Non
2498 4387 2673 4433 autem
2697 4386 2847 4432 vacat
2865 4378 3004 4449 quod
3027 4378 3230 4433 dicitad
3252 4395 3529 4450 vesperam
3549 4396 3742 4439 carnes

2153 4478 2208 4527 et
2234 4486 2389 4526 mane
2410 4485 2574 4541 panes
2594 4485 2652 4525 se
2680 4469 2946 4525 daturum.
2976 4470 3104 4526 Tale
3132 4472 3326 4542 quippe
3353 4472 3552 4544 aliquid
3576 4475 3738 4531 etiam

2153 4563 2205 4618 in
2238 4564 2352 4619 Elia
2380 4563 2727 4633 signiﬁcatum
2757 4572 2856 4629 est,
2882 4578 3000 4617 cum
3023 4561 3071 4617 ei
3087 4560 3337 4619 alimenta
3364 4578 3554 4620 corvus
3575 4566 3738 4622 alier-

2151 4660 2235 4707 ret
2264 4651 2363 4723 (Ill
2388 4650 2513 4723 Reg.
2546 4666 2679 4717 xvn,
2701 4650 2791 4721 6).
2818 4650 2898 4704 An
2920 4647 3061 4705 forte
3084 4650 3335 4705 carnibus
3360 4650 3427 4705 ad
3456 4667 3736 4723 vesperam

2151 4754 2206 4802 et
2231 4760 2384 4801 mane
2414 4744 2636 4814 panibus
2663 4742 2748 4797 ille
2768 4741 3114 4812 signiﬁcatur,
3140 4742 3230 4811 qui
3252 4742 3476 4797 traditus
3499 4752 3584 4799 est
3611 4759 3738 4814 pro-

2151 4850 2269 4911 pter
2281 4839 2469 4895 delicta
2483 4846 2683 4899 nostra,
2702 4844 2756 4890 et
2774 4835 3063 4891 resurrexit
3080 4834 3737 4906 propterjustiﬁcationem

2150 4942 2387 4987 nostram
2414 4928 2588 4998 (Rom.
2614 4925 2838 4997 H325)?
2868 4926 2948 4981 Ad
2977 4941 3249 4997 vesperam
3275 4928 3473 4999 quippe
3494 4939 3737 4986 mortuus

2149 5044 2213 5085 ex
2232 5029 2536 5084 inﬁrmitate
2552 5026 2788 5097 sepultus
2810 5036 2911 5093 est,
2937 5042 3091 5081 mane
3114 5036 3291 5082 autem
3315 5032 3558 5098 apparuit
3575 5027 3739 5085 disci-

2152 5123 2311 5194 pulis,
2338 5121 2426 5191 qui
2455 5128 2819 5176 resurrexerat
2849 5120 2899 5173 in
2927 5119 3139 5175 virtute.

2128 5240 2131 5241 ν
2220 5217 2353 5273 LXI.
2376 5215 2472 5290 [lb.
2491 5231 2605 5283 xvn,
2623 5213 2736 5287 53.]
2766 5213 2833 5268 Et
2853 5214 2979 5268 dixit
3011 5213 3213 5285 Moyses
3238 5214 3307 5267 ad
3330 5214 3521 5283 Aaron,
3549 5214 3736 5287 Accipe

2152 5331 2237 5369 vas
2259 5328 2467 5367 aureum
2492 5327 2671 5377 unum,
2701 5318 2747 5365 et
2773 5311 2910 5362 mitte
2936 5306 3067 5362 illud
3095 5308 3297 5378 plenum
3322 5324 3499 5379 gomor
3520 5325 3730 5379 manna,

2149 5418 2195 5462 et
2224 5421 2433 5477 repones
2480 5401 2611 5458 illud
2657 5411 2773 5454 ante
2809 5398 2992 5466 Deum,
3024 5407 3078 5453 ut
3102 5409 3321 5454 seruetur
3358 5400 3412 5454 in
3447 5400 3729 5473 progenies,

2147 5500 2566 5575 quemadmodum
2607 5497 2841 5570 prwcepit
2878 5495 3144 5551 Dominus.
3189 5495 3367 5565 Quarri
3397 5505 3609 5567 potest,
3645 5495 3733 5552 ubi

2148 5603 2325 5653 Aaron
2355 5600 2575 5667 poneret
2602 5601 2723 5647 ante
2750 5590 2932 5653 Deum,
2963 5587 3174 5659 quando
3198 5603 3297 5645 nec
3322 5587 3486 5643 ullum
3511 5586 3732 5643 simula-

2211 5738 2227 5770 ι
2252 5740 2301 5785 In
2321 5733 2481 5805 editis,
2497 5728 2545 5803 si
2563 5725 2817 5779 αηώιιιαιι.
2840 5731 2893 5777 ιιι
2907 5732 3036 5788 uss,
3052 5722 3098 5777 si
3114 5722 3436 5805 ambulabunt.
3452 5722 3583 5789 Apud
3602 5728 3732 5787 cxx,

2144 5798 2193 5853 ei
2211 5792 2525 5853 Doreusontai.

2255 5859 2391 5923 Editi,
2414 5857 2501 5910 sed
2523 5861 2575 5907 ut
2596 5852 2698 5920 ipse
2876 5850 3047 5907 Melius
3069 5859 3197 5915 Mss,
3221 5849 3348 5916 ipsos
3372 5848 3489 5916 ipsis
