3902 6306
189 233 311 296 61⁸1

187 361 365 404 crum
389 344 506 410 fuit.
530 357 629 401 nec
641 357 765 400 area
787 344 1092 401 testamenti
1107 344 1218 416 jam
1246 344 1416 400 fuerat
1436 344 1695 403 instituta.
1715 351 1799 404 An

188 437 349 495 forte
387 437 506 494 ideo
526 436 596 493 de
622 437 798 494 futuro
839 437 1006 500 dixit,
1054 452 1300 508 repones,
1326 448 1384 492 ut
1418 437 1802 510 intelligeretur

189 537 337 586 tunc
359 537 482 585 ante
504 528 669 585 Deum
692 543 850 600 posse
865 527 1074 602 reponi,
1091 529 1303 600 quando
1319 530 1492 586 futura
1512 540 1628 586 crat
1646 531 1803 586 arca?

187 633 264 676 an
297 619 499 691 potius,
531 627 651 674 ante
675 619 870 687 Deum,
901 620 1101 676 dictum
1128 632 1212 677 est
1237 620 1379 692 quod
1410 621 1471 678 lit
1497 621 1609 693 ipsa
1635 621 1801 678 devo-

193 711 356 768 tione
384 711 643 768 oll’ereudi
663 751 678 778 ,
706 712 760 766 in
810 727 1146 784 quocumque
1187 712 1307 768 loco
1344 713 1665 783 poneretur?
1709 711 1800 768 ubi

187 805 351 861 enim
380 818 488 859 non
514 812 601 860 est
624 803 804 860 Deus?
825 803 930 860 Sed
956 803 1085 860 illud
1112 801 1256 875 quod
1279 802 1535 874 adjungit,
1570 802 1639 858 Et
1656 820 1803 874 repo-

184 895 299 950 suit
322 896 502 951 Aaron
529 904 648 949 ante
687 894 1026 950 testimonium
1054 897 1122 949 ad
1159 895 1536 962 reservandum,
1567 896 1800 966 priorem

185 985 375 1056 magis
402 999 621 1040 sensum
646 985 857 1040 asserit.
884 984 996 1040 lloc
1021 985 1164 1041 enim
1189 985 1351 1041 modo
1373 984 1645 1056 Scriptum
1668 986 1802 1042 dixit

184 1088 293 1145 per
314 1074 631 1146 prolepsim,
653 1073 793 1144 quod
814 1082 998 1144 postea
1021 1074 1218 1132 factum
1233 1082 1336 1142 est,
1351 1090 1474 1131 cum
1499 1090 1620 1132 esse
1637 1075 1802 1147 coepit

148 1221 155 1229 ,
184 1166 608 1222 tabernaculum
632 1165 943 1221 testimonii.

153 1265 161 1338 ξ
260 1257 432 1314 LXII.
462 1257 564 1333 [Ib.
586 1274 698 1324 va,
714 1257 830 1331 55.]
857 1257 982 1313 Filii
1007 1267 1174 1313 autem
1199 1258 1364 1314 Israel
1386 1261 1592 1315 ederunt
1611 1276 1799 1315 manna

146 1343 161 1424 εἰ
183 1350 344 1405 antris
384 1350 744 1421 quadraginta,
775 1349 1101 1420 quoadusque
1127 1351 1358 1404 venirent
1385 1349 1438 1404 in
1465 1360 1650 1404 terram
1687 1366 1800 1422 qua

183 1439 533 1496 inhabitatur.
562 1440 758 1496 Manna
785 1442 992 1497 ederunt
1012 1442 1337 1510 quoadusque
1358 1441 1578 1495 venirent
1604 1441 1656 1495 iu
1679 1457 1799 1512 par-

183 1541 289 1588 tem
319 1530 607 1588 Phanii-is.
635 1531 963 1603 Signiﬁcavit
990 1530 1260 1603 Scriptura
1289 1545 1385 1603 per
1408 1529 1717 1602 prolepsim,
1743 1531 1796 1587 id

182 1633 292 1689 est,
327 1623 439 1680 hoc
465 1624 586 1680 loco
608 1623 1079 1680 conuucmoraudo
1116 1623 1257 1694 quod
1299 1623 1461 1680 etiam
1496 1632 1680 1694 postea
1721 1623 1798 1679 fa-

181 1725 338 1773 ctum
359 1724 471 1783 est,
498 1732 604 1772 non
624 1717 801 1773 edisse
822 1716 964 1781 filios
986 1716 1144 1772 Israel
1170 1718 1226 1775 iu
1248 1731 1432 1773 eremo
1453 1718 1554 1773 nisi
1579 1732 1795 1775 manna.

184 1805 302 1862 lloc
330 1817 425 1864 est
447 1807 592 1863 enim
619 1807 764 1878 quod
790 1808 884 1869 ait,
916 1823 1072 1879 usque
1095 1807 1162 1860 ad
1190 1816 1378 1862 terram
1410 1822 1526 1878 quis
1545 1807 1796 1862 inhabita-

184 1903 288 1960 ω’,
310 1896 365 1952 id
385 1906 493 1964 est,
512 1912 631 1968 qua:
641 1897 751 1965 jam
773 1911 879 1953 non
900 1907 981 1953 est
1001 1912 1218 1953 ercmus
1239 1915 1253 1950 :
1277 1912 1383 1952 nou
1404 1897 1526 1968 quia
1546 1898 1796 1954 continuo

182 1998 244 2042 ut
284 1996 560 2043 venerunt
585 1987 653 2042 ad
684 1997 879 2042 terram
921 1986 1261 2043 habitabilem
1301 1985 1620 2043 destiterunt
1652 1989 1795 2044 vesci

182 2092 418 2144 manna,
451 2078 546 2135 sed
571 2077 695 2150 quia
723 2091 830 2134 non
857 2087 1003 2135 ante.
1029 2071 1275 2149 Tmfecto
1298 2078 1442 2133 enim
1463 2077 1696 2135 Jordaue
1719 2079 1794 2135 si-

181 2168 484 2239 gnificatur
506 2183 698 2224 manna
727 2182 988 2234 cessasse,
1011 2167 1100 2223 ubi
1130 2183 1299 2240 panes
1327 2176 1484 2224 terra:
1509 2168 1796 2225 manduca-

179 2268 384 2316 Verunt
409 2260 655 2332 :quando
673 2275 803 2327 ergo
821 2257 1045 2332 ingrcssi
1063 2269 1186 2316 sunt
1207 2259 1547 2316 habitabilem
1573 2269 1794 2332 terram,

180 2359 486 2420 antequam
533 2352 823 2408 transirent
858 2350 1171 2419 Jordanem,
1212 2351 1298 2406 vel
1349 2361 1553 2408 tantum
1599 2367 1795 2409 manna

181 2441 368 2508 vesci,
407 2441 493 2499 vel
527 2451 752 2513 utroque
777 2442 901 2498 cibo
928 2449 1244 2512 potuerunt;
1275 2440 1378 2497 hoc
1406 2442 1604 2514 quippe
1640 2443 1797 2500 intel-

184 2535 282 2608 ligi
329 2545 540 2608 potest,
582 2536 796 2611 quando
832 2551 1074 2594 cessasse
1100 2552 1294 2592 manna
1325 2552 1430 2593 non
1472 2537 1666 2594 dicitur
1691 2537 1793 2594 nisi

179 2626 430 2685 Iordane
455 2628 698 2698 trajecto.
724 2628 838 2687 Cur
858 2639 1036 2686 autem
1059 2630 1111 2685 iu
1134 2629 1221 2686 illa
1239 2630 1406 2686 eremi
1431 2630 1608 2702 inopia
1632 2636 1792 2687 etiam

181 2732 388 2777 carnes
415 2718 877 2789 desideraverint,
907 2720 1121 2792 quando
1159 2722 1228 2777 de
1255 2720 1492 2794 Egypto
1527 2739 1650 2779 cum
1679 2723 1793 2779 suis

181 2811 344 2869 Valde
370 2812 559 2869 multis
580 2813 862 2885 pecoribus
898 2813 1181 2882 exierunt,
1213 2828 1402 2886 magna
1431 2816 1658 2885 qua:stio
1685 2824 1789 2871 est.

182 2903 300 2961 Nisi
329 2904 476 2986 forte
496 2905 724 2973 dicatur,
749 2922 872 2962 cum
896 2917 996 2976 per
1019 2922 1259 2963 cremum
1287 2921 1482 2978 pascua
1513 2916 1656 2963 tanta
1684 2924 1793 2966 non

183 3007 410 3064 essent,
440 3005 498 3052 et
534 3010 603 3052 ex
643 3012 711 3054 co
748 2999 927 3054 minor
972 2997 1150 3054 futura
1198 2999 1470 3055 videretur
1493 2999 1792 3058 fecunditas

182 3102 472 3157 pecorum,
504 3090 807 3160 pepercisse
830 3090 952 3147 illos
978 3091 1282 3163 pecoribus,
1320 3107 1390 3148 ne
1415 3093 1664 3150 omnibus
1696 3095 1792 3151 de-

183 3177 518 3246 ﬁcientibus,
546 3181 708 3236 etiam
727 3181 1004 3238 sacriﬁciis
1031 3183 1334 3239 necessaria
1357 3183 1680 3253 defuissent,
1705 3186 1792 3244 vel

181 3269 234 3328 si
257 3271 396 3342 quid
427 3271 570 3327 aliud
596 3273 700 3328 dici
731 3283 925 3344 potest,
959 3275 1100 3330 unde
1139 3276 1365 3346 qumstio
1393 3276 1492 3332 ista
1531 3279 1789 3336 solvatur.

179 3360 591 3434 Ceugruentius
617 3373 794 3421 tamen
827 3363 1064 3422 creditur
1093 3380 1198 3420 non
1221 3381 1318 3421 eos
1355 3380 1547 3422 carnes
1576 3368 1790 3426 deside-

179 3470 368 3519 rasse,
414 3471 548 3527 quas
589 3458 661 3514 de
705 3457 990 3531 pecoribus
1034 3458 1232 3515 habere
1267 3468 1548 3530 poterant;
1577 3462 1671 3518 sed
1700 3477 1793 3520 eas

178 3563 311 3619 quae
338 3546 600 3617 deerant,
629 3565 696 3605 ex
734 3551 889 3622 aquis
917 3549 1181 3606 videlicet.
1211 3550 1356 3622 Ipsas
1382 3552 1577 3623 quippe
1606 3553 1658 3608 in
1700 3555 1789 3610 illa

182 3652 381 3696 eremo
419 3655 526 3696 non
566 3641 908 3697 inveniebant
949 3659 966 3698 :
1001 3641 1143 3698 unde
1179 3649 1236 3700 et
1281 3642 1386 3697 illis
1429 3652 1790 3716 ortygometra

185 3731 312 3787 data
333 3739 440 3797 est,
461 3731 514 3787 id
541 3741 647 3798 est,
675 3746 824 3797 aves,
854 3743 988 3802 quas
1010 3732 1313 3789 coturnices
1335 3733 1485 3788 multi
1516 3734 1677 3789 latine
1704 3735 1789 3789 itt-

187 3824 473 3894 tcrpretati
501 3833 647 3892 sunt,
674 3839 797 3879 cum
822 3823 895 3879 sit
919 3823 1064 3878 aliud
1092 3838 1263 3894 genus
1284 3823 1462 3879 avium
1485 3833 1790 3895 ortygotue-

188 3925 293 3982 tra,
320 3916 569 3986 quamvis
593 3916 954 3973 eoturnicibus
977 3931 1084 3972 non
1110 3932 1488 3988 usquequaque
1508 3917 1784 3974 dissimile.

188 4005 428 4064 Noverat
467 4009 612 4066 enim
641 4009 780 4064 Deus
805 4007 934 4079 quid
962 4007 1348 4075 desiderarent,
1381 4018 1437 4064 et
1461 4009 1788 4069 desiderium

189 4114 380 4156 eorum
404 4115 514 4172 quo
535 4099 714 4158 carnis
735 4113 933 4170 genere
957 4099 1194 4155 satiaret.
1227 4099 1335 4155 Sed
1363 4100 1484 4170 quia
1514 4099 1786 4172 Scriptura

192 4193 563 4265 ceucupivisse
587 4192 708 4249 illos
735 4206 928 4249 carnes
951 4191 1182 4259 dixerat,
1210 4207 1310 4247 nec
1335 4202 1671 4263 expresserat
1694 4208 1789 4250 cu-

187 4284 426 4356 iusmodi
451 4300 660 4350 carnes,
690 4284 812 4340 ideo
835 4283 1059 4356 quaestio
1085 4282 1218 4340 facta
1242 4291 1345 4340 est.

262 4375 449 4433 LXIII.
473 4375 574 4451 [Ib.
605 4391 719 4441 ιν),
746 4373 861 4450 55.]
891 4374 1086 4431 Manna
1117 4374 1328 4429 ederunt
1365 4374 1687 4446 quoadusque
1704 4392 1788 4432 ve-

195 4467 355 4522 nirent
389 4468 450 4522 in
486 4477 681 4539 partem
713 4465 991 4522 Plueuicis.
1026 4462 1146 4521 Jam
1175 4465 1420 4532 dixerat,
1464 4467 1787 4538 quoadusque

195 4557 419 4614 venirent
455 4558 525 4613 ad
563 4567 750 4613 terram
773 4572 886 4626 qua
917 4557 1262 4623 inhabitatur;
1284 4557 1380 4613 sed
1403 4558 1523 4628 quia
1555 4574 1660 4614 non
1687 4575 1783 4615 ex-

194 4659 467 4717 presserat
492 4649 708 4722 proprie
733 4664 894 4721 quam
931 4648 1167 4712 diceret,
1216 4650 1532 4719 repetitione
1576 4650 1787 4706 videtur

196 4741 481 4807 quoidam
509 4740 886 4812 proprietatem
921 4740 1278 4812 expressisse,
1306 4740 1551 4808 dicendo,
1580 4743 1636 4796 in
1661 4758 1783 4814 par-

198 4838 297 4889 tem
322 4831 602 4892 Phoenicis.
633 4831 741 4892 Sed
768 4840 894 4890 tunc
934 4832 1076 4890 illam
1119 4841 1316 4888 terram
1345 4832 1423 4888 sie
1459 4832 1781 4888 credendum

198 4933 283 4981 est
304 4927 664 4999 appellatam;
690 4925 855 4983 modo
878 4926 1022 4983 enim
1045 4925 1147 4982 hoc
1175 4941 1282 4984 non
1309 4936 1528 4982 vocatur
1546 4928 1779 4986 nomine.

199 5016 316 5076 Alis
333 5019 534 5091 quippe
559 5027 645 5075 est
665 5033 788 5090 qua:
815 5016 1067 5074 Phoenice
1093 5018 1391 5088 appellatur
1417 5020 1560 5090 regio
1581 5016 1706 5090 Tyri
1728 5027 1785 5074 et

202 5108 432 5180 Sidonis,
471 5129 574 5185 qua
619 5111 739 5168 illos
781 5111 1038 5169 transisse
1069 5126 1174 5165 non
1218 5108 1430 5182 legitur.
1470 5113 1782 5182 Quanquam

202 5198 467 5276 Scriptura
485 5204 709 5260 fortasse
727 5203 962 5275 potuerit
983 5211 1178 5258 terram
1204 5201 1406 5256 Phanii:
1427 5204 1468 5257 is
1491 5202 1777 5272 aj'petlare,

205 5291 290 5348 ubi
321 5297 611 5364 palmarum
645 5295 866 5352 arbores
890 5293 1002 5366 jam
1030 5308 1149 5349 esse
1173 5305 1443 5364 cmpemut
1471 5305 1590 5363 pust
1612 5296 1780 5350 eremi

205 5385 534 5453 vastitatem;
565 5386 812 5458 quoniam
833 5387 1007 5458 palma
1031 5399 1205 5456 graece
1231 5385 1309 5440 sic
1334 5385 1652 5455 appellatur.
1680 5385 1783 5441 lni-

209 5472 280 5529 tio
323 5479 466 5536 enim
508 5479 848 5550 profectionis
893 5493 1008 5536 sua:
1072 5477 1393 5537 invenerunt
1437 5477 1642 5545 locum,
1691 5478 1782 5537 ubi

206 5571 529 5643 septuaginta
561 5571 852 5641 palmarum
891 5570 1113 5626 arbores
1143 5569 1386 5636 fuerant,
1417 5577 1473 5625 et
1497 5567 1778 5627 duodecim

210 5649 377 5716 lentes
410 5677 425 5715 :
451 5659 545 5716 sed
571 5669 752 5732 postea
773 5674 869 5717 ws
891 5661 1100 5732 excepit
1144 5659 1308 5719 eremi
1348 5659 1625 5733 prolixitas
1643 5699 1662 5730 ,
1687 5659 1777 5717 ubi

476 5755 702 5820 Sacr.
749 5756 1023 5818 Auens'r.
1055 5755 1164 5817 111.
1520 5772 1528 5781 ·

1576 233 1782 293 LlBEii
1817 235 2199 298 SECUNDUS.

3391 245 3494 304 6l3

1911 352 2016 408 tale
2042 351 2393 423 aliquidznon
2423 354 2540 421 fttit,
2570 337 2848 428 quousque
2871 337 3110 418 venirent
3139 361 3204 415 ad
3234 348 3347 417 loca
3374 332 3504 434 (νικά

1907 440 2236 496 colebantur.
2267 441 2465 500 Verum
2492 445 2581 501 ille
2604 460 2795 502 sensus
2821 457 2905 504 est
2929 447 3362 520 probabiliormtt
3384 441 3517 509 ere-‘-

1907 531 2098 588 damus
2121 533 2199 589 sic
2235 535 2553 604 appellatam
2593 545 2721 594 tunc
2759 539 2922 594 fuisse
2961 549 3178 595 terram.
3207 541 3490 599 Multarum

1907 625 2048 680 enim
2071 634 2330 682 terrarum
2353 635 2409 682 ct
2437 628 2694 697 locorum,
2721 630 2858 686 sicut
2883 631 3156 687 fluminum
3181 641 3235 688 et
3258 633 3490 700 urbium,

1907 717 2122 773 nomina
2159 719 2322 775 certis
2354 721 2704 778 existentibus
2728 723 2906 779 causis
2944 725 3256 796 antiquitate
3288 737 3486 787 mutats

1906 816 2048 863 sunt.

1976 898 2160 955 LXIV.
2185 898 2287 974 [Ib.
2328 917 2459 969 xvu,
2491 901 2570 978 5.]
2616 903 2684 959 Et
2710 905 2839 961 dixit
2864 904 3115 963 Dominus
3155 909 3224 961 ad
3253 908 3488 980 Moysen,

1905 990 2150 1046 Antecede
2167 994 2443 1064 populum;
2465 1010 2607 1049 sume
2633 1005 2798 1050 autem
2826 1006 2986 1050 tecum
3012 997 3074 1052 de
3099 999 3376 1054 senioribus
3401 1018 3492 1071 po-

1905 1082 2016 1151 puli
2030 1099 2050 1144 ;
2066 1092 2110 1137 et
2132 1084 2324 1154 virgam
2348 1084 2518 1155 inqua
2538 1087 2826 1157 percussisti
2844 1088 3054 1157 ﬂumen,
3077 1089 3251 1158 accipe
3268 1089 3320 1143 in
3336 1107 3492 1145 manu

1902 1182 2006 1228 tua.
2037 1173 2261 1230 Flumen
2288 1176 2467 1231 Aaron
2491 1175 2702 1246 legitur,
2724 1192 2830 1232 non
2856 1177 3083 1249 Moyses,
3108 1179 3254 1250 virga
3284 1195 3492 1250 percus'

1902 1264 2056 1320 sisse.
2086 1265 2219 1320 Nam
2248 1266 2456 1338 Moyses
2477 1268 2665 1323 eadem
2697 1269 2841 1340 virga
2862 1284 3009 1324 mare
3037 1271 3235 1337 divisit,
3265 1289 3368 1329 non
3390 1275 3489 1330 ilu-

1902 1371 2025 1412 men
2052 1374 2066 1410 :
2095 1357 2224 1427 quid
2253 1356 2352 1412 sibi
2379 1373 2508 1428 ergo
2535 1360 2648 1414 vult
2668 1401 2683 1422 .
2725 1360 2908 1431 Accipe
2936 1362 3126 1432 virgam
3164 1364 3214 1416 in
3243 1381 3344 1434 qua
3370 1383 3489 1436 per-

1901 1446 2099 1501 cussisti
2133 1448 2362 1517 ﬂumen?
2403 1449 2485 1503 An
2528 1447 2664 1505 forte
2717 1465 2866 1505 mare
2914 1452 3200 1521 appellavit
3255 1453 3488 1510 ﬂumen?

1900 1538 2244 1606 quaerendum
2271 1539 2572 1610 exemplum
2603 1540 2886 1596 locutionis
2911 1541 3089 1611 hujus,
3121 1543 3163 1596 si
3187 1544 3256 1598 ita
3281 1554 3381 1599 est.
3404 1547 3486 1600 An

1900 1627 2042 1697 quod
2069 1629 2248 1684 Aaron
2279 1629 2423 1694 fecit,
2451 1631 2615 1703 Moysi
2642 1631 2818 1702 potius
2846 1633 3098 1688 tributum
3123 1646 3223 1700 est,
3252 1638 3371 1706 quia
3394 1652 3489 1708 per

1900 1719 2119 1793 Moysen
2149 1722 2288 1778 Deus
2305 1723 2543 1792 jubebat,
2566 1739 2686 1795 qua:
2707 1725 2906 1781 iaceret
2928 1725 3136 1794 Aaron;
3160 1739 3213 1783 et
3233 1729 3284 1784 in
3309 1731 3489 1801 Moyse

1898 1815 2187 1870 anetoritas
2207 1856 2223 1880 ,
2254 1814 2307 1869 in
2337 1814 2428 1871 illo
2456 1824 2635 1871 autem
2679 1814 3032 1873 ministerium
3076 1817 3166 1873 fuit
3203 1837 3215 1872 :
3245 1822 3485 1891 quando-

1898 1904 2114 1974 quidem
2136 1915 2192 1960 et
2214 1905 2400 1975 primis
2419 1906 2529 1961 suis
2548 1905 2722 1962 verbis
2744 1906 2883 1962 Deus
2913 1907 3014 1964 hoc
3041 1909 3113 1964 illi
3139 1910 3214 1964 ait
3240 1911 3305 1965 de
3325 1910 3490 1967 fratre

1898 2009 2018 2062 suo,
2049 1994 2161 2049 Erit
2188 1995 2277 2050 tibi
2312 1995 2380 2050 ad
2399 1995 2663 2066 populum,
2685 2006 2738 2050 tu
2767 1997 2844 2052 iiIi
2872 2015 2986 2068 qua:
3009 2001 3076 2052 ad
3103 1998 3260 2054 Deum
3291 2000 3484 2072 (Exod.

1898 2100 1974 2154 tv,
2005 2085 2131 2159 16)?

1968 2174 2130 2233 LXV.
2158 2176 2259 2252 [Ib.
2288 2193 2421 2245 xvtl,
2448 2177 2528 2253 9.]
2579 2179 2646 2235 Et
2685 2197 2797 2236 ecce
2815 2199 2909 2254 ego
2942 2191 3019 2238 sto
3061 2200 3213 2253 super
3246 2200 3489 2240 cacumen

1899 2270 2067 2336 collis,
2099 2278 2146 2324 et
2173 2271 2316 2342 rirga
2355 2269 2452 2325 Dei
2479 2271 2534 2325 in
2559 2288 2712 2327 manu
2738 2289 2869 2341 mea,
2903 2273 3034 2329 dicit
3061 2273 3270 2346 Moyses
3301 2275 3366 2331 ad
3393 2275 3486 2331 Je-

1897 2375 2016 2415 sum
2051 2358 2214 2426 Nave,
2247 2375 2369 2415 cum
2412 2362 2730 2434 prmeiperet
2771 2364 2992 2436 pugnari
3037 2364 3293 2422 adversus
3328 2366 3490 2422 Ama-

1895 2448 2035 2507 lech.
2058 2446 2211 2505 Nunc
2238 2464 2368 2520 ergo
2395 2450 2543 2521 virga
2581 2452 2675 2507 Dci
2704 2452 2919 2518 dicitur,
2946 2469 3067 2524 quae
3087 2455 3319 2526 primutn
3348 2456 3487 2513 dicta

1897 2547 1983 2593 est
2001 2538 2146 2614 virga
2189 2540 2386 2603 Aaron,
2420 2549 2605 2610 postea
2645 2556 2775 2598 vero
2809 2544 2955 2614 virga
2982 2543 3147 2613 Moysi
3179 2563 3193 2600 :
3223 2546 3362 2600 sicut
3402 2547 3488 2602 di-

1896 2629 2034 2684 citur
2059 2628 2276 2700 spiritus
2313 2630 2444 2685 Elia:
2481 2631 2572 2702 qui
2605 2641 2688 2687 est
2713 2632 2942 2701 Spiritus
2979 2633 3073 2717 Dei
3111 2635 3262 2717 (Luc.
3294 2653 3342 2703 ι,
3371 2640 3482 2709 17),

1897 2717 2048 2788 cujus
2084 2719 2350 2790 particeps
2389 2719 2558 2775 factus
2594 2731 2677 2776 est
2705 2721 2882 2789 Elias;
2913 2723 2990 2778 sic
3023 2724 3110 2780 illa
3149 2726 3318 2795 potuit
3358 2728 3486 2783 dici.

1899 2808 2100 2864 Dicitur
2125 2807 2287 2865 etiam
2320 2808 2417 2864 Dei
2441 2807 2665 2879 justitia,
2693 2827 2811 2882 qua:
2837 2819 3020 2868 nostra
3045 2825 3148 2882 est,
3171 2817 3265 2871 sed
3291 2816 3488 2874 donata

1895 2916 1926 2954 a
1955 2900 2066 2956 Deo
2097 2917 2111 2955 :
2144 2900 2211 2956 de
2235 2917 2337 2972 qua
2361 2902 2585 2971 loquens
2619 2904 2927 2973 Apostolus,
2952 2905 3165 2962 Jud:eos
3195 2909 3368 2980 arguit
3405 2909 3489 2966 di-

1895 3007 2046 3059 cens,
2085 2991 2388 3063 Ignorantes
2423 2992 2520 3048 Dei
2554 2995 2830 3066 justitiam,
2862 3004 2909 3050 et
2942 3013 3090 3051 suam
3117 2999 3369 3069 justitiam
3403 3017 3492 3055 vo-

1897 3083 2052 3140 lentes
2084 3085 2382 3139 constituere
2424 3085 2611 3156 (Rom.
2645 3101 2705 3152 x,
2735 3085 2814 3158 5),
2847 3087 2899 3142 id
2936 3098 3036 3154 est,
3083 3098 3333 3160 tauquam
3357 3107 3387 3146 a
3429 3107 3488 3148 se

1894 3175 1995 3233 sibi
2038 3186 2301 3246 paratam;
2343 3186 2528 3234 contra
2576 3177 2761 3248 quales
2799 3178 2949 3248 dicit,
2983 3179 3118 3247 Quid
3171 3183 3305 3237 enim
3337 3183 3488 3241 habes

1895 3267 2031 3339 quod
2045 3283 2147 3322 non
2173 3268 2407 3334 accepisti
2433 3267 2477 3339 (I
2502 3266 2619 3322 Cor.
2650 3284 2724 3332 tv,
2753 3269 2808 3338 7)
2835 3268 2858 3322 'l

1966 3356 2150 3412 LXVI.
2182 3356 2284 3430 [Ib.
2312 3372 2468 3422 xvtu,
2496 3356 2776 3430 12.];Venit
2798 3367 2966 3412 autem
2990 3369 3038 3414 et
3060 3361 3228 3416 Aaron
3249 3370 3297 3417 et
3316 3379 3488 3420 omnes

1895 3447 2114 3502 seniores
2152 3445 2319 3502 Israel
2354 3448 2662 3502 manducare
2707 3464 2888 3518 panem
2934 3464 3050 3503 cum
3098 3467 3269 3507 socero
3316 3453 3488 3526 Moysi

1896 3545 2013 3592 ante
2034 3535 2200 3592 Deum
2221 3577 2239 3604 ,
2270 3537 2376 3597 vel.
2403 3538 2541 3592 sicut
2563 3535 2653 3594 alii
2682 3535 2896 3594 codices
2915 3537 3128 3604 habent,
3152 3557 3323 3597 coram
3348 3543 3485 3610 Deo;

1896 3628 2035 3698 quod
2062 3643 2237 3699 graece
2277 3627 2532 3697 scriptum
2571 3638 2654 3684 cst
2694 3631 2898 3682 ιναντίον
2928 3639 3012 3684 τεῦ
3051 3637 3191 3686 Θεοῦ.
3217 3631 3486 3698 Quaeritur

1895 3719 1985 3773 ubi
2022 3728 2145 3774 ante
2178 3718 2368 3783 Deum,
2405 3716 2619 3789 quando
2661 3732 2758 3772 nec
2798 3717 3194 3774 tabernaculum
3235 3720 3354 3789 fuit,
3385 3740 3483 3779 nec

1894 3823 2022 3866 arca
2072 3809 2395 3875 testamenti,
2451 3824 2571 3878 qua:
2611 3817 2794 3878 postea
2832 3820 2957 3864 sunt
2995 3811 3256 3868 instituta.
3299 3814 3485 3886 Neque

1893 3900 2036 3958 enim
2075 3909 2131 3955 et
2173 3899 2259 3954 hic
2299 3899 2368 3956 de
2409 3898 2586 3955 futuro
2629 3899 2828 3955 dictum
2874 3903 3118 3972 accipere
3163 3920 3480 3974 possumus,

1893 3990 2030 4045 sicut
2056 3990 2254 4044 dictum
2297 3997 2379 4046 est
2411 3989 2480 4045 de
2519 4005 2709 4047 manna
2735 3989 2876 4060 quod
2901 3995 3131 4062 positum
3171 4005 3255 4050 est
3282 3997 3335 4052 in
3357 4013 3482 4055 vase

1893 4095 2057 4135 aureo
2085 4079 2302 4152 (Supra,
2337 4089 2516 4150 quast.
2547 4077 2658 4152 61).
2689 4079 2830 4151 Ergo
2868 4089 2992 4136 ante
3043 4083 3204 4139 Deum
3249 4086 3301 4140 id
3339 4089 3482 4143 acci-

1894 4185 2020 4241 pere
2056 4169 2315 4226 debemus
2356 4169 2573 4238 l‘actum,
2601 4169 2743 4240 quod
2771 4170 2826 4226 in
2867 4169 3125 4228 honorem
3157 4175 3251 4231 Dei
3281 4175 3478 4234 factum

1892 4270 1975 4318 est
2007 4278 2019 4314 :
2054 4261 2139 4314 ubi
2161 4260 2302 4317 enim
2334 4276 2438 4316 uou
2469 4259 2646 4315 Deus?

1962 4352 2170 4410 LXVII.
2204 4353 2304 4426 [Ib.
2328 4367 2481 4415 xvnr,
2522 4350 2636 4424 I5.]
2670 4351 2878 4425 Moyses
2912 4368 3100 4410 socero
3127 4355 3260 4413 dixit
3291 4375 3304 4411 :
3345 4360 3478 4425 Quia

1890 4449 2022 4503 venit
2040 4447 2108 4501 ad
2127 4463 2206 4500 me
2229 4444 2448 4517 populus
2476 4445 2723 4514 inquirere
2736 4445 2992 4518 judicium
3020 4464 3053 4500 a
3093 4446 3235 4516 Deo;
3260 4467 3377 4505 cum
3405 4454 3476 4507 ris

1891 4537 2153 4608 contigerit
2184 4535 2501 4605 disceptatio,
2543 4545 2590 4588 et
2623 4534 2842 4589 venerint
2869 4535 2938 4588 ad
2959 4552 3055 4601 me,
3078 4537 3259 4608 judico
3288 4558 3474 4595 unum-

1888 4643 2154 4699 quemque,
2199 4635 2247 4680 ct
2302 4641 2479 4679 moneo
2518 4641 2601 4679 eos
2648 4634 2899 4695 pra'cepta
2939 4625 3037 4681 Dei
3082 4639 3128 4682 et
3158 4629 3315 4701 legem
3345 4635 3453 4703 ejus

1889 4718 2066 4787 Quaeri
2099 4725 2272 4788 potest
2303 4715 2570 4787 quomodo
2616 4715 2716 4771 ista
2753 4714 2959 4787 Moyses
3000 4717 3214 4789 dixerit,
3241 4738 3362 4778 cum
3391 4726 3472 4780 lex

1891 4811 1984 4866 Dei
2019 4807 2196 4865 adhuc
2224 4807 2369 4864 nulla
2395 4807 2696 4878 conscripta
2736 4815 2878 4863 esset
2909 4824 2924 4862 :
2953 4810 3056 4865 nisi
3098 4813 3220 4881 quia
3257 4813 3340 4869 lex
3382 4818 3472 4871 Dei

1889 4901 2215 4974 sempiterna
2253 4908 2356 4966 est,
2399 4913 2556 4970 quam
2593 4899 2877 4954 consulunt
2902 4915 3089 4955 omnes
3117 4903 3216 4972 pia:
3242 4914 3470 4968 mentes.

1887 5005 1947 5050 ut
1970 4992 2114 5065 quod
2139 4993 2191 5048 iu
2223 5007 2287 5049 ea
2309 4991 2630 5058 invenerint,
2659 4992 2743 5048 vel
2763 4991 2977 5062 faciant,
3008 4997 3091 5052 vel
3119 4996 3358 5066 jubeant,
3387 5002 3469 5056 ve?

1889 5094 2089 5158 vetent,
2149 5083 2441 5140 secundum
2513 5083 2654 5151 quod
2717 5084 2805 5140 illa
2865 5085 3278 5144 incommutabili
3327 5106 3441 5146 ver.

1890 5186 1998 5231 tate
2045 5174 2359 5247 praeceperit
2402 5175 2441 5228 ⁸.
2496 5173 2759 5247 Numquid
2811 5177 2952 5232 enim
3010 5177 3256 5249 Moyses,
3286 5198 3465 5251 quam.

1890 5270 1967 5323 vis
2023 5283 2145 5323 cum
2203 5268 2294 5323 illo
2349 5267 2490 5323 Deus
2553 5267 2892 5338 loqueretur,
2959 5284 3053 5338 per
3102 5270 3308 5342 singula
3355 5291 3464 5332 ore.

1887 5358 2120 5415 dendum
2157 5367 2239 5414 cst
2285 5356 2428 5428 quod
2474 5356 2752 5412 consulere
2791 5359 2991 5413 soleret
3030 5360 3218 5429 Deum,
3267 5365 3313 5420 si
3341 5368 3467 5437 quid

1951 5534 3286 5618 ‘HiﬁafﬂdmﬂﬂﬂﬁWﬂ‘é’iW
3307 5558 3466 5618 Perre-

2569 5600 2910 5664 νκπιίεοουεαείν
2924 5615 3154 5666 «meum
3363 5616 3465 5661 κει

2017 5659 2564 5728 t,itla....'prteceperit.
2690 5659 2707 5713 .'

2775 5744 3073 5829 (Vinci-2
