3902 6306
395 257 501 322 ω

397 373 649 442 σιιαῡετίσ,
674 370 796 427 Non
821 365 1086 442 furaberis.
1114 363 1224 420 Sed
1250 362 1377 419 hinc
1403 376 1593 433 magna
1625 359 1852 432 quaestio
1875 370 1978 428 est,

401 483 500 523 nec
535 481 566 520 a
605 459 976 520 festinantibus
1011 453 1294 512 commode
1328 451 1580 523 explicari
1613 458 1820 521 potest,
1847 464 1984 522 quo-

400 555 563 612 modo
602 549 967 621 accipiendum
1014 545 1106 614 sit,
1146 542 1337 600 Perdet
1373 557 1547 596 omnes
1581 542 1669 611 qui
1713 541 1989 611 loquuntur

383 630 717 710 intendacium
745 643 763 710 (
790 638 936 693 Psal.
966 652 1020 702 ν,
1043 636 1075 690 7
1105 635 1154 705 );
1176 642 1251 700 et,
1281 630 1406 687 Noli
1441 632 1570 686 velle
1606 630 1805 686 mentiri
1842 645 1988 684 omne

388 704 721 792 'mendacium
749 704 938 804 lEccli.
960 743 1054 795 vn,
1083 704 1195 794 174);
1216 731 1271 780 et
1294 731 1486 778 ca‘tera
1509 720 1833 792 huiusmodi.

386 867 391 874 ι
477 827 688 884 LXXII.
704 823 806 898 [lb.
828 838 926 886 xx,
947 817 1059 892 18.]
1078 816 1146 872 Et
1157 815 1320 872 omnis
1347 814 1564 884 populus
1578 813 1772 867 videbat
1796 825 1985 878 uocem,

355 939 361 965 ι
399 930 450 975 et
471 915 765 987 ‘lampadas,
785 923 832 967 et
857 926 1024 966 uocem
1042 907 1196 974 tuber,
1217 915 1264 960 et
1284 912 1504 960 montem
1524 906 1823 975 fumantem.
1842 901 1992 958 Solet

355 1053 362 1060 .
401 1010 570 1084 quteri
599 1005 865 1079 quomodo
889 1002 1114 1074 populus
1142 998 1354 1055 videbat
1379 1011 1590 1062 vocem,
1610 1011 1733 1051 cum
1759 1009 1862 1050 vox
1882 1009 1990 1049 non

353 1129 356 1132 ~
407 1103 477 1159 ad
508 1102 711 1166 visum,
744 1098 837 1154 sed
865 1096 1038 1166 potius
1065 1093 1134 1148 ad
1164 1091 1401 1148 auditam
1430 1089 1699 1160 pertinere
1729 1086 1990 1142 videatur.

357 1225 360 1228 ~
405 1193 513 1250 Sed
536 1192 674 1247 sicut
699 1187 858 1244 modo
886 1186 1018 1250 dixi,
1039 1183 1316 1248 Videntur,
1340 1180 1409 1237 de
1434 1178 1685 1235 omnibus
1709 1193 1831 1248 qua:
1854 1192 1885 1232 a
1907 1190 1994 1232 me

404 1283 548 1340 dicta
575 1289 736 1346 sunt;
764 1281 864 1345 sic,
888 1277 1072 1334 videre
1101 1275 1239 1330 solet
1267 1287 1362 1345 pro
1387 1271 1622 1342 generali
1648 1284 1810 1325 sensu
1837 1265 1990 1338 poni.

405 1390 515 1432 non
540 1375 712 1430 solum
737 1369 998 1441 corporis,
1027 1382 1214 1422 verum
1239 1365 1401 1421 etiam
1425 1363 1590 1419 animi
1614 1381 1630 1418 :
1660 1361 1802 1417 unde
1835 1367 1891 1416 et
1927 1359 1995 1414 il-

407 1467 499 1525 Iud
527 1476 628 1530 cst,
651 1465 780 1519 Cum
803 1462 1004 1516 uidisset
1027 1457 1191 1511 Iacob
1214 1456 1334 1525 quia
1372 1463 1488 1509 sunt
1525 1468 1652 1508 esca:
1686 1452 1741 1506 in
1765 1449 1998 1521 Egypto

406 1558 577 1632 (Gen.
607 1571 734 1620 xui,
758 1555 811 1617 1,
837 1568 936 1608 sec.
967 1549 1180 1620 LXX);
1221 1547 1362 1602 unde
1387 1546 1572 1615 utique
1618 1545 1812 1600 absens
1859 1549 1995 1596 erat.

407 1648 725 1718 Quanquam
753 1642 992 1700 nonnulli
1023 1639 1208 1694 videre
1227 1652 1412 1693 vocem
1437 1636 1569 1690 nihil
1599 1634 1741 1689 aliud
1764 1646 1885 1688 esse
1908 1647 1998 1686 ar-

411 1737 595 1794 bitrati
640 1743 766 1791 sunt
803 1747 960 1804 quam
1013 1729 1340 1799 intelligere,
1371 1727 1459 1798 qui
1487 1726 1634 1780 visus
1673 1723 1866 1778 utentis
1894 1730 1997 1777 est.

410 1827 546 1885 Cum
573 1841 702 1882 vero
737 1825 824 1879 hic
851 1822 1083 1880 breviter
1120 1818 1404 1875 dicendum
1432 1825 1578 1873 esset
1602 1813 1745 1886 quod
1776 1813 2000 1884 populus

411 1920 627 1976 videbat
655 1931 842 1972 vocem
871 1923 925 1970 et
945 1910 1239 1983 lampadas,
1271 1921 1326 1964 et
1349 1922 1534 1963 vocem
1565 1906 1707 1961 tuba:
1744 1919 1808 1958 ac
1845 1921 2000 1959 tuon-

412 2019 524 2069 tem
562 2009 874 2072 fumantem,
904 2003 1128 2075 qumstio
1153 2000 1325 2068 major
1352 1999 1582 2053 oriretur
1610 1995 1880 2066 quomodo
1904 2010 2001 2049 au.

411 2101 594 2158 diebat
619 2096 891 2169 lampadas
915 2104 970 2150 et
998 2102 1234 2149 montem
1266 2091 1580 2156 fumantem,
1607 2087 1750 2158 quod
1776 2086 2004 2156 pertinet

387 2192 483 2256 .ad
507 2206 727 2248 sensum
754 2186 986 2243 videndi.
1016 2184 1124 2240 Nisi
1165 2183 1285 2254 quis
1316 2181 1480 2247 dicat,
1509 2194 1610 2235 nec
1640 2190 1745 2232 tam
1773 2175 2006 2232 breviter

414 2281 701 2341 dicendum
746 2279 943 2344 fuisse;
970 2276 1098 2341 sed,
1135 2284 1193 2330 ut
1236 2281 1402 2329 totum
1432 2271 1734 2333 diceretur,
1762 2267 2006 2321 audiebat

415 2389 628 2440 vocem,
651 2381 707 2428 et
735 2369 947 2426 videbat
973 2366 1264 2437 lampadas,
1287 2373 1342 2419 et
1364 2361 1613 2418 audiebat
1633 2374 1820 2415 vocem
1843 2357 2000 2422 tuba),

415 2475 474 2523 et
499 2464 713 2520 videbat
738 2471 974 2518 montem
999 2458 1307 2513 iuntantem.
1331 2455 1446 2510 Duo
1470 2453 1668 2526 quippe
1688 2466 1886 2523 genera
1914 2466 2007 2505 vo-

415 2557 498 2613 cis
515 2561 690 2617 erant,
715 2563 772 2608 ct
793 2551 863 2606 de
888 2549 1138 2615 nubibus,
1169 2548 1308 2604 sicut
1333 2547 1583 2610 tonitrua,
1604 2555 1659 2600 et
1683 2546 1753 2600 de
1780 2543 1936 2608 tuba;
1957 2539 2005 2596 si

416 2660 595 2705 tamen
635 2648 806 2718 ipsam
843 2643 976 2698 dixit
1017 2655 1200 2696 vocem
1228 2654 1349 2709 qua:
1377 2638 1444 2692 de
1473 2635 1704 2692 nubibus
1727 2634 2001 2690 edebatur.

338 2741 345 2748 ’
416 2743 498 2798 Ac
517 2757 612 2812 per
637 2739 739 2793 hoc
768 2735 957 2791 melius
981 2732 1037 2788 in
1061 2732 1126 2788 iis
1145 2747 1264 2804 qua:
1286 2729 1354 2784 ad
1377 2743 1594 2786 sensum
1615 2723 1865 2781 audiendi
1888 2738 2009 2794 pcr-

415 2827 675 2895 tinebant,
704 2824 967 2899 generalis
993 2836 1184 2879 sensus
1209 2829 1291 2875 est
1315 2819 1539 2890 positus,
1563 2817 1664 2871 hoc
1687 2827 1790 2881 est,
1815 2813 2002 2870 viden-

414 2920 493 2988 di,
533 2936 656 2976 cum
699 2917 929 2974 breviter
974 2923 1141 2970 totum
1185 2911 1346 2966 vellet
1382 2909 1654 2981 Scriptura
1701 2905 2002 2976 complecti,

416 3029 577 3086 quam
605 3011 736 3067 utin
762 3011 826 3065 iis
848 3022 968 3080 qua:
992 3006 1261 3078 pertinent
1289 3001 1358 3058 ad
1385 3000 1596 3056 videndi
1621 3014 1858 3064 sensum,
1881 2998 2008 3052 sub.

417 3106 803 3175 intelligeretur
831 3101 1044 3156 auditus
1068 3117 1080 3152 :
1103 3114 1212 3170 quo
1239 3110 1390 3153 more
1428 3094 1572 3166 loqui
1607 3106 1720 3148 non
1749 3092 2003 3148 solemus.

416 3196 575 3263 Nam,
627 3193 758 3249 Vide
802 3192 929 3263 quid
977 3197 1152 3255 sonet,
1193 3187 1431 3244 solemus
1471 3184 1684 3250 dicere;
1711 3182 1850 3239 Audi
1878 3181 2006 3253 quid

415 3290 614 3354 luceat,
644 3303 751 3342 non
776 3285 1030 3340 solemus.

489 3377 724 3436 LXXIII.
749 3375 849 3449 [lb.
877 3389 972 3438 xx,
1001 3372 1111 3445 19.]
1134 3371 1361 3442 Loquere
1383 3378 1437 3424 tu
1460 3368 1683 3434 nobis,et
1712 3383 1813 3422 non
1833 3367 2011 3435 loqua-

421 3482 504 3527 tur
531 3470 600 3525 ad
628 3486 719 3524 nos
745 3467 899 3532 Deus,
928 3481 991 3520 ne
1013 3465 1215 3536 quando
1249 3463 1542 3517 moriamur.
1580 3461 1798 3516 Multum
1827 3468 1881 3514 et
1921 3475 2011 3514 so-

419 3564 531 3621 lide
556 3561 907 3634 signiﬁcatur,
935 3557 1002 3612 ad
1030 3556 1193 3612 Vetus
1218 3555 1618 3610 Testamentum
1643 3553 1886 3607 timorem
1915 3566 2010 3621 po-

418 3659 526 3714 tius
542 3656 829 3727 pertinere,
847 3653 985 3707 sicut
1002 3650 1070 3706 ad
1087 3649 1295 3704 Novum
1317 3647 1654 3702 dilectionem
1673 3663 1687 3700 :
1707 3661 2006 3715 quanquam

419 3759 477 3807 et
501 3750 554 3806 in
576 3748 771 3804 Vetere
801 3742 1008 3800 Novum
1046 3742 1240 3804 lateat,
1275 3748 1332 3795 et
1367 3739 1418 3794 in
1444 3737 1592 3794 Novo
1619 3737 1781 3793 Vetus
1811 3744 2005 3806 pateat.

418 3839 700 3910 Quomodo
735 3847 913 3892 autem
957 3834 1047 3889 tali
1090 3829 1285 3903 populo
1323 3831 1585 3886 tribuatur
1611 3829 1793 3884 videre
1822 3843 2008 3883 vocem

420 3933 540 3999 Dei,
562 3932 607 3988 si
629 3932 732 3986 hoc
749 3927 1115 3998 accipiendum
1143 3934 1227 3980 est
1253 3925 1568 3994 intelligere,
1589 3938 1709 3979 cum
1735 3922 1837 3978 sibi
1865 3921 2008 3992 loqui

421 4025 594 4080 Deum
626 4021 851 4077 timeant
873 4033 942 4074 ne
967 4017 1279 4079 moriantur,
1310 4031 1414 4069 non
1443 4015 1571 4068 satis
1600 4014 1794 4068 elucet.

495 4111 733 4171 LXXIV.
753 4111 851 4184 [lb.
879 4126 970 4177 xx,
993 4107 1109 4181 20.]
1127 4108 1193 4162 Et
1216 4109 1341 4162 dixit
1368 4107 1438 4162 cis
1465 4105 1687 4176 Moyses,
1718 4105 2012 4160 Coustantes

422 4216 578 4265 estote
605 4221 626 4261 :
651 4214 918 4276 praptcrea
944 4201 1077 4256 enim
1101 4208 1229 4255 venit
1251 4199 1386 4253 Deus
1409 4198 1477 4250 ad
1505 4213 1612 4263 ros,
1643 4205 1832 4250 tentare
1852 4211 1937 4250 ros
1958 4206 2011 4249 ut

420 4303 488 4358 sit
527 4301 679 4356 timor
718 4299 829 4369 ejus
858 4297 910 4350 in
937 4295 1202 4358 vobis,.ue
1245 4291 1477 4362 peccetis.
1505 4290 1592 4345 Sic
1621 4288 1697 4344 illi
1727 4287 2010 4344 cohibendi

421 4391 637 4448 fuerant
662 4404 694 4444 a
719 4387 970 4460 peccatis,
999 4386 1177 4454 utique
1205 4380 1438 4438 timendo
1464 4396 1532 4436 ne
1563 4395 1748 4451 lamnas
1782 4379 2007 4435 sensibi-

421 4479 507 4538 les
534 4489 869 4552 paterentur;
895 4478 1018 4547 quia
1062 4473 1294 4530 nondunt
1337 4481 1582 4545 poterant
1624 4487 1806 4527 amare
1849 4471 2011 4540 justi-

423 4571 556 4626 tiam
587 4588 602 4626 :
629 4578 687 4625 et
722 4571 774 4624 in
826 4569 925 4622 lioe
972 4575 1089 4621 erat
1139 4565 1243 4620 illis
1294 4565 1514 4621 tentatio
1558 4580 1588 4618 a
1635 4564 1881 4630 Domino,
1908 4579 2011 4634 qua

424 4660 810 4734 probabantur,
847 4667 902 4713 ut
941 4665 1221 4728 appareret
1247 4656 1546 4727 cujusmodi
1574 4664 1787 4720 essent;
1817 4671 1922 4709 non
1957 4664 2014 4710 ut

424 4753 541 4809 Dm
578 4751 692 4808 noti
737 4751 945 4813 ﬁerent,
977 4763 1134 4818 quem
1178 4762 1283 4804 non
1327 4747 1557 4803 latebant
1602 4748 2014 4818 qualescumque

425 4850 633 4908 essent,
662 4841 759 4899 sed
801 4849 859 4895 ut
907 4841 1047 4894 inter
1089 4853 1149 4895 se
1193 4855 1255 4916 ac
1302 4838 1534 4893 sibimet.
1574 4837 1790 4894 Multum
1835 4849 2012 4896 tamen

380 4915 382 4918 ν
423 4937 546 4994 istis
581 4933 880 4993 terroribus
919 4931 1244 4987 Tcstamcnti
1276 4930 1480 4986 Veteris
1525 4930 1822 4987 dilferentia
1862 4945 2013 4987 com-

425 5024 731 5091 mendatur,
761 5023 902 5096 quod
942 5023 1104 5080 etiam
1135 5023 1186 5077 in
1215 5022 1451 5093 Epistola
1481 5019 1549 5079 ad
1576 5021 1826 5079 Hebraeos
1853 5038 2012 5093 aper-

425 5118 639 5176 tissime
661 5116 861 5173 dictum
891 5126 975 5171 est
1002 5112 1185 5184 (liebr.
1219 5129 1314 5179 xu,
1337 5111 1552 5185 24-28).

495 5210 710 5270 LXXV.
739 5207 840 5284 [lb.
870 5224 964 5275 xx,
989 5205 1106 5279 2L]
1133 5204 1337 5278 Moyses
1361 5215 1529 5260 autem
1551 5205 1753 5261 intravit
1773 5206 1827 5260 in
1853 5204 2010 5260 nebu~

425 5308 554 5374 lam,
590 5302 678 5360 ubi
717 5311 830 5359 erat
868 5300 1008 5356 Deus
1030 5314 1051 5355 :
1075 5297 1128 5354 id
1165 5308 1271 5366 est,
1312 5298 1402 5354 ubi
1442 5298 1777 5369 expressiora
1818 5297 2016 5352 ﬁebant

425 5401 600 5472 signa,
613 5396 807 5470 quibus
819 5401 1236 5467 cognosceretur
1251 5392 1412 5448 Deus.
1427 5389 1559 5446 Nam
1572 5390 1845 5462 quomodo
1861 5391 1913 5444 in
1929 5404 2020 5456 ne:

428 5492 554 5548 bula
570 5500 717 5554 erat,
731 5487 818 5545 cui
837 5487 959 5542 caeli
973 5486 1236 5542 omlorum
1257 5497 1364 5539 non
1389 5483 1657 5539 sufﬁciunt
1674 5499 1690 5547 ;
1709 5482 1808 5538 nisi
1823 5499 2017 5555 quem-

426 5581 716 5638 admodum
760 5593 1020 5648 nusquam
1063 5592 1168 5631 non
1194 5585 1307 5640 est,
1333 5577 1421 5646 qui
1453 5576 1504 5628 in
1529 5575 1642 5630 loco
1670 5576 1816 5630 nullo
1859 5585 1940 5630 est
1965 5577 2016 5629 ³1

493 5697 510 5730 ι
532 5694 671 5753 ram,
692 5693 825 5746 deest
852 5704 869 5743 :
891 5703 980 5755 pro
999 5703 1099 5755 quo
1119 5701 1294 5740 omnes
1315 5696 1442 5750 κισ..
1463 5697 1550 5740 est.

1136 240 1604 319 οωεετιοιιυιι
1640 244 1700 303 S.
1739 239 2106 306 AUGUSTINI
2143 241 2212 302 IN
2251 241 2810 305 IIEPTATEUCIIUM

3573 248 3700 311 ωδ

2166 358 2398 417 LXXVI.
2421 359 2520 434 [lb.
2554 377 2649 430 xx,
2671 359 2789 435 23.]
2818 357 2939 416 Non
2964 360 3158 432 facietis
3185 361 3322 419 vobis
3349 361 3470 419 deos
3495 380 3700 437 argent-

2096 461 2224 521 teos,
2252 462 2300 508 et
2326 454 2448 508 deos
2483 470 2666 509 aureos
2702 471 2805 509 non
2843 455 3038 524 facietis
3070 455 3207 512 vobis
3235 456 3380 526 ipsis.
3407 456 3702 527 Repetitur

2091 543 2302 615 quodin
2324 547 2496 617 primo
2523 557 2789 617 praecepto
2819 545 3139 603 inculcatum
3164 534 3280 612 est;
3308 559 3362 604 et
3388 563 3454 605 ex
3481 549 3590 604 iliis
3613 566 3703 605 ar-

2095 639 2302 708 genteis
2323 647 2378 694 et
2395 639 2574 695 aureis
2594 639 2774 709 utique
2792 639 2967 693 omnia
2993 639 3275 694 simulacra
3299 639 3699 711 intelliguntur,

2091 727 2232 784 sicut
2259 730 2312 784 in
2345 729 2438 784 illo
2463 729 2623 785 etiam
2654 730 2880 800 psalmo,
2909 729 3060 786 ldola
3087 733 3312 802 gentium
3339 744 3615 806 argentum
3649 743 3702 787 et

2094 837 2276 877 aurum
2305 820 2476 892 (Paul.
2507 837 2658 887 cxnt,
2682 822 2739 888 4,
2761 834 2808 878 et
2828 839 3049 891 csxxrv,
3077 824 3188 898 15).

2163 913 2405 971 LXXVII
2449 915 2550 989 [lb.
2585 932 2692 980 XXI,
2714 916 2940 990 2.]Qua:
2968 918 3035 974 de
3060 935 3216 975 set-ro
3245 920 3469 976 llebnro
3499 921 3670 990 ιιι-ειδεί

2096 1005 2336 1075 piantur,
2366 1016 2424 1061 ut
2451 1022 2544 1062 sex
2567 1010 2979 1077 annos-serviat,
3005 1020 3061 1067 ct
3084 1010 3380 1068 dimittatur
3412 1014 3547 1069 liber
3566 1030 3700 1083 gra-

2101 1097 2190 1162 tis,
2219 1113 2287 1152 ne
2316 1098 2452 1152 servi
2480 1098 2765 1154 Christiani
2795 1099 2897 1155 hoc
2921 1101 3219 1171 ﬂagitarent
3239 1119 3268 1157 a
3295 1103 3528 1159 dominis
3557 1104 3698 1169 suis,

2099 1187 2395 1256 apostolica
2424 1190 2717 1245 auctoritas
2739 1190 2893 1260 jubet
2928 1206 3112 1246 servos
3145 1194 3376 1248 dominis
3417 1195 3528 1250 suis
3570 1211 3708 1252 esse

2098 1278 2362 1345 subditos,
2406 1297 2474 1336 ne
2521 1296 2716 1336 nomen
2767 1281 2860 1338 Dei
2904 1290 2961 1338 et
3003 1283 3243 1340 doctrina
3289 1286 3700 1358 blaspliemetur

2101 1368 2315 1444 (Epltes.
2341 1386 2414 1437 vt,
2441 1372 2495 1436 5,
2519 1382 2564 1425 et
2592 1372 2609 1427 l
2641 1370 2773 1426 Tim.
2799 1389 2871 1436 vt,
2897 1372 2974 1443 I).
3007 1373 3139 1430 Illud
3169 1377 3309 1430 enim
3335 1392 3400 1432 ex
3433 1377 3535 1434 Itoc
3564 1379 3705 1434 satis

2101 1471 2310 1517 constat
2342 1463 2395 1517 in
2425 1464 2681 1534 mysterio
2711 1475 3066 1536 praeceptum,
3094 1468 3216 1538 quia
3242 1476 3294 1522 et
3325 1469 3569 1537 pertumli
3601 1485 3703 1524 suo

2102 1550 2224 1606 bula
2253 1551 2372 1624 ejus
2401 1567 2586 1608 aurem
2609 1554 2677 1607 ad
2709 1563 2915 1624 postem
2949 1558 3200 1628 prmeepit
3226 1559 3386 1628 Deus,
3408 1559 3496 1630 qui
3525 1560 3701 1616 liber-

2105 1649 2267 1699 tatem
2295 1645 2434 1699 illam
2466 1657 2785 1702 recusasset.

2176 1732 2454 1788 LXXVIII.
2487 1734 2586 1807 [11).
2616 1752 2726 1802 xxi,
2756 1735 2936 1810 7-II.]
2965 1738 3026 1791 Si
3049 1740 3164 1808 quis
3205 1749 3372 1795 autem
3412 1742 3701 1798 uendiderit

2105 1824 2268 1894 [ilium
2307 1842 2450 1878 suam
2497 1827 2746 1896 [urnulam
2769 1828 2809 1894 ⁸,
2835 1844 2937 1882 non
2970 1827 3123 1883 abibit
3151 1831 3220 1884 ita
3250 1841 3303 1884 ut
3331 1831 3569 1887 recedunt
3595 1849 3700 1887 an-

2106 1916 2260 1969 cillte.
2291 1916 2440 1980 Quod
2463 1917 2508 1970 si
2533 1934 2632 1972 non
2654 1918 2901 1990 placuerit
2921 1919 3126 1976 domino
3153 1938 3264 1986 suo,
3289 1939 3440 1993 quam
3469 1940 3570 1978 non
3598 1941 3705 1980 an-

2107 2007 2382 2061 nominat-it
2424 2024 2555 2075 eam,
2597 2010 2932 2064 remunerabit
2971 2027 3100 2065 eam.
3129 2011 3276 2067 Genti
3314 2023 3480 2067 autem
3515 2026 3704 2069 extera.-

2108 2107 2302 2152 nonest
2331 2098 2565 2154 dominus
2594 2101 2804 2154 cendere
2833 2101 2996 2167 illam,
3025 2103 3265 2172 quoniam
3303 2105 3488 2174 sprevit
3524 2105 3579 2158 in
3616 2120 3698 2158 ea.

2111 2189 2262 2256 Quod
2289 2189 2335 2243 si
2358 2191 2466 2259 ﬁlio
2489 2193 2892 2247 atmominaverit
2916 2210 3048 2260 eam,
3079 2196 3352 2250 secundum
3371 2198 3704 2266 justi/icatio-

2110 2297 2222 2336 nem
2245 2282 2468 2351 ﬁliarum
2495 2285 2646 2356 faciet
2670 2286 2736 2339 ei.
2768 2284 2917 2352 Quod
2951 2287 2998 2341 si
3037 2287 3194 2341 aliam
3236 2288 3444 2358 accipiet
3487 2290 3553 2355 ci,
3587 2306 3704 2360 qua

2110 2388 2237 2442 opus
2254 2382 2390 2440 sunt,
2414 2383 2461 2429 et
2484 2385 2687 2440 restem,
2715 2386 2762 2430 et
2786 2378 3210 2434 conversationem
3240 2381 3351 2450 ejus
3371 2397 3472 2435 non
3497 2382 3704 2453 frauda-

2110 2466 2200 2520 bit.
2236 2466 2298 2522 Si
2324 2477 2493 2522 autem
2529 2469 2628 2522 tria
2666 2469 2775 2522 lucc
2807 2486 2907 2524 non
2945 2471 3120 2540 fecerit
3144 2474 3210 2539 ci,
3235 2471 3384 2527 exibit
3407 2475 3566 2545 gratis
3593 2475 3705 2530 sine

2111 2557 2293 2628 pretio.
2321 2558 2773 2616 Obscurissimum
2818 2561 2982 2617 istum
3033 2563 3205 2617 locum
3251 2565 3497 2620 inusitata
3539 2567 3705 2626 verba

2111 2646 2516 2719 locutionesque
2532 2649 2795 2717 fecerunt,
2819 2651 2890 2705 ita
2912 2660 2970 2706 ut
2986 2653 3301 2722 interpretes
3324 2657 3487 2712 nostri
3509 2673 3702 2727 quem-

2111 2737 2396 2793 admodum
2427 2754 2550 2796 cutn
2577 2741 2939 2812 explicarent,
2981 2758 3119 2813 pene
3156 2760 3262 2799 non
3300 2747 3614 2801 invenirent.
3646 2747 3701 2802 lit

2113 2828 2231 2898 ipso
2273 2845 2484 2900 quoque
2533 2846 2708 2901 graeco
2753 2833 2968 2903 eloquio
3017 2835 3241 2890 multutn
3287 2837 3573 2892 obscurmn
3615 2847 3706 2896 est

2112 2919 2253 2990 quod
2302 2918 2390 2975 Itic
2430 2921 2644 2978 dicitur.
2685 2922 2886 2979 Tamen
2929 2925 3072 2996 quid'
3099 2927 3358 2992 videatur,
3393 2937 3450 2984 ut
3491 2939 3703 3001 potero,

2111 3014 2368 3082 aperiam.

2186 3102 2249 3158 Si
2274 3104 2386 3174 quis
2413 3114 2604 3170 autem,
2640 3106 2837 3177 inquit,
2864 3107 3140 3164 vendiderit
3165 3111 3323 3180 ﬁliam
3349 3129 3492 3166 suam
3523 3117 3703 3186 [amu-

2115 3194 2236 3261 lam,
2267 3193 2318 3248 id
2345 3205 2424 3249 est
2456 3204 2514 3249 ιιι
2537 3195 2605 3250 sit
2635 3195 2847 3261 famula,
2876 3214 3035 3268 quam
3058 3210 3243 3263 etuti-nu
3269 3202 3442 3258 σιειηεί
3471 3214 3700 3262 vocant:

2113 3300 2214 3338 non
2242 3283 2396 3338 abibit
2422 3286 2495 3339 ita
2521 3295 2576 3339 ut
2603 3287 2839 3341 recedunt
2866 3291 3098 3354 ancillte,
3145 3291 3542 3364 intelligendum
3579 3307 3698 3362 est,

2115 3388 2221 3428 non
2250 3374 2329 3429 sic
2356 3375 2602 3442 recedet,
2637 3377 2905 3447 quomodo
2943 3379 3199 3435 recedunt
3223 3383 3431 3438 ancilla:
3460 3385 3702 3442 Ilcbraem

2113 3473 2236 3534 post
2261 3480 2354 3520 sex
2386 3481 2574 3522 annus.
2621 3466 2751 3522 Eam
2777 3469 2973 3539 quippe
3000 3478 3213 3540 oportet
3235 3474 3394 3528 etiam
3423 3473 3474 3528 iii
3503 3472 3700 3531 femina

2116 3553 2336 3610 Hebraea
2367 3557 2536 3626 legem
2564 3555 2744 3611 datam
2773 3558 3022 3632 intelligi,
3049 3577 3167 3632 qua:
3192 3573 3435 3618 servatur
3461 3565 3512 3619 in
3539 3566 3702 3636 mari-

2116 3647 2233 3702 bus.
2261 3645 2369 3701 Cur
2401 3662 2526 3718 ergo
2552 3648 2650 3702 ista
2693 3665 2800 3704 non
2839 3650 2908 3704 ita
2943 3653 3191 3720 recedet,
3229 3655 3327 3708 nisi
3356 3656 3477 3724 quia
3512 3656 3568 3712 in
3607 3657 3701 3712 illo

2115 3736 2368 3793 fatnulatu
2409 3738 2717 3811 intelligitur
2744 3741 3051 3811 humiliata,
3095 3745 3236 3816 quod
3270 3747 3318 3802 ei
3352 3765 3410 3802 se
3446 3748 3697 3807 dominus

2115 3827 2432 3884 miscuerit?
2461 3829 2570 3886 Iioc
2600 3832 2793 3903 quippe
2837 3834 2892 3888 in
2924 3837 3373 3906 consequentibus
3416 3847 3704 3912 utcumque

2115 3919 2380 3974 clarescit.
2410 3919 2661 3990 Sequitur
2686 3922 2828 3977 enim
2855 3932 2910 3979 et
2935 3924 3084 3988 dicit,
3116 3924 3267 3990 Quod
3293 3928 3340 3982 si
3364 3944 3465 3984 non
3495 3930 3703 3997 placue-

2116 4009 2180 4062 rit
2205 4009 2409 4064 domino
2435 4027 2545 4077 suo,
2574 4028 2725 4082 quant
2752 4030 2853 4068 non
2877 4016 3220 4070 annomiuavit
3245 4034 3376 4085 eam,
3409 4017 3458 4075 id
3489 4032 3570 4076 est
3596 4037 3706 4080 non

2116 4116 2234 4157 cam
2270 4102 2392 4158 fecit
2425 4120 2642 4159 uxorem
2677 4123 2690 4158 :
2724 4107 3054 4163 remunerabit
3082 4125 3226 4175 eam,
3270 4111 3370 4166 hoc
3403 4121 3487 4168 est
3509 4155 3524 4178 ,
3562 4115 3704 4184 quod

2118 4207 2276 4264 supra
2305 4194 2468 4259 dixit,
2503 4213 2602 4250 non
2630 4197 2782 4251 abibit
2807 4199 2879 4253 ita
2903 4210 2955 4253 ut
2979 4201 3217 4256 recedunt
3242 4202 3462 4260 ancillte.
3489 4204 3699 4262 Iustum

2117 4293 2202 4339 est
2228 4285 2250 4316 '
2278 4285 2473 4356 quippe
2508 4286 2703 4357 aliquid
2740 4289 2985 4359 accipere
3025 4306 3122 4364 pro
3155 4308 3222 4348 co
3255 4295 3394 4365 quod
3431 4295 3707 4356 humiliata

2118 4382 2232 4441 est;
2260 4376 2381 4446 quia
2410 4392 2515 4432 non
2541 4378 2589 4432 ei
2617 4392 2676 4433 se
2700 4379 2770 4434 ita
2795 4382 3034 4450 miscuit,
3061 4392 3117 4439 ιιι
3143 4383 3343 4442 laceret
3368 4403 3619 4454 uxorem,
3652 4391 3703 4445 id

2119 4474 2238 4533 est,
2272 4474 2329 4521 ut
2355 4467 2726 4524 annomiuaret
2753 4485 2873 4527 eam
2902 4472 3021 4529 sibi.
3051 4473 3162 4530 Iloc
3189 4486 3366 4533 autem
3392 4479 3532 4550 quod
3562 4481 3707 4537 dixi-

2120 4573 2238 4612 mus
2259 4595 2276 4623 ,
2304 4559 2636 4614 remunerabit
2664 4578 2774 4616 eam
2795 4604 2810 4629 ,
2841 4563 3052 4636 quidaut
3082 4565 3399 4639 interpretes
3422 4571 3702 4639 dixerunt,

2119 4647 2328 4704 redimet
2355 4665 2485 4702 eam.
2512 4649 2665 4717 Quod
2694 4652 2737 4707 si
2769 4653 2821 4707 in
2843 4669 3018 4725 graeco
3037 4655 3237 4712 dictum
3263 4668 3407 4716 esset
3431 4665 3706 4734 ἀπολυτρὼ-

2121 4763 2280 4807 σσται,
2311 4741 2566 4812 scriptum
2591 4751 2734 4799 esset
2771 4745 2907 4799 sicut
2942 4747 3196 4818 scriptum
3236 4760 3352 4818 est,
3391 4751 3459 4806 Et
3485 4754 3594 4822 ipsa
3619 4772 3704 4810 rc-

2121 4832 2272 4888 tlimct
2307 4831 2474 4888 Israel
2515 4833 2697 4905 (ΡδαΙ.
2727 4851 2892 4892 CXXIX
2911 4877 2926 4904 ,
2953 4838 3017 4910 8)
3041 4855 3056 4906 ς
3091 4855 3214 4898 nam
3242 4853 3295 4900 et
3319 4846 3702 4918 ἀπθλυτρώσεται

2121 4925 2377 4993 scriptmn
2408 4932 2505 4978 est.
2543 4925 2598 4980 In
2641 4926 2738 4982 hoc
2773 4939 2948 4983 autem
2985 4931 3100 4986 loco
3135 4936 3455 5006 ἀπολυτρὼτιε
3488 4937 3705 5009 legitur,

2123 5017 2211 5071 ubi
2239 5015 2551 5088 intelligitur
2575 5019 2716 5088 quod
2742 5021 2935 5090 accipit
2962 5023 3129 5094 magis
3154 5024 3348 5098 aliquid
3368 5070 3383 5093 ,
3420 5043 3576 5099 quam
3610 5047 3710 5101 pro

2122 5122 2185 5162 ea
2214 5106 2370 5162 datur
2403 5116 2459 5161 ut
2491 5107 2799 5164 redimatur.
2830 5109 2927 5166 Cui
2954 5114 3098 5169 enim
3121 5115 3528 5175 dabitdominus
3550 5119 3703 5189 ejus.

2127 5206 2183 5254 ut
2212 5197 2434 5255 redimat
2457 5215 2614 5271 quam
2642 5202 2753 5273 ipse
2780 5203 3030 5261 famulam
3061 5208 3334 5278 possidet?
3365 5209 3513 5267 Genti
3539 5226 3706 5269 autem

2125 5300 2309 5346 extera:
2335 5300 2534 5348 nonest
2561 5292 2794 5349 dominus
2830 5296 3040 5352 cendere
3069 5297 3213 5353 illam
3230 5339 3248 5368 ,
3287 5302 3406 5370 quia
3441 5305 3624 5374 sprevit
3652 5306 3708 5362 in

2123 5401 2184 5438 ea
2209 5398 2229 5440 :
2253 5381 2305 5440 id
2331 5391 2444 5450 est,
2473 5399 2580 5440 non
2607 5386 2728 5457 quia
2756 5389 2956 5458 sprevit
2988 5389 3039 5444 in
3068 5405 3130 5446 ea
3151 5431 3166 5454 ,
3199 5391 3318 5447 ideo
3343 5383 3707 5452 doniinus'est

2124 5475 2358 5533 vendere
2401 5477 2581 5543 illam,
2621 5478 2671 5532 id
2715 5489 2798 5534 est
2828 5481 2880 5533 in
2918 5490 3118 5536 tantum
3153 5488 3200 5538 ei
3235 5483 3613 5553 dominabitur,
3647 5499 3705 5547 ut

2191 5636 2305 5704 [sic
2328 5643 2427 5704 uss.
2453 5643 2746 5696 constanter,
2763 5638 2902 5700 juxta
2925 5645 3050 5689 Lxx.
3083 5648 3134 5691 st
3155 5640 3291 5703 editi,
3312 5642 3364 5694 in
3382 5646 3625 5704 [auratam

2191 5697 2212 5729 ²
2236 5704 2363 5755 Mss,
2385 5697 2515 5748 iussa
2535 5705 2620 5747 est.
