3902 6298
193 279 318 340 825

196 402 373 456 etiam
400 408 597 456 exterat
622 396 765 468 genti
790 410 908 453 eam
942 394 1087 451 licite
1119 391 1334 449 vendat.
1362 388 1475 445 Hoc
1506 396 1587 444 est
1618 394 1796 441 autem

197 493 398 563 sprevit
437 492 491 545 in
527 508 622 559 ea,
658 488 800 561 quod
837 497 920 545 est
948 486 1148 560 sprevit
1184 486 1235 540 in
1270 498 1387 538 eam
1420 480 1661 551 :sprevit
1678 492 1797 533 eam

198 596 410 648 autent,
442 585 544 639 hoc
569 592 653 639 est
678 582 975 637 humiliavit
1005 595 1159 645 eam,
1192 578 1244 631 id
1285 584 1368 632 est
1391 570 1799 630 concumbendo

199 693 309 733 nec
354 691 574 731 uxorem
622 672 885 729 faciendo.
934 671 1074 727 Dixit
1111 678 1290 725 autem
1330 679 1503 738 grazee
1545 672 1797 728 ἡοιτησιν,

201 767 353 840 quod
383 783 482 822 nos
508 764 746 821 diximus
774 763 959 834 sprevit
977 803 994 829 ,
1020 776 1126 832 quo
1145 758 1307 814 verbo
1335 755 1611 828 Scriptura
1636 754 1802 809 utitur

198 858 349 928 apud
378 856 669 913 Jcremiam
688 896 704 922 ,
742 854 888 911 Sicut
916 852 1107 925 spernit
1135 849 1314 906 mulier
1337 864 1451 903 eum
1477 847 1559 902 cui
1587 845 1800 901 commi-

199 959 379 1005 scetur
412 948 627 1021 (Jerent.
659 961 737 1010 ιιι.
768 945 885 1011 20).

277 1041 488 1098 Deinde
513 1040 755 1111 sequitur
769 1048 824 1095 et
848 1038 996 1100 dicit.
1024 1035 1173 1104 Quod
1196 1036 1241 1091 si
1266 1035 1376 1106 [ilio
1403 1031 1805 1089 annominarerit

199 1153 317 1191 eant
339 1176 355 1201 ,
392 1136 668 1190 secundum
707 1132 1116 1201 iustiﬁcationem
1153 1130 1374 1198 ﬁliarum
1416 1129 1567 1199 faciet
1606 1127 1665 1181 ei.
1706 1126 1806 1181 Hic

190 1228 315 1298 'jam
360 1240 621 1297 apparere
665 1223 850 1294 incipit
886 1219 1334 1293 quemadmodum
1376 1233 1534 1287 supra
1574 1207 1802 1282 dixerit,

202 1335 362 1387 quam
408 1332 507 1371 non
543 1314 911 1369 annominarit.
954 1312 1087 1367 Natn
1126 1310 1251 1381 quid
1289 1319 1372 1365 est
1404 1308 1582 1375 aliud,
1621 1309 1665 1363 si
1697 1306 1806 1377 ﬁlio

206 1408 618 1464 annominarerit
637 1424 770 1471 eam,
795 1406 894 1461 nisi
923 1406 1032 1458 lilio
1054 1404 1389 1473 eonjunxerit
1409 1417 1526 1455 eam
1550 1398 1807 1454 uxorem?

202 1499 646 1571 quandoquidem
668 1496 815 1561 dicit,
848 1496 1121 1550 secundum
1137 1495 1555 1567 justi/irationem
1582 1492 1807 1558 ﬁliarum

202 1593 359 1664 faciet
390 1592 465 1657 ei,
498 1590 549 1646 id
578 1597 693 1653 est,
728 1598 785 1643 ut
813 1588 893 1641 sic
921 1586 1094 1641 tradat
1124 1595 1370 1655 tanquam
1403 1585 1595 1644 tiliam.
1626 1582 1806 1637 dotem

202 1685 418 1741 scilicet
451 1697 729 1753 apponens
762 1682 833 1738 ci.
864 1678 1064 1735 Deinde
1092 1678 1359 1748 adjungit,
1400 1675 1548 1741 Quod
1580 1675 1624 1729 si
1653 1673 1808 1727 aliam

200 1778 427 1849 accipiet
467 1777 512 1830 ei
529 1817 544 1840 ,
582 1776 633 1830 id
663 1784 743 1830 est
773 1787 878 1829 non
909 1773 1063 1826 istam
1090 1767 1423 1840 deputaverit
1452 1781 1672 1821 uxorem
1703 1765 1809 1819 lilio

205 1886 307 1927 suo
323 1913 340 1932 ,
367 1869 469 1925 sed
491 1871 539 1925 ci
562 1868 720 1925 aliam
747 1864 1011 1937 accipiat:
1034 1878 1148 1935 qua:
1165 1878 1292 1932 opus
1314 1868 1430 1915 sunt
1449 1903 1463 1923 ,
1490 1868 1536 1915 et
1557 1868 1739 1912 vestem
1763 1867 1810 1911 et

202 1962 643 2020 concenationem
664 1959 772 2031 dus
800 1974 900 2013 non
923 1953 1221 2028 fraudabit,‘
1248 1951 1394 2007 dabit
1413 1950 1463 2007 ei
1490 1950 1646 2006 simili
1670 1950 1807 2019 lege,

206 2068 330 2124 qua:
356 2060 707 2121 competunt,
728 2046 980 2119 quoniam
1011 2062 1118 2101 non
1147 2044 1341 2099 mansit
1361 2058 1494 2097 uxor
1520 2042 1629 2096 lilio
1655 2041 1771 2111 ejus
1790 2080 1806 2107 ,

206 2140 672 2214 quemadmodum
698 2138 746 2193 ei
772 2137 953 2201 daret,
984 2136 1029 2192 si
1059 2151 1176 2191 eam
1202 2134 1302 2189 sibi
1331 2150 1436 2188 non
1463 2132 1810 2188 annominas-

208 2245 328 2303 set,
358 2245 420 2290 ct
449 2244 624 2289 tamen
650 2228 1057 2287 concumbendo
1084 2227 1430 2283 humiliasset.
1458 2224 1610 2293 Qttod
1634 2233 1810 2279 autem

211 2342 314 2382 nos
353 2327 627 2391 diximus,
674 2322 1095 2377 conversationem
1133 2336 1235 2373 non
1279 2316 1565 2391 fraudabit,
1608 2329 1814 2387 grmcus

210 2415 388 2474 habet
408 2422 619 2484 ὁμιλίαν,
644 2413 696 2470 id
715 2422 819 2470 est.
842 2412 1181 2475 locutionem,
1206 2423 1311 2480 quo
1332 2409 1546 2465 nomine
1570 2408 1815 2481 intelligi-

214 2520 306 2566 tur
337 2510 619 2580 Scriptura
660 2504 935 2561 honestius
970 2502 1241 2573 appellare
1278 2500 1634 2555 concubitum.
1679 2499 1813 2565 Quid

170 2622 183 2633 ἰ
214 2609 303 2655 est
338 2609 559 2665 autem,
585 2594 937 2653 Concubitum
972 2608 1076 2647 non
1109 2590 1400 2655 fraudabit,
1431 2589 1529 2644 nisi
1561 2604 1659 2660 pro
1685 2603 1816 2662 cono

216 2690 408 2745 cubitu
436 2686 738 2743 mercedem
765 2684 944 2739 dabit?
966 2682 1203 2753 Namque
1226 2680 1365 2751 apud
1395 2680 1663 2735 Danieleut
1690 2694 1818 2735 eon-

216 2790 302 2837 tra
331 2782 640 2837 Susannam
669 2778 859 2833 falsum
889 2770 1248 2831 testimonium
1276 2772 1515 2829 dicentes
1541 2771 1782 2826 seniores
1800 2812 1817 2838 ,

228 2873 415 2936 Venit,
448 2871 691 2943 inquiunt
708 2912 723 2935 ,
748 2869 818 2923 ad
838 2884 948 2922 eam
976 2866 1295 2932 adolescens,
1321 2864 1411 2936 qui
1432 2872 1539 2918 erat
1565 2863 1619 2916 in
1646 2861 1822 2918 latenti

223 2964 578 3029 absconditus,
611 2971 658 3016 et
684 2960 948 3016 concubuit
976 2974 1088 3013 cum
1110 2974 1188 3012 ea.
1220 2956 1401 3012 Daniel
1425 2966 1601 3011 autem
1627 2956 1694 3012 de
1720 2954 1822 3012 hoc

224 3058 348 3127 ipso
378 3057 735 3125 interrogans,
763 3053 857 3118 ait,
891 3050 1003 3106 Sub
1029 3065 1131 3122 qua
1154 3047 1333 3103 arbore
1360 3047 1528 3101 vidisti
1550 3062 1633 3102 eos
1658 3046 1821 3101 collo-

222 3158 439 3219 quentes
467 3162 486 3200 :
513 3144 654 3216 quod
684 3142 759 3200 illi
788 3143 1054 3208 dixerant,
1082 3140 1346 3195 concubuit
1370 3156 1485 3194 cum
1513 3156 1591 3193 ea.
1623 3139 1823 3194 Deinde

224 3238 461 3293 alterum
492 3250 720 3305 arguens
744 3243 903 3303 atque
928 3232 1255 3286 convincens
1280 3230 1414 3284 dixit
1430 3271 1445 3293 ,
1473 3229 1658 3285 Semen
1683 3229 1824 3285 Cita-

225 3345 373 3383 naan
394 3368 407 3389 ,
433 3337 479 3381 et
506 3343 605 3380 non
630 3323 665 3379 J
672 3324 774 3378 uda
794 3365 811 3391 ,
840 3323 1031 3394 species
1059 3322 1321 3376 delectarit
1346 3330 1424 3386 te,
1451 3331 1497 3374 et
1522 3321 1612 3373 illa
1639 3337 1824 3374 concu-

230 3418 483 3488 piscentia
522 3416 690 3469 evertit
726 3430 813 3467 cor
838 3425 979 3467 tuum
1009 3429 1023 3467 :
1052 3412 1124 3468 sic
1155 3412 1287 3465 enim
1325 3410 1585 3479 faciebatis
1627 3411 1827 3478 filiabus

229 3506 429 3569 Israel,
457 3506 545 3561 sed
569 3506 674 3560 illa:
700 3505 925 3558 timentes
950 3502 1326 3575 acquiescebant
1350 3503 1487 3556 vobis
1514 3500 1675 3571 (Dan.
1706 3518 1823 3569 xm,

230 3599 327 3665 37,
360 3598 576 3670 54-58).
617 3596 835 3652 Gnecus
870 3605 1048 3653 autem
1087 3595 1247 3651 habet
1272 3601 1471 3663 ὁμίλουν
1512 3600 1650 3661 ὑμῖν,
1686 3595 1828 3665 quod

234 3697 426 3761 posset
456 3688 619 3744 latine
644 3687 863 3743 verbum
893 3702 925 3743 e
952 3686 1114 3741 verbo
1147 3685 1251 3740 diei
1271 3726 1286 3752 ,
1323 3684 1699 3754 Loquebantur
1730 3700 1827 3741 vo-

234 3784 320 3839 bis
356 3802 371 3839 :
402 3798 507 3853 quo
531 3782 917 3853 signiﬁcaretur
940 3780 1270 3835 concubitus.
1316 3777 1450 3835 Nam
1486 3779 1575 3834 ubi
1606 3780 1824 3847 dicitur,

236 3878 352 3935 Sub
391 3894 491 3947 qua
526 3875 703 3931 arbore
742 3874 1190 3947 compreltendistis
1226 3890 1345 3937 eos,
1390 3888 1593 3945 gnecus
1632 3872 1826 3939 habet,

239 3968 737 4041 Comprehendistis
777 3982 870 4022 eos
907 3967 1276 4038 colloquentes
1311 3966 1536 4021 invicem
1577 3984 1591 4020 :
1630 3975 1685 4023 et
1723 3966 1829 4021 illic

241 4061 433 4134 signifit
452 4071 575 4116 atttr
593 4058 927 4115 concubitus.

311 4153 467 4225 Quod
493 4156 622 4220 ergo
643 4153 710 4208 de
737 4153 837 4209 hac
859 4152 927 4208 de
951 4165 1053 4222 qua
1078 4149 1253 4221 agitur
1270 4148 1507 4221 adjungit
1531 4149 1822 4220 Scriptura,

242 4255 294 4302 et
323 4246 483 4310 dicit,
516 4245 577 4299 Si
600 4254 765 4298 autent
787 4243 885 4297 tria
904 4244 1011 4296 lure
1036 4258 1137 4295 non
1161 4240 1332 4311 fecerit
1360 4240 1435 4305 ei,
1462 4240 1613 4294 exibit
1638 4241 1826 4312 gratis,

245 4336 345 4393 hoc
376 4335 709 4406 intelligitur,
751 4332 807 4391 Si
844 4349 961 4389 eam
993 4333 1107 4403 ipse
1131 4330 1413 4388 concubitu
1441 4346 1547 4387 non
1579 4330 1826 4387 humilia-

242 4428 397 4489 verit,
417 4442 589 4497 neque
608 4426 714 4480 lllio
737 4438 835 4479 suo
851 4423 1206 4491 coniunxerit,
1226 4436 1398 4493 neque
1413 4422 1515 4477 alia
1541 4437 1570 4475 a
1601 4422 1711 4477 lilio
1729 4437 1828 4479 suo

243 4520 400 4576 ducta
439 4521 593 4575 istam
624 4518 872 4589 ejcccrit,
915 4516 1068 4571 abibit
1100 4514 1289 4588 gratis,
1328 4514 1381 4569 id
1418 4524 1499 4570 est
1526 4514 1755 4570 sufficiet
1780 4514 1829 4571 ei

244 4626 350 4667 non
377 4613 546 4667 tcneri
573 4610 624 4665 in
647 4610 920 4665 servitute.
947 4607 1125 4663 Abibit
1145 4607 1285 4662 enim
1309 4605 1438 4661 nihil
1463 4606 1749 4676 accipiens,
1774 4614 1832 4662 ut

246 4717 435 4759 servus
456 4700 726 4757 llebra-us.
756 4698 873 4756 Non
895 4699 1034 4754 enim
1057 4696 1180 4753 licet
1203 4696 1418 4751 domino
1444 4696 1559 4765 ejus
1582 4699 1833 4767 copulare

248 4791 390 4848 illaut
422 4793 537 4847 viro
566 4806 669 4845 non
702 4789 959 4855 llebrteo,
988 4804 1145 4860 quam
1178 4802 1284 4843 non
1310 4786 1433 4841 licet
1462 4796 1659 4842 extera:
1686 4788 1830 4857 genti

251 4883 406 4939 tradi.
445 4883 501 4938 Si
521 4889 695 4939 autem
730 4896 889 4937 servo
927 4880 1151 4936 llebrteo
1183 4893 1300 4934 eam
1335 4877 1695 4949 copulaverit,
1732 4876 1835 4934 hoc

251 4977 431 5049 utique
452 4974 779 5047 intelligitur,
806 4973 949 5045 quod
975 4988 1097 5029 cum
1127 4989 1191 5028 eo
1216 4973 1382 5043 gratis
1407 4972 1603 5037 exibit,
1630 4985 1829 5043 nequa-

254 5082 411 5138 quam
435 5083 465 5121 a
495 5067 684 5121 marito
709 5072 971 5134 separata.

322 5157 554 5216 LXXIX.
572 5156 669 5231 [ιδ.
692 5170 804 5222 ut,
830 5151 1048 5227 12,13.)
1071 5152 1132 5210 Si
1145 5152 1257 5224 quis
1276 5153 1572 5223 percusserit
1593 5150 1831 5223 aliquem,

260 5262 302 5305 et
321 5262 543 5307 ntortuus
565 5252 735 5323 fuerit,
757 5258 916 5303 utorte
937 5247 1203 5302 moriatur.
1228 5246 1325 5311 Qui
1344 5255 1508 5299 autem
1530 5245 1725 5311 nolens,
1747 5244 1835 5299 sed

262 5342 391 5401 Deus
418 5345 626 5401 tradidit
660 5343 714 5397 in
756 5357 939 5397 manus
977 5340 1114 5411 ejus,
1149 5338 1276 5391 dabo
1305 5338 1391 5390 tibi
1420 5338 1583 5391 locum
1612 5338 1663 5390 in
1689 5351 1834 5407 queat

264 5436 435 5507 fugiat.
477 5436 742 5506 Quaeritur
768 5434 872 5489 hoc
898 5429 1164 5502 quomodo
1190 5430 1389 5485 dictum
1419 5429 1526 5495 sit,
1573 5428 1634 5483 Si
1670 5439 1834 5482 autem

263 5529 450 5593 nolens,
478 5529 566 5583 sed
595 5527 729 5582 Deus
753 5526 960 5580 tradidit
980 5525 1032 5578 in
1053 5540 1229 5577 manus
1255 5522 1366 5591 ejus
1387 5538 1407 5587 ;
1434 5521 1583 5592 quasi
1613 5520 1711 5576 etsi
1740 5536 1833 5575 v0-

264 5616 373 5673 lens
400 5620 685 5685 occiderit,
710 5626 889 5689 posset
910 5614 1185 5680 occidere,
1223 5613 1325 5670 nisi
1358 5612 1497 5667 Deus
1526 5607 1759 5668 traderet
1782 5611 1836 5665 in

262 5724 441 5768 manus
468 5712 602 5782 ejus.
636 5711 947 5781 lnlelligitnr
972 5722 1128 5779 ergo,
1161 5700 1533 5764 tantummodo
1559 5704 1724 5761 Deum
1751 5703 1831 5757 fe-

1539 270 1745 329 LIBER
1782 264 2162 326 SECUNDUS.

1905 380 2080 447 cisse,
2122 394 2247 436 cum
2284 380 2509 452 quisque
2544 380 2803 437 occiditur
2826 396 2857 436 a
2886 381 3102 437 nolente
3132 399 3145 435 :
3179 390 3233 438 et
3258 396 3355 453 pro
3389 383 3491 441 hoc

1904 472 2046 545 quod
2071 472 2435 528 tantummodo
2465 473 2606 528 Deus
2631 476 2681 528 id
2713 473 2857 539 fecit,
2883 473 3083 530 dictum
3109 485 3210 541 est,
3241 475 3330 529 sed
3353 475 3494 531 Deus

1906 566 2112 621 tradidit
2130 565 2183 619 in
2206 581 2384 619 manus
2404 566 2533 636 ejus.
2555 564 2689 621 Cum
2710 580 2839 620 vero
2860 566 3044 621 volens
3068 566 3281 632 occidit,
3303 577 3359 622 et
3379 568 3494 638 ipso

1905 656 2121 723 Occidit,
2150 665 2206 712 et
2233 656 2373 710 Deus
2401 655 2614 711 tradidit
2644 657 2694 709 in
2728 672 2913 711 manus
2939 656 3074 726 ejus.
3108 658 3218 711 lloc
3246 672 3373 728 ergo
3403 658 3490 713 in-

1907 758 2093 813 terest,
2113 747 2255 819 quod
2274 748 2379 803 illic
2400 756 2602 802 tantum
2626 748 2769 803 Deus
2792 748 2945 803 fecit:
2971 750 3055 804 hic
3073 758 3253 805 autem
3273 757 3328 805 ct
3349 749 3494 806 Deus

1906 848 1964 895 et
1992 839 2173 905 homo,
2204 848 2420 909 propter
2443 839 2767 894 voluntatem
2796 838 3071 904 facientis;
3103 838 3196 895 sed
3224 855 3328 894 non
3354 840 3497 896 sicut

1908 931 2051 988 Deus
2081 929 2261 986 homo.
2296 930 2438 986 Deus
2474 929 2619 985 enim
2663 931 2871 986 nonnisi
2907 930 3083 1001 juste,
3120 929 3282 987 homo
3315 940 3495 989 autem

1907 1039 2066 1096 paena
2092 1024 2281 1094 dignus
2313 1041 2329 1079 :
2353 1038 2459 1079 non
2486 1024 2608 1093 quia
2632 1022 2778 1078 illum
2805 1023 2999 1079 occidit
3024 1040 3180 1094 quem
3212 1024 3353 1080 Deus
3381 1025 3496 1080 nol-

1909 1118 1985 1175 let
2011 1118 2213 1182 occidi,
2245 1115 2338 1174 sed
2364 1117 2486 1188 quia
2510 1133 2607 1187 per
2632 1116 2983 1186 iniquitatem.
3011 1115 3128 1172 Non
3157 1118 3299 1172 enim
3331 1119 3494 1173 mini-

1910 1209 2130 1267 sterium
2161 1209 2272 1263 Deo
2305 1208 2511 1278 jubenti
2545 1207 2787 1277 praebuit,
2818 1207 2913 1262 sed
2939 1223 3048 1262 sure
3073 1209 3319 1279 malignae
3343 1210 3498 1280 cupi-

1909 1300 2062 1356 dilati
2096 1298 2331 1355 servivit.
2368 1298 2425 1354 ln
2463 1314 2568 1353 uno
2599 1298 2757 1370 igitur
2781 1297 3074 1369 eodemque
3104 1298 3243 1354 facto
3273 1307 3328 1354 et
3356 1300 3498 1355 Deus

1909 1395 1977 1450 de
2002 1396 2205 1450 occulta
2236 1396 2484 1463 tequitate
2513 1393 2778 1460 laudatur,
2809 1403 2863 1448 et
2883 1394 3041 1447 homo
3064 1392 3133 1449 de
3159 1395 3368 1465 prepria
3392 1394 3496 1449 ini-

1911 1486 2112 1556 quitate
2153 1488 2385 1556 punitur.
2426 1485 2539 1540 Non
2576 1485 2718 1541 enim
2759 1483 2881 1554 quia
2918 1483 3058 1539 Deus
3110 1486 3326 1555 proprio
3363 1483 3499 1539 Filio

1914 1592 2018 1631 non
2048 1578 2313 1650 pepercit,
2354 1576 2447 1631 sed
2488 1589 2583 1645 pro
2621 1573 2777 1629 nobis
2811 1573 3058 1628 omnibus
3095 1573 3311 1629 tradidit
3351 1573 3499 1630 illum

1914 1669 2088 1741 (Rom.
2119 1687 2231 1735 \‘lll,
2258 1669 2371 1738 32).
2404 1668 2525 1724 ideo
2562 1665 2727 1722 Judas
2756 1674 3038 1722 excusatus
3065 1676 3180 1729 est,
3222 1667 3311 1736 qui
3346 1682 3498 1722 eum-

1912 1762 2033 1816 dem
2064 1761 2128 1814 ad
2161 1771 2387 1815 mortem
2412 1758 2628 1813 tradidit
2649 1758 2940 1813 Christum.
2968 1756 3180 1828 (Matth.
3206 1772 3356 1819 um,
3382 1756 3499 1826 48).

1984 1849 2197 1907 LXXX.
2218 1849 2316 1923 [lb.
2340 1866 2453 1916 χχι,
2473 1848 2684 1922 22-25.]
2704 1849 2765 1905 Si
2785 1858 2947 1904 autem
2974 1850 3239 1920 litigabunt
3260 1849 3361 1903 duo
3385 1851 3499 1913 viri,

1915 1947 1961 1993 et
1990 1942 2321 2010 percusserint
2350 1940 2609 1995 mulierem
2638 1940 2691 1993 in
2720 1950 2860 1993 utero
2889 1940 3153 1994 habentem
3181 1942 3221 2003 ‘,
3252 1949 3299 1992 et
3326 1941 3503 1992 exierit

1915 2030 2087 2101 infans
2127 2032 2236 2103 ejus
2283 2031 2509 2086 nondunt
2548 2033 2824 2102 formatus;
2873 2030 3224 2083 detrimentum
3264 2029 3504 2098 patietur,

1914 2130 2157 2190 quantum
2178 2120 2417 2176 indixerit
2432 2122 2508 2175 vir
2527 2121 2771 2185 mulieris,
2794 2130 2841 2174 et
2861 2119 2998 2175 dabit
3012 2136 3125 2173 cum
3146 2120 3500 2191 postulatione.

1918 2209 2045 2266 Mihi
2080 2211 2289 2267 videtur
2320 2211 2721 2283 signiﬁcationis
2754 2211 2978 2279 alicujus
3010 2225 3167 2265 causa
3211 2210 3315 2264 diei
3354 2210 3501 2275 haec,

1918 2303 2087 2372 magis
2124 2318 2282 2374 quam
2323 2302 2649 2373 Scripturam
2678 2302 2817 2357 circa
2845 2300 3147 2371 hujusmodi
3179 2299 3317 2356 facta
3346 2314 3506 2356 occu-

1918 2405 2119 2464 palam.
2157 2395 2286 2451 Nam
2314 2396 2358 2450 si
2407 2394 2537 2450 illud
2566 2394 2885 2461 attenderet,
2914 2408 2981 2449 ne
3011 2409 3288 2464 pra'guans
3316 2393 3511 2448 mulier

1921 2501 2172 2555 percussa
2196 2486 2250 2541 in
2271 2487 2514 2541 abortum
2538 2486 2968 2555 compelleretur,
2999 2500 3103 2541 nou
3131 2495 3354 2555 poneret
3370 2484 3508 2539 duos

1920 2577 2188 2648 litigantes
2209 2579 2369 2639 viros,
2398 2590 2517 2632 cum
2544 2577 2711 2647 possit
2736 2583 2791 2631 et
2818 2576 2885 2632 ab
2909 2592 3016 2630 uno
3043 2575 3144 2629 hoc
3165 2576 3392 2642 admitti,
3415 2576 3509 2647 qui

1920 2683 2043 2724 cum
2072 2670 2184 2737 ipsa
2206 2668 2425 2723 muliere
2445 2668 2747 2738 litigaverit,
2777 2667 2856 2722 vel
2883 2666 3042 2721 etiam
3071 2681 3175 2722 non
3202 2666 3509 2736 litigaverit,

1922 2759 2017 2815 sed
2045 2759 2233 2816 alienm
2262 2758 2564 2830 posteritati
2595 2772 2788 2813 nocere
2807 2757 3034 2812 volendo
3056 2757 3105 2811 id
3127 2757 3331 2811 fecerit.
3354 2755 3511 2823 Quod

1924 2863 2053 2905 vero
2084 2864 2188 2903 non
2217 2848 2498 2903 formatum
2524 2847 2863 2917 puerperium
2888 2846 3057 2901 noluit
3076 2846 3143 2901 ad
3164 2845 3511 2902 homicidium

1926 2940 2212 3011 pertinere,
2242 2939 2483 3010 profecto
2510 2954 2609 2995 nec
2636 2938 2906 2994 hominem
2936 2937 3209 3009 deputavit
3234 2937 3378 3008 quod
3408 2937 3513 2992 tale

1925 3034 1980 3089 in
2010 3042 2161 3088 utero
2195 3032 2415 3103 geritur.
2454 3030 2551 3086 Hic
2576 3030 2644 3085 de
2672 3030 2847 3084 anima
2874 3030 3097 3099 quzestio
3125 3030 3261 3084 solet
3287 3027 3511 3099 agitari,

1926 3134 2102 3180 utrum
2129 3123 2268 3195 quod
2297 3123 2579 3178 formatum
2609 3136 2715 3177 non
2734 3130 2818 3177 est
2836 3162 2851 3187 ,
2882 3136 2949 3176 ne
2980 3121 3272 3176 animatum
3297 3119 3515 3190 quidem

1928 3216 2094 3285 possit
2118 3214 2336 3285 intelligi
2359 3255 2374 3278 ,
2405 3222 2457 3268 et
2484 3213 2605 3269 ideo
2629 3228 2736 3267 non
2763 3212 2833 3267 sit
2858 3211 3200 3267 homicidium
3220 3252 3235 3279 ,
3262 3211 3384 3281 quia
3414 3226 3517 3268 nec

1929 3308 2286 3363 examinatum
2316 3306 2421 3361 dici
2452 3314 2657 3378 potest,
2689 3306 2732 3359 si
2761 3303 2936 3359 adlmc
2961 3304 3190 3359 animam
3223 3318 3328 3358 non
3354 3302 3519 3358 habe-

1932 3401 2040 3456 bat.
2065 3400 2317 3472 Sequitur
2333 3400 2474 3456 enim
2502 3405 2557 3455 et
2581 3396 2731 3463 dicit,
2759 3396 2819 3452 Si
2847 3406 3015 3450 autem
3042 3399 3313 3467 formatum
3342 3396 3515 3465 fuerit,

1931 3490 2071 3545 dabit
2106 3492 2331 3546 animam
2366 3506 2459 3561 pro
2491 3490 2679 3543 anima.
2712 3488 2809 3544 Ubi
2842 3487 2970 3557 quid
3004 3487 3149 3541 aliud
3184 3487 3511 3557 intelligitur,

1932 3584 2070 3650 nisi,
2098 3592 2154 3638 et
2179 3583 2293 3653 ipse
2317 3583 2606 3638 morietur?
2642 3581 2773 3637 Nam
2800 3581 2904 3637 hoc
2927 3588 2981 3634 et
3009 3580 3061 3634 in
3091 3579 3302 3635 ca-teris
3323 3595 3389 3649 ex
3417 3580 3518 3636 hac

1932 3674 2337 3745 oceasionejam
2360 3674 2619 3744 pneeipit,
2645 3672 2862 3727 Oculum
2891 3688 2983 3743 pro
3006 3672 3171 3738 oculo,
3194 3672 3391 3726 dentem
3421 3689 3514 3741 pro

1932 3766 2097 3828 dente,
2119 3781 2323 3819 ntamtm
2347 3780 2435 3835 pro
2457 3780 2630 3830 ntanu,
2650 3762 2823 3833 pedem
2846 3780 2936 3833 pro
2958 3762 3101 3833 pede,
3125 3762 3517 3817 combustionem

1934 3872 2028 3928 pro
2050 3855 2407 3919 combustione,
2435 3854 2615 3910 vulnus
2636 3870 2727 3926 pro
2747 3854 2969 3920 uulnere,
2987 3855 3190 3908 livorem
3216 3869 3306 3923 pro
3326 3853 3480 3908 liuore
3499 3869 3519 3907 :

1935 3945 2147 4001 talionis
2172 3944 2419 4000 videlicet
2446 3944 2713 4014 aequitate.
2753 3943 2884 4012 Qua:
2922 3944 3032 4000 Lex
3070 3944 3187 3999 ideo
3212 3942 3516 4002 constituit.

1935 4046 1994 4092 ut
2017 4035 2407 4092 demonsmrct
2424 4050 2541 4107 qua:
2566 4034 2794 4090 vindicta
2820 4034 3091 4091 debeatur.
3121 4033 3230 4091 Nisi
3258 4034 3400 4089 enim
3422 4049 3519 4103 per

1936 4127 2129 4197 Legem
2149 4126 2376 4182 sciretur
2393 4126 2516 4197 quid
2540 4126 2785 4182 vindicta:
2805 4126 3108 4191 deberetur,
3131 4126 3270 4181 unde
3293 4126 3522 4181 sciretur

1935 4218 2062 4289 quid
2090 4219 2241 4273 venia
2270 4219 2553 4284 relaxaret,
2587 4228 2644 4273 ut
2670 4218 2774 4272 diei
2806 4226 3004 4289 posset.
3038 4216 3245 4271 Dimitte
3269 4215 3411 4270 nobis
3431 4216 3521 4268 de-

1934 4311 2036 4365 bita
2062 4320 2234 4364 nostra
2251 4351 2267 4376 ,
2305 4310 2434 4364 sicut
2458 4318 2503 4362 et
2530 4325 2623 4361 nos
2648 4308 2943 4361 dimittintus
2969 4306 3271 4361 debitoribus
3295 4306 3477 4360 nostris
3493 4306 3519 4359 .’

1939 4397 2050 4471 (ια.
2086 4414 2174 4464 vr,
2204 4396 2316 4471 12.)
2358 4398 2633 4452 Debitores
2673 4396 2831 4465 igitur
2864 4396 3004 4465 Lege
3046 4402 3427 4459 monstrantur,
3462 4407 3521 4449 ut

1935 4488 2149 4561 quando
2190 4488 2481 4558 ignoscitur
2521 4496 2772 4556 appareat
2811 4486 2937 4558 quid
2978 4485 3292 4540 dimittatur.
3336 4483 3521 4554 Neque

1935 4580 2078 4637 enim
2106 4579 2280 4635 debita
2310 4579 2700 4633 dimitteremus
2719 4618 2734 4641 ,
2774 4576 2875 4631 nisi
2900 4575 3027 4646 quid
3058 4575 3212 4629 nobis
3234 4574 3524 4632 deberetur

1936 4670 2079 4743 Lege
2102 4670 2275 4725 indice
2295 4669 2639 4724 disceremus.
2664 4667 2719 4723 Si
2744 4681 2871 4737 ergo
2891 4666 3020 4721 illud
3042 4664 3271 4722 informe
3296 4680 3523 4736 puerpe-

1938 4763 2074 4818 rium
2098 4762 2209 4832 jam
2238 4760 2450 4831 quidem
2480 4757 2671 4824 fuerit,
2699 4757 2793 4812 sed
2818 4757 2993 4812 adhuc
3021 4756 3415 4827 quodammodo
3443 4758 3523 4811 in-

1938 4852 2181 4908 formitcr
2203 4852 2489 4906 animatum
2513 4848 2783 4923 (quoniam
2806 4864 2992 4920 magna
3014 4848 3083 4905 de
3102 4848 3279 4904 anima
3297 4848 3524 4918 quaestio

1938 4959 2045 5000 non
2063 4953 2146 5000 est
2161 4941 2536 5014 praecipitanda
2554 4941 2867 4998 indiscussa:
2883 4941 3181 4996 temeritate
3200 4936 3520 5009 sementim),

1939 5036 2062 5092 ideo
2094 5036 2205 5091 Lex
2237 5035 2404 5090 noluit
2433 5034 2499 5088 ad
2530 5032 2875 5089 homicidium
2905 5031 3206 5102 pertinere,
3236 5029 3359 5099 quia
3382 5044 3520 5085 non-

1939 5130 2068 5186 dum
2097 5128 2205 5185 dici
2229 5135 2404 5200 potest
2431 5127 2605 5183 anima
2632 5128 2750 5181 viva
2780 5128 2834 5182 in
2857 5140 2924 5181 eo
2945 5134 3171 5194 corpore
3190 5122 3337 5194 quod
3362 5137 3526 5178 sensu

1941 5233 2089 5280 caret
2108 5263 2125 5290 ,
2155 5224 2200 5278 si
2231 5222 2350 5277 talis
2373 5230 2457 5277 est
2484 5220 2539 5274 in
2569 5233 2732 5274 carne
2759 5216 2995 5271 nondum
3024 5214 3281 5280 formata,
3322 5222 3377 5267 et
3403 5212 3527 5269 ideo

1942 5314 2176 5370 nondum
2198 5312 2441 5369 sensibus
2465 5310 2708 5381 prmdita.
2733 5306 2885 5375 Quod
2910 5315 3090 5363 autem
3114 5305 3269 5373 dixit,
3296 5303 3365 5359 Et
3386 5304 3528 5360 dabit

1942 5426 2055 5463 cum
2087 5408 2421 5480 postulatione
2445 5405 2588 5477 quod
2616 5403 2837 5458 maritus
2874 5400 3138 5466 mulieris,
3180 5399 3394 5455 informi
3431 5414 3528 5455 ex-

2009 5528 2023 5555 ι
2049 5529 2118 5572 tta
2139 5521 2355 5571 melioris
2377 5525 2505 5569 uotae
2542 5527 2645 5567 mss.
2667 5518 2808 5579 juxta
2844 5521 2972 5575 LXX,
3011 5522 3062 5565 et
3103 5514 3353 5579 Syriacam,
3394 5513 3529 5579 ehalg

1941 5586 2141 5651 daicam,
2164 5583 2501 5651 samaritauatn
2538 5574 2687 5651 atque
2725 5578 2969 5651 apabicant
2984 5574 3277 5651 versionem.
3316 5582 3379 5651 At;
3411 5574 3530 5651 editi

1940 5635 2193 5762 {terginum
2218 5641 2503 5707 percusserit
2525 5635 2630 5707 quis
2665 5638 2915 5694 mulierem
2939 5641 3088 5711 fetum
3107 5637 3159 5707 in
3197 5642 3333 5690 utero
3352 5635 3527 5691 haben-

3538 4885 3562 4949 ἔ.

3539 4950 3563 5011 i.

3540 5013 3582 5215 ες
