3902 6308
413 246 513 305 651

411 362 554 431 quod
579 363 642 417 ad
670 364 1044 433 proprietatem
1075 376 1180 416 non
1209 361 1280 417 sit
1308 360 1579 430 impletum
1600 400 1615 427 ,
1644 372 1751 413 non
1776 354 1997 427 impedit

411 455 647 511 historiae
675 455 858 517 ﬁdem,
890 456 939 508 in
962 469 1066 524 qua
1093 453 1409 525 perspicitur
1431 452 1628 510 veritas
1652 448 1991 507 narrationis.

411 547 560 602 Sicut
584 562 681 601 nec
704 547 1158 616 Evangelistarum
1184 546 1419 601 narratio
1442 544 1730 601 secundum
1758 544 1997 615 proprie-

412 647 575 694 tatem
608 638 911 707 impeditur.
942 638 986 692 si
1012 637 1209 707 aliquid
1238 653 1268 692 a
1292 636 1505 692 Christo
1533 635 1724 690 dicitur
1754 636 1992 705 ﬁgurate.

485 729 669 786 XCIV.
696 729 797 803 [Ib.
821 746 981 798 nm,
1009 729 1123 803 33.]
1156 730 1219 786 Si
1241 730 1468 786 serrieris
1493 729 1591 784 diis
1611 744 1785 783 eorum
1805 769 1819 793 ,
1847 736 1997 783 erunt

413 824 504 878 tibi
548 822 929 889 olfendiculum.
964 823 1060 879 llic
1097 836 1301 895 grmcus
1348 827 1591 885 aeuum;
1643 820 1844 885 habet,
1886 835 1993 875 non

413 921 685 987 surgebam.
737 914 888 970 Unde
918 914 1249 984 intelligitur,
1294 914 1419 985 quia
1460 922 1515 969 et
1542 917 1728 967 δωλιία
1772 909 1997 989 debetur

413 1006 527 1062 Deo
556 1016 803 1077 tanquam
845 1006 1093 1073 Domino,
1117 1016 1311 1079 λατρεία
1336 1020 1466 1061 vero
1491 1003 1703 1061 nonnisi
1739 1003 1850 1059 Deo
1872 1010 1993 1059 tau-

409 1112 571 1168 quam
604 1098 729 1151 Deo.

482 1187 641 1244 XCV.
675 1188 776 1261 [Ib.
803 1204 961 1255 XXIV,
1008 1187 1148 1261 1-3.]
1180 1187 1245 1242 Et
1286 1187 1455 1259 Moysi
1481 1187 1611 1241 dixit
1634 1228 1647 1249 ,
1675 1186 1900 1241 Ascende
1925 1185 1994 1238 ad

409 1279 684 1334 Dominum
716 1292 787 1342 tu,
813 1291 859 1333 et
886 1282 1078 1345 Aaron,
1104 1289 1150 1333 ct
1174 1278 1382 1345 Nadab,
1414 1288 1461 1335 et
1490 1278 1674 1344 Abiud,
1704 1287 1752 1331 et
1785 1286 1991 1348 septua-

406 1371 547 1441 ginta
572 1371 825 1424 seniorum
842 1370 1006 1425 Isracl
1033 1386 1051 1425 :
1080 1380 1127 1424 et
1155 1368 1439 1426 adorabunt
1456 1387 1488 1423 a
1508 1370 1655 1441 longe
1679 1368 1992 1433 Dominum;

407 1471 457 1517 et
502 1464 701 1518 accedet
734 1462 936 1535 Moyses
955 1464 1092 1517 solus
1130 1463 1197 1517 ad
1223 1462 1516 1527 Domimmt,
1548 1463 1649 1533 ipsi
1694 1471 1863 1516 autem
1892 1478 1991 1516 non

404 1555 641 1609 accedent
670 1571 688 1609 :
718 1557 936 1625 populus
956 1562 1122 1608 autent
1139 1571 1237 1611 non
1254 1554 1484 1609 ascendet
1503 1570 1616 1607 cum
1644 1554 1766 1609 illis.
1786 1552 1993 1606 Introiit

409 1654 577 1699 autent
610 1645 833 1716 Moyses,
871 1655 918 1699 et
948 1646 1173 1699 narravit
1219 1646 1405 1717 papula
1430 1645 1601 1699 omnia
1628 1644 1774 1699 verba
1818 1644 1916 1698 Dei
1942 1655 1989 1698 ct

405 1736 809 1809 iustiﬁcationes.
868 1734 1148 1804 Respondit
1190 1745 1359 1789 autent
1402 1734 1565 1789 omnis
1607 1735 1824 1805 papulas
1873 1750 1991 1787 voce

405 1843 512 1881 una
550 1827 785 1891 dicentes,
844 1828 1028 1881 Omnia
1052 1827 1199 1882 verba
1235 1844 1349 1896 qua:
1376 1826 1572 1881 locutus
1600 1836 1672 1880 est
1703 1825 1986 1893 Dominus,

408 1920 666 1991 faciemus,
682 1928 729 1972 et
747 1920 1027 1974 audiemus.
1051 1918 1229 1990 Usque
1257 1920 1323 1973 ad
1354 1918 1494 1975 hunc
1519 1918 1991 1988 locumScriptura!

401 2007 804 2078 iustiﬁcationes
832 2009 1195 2079 intelliguntur
1215 2025 1337 2080 qua:
1362 2008 1499 2065 data:
1526 2018 1652 2067 sunt
1682 2009 1875 2079 p0pulo
1922 2007 1990 2063 ad

403 2099 816 2155 observandum.
854 2100 1119 2170 lucipiunt
1163 2109 1340 2156 autem
1366 2106 1632 2172 quantum
1678 2102 1790 2173 ipsa
1828 2101 1990 2156 verba

401 2190 694 2262 Scriptum
722 2191 977 2257 indicant,
1031 2193 1172 2249 unde
1202 2195 1301 2249 hoc
1328 2209 1523 2249 nomen
1548 2193 1987 2264 justillcationum

404 2297 654 2337 exorsum
686 2292 767 2337 est
790 2284 858 2338 ab
886 2284 980 2339 illo
995 2299 1151 2339 servo
1180 2284 1403 2340 llebrteo
1422 2286 1506 2341 cui
1525 2286 1671 2341 auris
1692 2285 1759 2340 ad
1782 2293 1990 2357 postem

404 2374 755 2444 pertunditur.
794 2375 849 2431 lu
881 2378 1070 2447 quibus
1100 2378 1346 2432 omnibus
1371 2377 1838 2448 justiﬁcationihus
1857 2394 1990 2435 con-

403 2464 741 2519 siderandum
770 2475 884 2532 est,
924 2480 1043 2536 qua:
1067 2467 1191 2523 inde
1216 2467 1285 2525 ad
1308 2469 1566 2539 agendam
1594 2469 1758 2525 vitam
1786 2478 1837 2526 et
1877 2485 1993 2524 mo-

408 2571 528 2611 rum
574 2556 837 2612 bonorum
880 2560 1339 2615 conservationem
1392 2559 1513 2614 duci
1559 2562 1782 2629 possint.
1829 2560 1988 2617 Multa

405 2645 599 2717 quippe
626 2647 679 2701 in
736 2648 815 2702 eis
859 2658 985 2705 sunt
1028 2660 1365 2707 sacramenta
1406 2651 1756 2723 signiﬁcantia
1814 2654 1990 2721 potius

404 2737 620 2809 aliquid,
649 2753 806 2808 qttam
835 2739 996 2795 vitam
1023 2751 1262 2797 nostram
1290 2742 1624 2798 instruentia.
1646 2742 1989 2797 .lustiﬁcatio-

404 2846 501 2886 nes
548 2845 679 2887 sane
709 2831 857 2886 latini
905 2833 1224 2904 interpretes
1261 2849 1354 2891 eas
1380 2850 1501 2891 esse
1536 2834 1821 2902 dixerunt,
1867 2850 1989 2905 qua:

402 2922 561 2994 ει·ωοί
593 2927 897 2991 δικαιώματα
919 2925 1206 2993 appellant.

474 3011 657 3067 XCVI.
679 3012 779 3084 [Ib.
811 3029 964 3079 χιιν,
983 3012 1062 3086 3.]
1088 3014 1386 3071 Notandum
1415 3016 1653 3087 estquod
1674 3016 1863 3071 iterum
1897 3031 1991 3085 po-

402 3102 562 3171 pulus
590 3103 660 3156 ita
686 3104 996 3173 respondet,
1022 3103 1205 3160 Omnia
1233 3106 1381 3160 verba
1400 3122 1515 3176 aute
1541 3107 1735 3162 locutus
1763 3116 1836 3161 cst
1876 3105 1988 3161 Do-

403 3192 572 3246 minus
596 3192 858 3262 faciemus,
891 3202 936 3247 ct
959 3195 1257 3261 audiemus;
1304 3210 1424 3251 cum
1454 3197 1696 3251 videatur
1730 3197 1863 3253 ordo
1892 3214 1987 3267 po-

403 3283 604 3339 stulare
654 3292 713 3338 ut
756 3285 1061 3352 diceretur,
1113 3285 1389 3342 audiemus
1420 3329 1434 3352 ,
1480 3297 1534 3342 et
1569 3285 1847 3344 faciemus.
1878 3289 1987 3345 Sed

404 3374 600 3429 mirum
631 3374 732 3429 nisi
761 3374 950 3445 aliquis
974 3390 1166 3432 sensus
1190 3376 1277 3432 hic
1303 3376 1449 3432 latet.
1476 3376 1607 3432 Nam
1630 3378 1674 3433 si
1695 3379 1978 3446 audiemus,

402 3481 504 3538 pro
527 3480 595 3523 eo
617 3468 845 3537 positum
875 3468 1121 3542 estquod
1148 3477 1229 3524 est
1255 3468 1632 3539 intelligemus,
1661 3470 1806 3540 prius
1830 3486 1990 3536 opor-

404 3566 485 3615 tet
501 3558 678 3614 verbis
696 3558 787 3613 Dei
817 3558 1038 3615 reddere
1067 3558 1295 3615 faciendi
1320 3562 1651 3626 servitutem,
1669 3569 1727 3616 ut
1747 3562 1813 3616 ad
1846 3562 1993 3617 intel-

403 3648 679 3720 ligentiam
709 3664 890 3703 earum
941 3665 1118 3707 rerum
1157 3666 1276 3721 qum
1317 3652 1431 3721 ipso
1455 3651 1795 3723 praecipiente
1836 3654 1985 3720 ﬁunt,

404 3743 599 3798 merito
628 3742 953 3807 devotionis,
994 3757 1096 3813 qua
1138 3758 1241 3798 non
1286 3754 1645 3815 contemptae,
1696 3746 1791 3801 sed
1837 3745 1991 3802 factm

404 3842 549 3897 sunt,
578 3833 693 3902 ipse
722 3831 993 3901 perducat.
1039 3831 1145 3888 Sed
1174 3833 1460 3890 videndum
1491 3844 1608 3903 est,
1659 3846 1835 3892 utrum
1890 3837 1990 3893 iste

403 3923 635 3991 populus
678 3923 750 3977 illi
801 3923 906 3976 lilio
936 3923 1125 3979 similis
1173 3924 1471 3980 inveniatur
1497 3928 1585 3997 qui
1628 3928 1990 3999 patrijubenli

405 4012 560 4077 dixit,
578 4011 670 4066 Ibo
697 4013 749 4066 in
776 4013 989 4077 vineam,
1012 4024 1058 4068 et
1085 4030 1185 4069 non
1210 4015 1493 4088 iit(MattIt.
1514 4032 1625 4081 XXI.
1655 4018 1769 4088 30).
1794 4019 1991 4076 Gentes

405 4101 548 4158 enim
576 4118 696 4174 qua:
725 4103 1006 4158 Dominum
1046 4104 1255 4175 penitus
1283 4113 1727 4177 contempserunt
1745 4147 1759 4171 ,
1807 4118 1991 4179 postea

405 4208 503 4265 per
521 4194 677 4249 unius
702 4194 1055 4249 obedientiam
1078 4195 1403 4266 justiﬁcataz,
1432 4212 1552 4267 quze
1576 4214 1681 4253 non
1708 4200 1990 4255 sectaban-

404 4292 491 4341 tur
510 4285 793 4356 justitiam,
810 4287 1276 4357 apprehenderunt
1295 4287 1553 4357 justitiam
1582 4289 1760 4357 (Rom.
1776 4306 1851 4357 ιι,
1868 4292 1984 4363 30).

474 4375 682 4432 XCVII.
713 4376 812 4448 [Ib.
842 4392 995 4442 mv,
1020 4376 1101 4451 4.]
1145 4377 1442 4434 Notandum
1470 4379 1609 4450 quod
1638 4378 1841 4453 Moyses
1866 4383 1994 4437 tedi-

404 4469 573 4538 ﬁcavit
609 4470 772 4522 altare
814 4468 907 4524 sub
938 4477 1123 4536 mante,
1152 4479 1200 4524 ct
1227 4470 1491 4526 duodecim
1508 4471 1703 4543 .apides
1729 4473 1782 4527 in
1803 4473 1993 4529 duode-

403 4560 502 4614 cim
550 4561 706 4615 tribus
768 4558 958 4614 Israe..
1030 4559 1348 4632 Intelligitur
1392 4562 1535 4617 enim
1589 4578 1655 4619 ex
1709 4563 1989 4622 duodecim

404 4648 670 4719 lapidibus
694 4649 863 4703 altare
891 4649 1231 4716 azdilicatum,
1261 4650 1590 4721 signiﬁcasse
1610 4652 1782 4722 ipsum
1818 4669 1989 4723 popu-

403 4739 515 4795 lum
556 4754 676 4794 esse
700 4740 867 4796 altare
895 4740 1007 4807 Dei,
1047 4740 1186 4797 sicut
1209 4750 1293 4796 est
1329 4742 1587 4813 templum
1633 4743 1724 4800 Dei
1771 4743 1839 4816 (ΙΙ
1868 4744 1986 4802 Cor.

404 4844 481 4897 Vl,
512 4828 628 4898 16.)

478 4920 711 4977 XCVIII.
743 4920 825 4993 [Ib
851 4938 1004 4986 xstv,
1024 4919 1104 4994 5.]
1136 4921 1198 4977 Et
1212 4921 1595 4979 immolaverunt
1614 4926 1826 4981 hostium
1849 4930 1980 4983 salu-

401 5014 530 5069 taris
554 5013 683 5068 Deo.
705 5012 821 5068 Non
854 5012 1005 5075 dixit,
1036 5012 1265 5068 hostiam
1293 5013 1601 5082 salutarem,
1627 5017 1743 5082 sed,
1774 5019 1989 5074 hostium

400 5107 673 5169 salutaris;
693 5106 835 5177 quod
850 5120 1055 5177 grtccus
1072 5105 1230 5162 habet
1242 5118 1489 5179 σωτηρίου.
1515 5107 1669 5165 Unde
1685 5110 1736 5164 in
1754 5111 1984 5181 Psalmo,

402 5199 644 5267 Calicem,
693 5200 883 5269 inquit,
914 5198 1155 5253 salutaris
1205 5199 1451 5270 accipiam
1482 5198 1655 5267 (Psal.
1694 5218 1821 5269 ειν,
1854 5202 1937 5275 15)
1970 5222 1984 5260 :

402 5308 508 5348 neu
541 5293 694 5358 dixit,
721 5291 942 5345 calicem
971 5291 1277 5346 salutarem.
1324 5290 1423 5347 Ubi
1455 5291 1737 5349 videndum
1763 5305 1877 5358 est,
1920 5312 1989 5353 ne

402 5384 546 5440 forte
571 5384 660 5438 ille
695 5384 1041 5453 signiﬁcetur,
1071 5382 1268 5453 dequo
1310 5383 1442 5439 dixit
1467 5384 1705 5449 Simeon,
1737 5384 1988 5451 Quoniam

400 5477 629 5529 viderunt
658 5475 790 5527 oculi
819 5475 915 5527 mei
968 5475 1192 5529 salutare
1222 5486 1360 5529 tuum
1388 5475 1544 5544 (Luc.
1587 5492 1645 5539 It,
1689 5477 1803 5547 30).
1836 5476 1988 5535 Ilunc

401 5569 542 5622 enim
572 5576 626 5621 et
673 5568 914 5621 l’sthnus
956 5570 1292 5623 commendat
1318 5570 1405 5623 ubi
1438 5569 1647 5641 legitur,
1696 5568 1829 5624 Bene
1853 5587 1983 5624 nun-

402 5659 523 5713 tiate
550 5658 684 5713 diem
708 5675 773 5715 cs:
790 5658 874 5715 die
904 5656 1129 5717 salutare
1156 5658 1265 5730 ejus
1285 5658 1457 5730 (Psal.
1484 5675 1607 5729 xcv,
1636 5659 1714 5731 2).
1743 5660 1880 5729 Quid
1901 5672 1988 5719 est

1121 240 1586 315 QUESTIONUM
1623 239 1683 299 S.
1723 234 2090 297 AUGUSTINI
2127 236 2195 295 IN
2231 239 2795 301 HEPTATEUCHUM

3579 248 3693 309 633

2101 354 2244 411 enim
2268 356 2432 423 aliud,
2453 358 2499 412 si
2522 359 2831 430 diligentius
2857 361 3214 429 attendamus,
3243 365 3391 436 quod
3426 365 3505 422 ait
3548 368 3686 422 diem

2103 461 2165 500 ea:
2186 447 2287 513 die,
2314 448 2413 502 nisi
2444 449 2620 506 lumen
2645 465 2712 506 ex
2754 452 2975 521 lumine,
3005 454 3107 511 hoc
3141 464 3228 513 est
3255 456 3425 514 Deum
3450 472 3518 514 ex
3549 458 3686 523 Deo.

2100 538 2240 610 quod
2257 549 2339 594 est
2363 541 2666 611 unigenitus
2695 542 2902 598 Filius?

2171 628 2355 687 XCIX.
2389 631 2486 704 [Ib.
2513 650 2662 696 xstv,
2684 636 2739 699 6,
2760 634 2838 709 7.]
2868 635 3086 693 Smncns
3111 647 3279 693 autem
3300 638 3507 713 Moyses
3534 643 3692 697 diuti-

2099 722 2236 777 diam
2264 734 2455 794 partem
2480 726 2758 797 sanguinis,
2798 727 2986 799 infudit
3013 728 3065 782 in
3086 740 3328 785 craterem
3347 772 3364 798 ,
3393 742 3442 786 et
3485 744 3689 803 partem

2097 816 2341 887 reliquam
2366 818 2628 890 sanguinis
2654 818 2839 886 alludit
2859 822 2927 874 ad
2950 822 3111 877 altare
3129 840 3149 878 :
3163 834 3211 878 et
3229 824 3486 895 accipiens
3500 827 3691 881 librans

2102 905 2403 964 Testantenti
2443 910 2665 964 recitavit
2694 911 2747 966 in
2796 928 2945 967 aures
2992 914 3187 986 pepuli.
3228 916 3534 972 Notandum
3581 930 3690 985 est.

2098 1013 2238 1052 nune
2251 998 2477 1070 pritnum
2495 1001 2821 1059 sacriﬁcasse
2839 1002 3055 1075 Moysen
3069 1005 3345 1062 evidenter
3354 1008 3692 1078 Scripturatn

2098 1086 2299 1150 dicere,
2326 1104 2392 1143 ex
2418 1105 2524 1159 quo
2552 1106 2618 1146 ex
2643 1090 2872 1162 (Egypto
2892 1093 3112 1149 eductus
3130 1107 3212 1150 est
3237 1098 3483 1167 populus.
3506 1098 3692 1155 Primo

2096 1178 2238 1233 enim
2264 1178 2332 1234 de
2357 1179 2546 1235 Jothor
2565 1180 2764 1237 dictuut
2784 1196 2898 1238 erat
2918 1199 3108 1241 socero
3133 1186 3273 1257 ejus,
3295 1192 3544 1258 quamvis
3564 1206 3690 1246 eum

2096 1269 2269 1340 aliqua
2319 1272 2697 1343 ambiguitate.
2732 1275 2876 1344 quod
2926 1278 3285 1334 immolaverit
3320 1279 3432 1336 Deo
3476 1280 3685 1354 (Exod.

2097 1374 2255 1427 mu,
2282 1362 2392 1433 ιιι).
2422 1364 2485 1419 Et
2528 1364 2913 1422 advertendum
2961 1369 3151 1425 librum
3194 1370 3533 1428 Testamenti
3563 1390 3691 1431 eum

2096 1454 2350 1525 sanguine
2378 1454 2567 1511 hostia:
2610 1458 2843 1523 recitari,
2875 1459 2925 1513 in
2954 1475 3062 1527 qtto
3092 1460 3229 1516 libro
3274 1461 3394 1517 illas
3417 1464 3692 1533 justiﬁes-

2097 1544 2268 1602 tiones
2290 1548 2619 1618 conscriptas
2644 1548 2900 1605 debemus
2926 1552 3194 1621 accipere.
3223 1552 3353 1607 Nam
3367 1553 3691 1627 decalogum

2096 1640 2252 1712 Legis
2296 1641 2347 1695 in
2381 1642 2570 1698 tabulis
2608 1642 2832 1714 lapideis
2871 1642 3036 1700 luisse
3082 1645 3442 1717 conscriptum
3498 1658 3690 1720 postea

2095 1732 2433 1788 manifestum
2460 1742 2565 1789 est.

2167 1823 2229 1880 C.
2263 1824 2363 1898 [Ib.
2389 1843 2541 1892 sxw,
2562 1824 3000 1898 7.]Etdi1srunt.
3032 1827 3221 1882 Omnia
3247 1843 3580 1900 quacumque
3604 1833 3690 1885 lo-

2095 1926 2241 1973 cutus
2273 1928 2348 1971 est
2398 1916 2666 1981 Dominus,
2699 1917 2964 1988 faciemus,
2992 1927 3040 1971 et
3069 1918 3354 1975 audiemus.
3379 1919 3503 1976 Non
3527 1922 3691 1977 aliter

2095 2008 2418 2077 reSpontlent
2439 2024 2567 2064 ecce
2587 2009 2697 2080 jam
2720 2010 2904 2065 tertio.

2162 2098 2246 2155 CI.
2275 2099 2375 2171 [Ib.
2408 2115 2565 2164 xstv,
2605 2098 2687 2174 9.]
2717 2099 2785 2154 Et
2810 2101 3036 2155 ascendit
3066 2100 3289 2171 Moyses,
3318 2110 3368 2157 et
3407 2102 3607 2161 Aaron.
3639 2114 3691 2157 es

2096 2190 2301 2258 Nadab,
2344 2203 2390 2246 et
2420 2194 2603 2251 Abtna.
2643 2202 2689 2247 et
2718 2192 3038 2262 septuaginta
3081 2192 3338 2247 seniorum
3396 2190 3612 2246 Israel:
3639 2207 3688 2245 es

2094 2283 2324 2337 viderunt
2373 2284 2539 2337 locum
2563 2283 2649 2337 ubi
2687 2291 2892 2338 steterat
2929 2283 2999 2337 ibi
3038 2280 3180 2337 Deus
3219 2280 3407 2338 Israel.
3461 2282 3694 2339 Constat

2094 2375 2234 2430 inter
2256 2388 2352 2431 eos
2377 2375 2465 2444 qui
2498 2383 2643 2429 recte
2672 2360 2966 2444 intelligunt
2992 2414 3008 2438 ,
3042 2375 3187 2429 nullo
3215 2374 3380 2430 Deum
3422 2375 3692 2430 contineri

2093 2464 2231 2527 loco,
2256 2479 2354 2519 nec
2378 2465 2554 2534 aliquo
2581 2464 2727 2519 velut
2764 2463 2869 2518 situ
2912 2464 3153 2533 corporis
3191 2463 3431 2523 membra
3457 2480 3691 2534 ponere.

2093 2557 2247 2613 sicuti
2275 2566 2357 2613 est
2386 2556 2550 2611 nostri
2577 2556 2843 2626 corporis,
2871 2555 3079 2617 sedere,
3099 2554 3302 2625 jacere,
3332 2564 3478 2611 stare
3498 2598 3513 2619 ,
3554 2564 3615 2611 et
3640 2556 3690 2611 si

2092 2646 2220 2718 quid
2250 2646 2553 2717 hujusmodi
2578 2656 2677 2701 est.
2735 2646 2859 2700 llaec
2880 2645 3023 2701 enim
3050 2661 3158 2701 non
3183 2655 3310 2702 sunt
3354 2645 3455 2701 nisi
3482 2662 3686 2719 corpo-

2094 2753 2233 2801 rum,
2260 2737 2403 2793 Deus
2442 2746 2620 2792 autem
2670 2736 2888 2806 spiritus
2925 2746 3009 2791 est
3058 2735 3237 2809 (Joan.
3271 2749 3344 2803 tv,
3373 2736 3486 2808 24).
3528 2735 3690 2805 Quod

2094 2844 2223 2898 ergo
2253 2843 2312 2884 se
2334 2827 2569 2883 ostendit
2595 2828 2775 2897 specie
2801 2827 3070 2899 corporali
3100 2827 3184 2884 vel
3226 2828 3397 2899 signis
3422 2843 3685 2898 corpora-

2094 2920 2214 2975 liter
2237 2920 2525 2990 expressis,
2565 2934 2670 2974 non
2701 2919 2994 2975 substantia
3025 2918 3143 2989 ejus
3165 2932 3422 2990 apparet,
3446 2936 3548 2991 qua
3599 2929 3691 2978 est

2092 3009 2208 3079 ipse
2232 3008 2373 3080 quod
2396 3018 2499 3074 est,
2522 3008 2615 3064 sed
2641 3010 2933 3081 assumptio
2954 3009 3242 3066 formarum
3270 3010 3553 3067 visibilium
3564 3010 3688 3082 ejus

2093 3100 2235 3154 omni
2243 3098 2489 3169 potentia!
2502 3099 2758 3169 subjacet.

2161 3188 2267 3244 CII.
2298 3189 2394 3262 [Ib.
2428 3206 2577 3257 xxiv,
2608 3192 2695 3257 11,
2727 3190 2837 3263 10.]
2858 3190 2922 3245 Et
2950 3191 3013 3245 de
3054 3191 3223 3246 electis
3251 3188 3420 3246 Israel
3443 3208 3545 3248 non
3569 3193 3685 3259 disc.

2092 3284 2259 3337 sonuit
2284 3300 2373 3337 nec
2398 3300 2527 3337 unus
2554 3301 2573 3339 :
2609 3294 2656 3337 et
2676 3292 3019 3353 apparuerunt
3045 3282 3225 3337 inloco
3251 3282 3366 3346 Dei,
3392 3292 3440 3340 et
3466 3286 3686 3340 mandu-

2093 3385 2352 3440 caverunt,
2379 3386 2425 3429 et
2456 3375 2705 3429 biberunt.
2736 3374 2865 3443 Quis
2892 3374 3096 3431 dubitet
3129 3376 3247 3431 illos
3274 3391 3409 3447 quos
3436 3378 3683 3434 nomina.

2092 3465 2187 3520 tim
2204 3466 2483 3536 expressit,
2502 3474 2554 3519 et
2570 3465 2899 3536 septuaginta
2925 3467 3187 3531 seniores,
3210 3482 3351 3523 nunc
3384 3468 3686 3538 appellatos

2092 3556 2291 3611 electos
2320 3555 2518 3610 Israel?
2551 3555 2641 3626 qui
2672 3556 2852 3625 procul
2887 3555 3050 3610 dubio
3090 3573 3371 3625 personam
3418 3559 3686 3629 gerebant

2092 3662 2275 3702 eorum
2302 3648 2388 3717 qui
2411 3647 2563 3701 electi
2590 3658 2711 3703 sunt
2732 3648 2783 3701 in
2806 3648 3001 3718 populo
3020 3649 3133 3705 Dei.
3152 3648 3264 3704 Non
3280 3651 3422 3706 enim
3435 3653 3677 3709 omnium

2094 3748 2177 3795 est
2197 3739 2328 3794 ﬁdes
2352 3737 2425 3811 (Il
2448 3738 2619 3794 Thess.
2652 3755 2727 3804 ιιι,
2756 3740 2812 3810 2)
2837 3756 2850 3792 :
2884 3747 2941 3794 et
2981 3740 3129 3794 novit
3161 3740 3415 3795 Dotniuus
3434 3742 3523 3811 qui
3553 3752 3683 3800 sunt

2093 3829 2230 3898 ejus.
2264 3829 2316 3884 In
2340 3845 2528 3901 magna
2552 3839 2727 3885 autem
2753 3830 2915 3885 domo
2927 3831 3161 3886 suutalia
3183 3847 3304 3887 vasa
3326 3834 3377 3887 in
3397 3832 3680 3904 hoaoreut,

2092 3922 2193 3977 alia
2226 3922 2278 3977 in
2307 3923 2681 3978 contumeliam
2703 3922 2771 3994 (ll
2800 3922 2931 3977 Tim.
2962 3923 3529 3997 n,~l9,20).Quouiam
3552 3942 3684 3997 ergo

2094 4030 2228 4085 quos
2250 4024 2373 4072 ante
2414 4015 2711 4085 praesrivit,
2749 4024 2804 4071 et
2845 4016 3276 4085 pra-destinavit;
3320 4033 3454 4087 quos
3500 4030 3682 4074 autem

2094 4106 2487 4174 prmdestiuavit
2507 4149 2523 4171 ,
2557 4106 2677 4161 illos
2701 4114 2754 4161 et
2778 4108 2989 4161 vocavit
3012 4125 3027 4171 ς
3055 4123 3190 4176 quos
3218 4120 3393 4163 autem
3437 4111 3678 4177 vocavit,

2094 4195 2240 4266 ipsos
2263 4197 2669 4265 etjustiﬁcavit;
2700 4213 2836 4267 quos
2870 4207 3048 4253 autem
3082 4198 3410 4268 justiﬁcavit,
3442 4200 3584 4269 ipsi”
3622 4212 3685 4258 et

2092 4286 2402 4358 gloriﬁcavit
2432 4288 2606 4353 (Rom.
2640 4304 2753 4353 vttt,
2784 4288 2877 4359 30)
2902 4308 2915 4343 :
2942 4289 3181 4359 profecto
3212 4290 3281 4345 de
3304 4292 3491 4347 electis
3517 4294 3681 4359 Israel

2094 4395 2199 4435 non
2225 4380 2487 4437 dissonuit
2515 4397 2616 4437 nec
2653 4398 2809 4436 unus.
2853 4382 3231 4453 Signiﬁcantur
3255 4393 3431 4439 autem
3456 4395 3683 4455 quater-

2094 4475 2246 4529 nario
2270 4489 2494 4529 numero
2531 4474 2582 4527 in
2610 4474 2791 4547 Moyse
2815 4485 2869 4531 ct
2906 4478 3084 4531 Aaron
3109 4488 3164 4533 et
3192 4476 3373 4533 Nadab
3399 4488 3451 4534 et
3480 4481 3679 4546 Ahiud,

2093 4573 2311 4634 propter
2351 4574 2576 4635 quatuor
2620 4563 2925 4636 Evangelia,
2967 4575 3024 4620 et
3071 4568 3231 4621 totius
3274 4567 3452 4633 orbis,
3484 4570 3573 4639 qui
3623 4571 3678 4627 in

2092 4665 2318 4727 quatuor
2342 4667 2518 4728 partes
2564 4656 2853 4722 dividitur,
2886 4658 3297 4728 promissionem
3327 4678 3341 4715 :
3372 4670 3429 4717 et
3464 4674 3683 4732 septua-

2092 4750 2233 4819 ginta
2264 4749 2330 4805 de
2349 4750 2651 4805 senioribus
2672 4750 2852 4813 Israel,
2898 4765 3122 4805 numero
3146 4752 3347 4807 scilicet
3372 4756 3682 4823 septenario

2092 4841 2412 4911 dee’uplato,
2444 4841 2534 4911 qui
2576 4840 2806 4909 pertinet
2858 4840 2923 4895 ad
2973 4840 3376 4909 signiﬁcandum
3422 4844 3678 4912 Spiritum

2093 4940 2355 4985 sanctum.
2386 4928 2650 4999 Sapphiro
2678 4940 2853 4984 autem
2884 4932 3214 5000 s’gnilicatur
3258 4933 3362 4987 vita
3409 4934 3676 4999 caelestis,

2093 5020 2327 5076 maxime
2369 5020 2491 5087 quia
2539 5018 2737 5074 dictum
2767 5028 2870 5086 est,
2913 5022 3045 5075 sicut
3087 5037 3322 5090 aspectus
3347 5024 3673 5094 ﬁrmamcnu.

2093 5113 2513 5168 Firmamentum
2540 5120 2719 5168 autem
2762 5111 2956 5166 ctelum
2999 5114 3256 5184 appellari
3292 5115 3410 5185 quis
3439 5116 3677 5172 neseiat?

2092 5206 2160 5263 Et
2209 5204 2376 5259 I'urma
2429 5201 2609 5257 lateris
2656 5202 2710 5257 in
2762 5202 2949 5259 eodem
2996 5206 3252 5275 sapphiro
3294 5206 3673 5275 quadraturam

2092 5298 2285 5367 ipsam,
2324 5293 2408 5350 vel
2438 5294 2779 5350 stabilitatem
2803 5337 2817 5361 ,
2848 5295 2930 5352 vel
2958 5294 3197 5366 ejusdem
3226 5299 3550 5368 quaternarii
3577 5315 3675 5353 nu-

2092 5388 2222 5443 meri
2250 5392 2638 5441 sacramentum
2670 5384 2879 5455 ﬁgurat.
2922 5385 3074 5453 Quod
3114 5397 3294 5443 autem
3346 5388 3673 5446 ntanducant

2090 5489 2143 5535 et
2166 5478 2351 5533 bibunt
2376 5477 2561 5531 inloco
2582 5475 2696 5536 Dei,
2724 5478 3033 5533 suavitatem
3055 5478 3490 5550 saturitatemque
3509 5481 3678 5551 signi-

2092 5573 2215 5628 ﬁcat
2240 5571 2290 5623 in
2323 5568 2413 5622 illo
2438 5582 2599 5638 regno
2619 5568 2953 5623 :eternitatis.
2982 5568 3125 5625 Beati
3156 5569 3295 5625 enim
3324 5571 3671 5639 quirsuriunl

2091 5670 2144 5720 et
2168 5661 2352 5717 sitiunt
2364 5658 2621 5729 justitiam
2639 5672 2654 5723 ;
2673 5659 2922 5729 quoniam
2942 5658 3040 5731 ipsi
3053 5666 3226 5716 satura
3236 5659 3431 5717 buntur
3451 5661 3647 5731 (Malus
