3862 6306
410 365 482 419 ad
516 367 710 436 {eraera
736 368 901 415 erunt.
938 352 1073 412 Cum
1103 354 1267 412 vestis
1313 361 1459 407 tanta
1504 348 1782 421 cooperiat
1828 355 1999 402 totum

409 472 626 527 corpus.
649 454 774 523 quid
792 448 1035 522 estquod
1058 449 1154 516 ait,
1185 445 1478 503 choralia
1500 443 1657 517 {acies
1677 441 1811 497 linea
1837 449 2002 512 tegere

413 547 771 620 turpitudinem
814 545 1042 615 corporis
1081 556 1274 601 eorum.
1326 537 1476 609 quasi
1518 549 1777 607 apparere
1821 541 2004 603 posset

412 652 558 701 tanta
585 642 819 712 desuper
843 649 992 696 veste
1028 632 1306 692 adhibita?
1333 630 1445 688 Nisi
1482 630 1606 701 quia
1644 628 1854 699 signum
1879 639 2002 681 esse

414 734 581 791 voluit
626 735 680 789 in
721 733 823 787 hoc
867 729 1130 787 castitatis
1155 726 1239 781 vel
1283 722 1631 781 continentia:
1663 737 1678 774 :
1711 732 1833 790 quae
1879 716 2001 772 ideo

414 843 509 900 per
536 825 906 882 indumentum
934 820 1286 892 signiﬁcatur,
1312 822 1504 873 ut“non
1532 829 1565 870 a
1588 812 1768 884 scipso
1793 807 1998 877 habita,

411 918 507 976 80d
533 917 654 972 data
679 914 1025 986 intelligatur.

486 1007 723 1065 CXXIII.
752 1005 852 1079 [11).
881 1020 1029 1067 nix,
1047 1004 1101 1068 8,
1118 999 1199 1074 9.]
1223 999 1359 1055 Cum
1372 996 1442 1054 de
1468 994 1593 1053 [iliis
1610 997 1787 1050 Aaron
1813 993 2001 1065 loque-

414 1109 564 1159 retur
591 1120 603 1156 :
640 1100 705 1156 Et
742 1100 919 1155 inducs
946 1114 1050 1162 eos,
1081 1095 1273 1166 inquit,
1287 1092 1502 1157 tunicas,
1534 1099 1581 1144 ct
1611 1090 1778 1160 cinges
1806 1103 1890 1141 cos
1915 1102 2004 1141 zo-

413 1196 514 1261 nis,
541 1206 587 1250 et
610 1191 945 1249 circamdabis
967 1191 1038 1246 eis
1055 1189 1276 1245 cidaras.
1302 1185 1473 1255 Quam
1501 1183 1644 1238 dicat
1665 1180 1888 1236 cidarim
1913 1177 2002 1235 vel

413 1287 652 1353 cidaras,
680 1284 930 1357 quoniam
972 1298 1077 1338 non
1106 1289 1187 1338 est
1218 1280 1649 1351 interpretatum,
1682 1286 1782 1327 nec
1816 1271 1870 1325 in
1901 1283 2002 1326 usu

413 1377 574 1435 modo
614 1385 719 1444 est,
760 1376 1077 1447 ignoratur:
1108 1380 1234 1443 puto
1278 1377 1459 1425 tamen
1509 1379 1613 1420 non
1659 1376 1780 1418 esse
1807 1360 2003 1433 capitis

415 1479 685 1542 tegumen,
714 1477 774 1522 ut
809 1465 1051 1524 nonnulli
1079 1470 1418 1535 putaverunt.
1461 1456 1647 1529 Neque
1683 1454 1827 1511 enim
1853 1451 2002 1508 dice-

414 1573 521 1631 ret,
547 1561 883 1619 circumdabis
918 1560 1011 1626 eis,
1035 1559 1137 1613 nisi
1169 1558 1277 1613 tale
1300 1552 1502 1625 aliquid
1530 1560 1696 1620 esset,
1723 1547 1866 1621 quod
1894 1562 2004 1605 non

414 1655 597 1726 capiti,
628 1652 724 1712 sed
749 1650 963 1722 corpori
988 1648 1107 1706 usui
1137 1656 1304 1705 esset.

494 1743 729 1801 CXXIV.
758 1740 858 1817 [11).
886 1758 1048 1811 χιιι,
1077 1738 1159 1814 9.]
1191 1739 1253 1796 Et
1269 1739 1362 1793 erit
1386 1737 1491 1793 illis
1517 1733 1854 1792 sacerdotium
1878 1731 2006 1787 mihi

417 1839 475 1892 in
514 1836 890 1908 sempiternum.
935 1830 1216 1902 Quomodo
1253 1829 1396 1886 dicat
1436 1828 1492 1882 in
1531 1825 1908 1905 sempiternum,
1936 1821 2007 1880 de

420 1926 501 1983 his
527 1903 894 1997 signiﬁcativis
926 1922 1110 1990 rebus,
1137 1920 1385 1991 superius
1408 1931 1553 1989 saepe
1588 1903 1844 1971 diximus.
1870 1910 2006 1968 Nam

417 2019 599 2091 utique
622 2024 883 2073 mutatum
919 2012 1131 2073 esthoc
1175 2009 1568 2073 sacerdotium,
1602 2017 1661 2063 ut
1686 2004 1820 2061 illud
1862 2012 2025 2073 esset.

418 2109 472 2164 in
498 2116 759 2164 aeternum
786 2104 1079 2162 secundum
1104 2103 1347 2160 ordinem
1373 2097 1751 2161 Melchisedcc,
1781 2110 1890 2152 non
1915 2110 2006 2155 se-

416 2198 648 2254 cundum
670 2197 914 2255 ordinem
942 2197 1141 2252 Aaron.
1169 2192 1246 2249 Ibi
1270 2192 1412 2250 enim
1437 2198 1491 2247 et
1520 2187 1716 2260 iuratio
1734 2229 1751 2254 ,
1778 2195 1835 2244 et
1862 2186 2008 2241 nulla

420 2288 513 2345 Dei
540 2287 832 2360 plenitudo,
871 2300 975 2358 qua
999 2285 1329 2358 signiﬁcetur
1362 2280 1606 2337 mutatio.
1633 2277 1836 2332 Juracit
1862 2277 2007 2332 enim

428 2379 699 2446 Dominus,
720 2386 768 2435 et
792 2395 893 2433 non
922 2375 1175 2449 plenitebit
1199 2390 1334 2441 eum,
1363 2371 1444 2428 Tu
1468 2387 1540 2438 es,
1558 2368 1749 2439 inquit,
1773 2367 2010 2423 sacerdos

424 2472 479 2528 in
503 2481 744 2528 internum
769 2469 1046 2525 secundum
1061 2466 1288 2522 ordinem
1310 2461 1643 2519 Melchisedec
1662 2458 1779 2533 (Ps.
1795 2473 1908 2522 cut.
1925 2456 2008 2529 Δ).

430 2566 506 2621 De
522 2564 710 2623 ordine
730 2574 909 2619 autem
924 2562 1102 2619 Aaron
1129 2559 1327 2615 dictum
1343 2566 1426 2612 est
1449 2553 1662 2626 quidem
1677 2553 1732 2607 in
1747 2547 2010 2622 sempiter-

420 2675 564 2725 num,
593 2657 680 2713 vel
715 2664 934 2729 propter
971 2662 1182 2724 tempus
1225 2666 1331 2707 non
1370 2657 1697 2720 praeceptum
1734 2656 2012 2716 quousque

418 2751 824 2814 observaretur,
848 2747 928 2803 vel
955 2744 1099 2819 quod
1127 2759 1217 2800 res
1244 2741 1569 2815 signiﬁcaret
1591 2748 1859 2793 internas:
1893 2747 2013 2790 nus-

421 2855 583 2910 quam
611 2848 696 2897 est
736 2846 914 2894 tamen
942 2836 1143 2892 dictum
1191 2830 1261 2888 de
1304 2828 1606 2887 sacerdotio
1646 2831 1854 2893 Aaron,
1885 2825 2011 2897 quia

417 2930 618 3001 iuravit
646 2928 904 2985 Dominus
941 2937 998 2983 et
1038 2940 1147 2982 non
1182 2921 1624 2995 pmnitebiteum.
1672 2918 1737 2973 Et
1771 2917 1892 2972 ideo
1929 2915 2012 2970 di-

421 3031 568 3078 ctum
595 3020 755 3078 estin
786 3020 878 3076 illo
905 3017 1209 3075 sacerdotio
1229 3008 2013 3071 sccnndmnordinemMelchi-

424 3113 604 3177 sedec,
650 3110 768 3166 Non
794 3110 1044 3183 paenitebit
1073 3124 1209 3173 eum,
1238 3116 1296 3161 ut
1336 3105 1761 3176 signiﬁcaretur,
1788 3101 1913 3171 quia
1941 3100 2011 3156 de

422 3201 722 3259 sacerdotio
746 3201 923 3257 Aaron
951 3198 1198 3270 imuitnit
1225 3213 1369 3259 eum,
1395 3196 1448 3251 id
1476 3188 1829 3262 est,'ututavit
1857 3191 2007 3248 illud.

495 3292 709 3350 CXXV.
737 3290 836 3366 [lb.
870 3305 1028 3359 ικικ,
1068 3288 1149 3362 9.]
1176 3287 1313 3355 Quid
1358 3295 1478 3349 est,
1532 3285 1596 3341 Iit
1638 3282 2010 3338 consummabis

423 3402 605 3440 manus
633 3386 836 3450 Aaron,
880 3391 926 3438 et
955 3398 1134 3437 atauus
1158 3380 1384 3451 ﬁliorum
1414 3378 1561 3449 ejus?
1588 3380 1671 3433 An
1702 3391 1797 3446 per
1820 3390 2012 3431 manus

428 3488 745 3551 potestatem
794 3476 1132 3549 signiﬁcavit,
1174 3483 1232 3529 ut
1257 3471 1455 3544 aliquid
1484 3471 1645 3526 etiam
1673 3470 1772 3539 ipsi
1816 3482 2010 3525 conse-

423 3589 578 3629 crare
620 3582 840 3642 possent
877 3588 891 3624 :
936 3576 1174 3641 potestas
1219 3575 1396 3619 autem
1443 3564 1557 3634 ipsa
1594 3561 2012 3618 sanctiﬁcatione

420 3665 926 3729 consummabatur,
973 3677 1078 3733 qua
1128 3657 1381 3730 praecepti
1434 3664 1561 3712 sunt
1605 3652 1933 3710 sanetiticari
1977 3667 2009 3707 a

425 3757 606 3830 Moyse
621 3758 645 3811 ?

496 3845 728 3902 (LXXVI.
748 3844 848 3917 [Ib.
867 3859 1021 3909 xxix,
1042 3841 1154 3915 10.]
1178 3840 1241 3895 Et
1267 3840 1488 3895 adduces
1513 3839 1722 3894 vitulum
1741 3837 1808 3891 ad
1824 3838 2009 3893 ostium

425 3938 735 3994 tabernaculi
777 3935 1077 4001 testimonii,
1108 3945 1155 3989 et
1191 3932 1603 4003 supcrimponcnt
1632 3931 1800 3986 Aaron
1828 3937 1875 3983 et
1912 3928 2012 4000 ﬁlii

427 4028 538 4099 ejus
565 4043 744 4082 manus
760 4043 879 4083 suas
902 4042 1054 4096 super
1075 4035 1228 4097 caput
1257 4024 1396 4079 vituli
1415 4023 1469 4077 in
1488 4031 1757 4092 conspectu
1779 4019 2007 4075 Domini.

431 4119 571 4174 Ecce
600 4116 741 4173 unde
758 4133 914 4187 supra
937 4118 1136 4173 dictum
1157 4124 1259 4178 est,
1285 4112 1731 4170 consummandas
1753 4125 1874 4166 esse
1894 4124 2011 4166 ma-

428 4224 532 4266 nus
549 4224 757 4275 eorum,
786 4209 835 4264 id
853 4217 954 4273 est,
976 4206 1352 4278 perﬁciendam
1383 4212 1721 4276 potestatem,
1765 4211 1823 4258 ut
1847 4202 2009 4258 etiam

426 4300 527 4373 ipsi
566 4301 955 4356 sanctiﬁcarent
980 4341 995 4364 ,
1023 4298 1165 4370 quod
1197 4296 1356 4352 tundo
1397 4295 1484 4360 tit,
1511 4310 1637 4350 cum
1664 4304 1870 4366 ponunt
1891 4309 2009 4349 ma-

426 4409 529 4450 nus
549 4407 674 4448 suas
700 4407 864 4461 super
891 4391 1114 4447 vitulum
1137 4387 1545 4445 immolandum.
1960 4403 1975 4440 ι
2001 4403 2005 4409 ·

497 4483 756 4541 CXXVII.
771 4483 872 4557 [Ib.
899 4498 1050 4547 suis,
1069 4480 1183 4554 l8.]
1196 4480 1345 4547 Quod
1370 4478 1497 4534 odor
1513 4477 1775 4535 suavitatis
1794 4476 2010 4533 Domino

425 4592 571 4647 smpc
595 4576 785 4631 dicitur
809 4576 1126 4631 sacriﬁcium
1165 4573 1231 4628 de
1256 4572 1481 4627 victimis
1516 4584 1765 4641 pecorum
1795 4570 1844 4624 in
1866 4568 2011 4625 Scri-

431 4670 605 4736 ptnris
627 4668 858 4731 sanctis,
890 4682 996 4722 non
1023 4666 1208 4735 utique
1232 4665 1376 4720 Deus
1400 4662 1567 4719 odore
1596 4663 1722 4717 lnmi
1755 4661 1896 4717 illius
1915 4661 2012 4716 dc-

432 4760 692 4825 lectatnr;
722 4761 814 4816 sed
843 4769 1048 4815 tantum
1088 4757 1218 4813 illud
1248 4755 1388 4828 quod
1415 4756 1499 4812 his
1538 4755 1871 4827 signiﬁcatur
1894 4752 2009 4823 spi-

428 4851 692 4909 ritualiter
722 4852 887 4907 Deum
915 4851 1142 4907 delectat
1167 4864 1289 4905 cum
1332 4848 1679 4918 spiritualiter
1704 4847 2007 4913 exhibetur,

424 4944 677 5016 quoniam
708 4943 823 5015 ipse
857 4942 992 4998 odor
1021 4941 1115 4997 Dei
1152 4940 1496 5011 spiritualiter
1531 4938 1860 5008 intelligitur.
1892 4934 2009 4990 Non

425 5036 571 5093 enim
601 5035 738 5091 sicut
766 5049 864 5089 nos
882 5033 1103 5089 odorem
1126 5032 1402 5103 corporeis
1421 5031 1638 5087 naribus
1660 5028 1828 5083 ducit.
1863 5026 2012 5084 Sicut

427 5144 559 5200 ergo
585 5128 676 5182 ille
700 5125 934 5190 olel’acit,
962 5125 1042 5182 sic
1065 5126 1164 5181 ista
1192 5123 1509 5194 signiﬁcant.

500 5215 781 5275 CXXVIII.
824 5214 925 5290 [lb.
955 5229 1110 5280 χιιι,
1134 5214 1205 5270 26
1228 5212 1250 5286 ]
1280 5213 1343 5267 Et
1370 5227 1537 5268 sumes
1563 5209 1907 5280 pectusculum
1950 5210 2015 5264 de

424 5311 581 5366 ariete
597 5308 1074 5371 consummationis,
1105 5311 1239 5379 quod
1285 5314 1358 5359 est
1400 5305 1607 5369 Aaron;
1652 5303 1702 5357 id
1733 5312 1836 5369 est,
1856 5302 2014 5372 hujus

430 5408 611 5459 Aaron
640 5402 681 5454 ⁸.
713 5399 826 5457 lloc
851 5399 995 5456 enim
1026 5398 1297 5470 pertinere
1335 5395 1504 5453 voluit
1527 5395 1594 5451 ad
1630 5410 1900 5451 summum
1919 5410 2011 5453 sa—

422 5494 718 5551 ceritatem.

490 5585 521 5648 t7
536 5583 675 5643 Edlti,
702 5582 759 5635 id
779 5588 867 5648 cst,
887 5581 1040 5648 ipsius
1062 5593 1233 5632 νέαι-οη.
1257 5588 1460 5648 At‘tussq
1486 5581 1665 5648 huius:
1693 5595 1791 5646 quo
1811 5580 2014 5648 articulo

424 5646 605 5697 mdicat
624 5642 917 5708 Augustinus
936 5656 1118 5698 nomen
1147 5651 1297 5695 Aaron
1320 5644 1412 5696 hoc
1429 5645 1574 5695 Exodi
1607 5642 1726 5697 Iooo'
1737 5642 1851 5708 poni
1875 5644 1923 5693 in
1941 5643 2016 5706 gl-

424 5706 757 5770 pendium.

1184 234 1648 310 QUIESTIONUM
1685 233 1744 293 S.
1784 230 2150 293 AUGUSTINI
2185 232 2253 293 IN
2290 231 2855 295 HEPTATEUCHUM

2173 342 2415 401 cxxrx.
2439 341 2544 420 [ιδ.
2565 360 2721 416 ιω,
2738 344 2960 422 28-30.]
2986 345 3056 404 Et
3082 348 3176 405 erit
3199 349 3371 405 Aaron
3385 360 3438 405 et
3457 350 3585 422 aut:
3604 349 3705 426 ejus

2104 435 2383 507 legitimum
2407 447 2653 493 a-ternum
2682 455 2715 491 a
2740 438 2866 510 [iliis
2890 438 3092 496 Israel:
3116 455 3243 499 cum
3290 442 3503 500 diceret
3528 442 3600 501 de
3619 459 3708 515 pe-

2103 529 2344 584 ctuscqu
2358 539 2411 586 et
2426 528 2647 586 brachio
2663 532 3017 588 victimarum.
3033 532 3179 590 More
3196 534 3293 591 illo
3308 550 3441 607 ergo
3461 548 3708 595 cternua

2107 620 2262 685 dixit.
2291 638 2451 695 quem
2479 640 2627 697 sape
2651 639 2810 694 supra
2831 627 3398 684 commemoravimus.

2175 713 2246 770 Et
2263 716 2395 771 stola
2412 718 2597 784 sancti,
2616 733 2732 790 qua:
2747 718 3026 780 est'Aaron.
3038 720 3137 775 erit
3156 720 3280 791 ﬁliis
3301 723 3412 795 cjus
3432 733 3552 793 post
3565 741 3699 794 eum,

2103 822 2293 879 ungere
2319 824 2406 863 eos
2429 810 2482 864 in
2509 810 2635 880 ipsis
2654 851 2670 876 ,
2703 822 2751 866 et
2779 826 3132 867 consummare
3154 829 3339 868 manus
3382 831 3584 871 eorum.
3613 815 3707 873 Se.

2105 908 2241 968 ptem
2265 899 2442 955 diebus
2470 901 2641 956 vestiet
2666 917 2721 956 se
2742 916 2803 956 ea
2817 902 3054 958 sacerdos
3075 903 3163 972 qui
3188 905 3481 961 successerit
3499 904 3556 962 ei
3566 909 3632 962 de
3643 908 3707 977 ﬁo

2103 989 2191 1045 liis
2208 990 2339 1062 ejus,
2368 990 2458 1062 qui
2498 992 2704 1047 intrabit
2724 992 2777 1047 in
2806 994 3190 1050 tabernaculum
3233 998 3505 1056 testimonii
3535 998 3707 1054 deser-

2103 1081 2210 1136 vire
2234 1081 2287 1136 in
2314 1082 2524 1139 sanctis.
2558 1083 2685 1140 ΙΙωο
2714 1084 2877 1141 verba
2902 1087 3096 1144 multas
3122 1089 3450 1161 qumstiones
3482 1090 3707 1147 habent.

2103 1169 2236 1227 Nam
2260 1173 2490 1244 primum
2521 1173 2610 1231 hic
2633 1175 2928 1232 notandum
2950 1187 3055 1245 est,
3077 1179 3350 1249 quomodo
3366 1197 3493 1238 cum
3523 1186 3709 1242 uolatu

2104 1263 2298 1321 dixerit
2337 1266 2519 1333 sancti,
2567 1277 2755 1339 postea
2802 1268 3075 1339 pluraliter
3119 1270 3251 1327 dicit
3297 1289 3489 1345 ungere
3523 1290 3617 1330 eos
3657 1276 3710 1333 in

2102 1358 2250 1430 ipsis,
2281 1367 2531 1432 tanquam
2556 1360 2609 1415 in
2630 1360 2802 1416 stolis.
2830 1361 2964 1419 Nam
2986 1373 3042 1419 et
3081 1379 3241 1436 supra
3295 1365 3502 1422 multas
3542 1369 3711 1425 stolas

2103 1465 2201 1506 eas
2230 1450 2473 1517 dixerat,
2504 1450 2701 1524 quibus
2725 1468 2830 1509 una
2869 1463 3164 1511 constaret.
3191 1455 3509 1528 Quanquam
3540 1458 3713 1515 ambi-

2103 1556 2267 1614 guum
2295 1542 2367 1598 sit
2390 1551 2571 1598 utrum
2597 1543 2652 1599 in
2690 1543 2818 1615 ipsis
2843 1543 2915 1601 ab
2939 1559 3009 1601 co
3038 1545 3184 1617 quod
3216 1557 3342 1605 sunt
3368 1547 3484 1619 ipsa
3510 1563 3712 1619 genere

2107 1643 2320 1700 neutro,
2349 1648 2703 1705 quiecmnque
2728 1644 2857 1691 sunt
2881 1636 3076 1707 quibus
3090 1636 3178 1692 illa
3214 1637 3354 1694 stola
3381 1640 3710 1712 completur,

2107 1723 2163 1782 id
2190 1734 2276 1781 est
2300 1722 2468 1782 vestis
2492 1724 2847 1782 sacerdotalis
2875 1743 2891 1783 :
2920 1727 3066 1798 quod
3094 1729 3265 1799 magis
3291 1730 3710 1800 putandmnest,

2107 1832 2173 1874 es
2202 1830 2270 1873 eo
2295 1815 2439 1888 quod
2465 1816 2519 1872 in
2542 1817 2999 1891 cotiscquentibus
3016 1817 3168 1887 dicit,
3194 1818 3401 1891 Septem
3427 1820 3609 1876 diebus
3633 1838 3713 1877 re-

2107 1907 2221 1964 stiet
2244 1923 2301 1962 se
2320 1923 2380 1961 ea
2405 1907 2642 1962 sacerdos
2668 1908 2755 1979 qui
2777 1906 3072 1964 successerit
3100 1908 3187 1973 ei;
3213 1924 3277 1964 ea
3299 1911 3508 1967 scilicet
3527 1913 3713 1968 omnia

2108 2012 2230 2069 qua:
2270 1997 2753 2065 commemoravit,
2782 2012 2907 2053 cum
2951 2005 3157 2054 vestem
3194 1999 3589 2058 sacerdotalem
3613 2001 3712 2057 de-

2109 2088 2395 2146 scriberet.
2442 2089 2716 2159 tiepetivit
2751 2103 2884 2145 sane
2926 2088 3071 2162 quod
3104 2106 3265 2161 supra
3312 2090 3560 2157 dixerat,
3591 2108 3716 2147 con-

2109 2197 2364 2238 summare
2391 2195 2572 2236 atauus
2600 2197 2813 2237 eorum:
2842 2181 2986 2237 unde
3007 2181 3136 2254 quid
3159 2181 3290 2238 mibi
3313 2181 3590 2243 videretur
3611 2199 3714 2241 es-

2111 2273 2264 2345 posui
2309 2273 2508 2347 (Supra
2529 2312 2546 2339 ,
2585 2279 2766 2346 quiest.
2800 2271 2955 2344 19.5).
2998 2273 3152 2345 Quod
3184 2289 3315 2331 vero
3343 2275 3453 2343 ait,
3499 2275 3715 2347 Septem

2112 2364 2285 2420 diebus
2310 2365 2480 2421 vestiet
2505 2380 2561 2419 se
2591 2381 2652 2419 ea
2675 2365 2932 2430 sacerdos,
2975 2363 3231 2437 numquid
3266 2366 3386 2422 aliis
3421 2365 3616 2423 diebus
3642 2382 3712 2423 se

2111 2470 2222 2513 non
2250 2455 2478 2511 vestiet?
2523 2454 2631 2511 Sed
2673 2455 2780 2511 illis
2804 2465 3014 2527 septem
3040 2455 3309 2513 continuis
3352 2456 3580 2530 intelligi
3610 2473 3715 2514 vo-

2113 2543 2233 2612 luit,
2263 2546 2456 2618 quibus
2493 2546 2612 2616 ejus
2653 2546 3014 2603 sacerdotium
3061 2547 3459 2618 quodammodo
3483 2549 3712 2606 dedica-

2112 2644 2229 2705 tur,
2259 2646 2420 2709 atque
2459 2636 2810 2694 hebdomadis
2838 2646 2923 2693 cst
2965 2638 3017 2693 in
3043 2638 3164 2708 ejus
3189 2638 3528 2696 inchoatione
3553 2640 3716 2697 festi-

2112 2731 2271 2784 vitas.
2301 2726 2685 2785 Successorem
2723 2735 2904 2783 autem
2935 2728 3113 2783 Aaron
3137 2744 3261 2783 eum
3300 2728 3427 2785 dicit
3446 2770 3463 2794 .
3489 2731 3585 2800 qui
3621 2730 3716 2786 in-

2114 2826 2217 2873 trat
2257 2817 2311 2872 in
2341 2817 2721 2873 tabernaculum
2766 2817 3059 2885 testimonii,
3088 2818 3341 2874 deservire
3376 2820 3429 2875 in
3469 2819 3662 2875 sanctis
3694 2833 3721 2877 τ

2113 2924 2237 2965 eum
2285 2910 2497 2966 scilicet“
2531 2909 2861 2979 signiﬁcans,
2911 2909 3002 2980 qui
3053 2925 3160 2966 non
3205 2919 3558 2981 poteratessc
3600 2912 3721 2969 nisi

2114 3016 2274 3069 unus,
2302 3017 2409 3056 non
2439 3001 2629 3072 quales
2656 3008 2814 3056 erant
2840 3008 2895 3056 et
2935 3001 3031 3059 ﬁlii
3056 3002 3237 3058 Aaron
3257 3016 3380 3058 cum
3406 3002 3526 3057 vivo
3555 3012 3720 3074 patre

2112 3101 2233 3155 suo,
2283 3085 2379 3143 sed
2434 3087 2607 3157 qualis
2653 3100 2935 3143 successor
2976 3087 3146 3158 ipsius
3182 3088 3381 3144 Aaron.
3426 3088 3719 3158 Quonmtlo

2111 3191 2241 3246 ergo
2265 3177 2536 3248 proprium
2561 3175 2686 3231 dicit
2715 3175 2874 3245 hujus
2899 3175 3055 3232 unius
3067 3192 3212 3245 esse,
3242 3178 3436 3234 iturare
3455 3179 3506 3233 in
3535 3178 3721 3235 taber-

2115 3267 2352 3323 naculum
2372 3268 2667 3333 testimonii,
2697 3269 2944 3324 deservire
2966 3269 3019 3324 in
3037 3271 3380 3338 sanctis,cutn
3399 3281 3453 3327 et
3479 3271 3565 3327 illa
3585 3288 3721 3343 quae

2113 3368 2241 3415 sunt
2293 3370 2443 3415 extra
2493 3360 2691 3424 velum,
2713 3373 2822 3429 quo
2866 3359 3109 3415 velantur
3151 3370 3331 3417 sancta
3372 3370 3717 3419 sanctorum.

2115 3459 2298 3505 sancta
2326 3448 2686 3521 appellentur,
2715 3460 2769 3504 ct
2798 3448 3200 3507 tabernaculum
3228 3452 3519 3509 testimonii
3542 3455 3720 3512 etiam

2116 3541 2243 3597 illud
2264 3550 2504 3608 vocetur,
2538 3542 2628 3598 ubi
2659 3551 2786 3596 sunt
2824 3552 3007 3597 sancta
3028 3584 3045 3609 ,
3073 3542 3125 3597 id
3146 3553 3230 3599 est
3267 3559 3451 3601 mensa
3477 3554 3533 3602 et
3572 3560 3717 3603 can-

2115 3631 2428 3687 delabrum:
2458 3633 2547 3688 ubi
2572 3647 2692 3686 cum
2723 3631 3029 3689 deserviant
3054 3643 3109 3689 et
3135 3644 3422 3706 sequentes
3456 3637 3719 3694 sacerdo-

2117 3733 2198 3779 tes
2223 3721 2291 3777 ad
2318 3738 2556 3779 mensam
2586 3734 2640 3779 et
2667 3723 3043 3781 candelabrum
3071 3734 3127 3782 et
3153 3728 3325 3798 ipsum
3351 3727 3537 3794 altare,
3573 3745 3720 3802 quo-

2116 3815 2277 3870 modo
2302 3831 2463 3871 unum
2479 3814 2609 3869 dicit
2626 3830 2994 3873 successorem
3019 3818 3219 3882 Aaron.
3243 3821 3333 3891 qui
3358 3821 3507 3876 intret
3535 3822 3590 3877 in
3623 3831 3717 3879 ta-

2114 3907 2438 3964 bernaculum
2467 3908 2741 3962 testimonii
2776 3909 3025 3964 deserrire
3055 3910 3108 3964 in
3131 3911 3359 3967 sanctis?
3373 3911 3428 3969 Si
3454 3912 3597 3970 enim
3625 3913 3720 3971 di¢

2115 3999 2318 4064 xissct,
2368 3999 2649 4056 Descrvit'e
2681 4001 2734 4054 in
2772 4001 2975 4057 sanctis
3020 4011 3345 4066 sanctorum.
3392 4004 3532 4059 milia
3561 4016 3717 4063 esset

2116 4092 2362 4162 quaestio.
2391 4091 2470 4147 Ad
2501 4091 2618 4148 ha'c
2638 4092 2803 4154 enim,
2833 4092 2920 4148 ubi
2946 4103 3027 4148 est
3064 4109 3189 4151 arca
3222 4097 3535 4162 testimonii,
3556 4098 3714 4155 solus

2117 4199 2255 4240 unus
2284 4184 2515 4240 intrabat
2553 4200 2797 4239 suunnus
2824 4183 3115 4242 sacerdos:
3145 4186 3286 4257 quod
3311 4188 3470 4243 etiam
3496 4188 3549 4244 in
3579 4188 3714 4259 Epi-

2116 4273 2253 4330 stola
2287 4274 2354 4329 ad
2399 4273 2655 4329 llcbrteos
2692 4272 3101 4345 diligentissime
3143 4278 3565 4335 commendatur.
3593 4279 3713 4338 Nisi

2118 4363 2255 4420 forte
2279 4379 2345 4420 co
2368 4365 2484 4437 ipso
2515 4364 2657 4436 quod
2686 4380 2846 4419 umtm
2878 4364 3009 4422 dicit
3034 4367 3225 4423 intrare
3251 4368 3303 4422 in
3327 4368 3711 4427 tabernaculum

2118 4455 2410 4521 testimonii,
2423 4454 2671 4509 deservire
2696 4456 2749 4510 in
2774 4457 2981 4521 sanctis,
2997 4473 3101 4513 non
3126 4458 3239 4513 vult
3256 4459 3436 4530 utique
3461 4460 3707 4533 intelligi,

2117 4545 2215 4600 nisi
2245 4545 2297 4599 in
2321 4545 2521 4601 sanctis
2546 4556 2889 4612 sanctorum;
2921 4548 3042 4618 quia
3075 4559 3136 4617 et.
3170 4549 3284 4620 ipsa
3316 4549 3498 4620 utique
3521 4562 3711 4611 sancta

2116 4636 2469 4710 appellantur.
2498 4634 2614 4692 Non
2637 4637 2781 4692 enim
2809 4638 2987 4693 omnia
3024 4653 3145 4710 qua:
3169 4650 3351 4695 sancta
3373 4649 3517 4706 sunt,
3544 4642 3711 4699 etiam

2116 4737 2299 4784 sancta
2343 4738 2650 4784 sanctorum
2693 4727 2799 4784 dici
2844 4739 3107 4799 possunt:
3141 4728 3230 4785 illa
3271 4744 3401 4788 vero
3424 4747 3546 4802 qua:
3580 4743 3713 4789 sunt

2116 4828 2299 4876 sancta
2328 4830 2658 4885 sanctorum,
2706 4820 2888 4891 procul
2918 4820 3081 4878 dubio
3110 4823 3292 4894 utique
3326 4833 3509 4882 sancta
3557 4835 3711 4884 sunt.

2119 4909 2266 4966 Unus
2288 4918 2467 4965 autem
2493 4911 2595 4966 istc
2619 4910 2710 4980 qui
2741 4911 2908 4967 semel
2933 4910 2987 4967 in
3021 4927 3162 4967 anno
3190 4913 3421 4971 intrabat
3442 4916 3494 4971 in
3518 4927 3713 4975 sancta

2118 5009 2442 5067 sanctorum,
2474 5001 2722 5072 quoniam
2748 5000 3028 5058 Domimun
3047 5002 3320 5061 Christum
3347 5006 3710 5078 signiﬁcabat,

2116 5092 2453 5163 apertissime
2471 5091 2771 5162 supradicta
2800 5092 2867 5148 ad
2896 5093 3150 5150 llebrteos
3169 5095 3400 5167 Epistula
3429 5114 3711 5157 eomntea-

2117 5180 2491 5254 d.itnr(Hebr.
2543 5197 2619 5248 ix,
2669 5183 2850 5253 7—ll).
2905 5182 3057 5252 Quod
3100 5195 3279 5241 autem
3310 5188 3711 5258 pneﬁguratum

2119 5284 2197 5328 est
2230 5274 2283 5328 in
2314 5284 2501 5329 Sancto
2522 5284 2852 5342 sanctorum,
2883 5284 2940 5330 ut
2967 5290 3129 5346 super
3156 5292 3335 5333 arcam
3361 5294 3480 5350 quze
3507 5276 3715 5352 Legem

2122 5365 2352 5421 habebat
2379 5406 2397 5433 ,
2428 5374 2572 5420 esset
2597 5365 3047 5437 propitiatorinm,
3077 5368 3164 5423 ubi
3211 5368 3304 5424 Dei
3339 5370 3711 5428 mi-ericordia

2120 5459 2401 5531 signiﬁcari
2430 5459 2769 5528 intelligenda
2810 5469 2934 5527 est,
2962 5475 3065 5532 qua
3112 5464 3376 5530 propitius
3420 5462 3479 5517 lit
3516 5481 3708 5518 cantat

2123 5550 2355 5623 peccatis
2380 5553 2396 5584 ⁸
2421 5550 2510 5621 qui
2534 5549 2728 5620 Legem
2764 5563 2870 5605 non
2896 5550 3156 5621 implent;
3189 5552 3291 5608 hoc
3332 5554 3461 5608 mibi
3491 5553 3709 5611 videtur

2079 5775 2087 5782 .
2186 5703 2204 5736 ι
2221 5712 2324 5755 Mn.
2342 5707 2416 5755 ﬂ.
2435 5706 2490 5753 et
2501 5704 2614 5754 Im.
2631 5710 2652 5753 ε
2666 5698 2998 5757 “micantia
3010 5701 3327 5767 signiﬁcatur.
3342 5703 3715 5765 inulliaendtan
