3862 6306
113 248 207 301 σιι
1131 231 1136 232 ί
1423 233 1627 290 LIBER
1656 231 2029 292 SECUNDUS.

113 358 265 416 etiam
292 355 345 409 in
375 354 485 424 ipsa
505 359 654 408 veste
680 349 970 408 sacerdotis
983 347 1270 421 signiﬁcari
1299 365 1313 401 :
1343 363 1469 405 nam
1493 360 1549 404 et
1572 351 1687 420 ipsa

114 451 234 524 quid
269 449 412 505 aliud
453 463 612 519 quant
677 446 929 502 Ecclesiae
987 444 1333 500 Sacramenta
1390 442 1689 514 signiﬁcat?

115 545 260 616 Quod
295 547 347 600 in
369 554 527 614 ἀρνίῳ,
558 541 610 596 id
637 551 724 598 est
764 540 1007 612 rationali
1057 541 1109 595 in
1135 548 1352 610 pectore
1397 537 1692 594 sacerdotis

118 638 283 710 posito
301 634 498 706 judicia
526 632 825 696 constituit,
853 632 907 687 in
934 631 1128 687 lamina
1155 645 1284 686 vero
1310 629 1689 685 sanctiﬁcatio-

117 745 232 786 nem
259 736 315 783 et
339 726 660 782 ahlationcm
695 725 710 757 ⁸
740 734 1079 795 peccatorum
1112 739 1126 777 :
1155 731 1404 792 tanquam
1435 719 1694 775 rationale

115 821 178 876 sit
202 820 253 874 in
281 826 496 886 pectore
521 814 698 874 simile
725 830 866 869 arcae
895 816 947 868 iu
975 831 1077 884 qua
1107 813 1213 868 Lex
1241 821 1379 875 erat,
1409 819 1466 867 ct
1496 809 1692 866 lamina

117 914 197 969 illa
237 910 289 968 in
316 910 510 971 fronte,
541 907 730 963 similis
756 906 1127 978 propitiatorio
1151 904 1294 976 quod
1322 919 1486 974 super
1511 917 1693 958 arcam

114 1011 242 1064 erat.
286 1009 342 1056 et
367 1009 426 1054 ut
459 999 737 1070 utrobique
766 1007 1071 1053 servaretur
1106 995 1248 1068 quod
1296 995 1554 1065 scriptum
1588 1001 1691 1058 est,

3277 234 3389 296 642

1802 350 1885 405 vel
1907 347 2163 414 exorabit,
2188 361 2341 420 super
2371 335 2564 405 cornua
2587 351 2700 413 eius
2725 352 2881 408 semel
2920 353 2973 407 in
3009 369 3145 410 anno
3171 331 3387 413 deson-

1797 441 1949 512 guine
1982 441 2352 512 puriﬁcationis
2398 439 2716 496 delictorum.
2754 441 3157 516 Depropitiabit,
3202 449 3270 502 :th
3317 465 3383 504 co

1797 530 1941 601 quod
1970 541 2053 587 est
2080 530 2478 601 depropitiatio,
2519 549 2638 602 qua:
2667 549 2840 604 gnece
2881 535 3075 590 dicitur
3114 543 3383 607 ιξιὶαιςμος.
3413 602 3415 604 η

1803 620 2023 678 Undeet
2046 621 2446 694 intelligendum
2484 634 2596 688 est,
2629 624 2732 680 hoc
2755 626 2896 696 quod
2941 629 3105 682 semel
3147 631 3199 682 itt
3245 649 3387 686 anno
3416 639 3437 660 ἰ

1793 713 1948 785 jubet
1975 713 2087 769 ﬁeri
2114 713 2180 768 ad
2203 714 2592 785 propitiandum
2618 717 2780 771 Deum
2801 733 2964 788 super
2979 734 3175 774 cornua
3206 723 3389 780 altaris
3432 755 3440 782 ,-

1800 805 2025 872 incensi,
2051 805 2103 860 id
2127 814 2212 862 est
2240 814 2299 862 ιιι
2334 805 2406 863 de
2432 809 2693 878 sanguine
2732 811 3115 878 pttt'ilicalimtis
3159 813 3386 870 delicto-
3411 800 3443 886 λξμέ

1800 915 1941 966 rum,
1969 899 2307 955 victimarum
2333 900 2540 956 scilicet
2564 918 2684 972 qua:
2709 903 3004 960 oll‘cruntur
3034 922 3128 974 pro
3152 883 3443 982 delictis,

1800 993 1968 1049 semel
2004 993 2059 1049 in
2103 1008 2244 1050 anno
2272 1003 2554 1066 tangantur
2581 1011 2779 1052 cornua
2813 998 2997 1054 altaris
3027 1001 3253 1069 ittcczsi,
3282 981 3448 1072 non

117 1090 498 1152 Subcrexsultat
527 1088 867 1145 misericordia
883 1087 1084 1159 judicio
1115 1085 1338 1159 (Jacobi,
1371 1101 1430 1150 tt,
1463 1084 1579 1156 l5).

178 1183 388 1242 CXXX.
417 1181 521 1256 [lb.
553 1197 685 1238 XXIX
706 1223 724 1250 ,
752 1180 866 1254 37.]
893 1178 1030 1248 Quid
1071 1188 1156 1237 cst
1187 1179 1329 1250 quod
1359 1179 1694 1251 puriticatum

120 1285 167 1335 et
191 1273 575 1333 sanctificatum
605 1274 774 1330 altare.
802 1280 1008 1342 septem
1034 1270 1224 1326 diebus
1242 1269 1372 1325 dicit
1397 1269 1541 1341 quod
1569 1285 1694 1322 san-

114 1380 236 1423 ctum
264 1367 430 1421 sancti
470 1365 608 1420 erit?
650 1364 832 1420 Allare
875 1379 979 1418 non
1017 1362 1235 1433 quidem
1279 1361 1409 1417 dicit
1448 1371 1696 1415 sanctum

114 1469 434 1524 Sanctorum,
459 1459 598 1512 sicut
619 1464 702 1510 est
726 1455 856 1510 illud
881 1452 1021 1525 quod
1047 1455 1164 1508 velo
1183 1461 1481 1525 separatur,
1503 1450 1594 1506 ubi
1613 1457 1700 1506 est

114 1567 225 1608 arca
256 1549 545 1606 testimonii
579 1567 592 1601 :
629 1555 998 1602 verumtamen
1024 1554 1077 1600 et
1107 1545 1208 1599 hoc
1233 1544 1404 1598 altare
1430 1552 1582 1598 extra
1605 1557 1698 1596 vc-

116 1645 213 1700 lum
238 1643 490 1712 positum,
511 1655 604 1710 per
618 1636 1092 1695 sanctiﬁcationem
1113 1646 1318 1705 septem
1335 1634 1542 1691 dierum
1569 1632 1700 1688 dicit

116 1735 311 1806 potius,
348 1750 512 1804 quant
542 1734 562 1764 ³
596 1747 691 1800 per
730 1731 1036 1785 unctionem
1069 1729 1182 1785 licri
1217 1735 1464 1783 sanctum
1500 1726 1694 1782 sancti.

117 1827 176 1883 lit
195 1825 356 1890 addit,
383 1824 566 1880 Omnis
589 1823 674 1894 qui
693 1822 908 1892 tetigerit
935 1821 1113 1883 altare,
1143 1817 1562 1888 sancti/imbitur.

179 1915 413 1974 CXXXI.
441 1915 542 1989 [11).
574 1931 701 1981 xxx,
731 1915 786 1982 ὃ,
815 1911 1034 1986 ι.]ϐιιιιι
1059 1913 1127 1969 de
1153 1913 1365 1970 annalis
1391 1912 1698 1985 loqueretur

115 2009 282 2064 altaris
313 2007 544 2071 incensi,
576 2004 716 2076 quod
745 2004 912 2058 altare
939 2021 1047 2060 tton
1077 2003 1310 2070 ina-rari,
1341 2001 1436 2058 scil
1464 2001 1698 2057 inaurari

113 2101 278 2170 jussit,
309 2099 376 2154 Et
405 2099 536 2153 duos
571 2096 788 2153 annnlos
812 2113 993 2153 aureos
1012 2113 1166 2169 puros
1190 2096 1365 2167 facies.
1390 2094 1578 2165 inquit.
1599 2091 1692 2147 sub

116 2191 263 2245 tortili
282 2205 476 2245 corona
494 2189 626 2259 ejus,
656 2190 708 2244 in
735 2189 836 2243 duo
865 2190 1026 2250 latera
1052 2187 1207 2260 facies
1232 2187 1285 2240 in
1309 2185 1505 2241 duobus
1533 2184 1698 2239 lateri.

114 2281 198 2334 bttl
219 2296 238 2334 .'
263 2279 521 2350 quoniam
543 2293 750 2349 gra-cns
788 2279 980 2346 habet,
1021 2288 1088 2339 si;
1123 2285 1186 2333 τὰ
1214 2281 1294 2331 ὂῦο
1321 2285 1459 2338 ulla!)
1489 2287 1698 2338 ποιήσεις

111 2378 155 2426 δν
176 2388 267 2435 τοῖς
291 2377 396 2427 δνσὶ
421 2381 652 2442 πλευροῖς.
675 2369 806 2426 Nam
833 2378 972 2431 χὶὶτη
995 2369 1157 2424 latera
1177 2377 1322 2434 sunt,
1339 2379 1394 2422 et
1423 2375 1604 2437 πλευρά
1623 2367 1699 2422 la-

114 2475 217 2520 tera
241 2474 386 2519 sunt.
419 2462 573 2520 Unde
600 2462 814 2532 quidam
854 2461 1027 2517 Latini
1059 2460 1138 2516 sic
1175 2459 1503 2530 interpretati
1544 2468 1694 2525 sunt,

115 2552 174 2609 lu
205 2555 332 2612 duos
371 2565 545 2626 partes
575 2555 729 2625 facies
755 2551 806 2607 in
837 2553 1032 2606 duobus
1063 2551 1324 2606 lateribus.
1359 2549 1476 2608 Neu
1513 2558 1694 2604 autem

113 2646 182 2700 ait
205 2645 428 2702 Graecus
449 2653 592 2716 μὶρη,
624 2643 765 2715 quod
794 2651 877 2699 est
907 2651 1115 2712 partes,
1141 2640 1234 2696 sed
1256 2646 1419 2706 κλιτη,
1450 2641 1590 2713 quod
1618 2641 1698 2694 la-

115 2744 241 2792 tem.
269 2735 406 2792 Nam
450 2734 552 2790 hoc
586 2735 804 2790 verbum
831 2743 916 2789 est
953 2734 1007 2789 in
1043 2733 1136 2788 illo
1177 2732 1402 2802 psalmo,
1431 2731 1520 2786 ubi
1559 2731 1698 2787 scri-

97 2836 256 2897 ptum
279 2839 401 2884 est:
438 2826 582 2883 Uxor
607 2839 693 2881 tua
714 2828 843 2882 sicut
869 2829 1012 2880 uinea
1045 2825 1228 2898 fertilis
1251 2826 1306 2879 in
1325 2823 1563 2880 lateribus
1600 2824 1697 2879 do-

116 2932 222 2971 mus
245 2927 346 2972 tua:
374 2915 546 2991 (Psal.
573 2932 776 2980 cxxvtt,
817 2917 895 2988 5).
920 2917 996 2971 Ac
1030 2930 1125 2986 per
1159 2915 1260 2970 hoc
1296 2924 1499 2969 tantum
1539 2929 1700 2969 casus

114 3006 352 3074 interest,
379 3008 504 3079 quia
530 3008 678 3079 prius
703 3006 1085 3074 accusativum,
1117 3015 1237 3076 post
1257 3020 1384 3060 vero
1407 3004 1700 3060 ablativum

115 3101 304 3171 posuit.
341 3099 409 3157 In
438 3101 540 3156 duo
566 3102 726 3155 latera
751 3100 928 3170 facies,
967 3098 1020 3152 in
1057 3099 1250 3152 duobus
1281 3096 1540 3152 lateribus.
1569 3096 1700 3165 Quis

114 3199 286 3248 autem
320 3193 393 3248 sit
429 3209 620 3252 sensus
653 3191 868 3252 diliieile
893 3199 977 3248 est
1011 3190 1254 3261 assequi;
1289 3189 1393 3245 nisi
1437 3189 1601 3252 forte.
1643 3195 1705 3244 ut

113 3281 245 3336 solet
267 3281 544 3352 Scriptura
568 3297 750 3342 amare
772 3281 1022 3348 ellipsim,
1041 3287 1096 3333 ut
1120 3277 1317 3346 aliquid
1338 3276 1474 3332 desit
1499 3287 1553 3332 et
1580 3276 1704 3332 sub-

111 3370 384 3436 audiatur,
411 3371 570 3427 etiam
607 3368 692 3425 hic
725 3368 1090 3429 subaudiatur,
1127 3367 1297 3421 Erunt
1335 3382 1348 3417 :
1394 3373 1453 3418 ut
1492 3365 1594 3420 iste
1632 3367 1704 3421 sit

112 3474 331 3526 sensus,
363 3459 390 3513 1
397 3477 427 3513 n
453 3460 556 3515 duo
586 3459 742 3514 latera
766 3459 940 3528 facies,
966 3458 1018 3511 in
1040 3456 1234 3510 duobus
1257 3453 1493 3509 lateribus
1518 3463 1666 3509 erunt
1681 3473 1703 3522 ;

113 3550 166 3605 id
192 3561 299 3615 est,
330 3551 400 3607 ad
425 3552 532 3607 duo
553 3552 717 3606 latera
749 3550 907 3606 iacies
934 3548 1182 3615 annulos,
1211 3547 1462 3619 quoniam
1489 3547 1543 3603 ιιι
1569 3547 1704 3606 duo-

115 3637 210 3697 bus
239 3641 495 3697 lateribus
523 3652 698 3698 erunt.

186 3732 456 3790 CXXXII.
481 3734 582 3807 [11).
600 3750 728 3800 xxx,
754 3731 832 3805 4.]
848 3731 913 3788 Et
940 3741 1084 3788 erant
1105 3747 1254 3786 arcus
1272 3731 1505 3789 amitibus
1534 3733 1612 3806 (a)
1636 3733 1708 3789 ita

121 3833 174 3878 ut
193 3826 403 3882 tollatur
429 3827 561 3882 illud
579 3827 632 3880 in
649 3825 741 3880 eis.
769 3824 914 3894 Quos
932 3824 1159 3880 annulus
1183 3823 1411 3887 dixerat.
1437 3841 1595 3880 arcus
1619 3826 1706 3881 di-

123 3919 210 3972 cit.
233 3921 472 3976 Annulos
497 3921 693 3992 quippe
717 3935 814 3990 pro
840 3920 1086 3976 rotundis
1103 3922 1250 3976 ausis
1279 3921 1470 3990 posuit.
1499 3921 1563 3976 Et
1582 3921 1707 3990 quid

125 4016 207 4063 cst
234 4010 380 4066 aliud
421 4012 650 4068 annulus
685 4013 766 4066 vel
805 4009 1070 4077 circulus,
1109 4012 1210 4067 nisi
1254 4010 1485 4082 undique
1512 4013 1708 4068 arcus?

128 4096 247 4154 Ideo
272 4102 490 4173 quidam
512 4103 754 4159 nolentes
786 4118 912 4158 arcu
939 4102 1138 4166 dicere,
1165 4103 1346 4157 thecas
1381 4103 1708 4173 interpretati

131 4199 269 4257 sunt,
297 4195 491 4264 quibus
521 4195 711 4250 antites
733 4194 1129 4260 inducerentur,
1160 4194 1430 4259 dicentes,
1461 4195 1527 4250 Et
1567 4206 1711 4252 erunt

133 4281 281 4340 theca:
304 4287 542 4342 amitibus
557 4301 579 4351 ,'
606 4285 761 4357 quasi
789 4302 994 4357 graecus
1018 4285 1120 4342 hoc
1151 4303 1256 4341 nott
1289 4295 1469 4357 possm
1508 4287 1707 4354 dicere,

132 4385 245 4428 cum
273 4379 433 4435 etiam
468 4379 638 4435 theca:
676 4395 908 4451 graecum
948 4379 1171 4436 verbum
1217 4379 1288 4435 sit
1318 4397 1332 4434 :
1359 4379 1493 4435 dixit
1532 4390 1710 4439 autem

133 4471 334 4530 φαὶιδις.
355 4470 500 4539 quod
529 4485 684 4525 arcus
715 4471 1113 4539 interpretatur.

197 4557 480 4618 CXXXIII.
511 4561 612 4636 {ll}.
640 4579 774 4628 xxx,
797 4563 850 4625 8.
884 4561 996 4635 10.]
1025 4561 1260 4617 lnccndet
1292 4579 1444 4634 super
1473 4564 1604 4618 illud
1626 4565 1710 4620 in-

133 4663 324 4707 censum
342 4653 739 4710 continuationis
772 4655 824 4709 in
853 4664 1120 4726 conspectu
1151 4654 1356 4710 Domini
1380 4657 1432 4710 in
1453 4658 1714 4728 progenies

137 4754 321 4801 eorum.
349 4747 754 4804 Continuationis
773 4748 1030 4802 incensum
1065 4747 1224 4811 dicit,
1257 4749 1399 4818 quod
1429 4750 1711 4804 continua-

139 4829 225 4884 tim
253 4833 420 4901 ﬂeret,
448 4839 502 4894 id
529 4848 633 4903 est,
663 4839 806 4892 nullo
825 4839 911 4895 die
940 4839 1454 4908 pra-immitteretur.
1487 4841 1617 4896 Cum
1646 4841 1713 4897 de

137 4921 280 4982 altari
316 4933 632 5002 perciperet
673 4931 908 4994 incensi,
945 4931 996 4987 id
1032 4943 1134 4998 est,
1188 4933 1239 4987 itt
1288 4948 1394 5004 quo
1435 4934 1711 4989 incensum

141 5020 330 5074 tantum
357 5032 668 5095 poneretur,
699 5041 803 5077 non
831 5023 1216 5083 holocaustum.
1239 5039 1342 5080 non
1367 5027 1708 5094 sacriﬁcium,

142 5113 240 5160 non
281 5109 495 5182 Iihatio:
536 5117 852 5186 predixerat
897 5117 1120 5180 idipsnm
1163 5117 1436 5172 incensum
1477 5122 1714 5189 quotidie

146 5195 258 5263 ιηιιῖ
274 5201 471 5263 debere
495 5225 510 5262 :
534 5222 675 5262 nunc.
700 5217 876 5261 atttent
901 5205 1048 5270 dicit,
1071 5205 1135 5260 Et
1161 5208 1514 5277 depropititbit
1545 5210 1713 5266 Aaron

144 5312 360 5425 gitimam
381 5319 688 5386 propitiussit
711 5319 917 5385 peccatis
938 5333 1119 5371 eorum.
1136 5329 1225 5372 Nos
1248 5323 1325 5372 hic
1345 5322 1611 5386 sequimur.
1634 5331 1718 5375 nat

146 5434 368 5544 muniti,
395 5441 692 5495 ablutionem.
711 5451 817 5495 mss.
840 5444 1040 5532 aliquot.
1062 5445 1356 5498 aboliionem
1376 5445 1719 5508 :alii,ablutio-

206 5556 233 5640 ς.
250 5566 358 5640 ζει-ι..
373 5568 856 5640 plerlquepmittunt,
874 5581 1032 5633 quam.
1050 5571 1268 5620 nonnulli
1293 5571 1477 5623 habent
1495 5572 1582 5630 sic,
1615 5570 1719 5622 dici

150 5620 358 5688 Ροίί-ξκωι
374 5620 464 5688 ὶιεν
486 5620 767 5681 arationem.

211 5675 282 5743 (α)
305 5685 352 5736 Id
372 5675 450 5744 {si
469 5675 800 5770 ita
823 5704 890 5744 ex
912 5691 1112 5759 Vulgata
1132 5696 1358 5747 versione
1377 5693 1682 5764 intelligitur.

1801 1083 2070 1154 pertinere
2091 1084 2160 1140 ad
2179 1086 2320 1141 illam
2347 1088 2736 1157 appositionem
2763 1088 2990 1156 incensi,
3015 1107 3176 1162 quant
3211 1095 3386 1162 quoti-

1801 1174 1891 1230 die
1921 1173 2036 1230 ﬁeri
2076 1173 2330 1245 iusserat.
2376 1175 2466 1230 llla
2497 1179 2639 1232 enim
2682 1179 2840 1233 liehat
2876 1183 3236 1249 aromatihus,
3283 1200 3386 1240 non

1803 1265 2091 1335 sanguine;
2115 1278 2170 1323 et
2195 1267 2432 1337 quotidie
2451 1308 2466 1333 ,
2496 1285 2600 1324 non
2634 1271 2798 1324 settth
2830 1270 2882 1325 itt
2917 1287 3078 1327 anno.
3104 1273 3219 1329 Non
3260 1293 3390 1347 ergo

1801 1371 1988 1412 sumus
2015 1357 2357 1424 intellecturi,
2382 1361 2546 1414 semel
2577 1361 2628 1415 in
2657 1376 2799 1416 anno
2823 1363 3024 1419 intrare
3052 1366 3385 1424 sacerdotem

1802 1446 1979 1503 solere
2004 1448 2058 1502 in
2086 1457 2330 1505 sanctum
2356 1460 2682 1516 sanctorum,
2705 1452 2800 1507 sed
2827 1456 2990 1508 semel
3016 1456 3067 1509 in
3095 1471 3237 1511 anno
3261 1474 3384 1516 cum

1801 1539 2062 1609 sanguine
2090 1556 2106 1592 :
2133 1549 2189 1597 et
2217 1543 2452 1614 quotidie
2471 1542 2682 1616 quidem
2704 1545 2878 1602 solere
2907 1547 3103 1602 intrare
3131 1550 3247 1608 sine
3268 1568 3388 1608 san-

1803 1629 1980 1698 guine,
2011 1645 2168 1686 causa
2199 1633 2399 1686 incensi
2429 1634 2766 1703 imponendi;
2794 1651 2912 1690 cum
2931 1641 3188 1707 sanguine
3211 1653 3388 1699 autent

1803 1722 1971 1776 semel
1997 1726 2050 1776 in
2079 1737 2262 1779 anno:
2292 1724 2524 1779 maxime
2544 1726 2666 1794 quia
2695 1728 2935 1796 sequitur
2953 1738 3010 1785 et
3040 1731 3194 1798 dicit,
3220 1733 3391 1789 Semel

1801 1814 1857 1868 in
1883 1830 2016 1868 anno
2042 1816 2328 1885 puriﬁcabit
2357 1815 2525 1880 illud;
2564 1830 2793 1874 sanctum
2832 1831 3122 1877 sanctorum
3161 1836 3233 1878 cst
3276 1825 3388 1880 Do-

1802 1905 1960 1958 mino.
1990 1905 2106 1960 Non
2132 1923 2262 1978 etgo
2285 1908 2451 1964 semel
2477 1909 2530 1964 in
2567 1925 2712 1966 anno
2749 1922 2909 1982 ponet
2946 1913 3051 1968 illic
3089 1917 3388 1986 incensum,

1801 1995 1944 2064 quod
1970 1997 2207 2066 quotidie
2238 1996 2349 2052 ﬁeri
2371 1998 2578 2068 jussmn
2601 2012 2711 2067 cSI;
2741 2001 2835 2056 sed
2861 2003 3028 2058 semel
3055 2003 3108 2060 in
3128 2021 3268 2062 anno
3291 2025 3390 2078 pu-

1803 2087 2034 2143 rilicabit
2065 2089 2229 2154 illud,
2258 2090 2400 2162 quod
2443 2106 2564 2147 cum
2611 2093 2867 2163 sanguine
2907 2095 3020 2151 licri
3064 2111 3390 2170 pacet-ptum

1802 2188 1906 2232 est.
1939 2177 2008 2234 Et
2038 2190 2150 2250 post
2183 2181 2284 2238 hoc
2308 2181 2566 2254 adjnngit,
2597 2184 2844 2240 Sanctum
2873 2199 3160 2244 sanctorum
3185 2203 3257 2246 est
3285 2193 3391 2248 Do-

1804 2272 1942 2328 mino
1963 2289 1984 2327 :
2006 2290 2068 2329 ac
2096 2289 2191 2343 per
2216 2273 2317 2332 hoc
2353 2277 2398 2331 si
2437 2287 2678 2333 sanciunt
2711 2291 3017 2337 sanctormn
3059 2299 3164 2340 non
3205 2297 3391 2355 extra,

1801 2362 1898 2418 sed
1935 2363 2072 2418 intra
2103 2365 2276 2420 velum
2303 2375 2446 2430 erat;
2478 2369 2637 2424 etiam
2664 2371 2791 2426 illud
2834 2374 3074 2444 profecto
3115 2377 3285 2434 altare
3324 2381 3394 2438 de

1803 2469 1910 2524 quo
1935 2470 2076 2509 nunc
2096 2456 2290 2526 agitur,
2317 2459 2460 2528 quod
2500 2461 2623 2530 poni
2656 2461 2815 2531 jussit
2841 2475 3027 2521 contra
3059 2469 3267 2537 velum,
3301 2471 3386 2526 in-

1803 2542 2068 2600 trinsecus
2090 2546 2270 2614 jussit.

1872 2641 2160 2699 CXXXIV.
2186 2643 2288 2718 [Ib.
2321 2663 2446 2712 xxx,
2475 2649 2588 2721 12.]
2611 2649 2746 2717 Quid
2775 2655 3020 2725 estquod
3046 2656 3144 2723 ait,
3174 2660 3236 2714 Si
3251 2677 3392 2717 accc-

1803 2733 1938 2806 peris
1975 2737 2401 2807 computationem
2434 2740 2657 2807 ﬁliorum
2691 2740 2854 2800 Israel
2881 2747 2934 2800 in
2972 2748 3256 2806 risitatione
3299 2771 3388 2810 eo-

1805 2841 1955 2916 rum;
1979 2826 2076 2882 nisi
2100 2829 2222 2899 quia
2245 2829 2398 2900 jubet
2416 2847 2510 2885 eos
2535 2833 2823 2903 aliquando
2856 2838 3055 2895 visitari
3085 2850 3141 2897 ct
3166 2858 3390 2916 compu-

1805 2915 1928 2982 tari,
1958 2916 2009 2972 id
2033 2927 2117 2974 est
2143 2921 2447 2976 numerari?
2465 2921 2615 2992 Quod
2641 2925 2692 2978 in
2727 2925 2890 2982 David
2917 2940 3192 3002 propterea
3219 2915 3393 2990 vindi-

1802 3018 1980 3064 catum
2039 3009 2437 3084 intelligendum
2485 3025 2604 3085 est,
2647 3018 2772 3090 quia
2822 3019 2965 3078 Deus
3013 3040 3120 3080 non
3160 3026 3396 3097 jusserat

1803 3099 1878 3173 (II
1907 3101 2034 3173 Reg.
2064 3101 2233 3175 ntv).

1875 3201 2139 3260 CXXXV.
2172 3198 2270 3278 [lb.
2297 3223 2430 3270 xxx.
2453 3207 2672 3282 εει-55]
2697 3211 3091 3272 Advertcndum
3118 3228 3203 3276 est
3230 3222 3393 3278 etiam

1805 3303 1860 3350 et
1916 3293 2206 3351 notandum
2268 3301 2716 3368 quemadmodum
2769 3319 3038 3376 unguento
3087 3310 3396 3372 chrismatis

1805 3384 1984 3439 omnia
2004 3385 2165 3455 jussit
2192 3389 2337 3458 ungi,
2367 3391 2769 3449 tabernaculum
2789 3397 2996 3453 scilicet
3021 3409 3078 3455 et
3104 3417 3167 3456 ea
3188 3419 3308 3474 qua:
3337 3405 3392 3464 in

1808 3477 1901 3532 illo
1927 3488 2099 3545 erant,
2131 3489 2186 3535 ει
2223 3481 2418 3538 deinde
2453 3494 2612 3540 erunt
2638 3496 2819 3541 sancta
2847 3499 3174 3547 sanctorum.
3201 3494 3393 3552 Onmia

1808 3567 2014 3626 scilicet
2039 3585 2160 3626 cum
2209 3571 2402 3627 l‘ttcrint
2435 3584 2626 3636 uncta,
2653 3587 2809 3632 erunt
2842 3589 3025 3635 sancta
3063 3595 3394 3645 sanctorum.

1808 3661 1944 3730 Quid
1969 3662 2126 3735 igitur
2143 3663 2362 3722 distabit
2384 3665 2492 3733 jam
2531 3667 2670 3722 inter
2698 3669 2784 3724 illa
2817 3671 3099 3742 interiora,
3127 3694 3247 3748 qua:
3274 3681 3400 3739 velo

1811 3759 2079 3821 teguntur,
2111 3761 2163 3806 et
2192 3764 2407 3820 cetera,
2433 3754 2479 3810 si
2496 3757 2674 3812 omnia
2692 3774 2812 3814 cum
2837 3772 2991 3818 uncta
3021 3764 3219 3824 fuerint
3237 3781 3398 3828 erunt

1810 3848 1994 3895 sancta
2023 3847 2360 3909 sanctorum,
2388 3843 2694 3915 diligentius
2724 3851 3099 3920 requirendum
3127 3873 3143 3911 :
3171 3857 3284 3915 lucc
3312 3872 3395 3919 ta-

1815 3945 1941 3986 men
1985 3932 2217 3988 notanda
2267 3935 2610 3991 credidimus.
2644 3938 2743 3996 Ulti
2781 3943 2941 3998 etiam
2974 3951 3396 4022 meminerimus,

1811 4021 1952 4093 quod
1974 4022 2109 4078 sicut
2138 4023 2208 4078 de
2241 4023 2332 4079 illo
2365 4025 2518 4106 altari
2547 4030 2950 4098 sacriﬁciorum,
2979 4039 3124 4106 quod
3147 4053 3261 4111 post
3297 4021 3398 4100 un.

1811 4118 2045 4172 ctiouem
2087 4117 2342 4187 appellari
2391 4119 2557 4175 voluit
2601 4134 2844 4180 sanctum
2891 4131 3096 4197 sancti,
3147 4137 3399 4193 continuo

1812 4207 2009 4263 dictum
2030 4217 2134 4274 est,
2166 4208 2343 4264 Omnis
2374 4211 2463 4280 qui
2495 4214 2652 4282 tangit
2678 4215 2838 4281 illud,
2857 4221 3254 4288 sancti/imbitur
3281 4241 3300 4280 :
3326 4225 3399 4284 ita

1813 4299 1882 4356 de
1901 4300 2149 4357 omnibus
2170 4311 2372 4371 postea,
2396 4318 2515 4372 quzc
2541 4303 2606 4357 de
2632 4303 2722 4358 illo
2746 4319 3016 4376 unguento
3041 4323 3194 4368 uncta
3211 4357 3227 4382 ,
3258 4315 3400 4374 dicta

1813 4399 1939 4445 sunt
1983 4401 2166 4446 sancta
2213 4400 2539 4457 sanctorum,
2583 4391 2769 4450 eadem
2807 4401 3068 4454 sententia
3118 4405 3400 4466 subsecuta

1815 4491 1916 4545 est,
1946 4490 2004 4536 ιιι
2030 4480 2318 4546 diceretur,
2352 4481 2529 4538 Omnis
2551 4485 2639 4553 qui
2666 4487 2826 4557 tangit
2849 4503 2941 4554 ea,
2973 4495 3393 4564 snuctiﬁcabitur.

1813 4573 1966 4642 Quod
2009 4571 2218 4629 duobus
2256 4573 2430 4629 modis
2477 4575 2694 4643 inteliigi
2739 4587 2949 4649 potest;
2987 4583 3101 4638 sive
3136 4591 3404 4658 tangendo

1815 4665 2252 4731 sanetilicabitnr,
2277 4667 2389 4722 sive
2405 4668 2819 4726 sanetilicabitur
2838 4682 2896 4728 ιιι
2913 4673 2960 4728 ei
2976 4674 3130 4732 liceat
3153 4685 3403 4752 tangere:

1815 4758 1861 4812 si
1889 4766 2064 4813 tamen
2105 4773 2210 4814 non
2255 4759 2444 4814 licebat
2484 4768 2700 4830 tangere
2739 4764 2934 4833 populo
2973 4767 3400 4842 tabernaculum,

1817 4849 2029 4921 quando
2053 4850 2347 4906 allerehant
2376 4850 2605 4914 hostias.
2632 4853 2716 4910 vel
2737 4870 3088 4930 qumcumquc
3114 4863 3183 4917 ab
3217 4863 3296 4916 eis
3320 4865 3402 4918 al-

1819 4945 1923 5000 lata
1967 4944 2328 5000 ollerebatttur
2363 4945 2494 5002 Deo.
2537 4945 2668 5001 Nam
2714 4962 3105 5020 consequenter
3139 4971 3242 5009 non
3273 4955 3404 5012 solis

1818 5038 2182 5094 sacerdotibus
2219 5053 2392 5108 neque
2426 5037 2554 5094 solis
2579 5038 2776 5096 Levitis
2802 5041 3086 5098 dicendum
3126 5044 3402 5117 admonet,

1818 5133 1960 5203 quod
1999 5133 2072 5187 ait
2109 5131 2175 5186 ad
2216 5131 2453 5204 Moysen,
2482 5131 2548 5186 Ιέῖι
2579 5134 2702 5200 [iliis
2741 5131 2908 5188 Israel
2934 5134 3152 5203 loqueris
3184 5136 3355 5194 dicens
3381 5149 3408 5197 :

1821 5227 2000 5296 utique
2031 5225 2121 5279 lilii
2150 5223 2306 5280 Israel
2333 5233 2474 5280 totus
2497 5223 2583 5280 ille
2609 5227 2834 5294 populus
2862 5235 3010 5290 erat;
3039 5227 3189 5295 juhet
3220 5238 3404 5290 autem

1822 5318 1924 5371 illis
1953 5315 2078 5380 dici,
2106 5316 2285 5370 Oleum
2304 5313 2467 5370 [initio
2488 5315 2762 5379 unctionis,
2779 5324 3006 5370 sanctum
3025 5318 3118 5372 erit
3145 5320 3242 5373 ltoc
3265 5321 3405 5380 vobis

1819 5410 1870 5463 in
1902 5406 2161 5479 progenies
2185 5415 2373 5460 vcs‘ras
2390 5421 2410 5460 :
2423 5421 2575 5476 super
2596 5421 2711 5458 earn
2719 5421 2796 5460 em
2817 5406 3035 5461 hominis
3054 5425 3154 5463 non
3175 5410 3405 5480 linietur,

1819 5510 1864 5556 et
1887 5499 2157 5554 secundum
2183 5495 2586 5568 compositionem
2613 5496 2744 5551 Itane
2769 5515 2870 5553 non
2901 5500 3095 5570 facietis
3120 5503 3260 5560 rubis
3279 5503 3407 5575 ipsi.

1819 5591 2072 5646 similiter.
2113 5587 2360 5643 Sanctum
2389 5596 2464 5641 est
2484 5629 2501 5656 ,
2531 5597 2578 5642 et
2609 5589 2942 5658 sanctiﬁcatio
2971 5593 3064 5646 erit
3094 5594 3248 5650 robis.
3280 5595 3411 5666 Qui-

1821 5698 2031 5757 cumque
2053 5679 2226 5753 fecerit
2252 5679 2500 5747 similiter,
2512 5691 2559 5736 et
2582 5681 2879 5756 quicumque
2899 5681 3038 5739 dabit
3059 5684 3124 5742 de
3142 5701 3201 5744 eo
3226 5697 3413 5754 est“
