3862 6300
485 286 592 346 647

488 403 660 474 pietas
693 395 870 469 capit?
908 393 1042 451 Esse
1079 402 1257 449 autem
1288 392 1452 447 Deum
1497 407 1620 448 cum
1662 390 1810 445 dune
1853 384 2078 444 cervicis

489 491 830 555 horninibus,
881 485 1011 542 nihil
1050 492 1133 541 est
1173 484 1316 540 aliud
1355 499 1516 555 quam
1544 481 1861 538 vindicando
1889 479 2078 535 adesse

419 627 427 635 .
488 592 649 654 atque
668 578 936 652 puniendo
967 595 980 631 :
1007 577 1147 632 unde
1173 592 1296 632 cum
1317 590 1383 631 eo
1403 575 1562 631 modo
1591 575 1746 630 malis
1775 590 1879 628 uon
1901 571 2074 639 adest,

414 703 416 705 >
491 672 764 746 parcendo
819 670 976 734 facit;
1030 684 1139 740 quo
1189 667 1417 739 pertinet
1469 667 1601 722 illud
1651 665 1792 737 quod
1846 664 2074 730 dicitur,

490 765 613 819 Aret
623 772 671 817 te
693 761 874 832 faciem
901 769 1041 814 luant
1064 776 1098 812 a
1124 758 1341 828 peccatis
1368 760 1489 812 meis
1511 755 1680 830 (Psal.
1709 772 1762 822 t.,
1792 755 1880 827 ll)
1911 771 1926 810 :
1953 754 2077 826 quia

489 855 536 911 si
579 852 840 917 advertit,
888 851 1149 906 evertit‘.
1192 849 1344 905 Sicut
1384 847 1527 904 enim
1566 846 1680 903 lluit
1706 861 1828 903 cera
1873 862 1903 901 a
1943 846 2076 902 facio

492 944 672 1016 ignis,
733 943 812 998 sic
863 949 1088 1013 pereunt
1135 948 1444 1010 peccatores
1489 954 1519 992 a
1567 937 1701 994 facie
1743 936 1840 992 Dei
1888 935 2072 1008 (Psal.

493 1051 634 1093 uvn
651 1076 666 1097 ,
695 1035 731 1090 5
747 1031 790 1104 ).

560 1128 689 1186 CLI.
720 1127 821 1201 [11ι.
853 1141 1042 1191 χχχιιι,
1067 1123 1152 1190 19..
1188 1121 1299 1195 15.]
1333 1120 1397 1177 Et
1420 1121 1548 1177 dixit
1572 1119 1774 1193 Moyses
1798 1120 1866 1174 ad
1895 1119 2075 1175 Domi-

489 1237 644 1286 num,
684 1219 817 1275 Ecce
858 1227 912 1272 tu
949 1217 1070 1270 mihi
1104 1215 1278 1270 dicis:
1311 1213 1486 1268 Dedttc
1520 1214 1766 1283 populum
1802 1212 1954 1266 hunc.
1999 1209 2078 1266 Tu

488 1323 653 1368 autem
675 1328 773 1367 non
795 1307 1148 1364 demonstrasti
1176 1305 1298 1360 mini
1323 1321 1472 1376 quem
1494 1305 1646 1359 simul
1675 1303 1842 1358 mittas
1861 1318 2073 1357 mecum.

489 1404 569 1464 Tu
596 1415 762 1458 autent
791 1401 964 1456 dixisti
989 1399 1131 1464 mihi,
1161 1397 1283 1454 Scio
1311 1407 1360 1454 te
1378 1412 1487 1468 prce
1511 1396 1762 1460 omnibus,
1791 1405 1838 1448 ct
1862 1393 2078 1465 gratiam

488 1496 641 1552 habes
683 1495 822 1564 apud
861 1509 958 1546 me.
1017 1491 1076 1546 Si
1103 1505 1222 1560 ergo
1264 1487 1431 1542 incerti
1467 1487 1684 1558 gratiam
1724 1486 1777 1539 in
1811 1492 2078 1554 conspectu

489 1599 608 1653 tuo,
648 1585 854 1642 ostende
889 1583 1012 1638 mihi
1041 1583 1390 1651 temetipsum,
1429 1580 1693 1651 manifeste
1715 1587 1767 1630 ιιι
1794 1577 1988 1631 rideam
2008 1585 2075 1642 te,

489 1691 545 1735 ut
568 1681 666 1735 sim
690 1677 945 1732 inveniens
963 1674 1179 1747 gratiam
1203 1681 1320 1726 ante
1339 1681 1407 1734 te,
1429 1680 1474 1726 et
1499 1680 1552 1724 ut
1579 1670 1739 1725 sciam
1764 1667 1883 1739 quia
1911 1683 2077 1737 popu-

489 1772 570 1826 lus
597 1779 711 1823 tuus
733 1777 805 1823 est
825 1783 946 1837 gens
965 1767 1095 1822 lucc.
1125 1763 1278 1832 Quod
1306 1762 1463 1818 habet
1484 1776 1690 1832 gra'cus
1717 1770 1945 1827 ponte,
1975 1757 2104 1829 hoc,

488 1859 706 1933 quidam
735 1857 882 1912 latini
910 1855 1241 1925 interpretati
1266 1861 1391 1907 sunt
1414 1892 1430 1918 ,
1458 1853 1754 1924 manifeste,
1779 1866 1902 1905 cum
1929 1849 2078 1905 Scri-

490 1961 646 2023 ptura
671 1966 776 2004 non
804 1948 1001 2004 dixerit
1027 1957 1250 2019 puvcpog.
1295 1944 1467 1999 l’otuit
1490 1959 1617 2012 ergo
1647 1942 1874 1996 fortasse
1905 1939 2080 2012 aptius

487 2039 592 2097 dici
612 2082 629 2108 ,
659 2039 723 2098 Si
751 2039 917 2094 inveni
949 2037 1163 2110 gratiam
1187 2036 1240 2089 in
1269 2045 1539 2103 cottspectu
1567 2043 1651 2087 tuo
1670 2073 1686 2097 ,
1717 2031 1921 2088 ostende
1954 2030 2081 2086 mihi

489 2130 839 2199 temetipsum,
865 2129 1079 2183 scienter
1104 2136 1156 2180 ut
1176 2125 1368 2180 uideam
1399 2135 1447 2180 te
1476 2139 1496 2178 .'
1525 2123 1717 2194 quibus
1745 2122 1922 2179 verbis
1947 2121 2080 2180 Salis

488 2222 718 2276 ostendit
750 2221 959 2289 Moyses
982 2261 998 2286 ,
1029 2218 1168 2290 quod
1209 2231 1314 2272 non
1345 2218 1414 2272 ita
1457 2217 1670 2272 videbat
1713 2216 1876 2272 Deum
1907 2217 1958 2270 in
1988 2215 2078 2271 illa

489 2321 637 2370 tanta
665 2312 1020 2367 familiaritate
1048 2319 1388 2380 conspectus,
1413 2317 1470 2365 ut
1494 2307 1832 2364 desiderabat
1858 2306 2076 2374 videre;

489 2403 741 2476 quoniam
787 2401 892 2456 illa:
942 2414 1131 2456 omnes
1177 2399 1409 2454 visiones
1453 2399 1583 2464 Dei,
1626 2414 1746 2470 qua:
1774 2397 2076 2453 mortalium

489 2492 866 2566 praebebantur
903 2489 1241 2562 aspectibus,
1273 2498 1326 2544 et
1353 2505 1418 2545 ex
1455 2490 1649 2560 quibus
1689 2492 1847 2545 liebat
1890 2504 2074 2556 sonus,

487 2601 595 2658 quo
619 2584 860 2639 mortalis
887 2584 1238 2652 attingeretur
1267 2581 1478 2635 auditus
1499 2620 1516 2645 ,
1558 2581 1635 2636 sic
1665 2580 2074 2647 exhibebantur,

487 2685 758 2746 assumpta
786 2678 922 2731 sicut
951 2675 1089 2729 Deus
1124 2673 1333 2730 volebat
1355 2714 1370 2735 ,
1399 2672 1577 2742 specie
1615 2690 1718 2742 qua
1761 2673 1988 2738 volebat,
2020 2681 2078 2727 ut

489 2786 595 2824 non
625 2767 678 2823 iu
707 2768 786 2822 eis
829 2767 938 2836 ipsa
971 2764 1079 2820 ullo
1119 2779 1280 2820 sensu
1308 2763 1549 2832 corporis
1571 2763 1860 2818 sentiretur
1897 2763 2077 2820 divina

489 2870 700 2925 natura,
737 2874 856 2930 qua:
886 2857 1164 2912 invisibilis
1189 2855 1384 2926 ubique
1411 2864 1516 2909 tota
1547 2864 1627 2909 est
1648 2895 1666 2920 ,
1692 2862 1747 2908 et
1776 2854 1921 2908 nullo
1945 2869 2076 2910 cou-

491 2955 687 3010 tinetur
729 2952 868 3009 loco.
914 2951 982 3006 Et
1009 2950 1129 3020 quia
1158 2948 1210 3004 in
1250 2946 1459 3002 duobus
1497 2946 1809 3016 praeceptis,
1859 2946 1960 3001 hoc
1996 2954 2080 3002 est

491 3045 792 3102 dilectionis
828 3042 918 3098 Dei
948 3050 1004 3097 et
1033 3037 1292 3111 proximi,
1337 3047 1446 3092 tota
1477 3037 1584 3094 Lex
1627 3036 1822 3106 pendet
1862 3034 2074 3108 (Matth.

489 3156 624 3206 χχιι,
651 3135 867 3206 37—60)
889 3174 906 3199 ,
955 3134 1074 3189 ideo
1101 3132 1307 3204 Moyses
1338 3132 1389 3184 in
1420 3138 1645 3198 utroque
1673 3142 1825 3183 suum
1861 3126 2078 3184 deside-

490 3235 630 3287 rium
673 3227 1078 3284 demonstrabat
1109 3241 1123 3279 :
1157 3225 1208 3278 iu
1251 3222 1537 3278 dilectione
1576 3220 1777 3276 scilicet
1815 3220 1941 3286 Dei,
1988 3218 2077 3275 ubi

488 3324 599 3389 ait,
643 3321 705 3376 Si
729 3320 892 3374 inveni
919 3317 1137 3390 gratiam
1162 3315 1216 3369 in
1250 3323 1520 3383 conspectu
1552 3322 1638 3366 tuo
1657 3352 1673 3376 ,
1717 3311 1922 3366 ostende
1952 3311 2078 3365 mihi

491 3414 843 3484 temetipnm,
884 3408 1145 3478 manifeste
1171 3416 1225 3460 ut
1249 3405 1443 3459 uideant
1473 3413 1554 3469 te,
1599 3411 1654 3456 ut
1692 3401 1788 3456 sint
1821 3403 2079 3458 inveniens

491 3508 708 3579 gratiam
749 3504 800 3560 in
841 3512 1109 3573 conspectu
1146 3509 1274 3563 tuo;
1320 3499 1371 3552 in
1405 3497 1688 3552 dilectione
1735 3505 1911 3551 autem
1957 3511 2082 3566 pro-

494 3601 643 3665 silui,
666 3599 756 3654 ubi
779 3597 873 3660 ait,
894 3595 1021 3649 Ειιιι
1041 3593 1198 3649 sciam
1218 3591 1337 3660 quia
1356 3589 1573 3660 populus
1595 3599 1709 3642 tuus
1728 3598 1801 3641 est
1819 3603 1938 3660 gens
1950 3590 2076 3644 haec.

563 3691 715 3747 CLII.
746 3687 845 3762 Ub.
881 3701 1070 3746 χχχιιι,
1095 3680 1206 3754 17.]
1246 3681 1382 3749 Quid
1410 3688 1491 3735 est
1516 3679 1656 3750 quod
1685 3679 1814 3735 dicit
1845 3679 1985 3735 Deus
2011 3677 2080 3736 ad

491 3783 708 3856 Moysen
725 3823 741 3847 ,
773 3777 1021 3846 Quoniam
1047 3777 1152 3829 scio
1179 3782 1227 3827 te
1252 3787 1358 3842 prce
1380 3773 1606 3827 omnibus
1620 3773 1644 3825 ἒ)
1669 3770 1922 3840 numquid
1941 3771 2082 3827 Deus

492 3881 618 3953 plus
639 3878 813 3945 aliqua
844 3874 962 3929 scit.
993 3880 1047 3927 ct
1069 3871 1242 3941 aliqua
1271 3867 1486 3923 minus?
1509 3870 1588 3922 An
1617 3865 1912 3921 secundum
1937 3863 2081 3953 quod

494 3951 690 4026 dicitur
730 3962 1044 4037 quibusdam
1086 3962 1137 4017 in
1182 3959 1472 4032 Evangelio
1495 3997 1512 4019 ,
1560 3957 1680 4012 Non
1711 3959 1826 4012 novi
1853 3972 1940 4012 ros
1968 3951 2079 4028 (Id.

498 4075 631 4122 xxv.
667 4058 800 4127 l2)?
833 4055 1136 4113 Secundum
1163 4053 1299 4108 Itane
1323 4052 1464 4108 enim
1490 4051 1785 4117 scientiam,
1815 4066 1918 4120 qua
1942 4049 2084 4105 Deus

495 4153 690 4210 dicitur
715 4149 853 4206 scire
876 4164 994 4220 qua:
1021 4147 1093 4202 illi
1125 4146 1372 4217 placent,
1401 4143 1610 4198 nescire
1636 4157 1755 4212 qua:
1775 4140 2079 4210 displicent,

496 4261 605 4302 non
633 4243 754 4314 quia
785 4243 994 4311 ignorat
1015 4253 1101 4304 ea,
1130 4236 1222 4293 sed
1252 4235 1373 4306 quia
1402 4251 1506 4290 non
1532 4232 1809 4304 approbat,
1837 4233 1975 4286 sicut
1993 4246 2083 4286 ars

494 4345 643 4394 recte
671 4333 865 4389 dicitur
889 4330 1097 4386 nescire
1134 4328 1289 4394 vitia,
1322 4341 1442 4381 cum
1485 4323 1749 4394 improbat
1772 4323 1929 4386 vitia;
1972 4337 2083 4395 pm:

495 4429 742 4486 euntibus
767 4427 904 4482 Deus
935 4423 1151 4497 Moysen
1168 4420 1388 4485 sciebat,
1417 4419 1539 4491 quia
1565 4416 1674 4475 Deo
1700 4432 1809 4488 pra:
1836 4415 2083 4472 omnibus
2108 4441 2114 4448 -

497 4521 708 4590 Moyses
733 4514 994 4584 placebat.

567 4609 747 4665 CLIII.
778 4606 878 4679 Ub.
911 4621 1100 4670 χχχιιι,
1129 4602 1195 4658 1⁴Ξ
1219 4645 1234 4668 ,
1263 4599 1374 4673 17.]
1416 4597 1714 4656 Notandum
1737 4607 1912 4664 estne,
1939 4596 2082 4668 quod

495 4704 645 4776 prius
667 4703 780 4770 ipse
812 4699 1020 4770 \lnyses
1055 4696 1263 4751 diverat
1294 4695 1438 4759 Deo,
1484 4690 1670 4746 Dixisti
1698 4691 1816 4744 mihi
1836 4732 1850 4752 ,
1887 4690 2008 4745 Scio
2036 4702 2084 4745 te

496 4809 606 4856 ora:
633 4789 901 4852 omnibus;
929 4786 1070 4856 quod
1101 4786 1172 4840 ιιιι
1194 4784 1330 4839 Deus
1357 4793 1696 4853 posteaquam
1718 4781 1818 4834 hoc
1841 4781 1950 4850 ipse
1973 4780 2083 4835 Deo

491 4851 627 4944 dixit
645 4923 661 4950 ,
696 4882 885 4951 legitur
910 4877 1108 4932 dixisse
1127 4915 1142 4940 ,
1172 4883 1296 4928 ante
1323 4881 1500 4927 autem
1527 4890 1630 4926 non
1660 4873 1849 4941 legitur
1873 4888 1887 4927 :
1915 4880 1973 4926 ut
1994 4869 2080 4927 in-

498 4979 800 5048 telligamus
824 4989 929 5027 non
959 4968 1136 5024 omnia
1165 4981 1283 5022 esse
1313 4965 1504 5034 scripta
1529 4979 1648 5033 quin
1676 4979 1796 5018 cum
1823 4964 1914 5019 illo
1945 4964 2081 5020 Deus

494 5071 702 5124 locutus
729 5066 844 5121 est?
869 5061 973 5120 Sed
995 5059 1300 5129 diligentius
1321 5055 1693 5126 rctpiirendum
1721 5065 1802 5110 est
1821 5057 1872 5110 iu
1900 5054 2082 5127 priori-

495 5165 597 5218 bus
623 5161 912 5231 Scriptura:
941 5155 1176 5228 partibus
1196 5192 1210 5214 ,
1237 5167 1303 5205 an
1335 5165 1459 5203 vere
1488 5148 1555 5202 ita
1585 5150 1651 5203 sit
1681 5151 1722 5201 ¹.

559 5276 575 5306 ι
595 5274 836 5324 [editiones
857 5276 955 5320 ttat.
969 5276 1068 5334 Am.
1089 5273 1141 5334 et
1160 5270 1255 5334 ξι,
1270 5259 1384 5334 qt.
1401 5258 1498 5311 nisi
1517 5259 1704 5334 auajrtit,
1727 5258 1952 5334 advertit.
1960 5266 2076 5334 .Lov.

494 5346 548 5388 et
569 5352 642 5398 se;
662 5343 763 5386 tem
795 5343 926 5389 uss,
949 5328 1066 5398 quia
1085 5325 1192 5398 nisi
1212 5323 1379 5398 euertit
1396 5323 1747 5398 ,.et'ertit._‘§eil
1786 5323 2083 5398 “attulimus

491 5386 757 5451 lectionem
779 5401 885 5442 Mss.
904 5386 1097 5455 optione
1120 5396 1245 5455 noue
1263 5386 1590 5455 (‘orlieiensis,
1617 5386 1896 5455 tticbaelini,
1921 5393 2016 5434 etc.

557 5447 710 5510 ἶιιωιε
746 5458 812 5506 iiii
849 5447 1081 5504 amittant
1118 5451 1235 5501 edit.
1274 5456 1347 5496 Er.
1387 5447 1678 5510 l.ugd._\'en.
1721 5455 1772 5496 et
1806 5452 1915 5494 Lov.
1949 5455 2082 5510 ηυξ

490 5507 704 5581 manu
731 5524 801 5569 ex‘t
836 5516 963 5581 quod
1009 5511 1146 5581 prius
1184 5511 1287 5576 ipse
1311 5507 1490 5581 magnes
1513 5508 1707 5581 dixerat
1747 5516 1841 5581 {reo
1859 5546 1872 5566 ,
1902 5507 2083 5581 Liristi

491 5562 964 5642 Εἶθ’ξῖςῶιεῖῥῆ
983 5562 1242 5642 omnibus:
1263 5562 1487 5642 gaoiilli
1515 5579 1637 5642 Deus
1667 5562 1970 5642 posteaquam

490 5629 934 5707 ὶρἶῖἇίτῖιιέᾀὶὶιιι·
961 5629 1300 5707 dixisse,_a_nte
1319 5638 1480 5684 autem
1499 5645 1593 5707 non
1615 5629 1806 5707 (igitur,
1831 5629 2080 5707 utinteIli-

679 5715 774 5754 non
791 5694 951 5754 timid
963 5710 1066 5749 esse
1079 5696 1259 5758 scripta
1277 5707 1386 5758 qua?
1400 5707 1511 5745 cum
1530 5694 1616 5746 ιιιο
1631 5694 1754 5747 om
1772 5694 1955 5747 locutus
1975 5704 2080 5749 est:

1323 273 1782 348 QUJ'ZSTIONU.“
1819 275 1878 331 S.
1918 268 2282 331 AUGUSTlNl
2317 270 2388 328 IN
2425 271 2979 332 liEPTATEUCllUM
3643 285 3720 346 618

2251 385 2427 443 CLIV.
2457 387 2559 462 [lb.
2587 405 2772 453 χχχιιι,
2801 388 3162 461 14-25.]Cum
3191 389 3417 450 dixisset
3457 394 3646 469 Moyses
3672 405 3719 459 at

2183 478 2463 534 Dominum
2487 521 2502 546 ,
2534 479 2753 535 Ostende
2793 481 2913 535 milti
2952 482 3165 551 gloriam
3197 495 3378 549 tuam;
3423 489 3721 555 reSponditri
3806 529 3807 534 η

2181 569 2461 637 Dominus,
2487 569 2600 642 Ego
2621 573 2845 627 transibo
2867 583 2985 628 ante
3012 581 3061 626 te
3086 573 3258 644 gloria
3285 591 3398 628 mea
3425 578 3440 608 ί
3471 592 3491 630 :
3515 588 3557 631 et
3581 583 3722 636 rocabo

2181 664 2380 718 nomine
2398 662 2604 718 Domini
2629 665 2680 718 in
2705 676 2972 735 conspectu
2991 676 3112 732 tuo;
3131 674 3184 721 et
3205 666 3477 722 miserebor
3497 671 3573 725 cui
3589 673 3722 728 iniser-

2179 763 2262 811 tus
2301 771 2386 809 cro
2406 795 2422 820 ,
2461 766 2510 810 et
2539 756 2933 811 misericordiam
2960 758 3212 828 prmtabo
3254 760 3340 814 cui
3381 760 3724 819 misericordiam
3806 756 3807 808 ἕ

2181 844 2460 918 prtestitero
2491 863 2511 902 :
2533 863 2654 904 eum
2684 850 2839 919 paulo
2856 859 2982 906 ante
3009 851 3228 906 dixisset
3249 888 3270 918 ,
3319 851 3443 922 Ipse
3481 857 3724 913 antecedunt

2181 947 2249 1005 te,
2275 950 2324 993 et
2344 940 2562 1012 requiem
2595 940 2683 995 tibi
2707 940 2873 1008 dabo;
2898 940 3038 1013 quod
3063 942 3278 1014 Moyses
3303 946 3382 998 sic
3399 946 3595 1000 videtur
3608 963 3724 1004 acccc

2181 1031 2346 1101 pisse,
2377 1031 2682 1087 Anteccdam
2711 1041 2779 1100 te,
2807 1042 3057 1104 tanquam
3083 1050 3192 1089 non
3217 1036 3270 1089 ei
3301 1039 3499 1107 popqu
3518 1039 3600 1108 qui
3621 1056 3722 1107 pra-

2179 1135 2305 1177 scns
2335 1121 2388 1177 iu
2418 1123 2608 1178 itinere
2647 1123 2855 1179 iuturus
2879 1137 3023 1180 esset
3051 1142 3066 1180 :
3093 1134 3149 1181 ct
3195 1125 3322 1182 ideo
3353 1127 3430 1181 ait
3449 1167 3466 1192 ,
3505 1129 3564 1183 Si
3585 1147 3668 1184 non
3687 1141 3723 1184 ιιι

2179 1210 2290 1283 ipse
2323 1212 2475 1266 simul
2515 1215 2706 1268 ueneris
2747 1216 3026 1282 nobiscum,
3066 1233 3130 1271 ne
3167 1233 3252 1272 me
3274 1217 3461 1272 educas
3488 1220 3624 1289 hinc,
3647 1233 3724 1278 tte.

2181 1304 2323 1361 Deus
2349 1315 2528 1362 autem
2563 1323 2736 1378 neque
2757 1307 2808 1363 ei
2848 1306 2950 1363 hoc
2977 1308 3194 1379 negavit
3216 1310 3408 1366 dicens
3430 1353 3444 1375 ,
3473 1312 3534 1366 Et
3556 1314 3637 1368 hoc
3663 1316 3725 1370 tibi

2179 1396 2381 1451 uerbum
2399 1397 2536 1467 quod
2563 1398 2737 1453 dixiin
2762 1400 2968 1470 faciam.
2996 1400 3284 1470 Quomodo
3307 1417 3438 1476 ergo
3463 1419 3576 1461 cunt
3598 1406 3727 1464 dixis-

2181 1496 2265 1542 set
2292 1487 2341 1542 ei
2383 1487 2592 1561 Moyses
2613 1529 2630 1556 ,
2679 1487 2898 1546 Ostende
2933 1490 3058 1546 milii
3091 1493 3313 1564 gloriam
3355 1506 3525 1565 tuam,
3562 1513 3724 1565 rursus,

2183 1586 2432 1650 tanquam
2462 1595 2826 1650 praecessurus
2851 1591 2908 1638 et
2948 1597 3055 1640 non
3081 1601 3206 1640 cum
3232 1586 3315 1642 eis
3355 1587 3513 1643 simul
3539 1587 3725 1657 iuturus,

2181 1673 2392 1728 videtur
2407 1673 2604 1738 dicere,
2631 1673 2743 1746 Ego
2763 1676 2984 1732 transibo
3003 1688 3121 1733 ante
3139 1687 3206 1746 te,
3237 1679 3341 1735 nisi
3367 1681 3486 1752 quia
3510 1681 3602 1736 hoc
3617 1683 3725 1738 aliud

2181 1767 2303 1821 est?
2331 1764 2426 1821 llle
2449 1766 2644 1838 quippe
2688 1765 2996 1838 intelligitur
3019 1768 3162 1840 loqui
3194 1780 3252 1826 et
3277 1770 3492 1840 dicere,
3528 1771 3727 1828 Transibo

2182 1868 2299 1912 ante
2332 1866 2408 1922 te,
2435 1857 2504 1912 de
2528 1873 2636 1930 quo
2664 1859 2791 1915 dicit
2825 1860 3168 1932 Evangelium
3195 1903 3211 1927 ,
3258 1862 3387 1917 Cum
3410 1864 3608 1919 uenisset
3632 1865 3726 1918 liora

2181 1958 2239 2005 ut
2259 1949 2493 2005 transiret
2515 1950 2669 2006 Iesus
2691 1951 2757 2006 de
2783 1951 2878 2008 hoc
2901 1954 3088 2008 mundo
3106 1956 3178 2008 ad
3201 1953 3416 2010 Patrem
3449 1955 3613 2028 (Joan.
3634 1973 3723 2022 xui,

2183 2041 2209 2096 1
2235 2040 2258 2113 )
2295 2057 2308 2095 :
2339 2042 2429 2114 qui
2461 2041 2715 2098 transitus
2739 2042 2901 2099 etiam
2928 2043 3133 2100 Pascha
3163 2045 3502 2116 interpretari
3527 2049 3726 2118 perbibe-

2183 2139 2290 2188 tur.
2336 2130 2465 2188 lltec
2503 2133 2680 2205 itaque
2713 2149 2906 2205 magna
2937 2137 3158 2190 omnino
3195 2136 3474 2208 prophetia
3509 2149 3600 2194 est.
3638 2137 3725 2207 ipse

2181 2225 2324 2280 enim
2355 2233 2480 2280 ante
2503 2239 2692 2281 onmes
2735 2234 2949 2282 sanctos
2989 2227 3184 2282 transit
3216 2228 3284 2283 ad
3312 2228 3518 2284 Patrem
3559 2229 3618 2284 de
3651 2228 3725 2284 hoc

2181 2315 2414 2384 steeulo,
2445 2331 2634 2388 parare
2672 2317 2776 2373 illis
2803 2317 3110 2376 mansiones
3133 2321 3286 2392 regni
3321 2322 3572 2378 ctelorum
3589 2363 3602 2387 ,
3626 2337 3726 2392 quas

2179 2408 2422 2465 dabiteis
2441 2408 2495 2466 in
2515 2410 2906 2466 resurrectione
2929 2420 3295 2478 mortuorum;
3337 2414 3576 2484 quoniam
3597 2425 3721 2466 trans.
3806 2403 3807 2450 ῖ

2182 2500 2355 2557 iturus
2382 2512 2510 2558 ante
2537 2516 2726 2558 omnes
2753 2502 3138 2574 primogenitus
3166 2519 3197 2558 a
3234 2505 3463 2561 mortuis
3490 2504 3643 2560 iactus
3662 2513 3726 2560 est

2181 2592 2398 2664 (Ccloss.
2425 2607 2477 2659 ι,
2511 2591 2621 2663 l8).

2251 2684 2488 2740 Gratiam
2521 2700 2650 2740 vero
2690 2673 2840 2742 Suam
2880 2686 2934 2742 in
2975 2703 3043 2744 eo
3079 2687 3202 2760 ipso
3245 2689 3401 2747 valde
3434 2687 3726 2746 commendat

2179 2788 2301 2830 cum
2327 2775 2476 2841 dicit,
2500 2775 2567 2830 Et
2593 2777 2775 2832 uocabo
2799 2779 3001 2833 nomine
3026 2777 3240 2836 Domini
3267 2781 3320 2836 in
3348 2791 3601 2852 conspectu
3620 2790 3723 2835 tuo:
3806 2837 3807 2852 ι

2181 2873 2433 2938 tauquam
2459 2868 2510 2923 iu
2531 2881 2819 2941 conspectu
2842 2871 3018 2942 populi
3039 2871 3226 2941 Israel,
3251 2874 3404 2945 cujus
3427 2873 3724 2946 Moysescum

2182 2955 2300 3012 ba-c
2320 2957 2530 3013 audiret
2550 2966 2731 3029 typum
2749 2961 2985 3031 gerebat.
3018 2959 3077 3017 ln
3102 2974 3398 3039 conspectu
3427 2966 3559 3020 enim
3586 2962 3723 3034 gentis
3806 2983 3807 3039 γ

2181 3045 2350 3117 ipsius
2393 3048 2479 3101 tibi
2503 3063 2587 3115 ;ue
2612 3049 2870 3119 disperste
2908 3062 3129 3114 vocatur
3163 3035 3425 3110 Dominus
3446 3054 3668 3111 Christus
3686 3053 3726 3106 in
3806 3035 3807 3056 ¹

2182 3137 2431 3193 omnibus
2455 3139 2722 3209 gentibus.
2762 3140 2962 3197 Vocabo
2985 3152 3166 3200 autem
3190 3145 3349 3213 dixit,
3374 3161 3475 3201 non
3505 3143 3724 3206 Vocabor,
3806 3171 3807 3216 ξ

2182 3229 2412 3286 activum
2452 3229 2675 3287 verbum
2719 3245 2816 3301 pro
2858 3235 3070 3304 passivo
3108 3250 3350 3306 ponens,
3393 3250 3578 3308 genere
3610 3234 3728 3288 locu-

2183 3321 2345 3377 tionis
2394 3323 2682 3389 inusitato;
2738 3325 2792 3380 iu
2837 3341 2946 3397 quo
2998 3327 3255 3384 nimirum
3307 3342 3527 3400 magnus
3571 3339 3726 3382 sensus

2184 3415 2334 3472 latet.
2359 3415 2453 3474 Sic
2468 3417 2610 3472 enim
2643 3415 2868 3474 nutasse
2891 3418 3195 3489 signiﬁcare
3220 3421 3388 3478 voluit
3403 3399 3624 3491 seipsum
3647 3419 3726 3471 hoc
3806 3399 3807 3422 ¹

2182 3507 2389 3576 facere,
2430 3509 2481 3563 id
2509 3519 2591 3565 est
2613 3511 2782 3581 gratia
2804 3525 2902 3567 sua
2925 3510 3062 3579 ﬁeri,
3091 3519 3153 3568 ut
3182 3523 3406 3572 vocetur
3432 3513 3664 3571 Dominus
3684 3510 3723 3563 in

2183 3600 2432 3655 onmibus
2457 3602 2721 3671 gentibus.

2255 3691 2409 3760 Quod
2447 3705 2578 3748 vero
2615 3694 2818 3750 addidit
2842 3735 2860 3762 ,
2906 3694 2978 3752 Et
3003 3697 3276 3754 miserebor
3301 3700 3384 3755 cui
3407 3699 3619 3752 misertus
3641 3708 3722 3753 em.

2184 3793 2230 3838 et
2255 3785 2648 3839 misericordiam
2673 3787 2921 3856 prcestabo
2937 3789 3025 3843 cui
3041 3790 3437 3846 misericordiam
3457 3787 3723 3861 prastitero.‘

2184 3873 2258 3930 ibi
2286 3875 2441 3946 plane
2464 3877 2768 3950 expressius
2795 3880 3028 3938 ostendit
3057 3884 3391 3940 vocationem
3427 3896 3525 3952 qua
3553 3893 3638 3934 nos
3653 3890 3725 3928 ιὀ-

2185 3967 2324 4022 cavit
2347 3965 2400 4021 in
2441 3981 2598 4023 suum
2629 3984 2856 4041 regnum
2885 3979 2938 4027 et
2977 3972 3202 4042 gloriam
3234 3994 3247 4029 :
3278 3990 3382 4030 non
3428 3989 3520 4044 pro
3553 3964 3723 4025 meritis

2185 4057 2406 4123 nostris,
2444 4059 2539 4114 sed
2567 4075 2663 4129 pro
2687 4059 3050 4119 misericordia
3079 4079 3196 4120 sua.
3243 4066 3498 4134 Quoniam
3525 4060 3650 4118 enim
3675 4069 3721 4110 se

2184 4161 2370 4223 gentes
2391 4151 2810 4210 introducturum
2837 4155 3205 4225 pollicebatur,
3231 4159 3435 4223 dicens,
3455 4151 3631 4209 Vocebo
3653 4162 3724 4201 tta-

2187 4245 2320 4298 mine
2347 4243 2556 4300 Domini
2595 4246 2648 4300 in
2685 4257 2954 4313 conspectu
2988 4258 3115 4312 tuo;
3159 4245 3547 4306 commendavit
3567 4243 3656 4299 ltoc
3678 4254 3724 4292 se

2186 4334 2605 4390 misericorditer
2623 4335 2820 4402 facere,
2841 4336 2977 4393 sicut
2990 4338 3278 4408 Apostolus
3296 4338 3424 4396 dicit
3449 4354 3464 4391 :
3491 4335 3606 4390 Dico
3619 4328 3722 4386 enim

2186 4424 2440 4480 Christum
2483 4425 2763 4480 ministrum
2803 4427 2960 4498 fuisse
2997 4429 3392 4487 circumcisionis
3415 4436 3604 4501 propter
3623 4417 3724 4475 reti-

2185 4525 2338 4572 tatem
2363 4513 2479 4577 Dei,
2509 4516 2578 4570 ad
2599 4519 2976 4588 conﬁrmandus
3004 4521 3357 4592 promissiones
3384 4529 3600 4590 patrum;
3623 4510 3723 4567 Geta

2187 4616 2258 4663 tes
2294 4617 2463 4662 autem
2502 4624 2655 4679 super
2693 4610 3038 4665 misericordia
3077 4611 3368 4684 glori/icore
3392 4609 3543 4665 Deum
3579 4603 3720 4674 (Rom.

2187 4717 2286 4767 xv,
2318 4701 2388 4767 8,
2418 4701 2499 4773 9).
2547 4701 2658 4757 lloc
2690 4717 2820 4773 ergo
2866 4703 3174 4774 pra-dictum
3203 4716 3318 4772 est,
3374 4697 3630 4759 Μιδενώοι
3658 4690 3721 4746 cui

2186 4794 2418 4849 misertus
2439 4809 2524 4847 ero
2544 4833 2562 4859 ,
2603 4801 2649 4847 et
2680 4794 3070 4848 miscricordiam
3107 4795 3354 4867 pra-stabo
3379 4794 3462 4850 cui
3483 4786 3722 4847 misericor-

2186 4886 2324 4940 diam
2366 4887 2660 4953 prtestitero.
2717 4884 2919 4954 Quibus
2967 4887 3143 4943 verbis
3188 4886 3455 4961 prohibuit
3489 4879 3719 4970 hominem

2187 4978 2330 5033 velut
2366 4976 2436 5032 de
2464 4976 2794 5047 propriarum
2821 4977 3072 5033 virtutqu
3101 4979 3306 5037 meritis
3327 4973 3554 5051 gloriari.
3578 4977 3628 5024 ιιι
3651 4979 3722 5034 φη

2185 5071 2441 5141 gloriatur
2487 5070 2540 5124 in
2585 5069 2812 5125 Domino
2853 5070 3108 5141 glorietur
3143 5070 3209 5142 (ll
3235 5069 3352 5126 Cor.
3386 5062 3584 5134 3,17).
3628 5056 3718 5111 Non

2187 5165 2326 5218 enim
2354 5163 2461 5227 ait,
2494 5161 2766 5218 Miserebor
2793 5164 2985 5220 talibus
2999 5164 3082 5220 vel
3111 5164 3334 5231 talibus,
3365 5157 3480 5228 sed,
3501 5154 3578 5213 cui
3600 5149 3722 5207 ιιιίιεο

2186 5258 2346 5310 ricors
2388 5257 2568 5327 [ωιτη
2610 5265 2669 5310 ut
2713 5257 2979 5313 neminem
3017 5254 3432 5326 praecedentibus
3455 5245 3596 5306 bonis
3614 5249 3719 5307 ol’c‘

2186 5347 2332 5403 ribus
2357 5346 2469 5403 suis
2511 5345 2930 5404 misericordiam
2972 5353 3130 5402 tantae
3173 5342 3460 5416 vocationis
3495 5330 3718 5395 meruisse

2184 5568 2274 5621 sed
2296 5567 2927 5640 diligentittsjnquirendtun
2952 5575 3024 5622 est
3046 5569 3099 5621 in
3120 5565 3356 5635 prioribus
3377 5561 3619 5626 Scriptura!
3631 5556 3719 5614 ρανν

2342 5647 2416 5684 an
2439 5645 2546 5684 rem
2567 5639 2635 5682 tta
2653 5632 2732 5682 sit.
2754 5639 2808 5680 at.
3614 5681 3644 5684 _

2650 5669 2856 5756 ingloria
2871 5706 2993 5745 mea.
3019 5695 3168 5746 Abcst
3187 5692 3237 5745 in
3265 5705 3294 5742 ι
3307 5696 3411 5740 IS.
3436 5689 3491 5737 et
3505 5693 3534 5732 ι
3551 5681 3664 5730 ιιι
