3862 6302
183 273 303 331 849

185 393 562 449 demonstret.
607 386 818 446 Etenim
843 385 1088 444 Christus
1115 399 1213 456 pro
1240 383 1420 456 impiis
1447 393 1690 440 mortuus
1713 394 1798 441 est

185 483 386 557 (Rom.
422 500 452 538 v
467 527 482 548 ,
513 484 594 554 6).

263 578 384 634 Sed
416 589 588 634 utrum
631 577 733 632 hoc
758 575 896 632 idem
923 583 1167 646 repetere
1193 571 1455 635 voluerit.
1485 587 1606 628 cum
1646 571 1797 627 addi-

187 672 275 728 dit
295 713 314 736 ,
349 669 758 725 Misericordiam
789 667 1034 736 pmstabo
1071 666 1153 720 cui
1181 663 1574 719 misericordiam
1599 663 1798 733 praesti-

189 778 347 828 tero,
397 767 481 820 vel
509 763 648 818 sicut
673 761 762 817 alii
814 760 1141 831 interpretati
1185 769 1342 822 sunt,
1394 758 1477 812 cui
1515 757 1797 812 misericors

190 863 388 930 fuero;
431 873 498 912 an
536 855 736 924 aliquid
768 854 997 919 intersit,
1031 851 1231 908 nescio.
1278 849 1429 919 Quod
1457 850 1598 905 enim
1622 863 1793 920 grtcca

189 952 380 1022 lingua
409 949 618 1003 duobus
641 946 815 1002 verbis
841 945 1039 1001 dictum
1065 954 1168 1010 est,
1197 949 1390 1004 ἐλεῆσαι,
1411 950 1468 996 et
1494 950 1792 1009 οἰκτειρήσω,

188 1043 341 1115 quod
373 1057 538 1096 unum
561 1049 719 1110 atque
745 1037 884 1094 idern
913 1037 1119 1092 videtur
1141 1033 1466 1106 signiﬁcare,
1497 1047 1600 1086 non
1627 1031 1798 1101 potuit

191 1136 406 1192 latinus
431 1132 660 1189 diversis
685 1131 860 1186 verbis
881 1131 1079 1193 dicere,
1116 1138 1169 1183 et
1196 1125 1422 1181 diversis
1452 1123 1625 1178 modis
1644 1139 1794 1178 eam-

188 1227 321 1282 dem
353 1222 784 1280 misericordiam
814 1220 1077 1291 repetivit.
1104 1216 1160 1274 Si
1182 1227 1358 1271 autem
1381 1214 1667 1278 diceretur,
1699 1211 1794 1267 Mi-

189 1318 428 1374 screbot'
458 1317 542 1372 cui
575 1315 851 1371 misereor.
883 1321 938 1366 et
967 1309 1258 1365 miserebor
1280 1307 1367 1363 cui
1390 1305 1637 1361 misertus
1663 1317 1790 1367 cro;

189 1429 301 1468 non
325 1413 466 1466 satis
484 1407 765 1466 conm-nde
780 1406 884 1464 diei
903 1406 1187 1462 videretur.
1215 1404 1282 1459 Et
1303 1413 1478 1458 tamen
1501 1401 1688 1457 fortius
1709 1400 1796 1456 ille

191 1505 312 1576 ipse
341 1504 418 1560 ibi
449 1517 640 1559 sensus
662 1511 746 1557 est
766 1541 783 1564 ,
809 1499 950 1570 quod
971 1508 1063 1553 aut
1091 1497 1254 1568 ipsius
1275 1493 1654 1552 misericordia:
1681 1507 1794 1548 sum

189 1596 372 1652 ﬁrmit,
403 1605 512 1649 tem
562 1593 701 1648 Deus
743 1592 842 1646 ista
894 1588 1210 1660 repetitione
1263 1586 1617 1642 monstravit:
1657 1583 1795 1638 sicut

188 1689 405 1750 Amen,
442 1687 646 1748 Amen;
675 1683 812 1738 sicut
835 1680 973 1742 Fiat,
1003 1678 1153 1745 Fiat;
1179 1678 1312 1733 sicut
1334 1676 1579 1747 repetitio
1599 1673 1792 1730 somnii

189 1779 529 1841 Pharaonis,
570 1777 831 1849 pluraque
861 1773 1074 1830 similia.
1123 1774 1226 1827 Aut
1255 1773 1307 1826 in
1346 1771 1583 1839 utrisque
1625 1783 1794 1838 popu-

191 1873 277 1936 lis,
306 1871 359 1926 id
392 1879 475 1926 cst
505 1868 763 1925 Gentibus
799 1874 854 1922 et
900 1863 1156 1927 Hebraeis,
1186 1861 1289 1918 hoc
1313 1859 1471 1916 modo
1499 1860 1638 1914 Deus
1659 1873 1796 1928 pne-

192 1962 472 2018 nuntiavit
492 1956 914 2015 misericordiam
936 1970 995 2010 se
1021 1969 1141 2009 esse
1169 1952 1447 2006 facturum.
1473 1949 1624 2016 Quod
1651 1950 1793 2018 Apo-

189 2053 368 2110 stolus
409 2051 482 2106 ita
517 2048 647 2105 dicit
676 2065 690 2104 :
721 2047 864 2104 Sicut
903 2045 1035 2100 enim
1069 2060 1156 2098 vos
1192 2041 1469 2113 aliquando
1502 2056 1604 2094 uou
1627 2039 1792 2093 credi-

188 2147 343 2200 distis
384 2143 530 2209 Deo,
575 2157 708 2196 nunc
743 2147 910 2194 autent
947 2136 1343 2192 misericordiam
1380 2132 1633 2188 consecuti
1671 2131 1790 2186 estis

190 2236 409 2290 illorum
439 2232 827 2294 incredulitate;
855 2230 928 2284 sic
956 2236 1002 2284 et
1039 2227 1138 2298 ipsi
1175 2242 1310 2280 nunc
1345 2241 1446 2278 non
1471 2223 1792 2278 crediderunt

189 2328 246 2382 in
268 2336 443 2382 vestra
469 2321 813 2380 misericordia
835 2361 850 2386 ,
890 2329 944 2375 ut
979 2328 1027 2373 et
1063 2319 1158 2390 ipsi
1197 2315 1590 2371 misericordiam
1613 2329 1790 2368 conse-

190 2430 444 2489 quatitur.
489 2414 744 2471 Conclusit
783 2413 915 2466 enim
946 2410 1081 2466 Deus
1118 2425 1289 2463 ontnes
1329 2409 1382 2461 iu
1419 2403 1787 2473 incredulitate,

190 2519 248 2564 ut
272 2509 506 2566 omnium
534 2507 827 2561 misereatur
851 2501 960 2574 (Id.
987 2518 1060 2568 XI,
1089 2499 1298 2571 50—32).

290 2599 501 2656 Deinde
526 2609 647 2670 post
670 2597 804 2651 hanc
824 2609 936 2650 sua:
957 2591 1337 2649 misericordia:
1365 2589 1790 2646 commendatio-

192 2710 321 2751 nem
351 2690 640 2764 reSpondet
658 2689 722 2744 ad
748 2687 874 2743 illud
901 2686 1040 2757 quod
1063 2685 1110 2741 ei
1128 2684 1326 2740 dictum
1354 2683 1542 2746 luerat,
1572 2681 1792 2736 Ostende

192 2787 322 2842 mihi
346 2786 569 2859 gloriam
611 2793 781 2848 tuam,
810 2780 889 2835 vel
916 2778 1058 2850 quod
1086 2793 1243 2848 supra
1275 2777 1535 2847 petiverat
1555 2774 1785 2846 Moyses,

191 2877 422 2941 dicens,
462 2873 681 2930 Ustende
713 2872 835 2927 mihi
872 2871 1184 2941 temetipsum
1212 2867 1475 2938 manifeste
1509 2874 1563 2919 ut
1592 2864 1788 2919 videam

192 2979 261 3026 te.
297 2967 428 3023 Non
449 2967 652 3039 poteris,
680 2965 870 3036 inquit,
900 2963 1067 3018 videre
1091 2961 1270 3034 [aciem
1295 2975 1474 3014 meam.
1505 2957 1625 3012 Non
1652 2957 1788 3011 enim

189 3065 383 3120 uidebit
423 3065 572 3119 homo
614 3061 793 3134 faciem
835 3076 1026 3125 meam,
1067 3066 1114 3112 et
1142 3058 1268 3111 vivet
1294 3070 1314 3109 :
1337 3053 1627 3110 ostendens
1665 3050 1790 3106 huic

192 3157 329 3212 vita:
347 3198 365 3222 ,
399 3172 518 3228 qua:
542 3153 785 3226 agiturin
813 3152 1060 3224 sensibus
1097 3149 1409 3205 mortalibus
1429 3146 1788 3216 corruptibilis

188 3250 417 3315 carnis,
465 3248 632 3302 Deum
663 3245 818 3301 sicuti
847 3255 930 3300 est
955 3258 1212 3314 apparere
1237 3258 1342 3296 non
1371 3255 1563 3310 posse;
1604 3239 1656 3293 id
1680 3248 1783 3304 est,

187 3341 355 3398 sicuti
383 3348 464 3395 est
485 3338 649 3393 videri
674 3353 726 3392 tu
749 3337 835 3392 illa
856 3336 963 3390 vita
983 3343 1180 3406 potest,
1205 3333 1294 3388 ubi
1324 3341 1383 3386 ut
1407 3332 1630 3397 vivatur,
1663 3331 1788 3386 huic

191 3433 328 3486 vita:
360 3428 696 3484 moriendum
725 3438 826 3483 est.

181 3519 185 3521 ’
266 3521 408 3577 item
453 3518 769 3590 interposito
803 3517 1028 3573 articulo
1053 3514 1262 3571 dicente
1285 3513 1554 3584 Scriptura
1578 3552 1596 3579 ,
1625 3511 1690 3567 Et
1717 3511 1788 3566 ait

191 3615 461 3673 Dominus
484 3654 500 3676 ,
530 3611 774 3682 sequitur
803 3620 859 3667 et
897 3610 1156 3681 loquitur,
1191 3605 1321 3662 Ecce
1348 3607 1487 3661 locus
1513 3621 1662 3673 penes
1687 3620 1784 3659 nte.

191 3708 334 3777 Quis
369 3705 516 3763 enim
556 3704 706 3759 lacus
747 3717 852 3756 non
893 3715 1054 3770 penes
1083 3699 1245 3753 Dcmn
1275 3707 1375 3761 est,
1407 3696 1497 3766 qui
1526 3708 1784 3763 nusquam

194 3809 280 3854 est
321 3797 563 3854 absens?
604 3793 710 3850 Sed
742 3791 1034 3848 Ecclesium
1061 3785 1606 3859 signilicatdicendo,
1653 3783 1788 3838 Ecce

196 3892 339 3946 locus
377 3905 525 3962 penes
563 3903 643 3942 me
665 3927 680 3951 ,
735 3894 984 3954 tanquam
1023 3882 1279 3952 templum
1322 3895 1475 3934 suum
1509 3893 1784 3934 commcn-

197 3981 356 4048 dans,
387 3979 450 4035 Et
474 3979 648 4044 stabis,
682 3976 890 4048 inquit,
917 3991 1068 4044 super
1091 3983 1281 4044 petram
1310 3971 1455 4042 (quia
1484 3987 1636 4041 super
1655 3972 1787 4024 lianc

201 4084 418 4143 petram,
441 4072 511 4128 ait
531 4071 804 4132 Dominus,
827 4065 1086 4134 a'diﬁcabo
1110 4064 1386 4119 Ecclesium
1401 4061 1782 4135 meamHlatt/r.

202 4181 315 4232 χνι,
345 4163 664 4238 l8]),statim
689 4169 743 4215 ut
769 4159 975 4214 transiet
1000 4156 1162 4228 gloria
1187 4171 1297 4208 mea
1325 4171 1342 4208 :
1370 4153 1422 4208 id
1449 4164 1532 4208 est
1549 4194 1563 4217 ,
1593 4153 1784 4208 Statim

201 4269 260 4314 ut
287 4258 514 4314 transiet
553 4255 719 4325 gloria
759 4266 874 4307 mea
903 4291 918 4315 ,
963 4249 1128 4304 stabis
1165 4262 1324 4317 supra
1370 4256 1614 4315 petram;
1660 4246 1784 4316 quia

204 4359 324 4418 post
369 4346 650 4403 transitum
675 4341 895 4407 Christi,
938 4340 987 4395 id
1012 4349 1094 4394 est
1123 4348 1242 4410 post
1270 4336 1567 4408 passionem
1603 4345 1658 4392 et
1702 4352 1785 4392 re-

202 4441 587 4498 surrectionem
629 4435 824 4494 Christi
864 4433 1008 4488 stetit
1037 4430 1262 4503 populus
1298 4429 1468 4484 ﬁdelis
1494 4445 1651 4500 supra
1690 4445 1784 4499 pe-

206 4540 359 4588 trum.
402 4531 468 4586 Et
497 4545 682 4602 ponam
720 4537 785 4590 te,
826 4524 1024 4594 inquit,
1054 4524 1107 4576 iu
1141 4538 1353 4575 caverna
1379 4530 1535 4590 petra:
1564 4536 1582 4575 :
1611 4521 1784 4576 muni-

206 4639 324 4681 ntelt
353 4623 716 4680 ﬁrmissimum
753 4615 1036 4690 signiﬁcat.
1085 4613 1187 4668 Alii
1231 4624 1406 4666 autent
1450 4610 1782 4681 interpretati

206 4725 344 4782 sunt,
374 4717 431 4771 iu
455 4711 661 4786 specula
690 4713 707 4744 ¹
733 4721 887 4782 petra:
911 4724 928 4774 ;
954 4705 1046 4762 sed
1077 4718 1278 4776 grarcns
1304 4702 1465 4758 habet
1485 4707 1604 4763 5min
1635 4719 1650 4755 :
1683 4701 1786 4757 hoc

208 4817 379 4865 autem
412 4808 649 4864 foramen
676 4805 758 4860 vel
794 4815 1076 4857 cavernam
1117 4797 1312 4854 rectius
1349 4797 1779 4868 interpretamur.

277 4897 344 4954 Et
382 4909 548 4971 tegam
578 4912 729 4952 manu
756 4910 865 4948 mea
891 4907 1042 4962 super
1061 4899 1108 4944 te
1135 4892 1178 4952 ³,
1209 4890 1368 4944 donec
1405 4899 1658 4942 transeam
1690 4903 1708 4942 :
1735 4897 1785 4944 et

211 4996 438 5063 auferam
464 5006 689 5052 manum,
720 4996 767 5042 et
795 4997 912 5040 tunc
935 4982 1122 5038 videbis
1151 4982 1430 5053 posteriora
1458 4997 1603 5046 mea;
1629 4980 1784 5052 facies

213 5093 372 5138 autem
401 5099 512 5137 mea
541 5097 639 5135 non
665 5077 906 5132 videbitur
923 5075 1027 5128 tibi.
1058 5073 1192 5128 Cum
1211 5073 1317 5141 jam
1344 5071 1582 5135 dixisset,
1614 5071 1785 5127 Stabis

215 5191 359 5248 super
389 5186 601 5247 petram,
627 5173 796 5228 statim
825 5179 878 5224 ut
903 5167 1107 5222 transiet
1126 5167 1289 5238 gloria
1319 5183 1446 5228 utea,
1481 5165 1566 5220 ttbi
1593 5165 1784 5220 intelli-

217 5266 347 5334 gitur
373 5277 491 5339 post
526 5265 802 5339 transitum
842 5274 996 5314 suum
1026 5257 1332 5328 promisisse
1373 5273 1533 5327 super
1577 5268 1784 5327 petram

220 5334 591 5422 stabilitatem;
630 5334 897 5426 quo'modo
944 5347 1308 5418 accipiendum
1350 5356 1434 5402 est
1478 5347 1621 5419 quod
1671 5347 1780 5415 ait,

281 5513 448 5578 'Editi,
466 5512 694 5578 spelunca
717 5517 769 5578 ᾼι
798 5515 908 5560 uss.
939 5507 1086 5558 vatic.
1112 5512 1165 5558 et
1184 5505 1345 5558 Gallic.
1363 5520 1474 5559 cum
1503 5512 1715 5575 Eugypio
1735 5513 1784 5562 in

220 5571 548 5649 dntibus
563 5574 779 5649 specula.
1207 5647 1229 5649 Λ
1246 5583 1276 5649 A‘

279 5636 300 5669 ³
318 5639 461 5698 ωἰιὶ,
480 5645 534 5689 ιιι
555 5636 714 5704 tegam
742 5651 939 5692 ntauum
957 5653 1114 5693 meam
1144 5645 1287 5696 suaet“
1309 5639 1372 5686 τε·
1405 5641 1455 5684 Al
1492 5643 1619 5697 "53-.
1645 5637 1784 5700 iuxta

224 5707 448 5760 σκευαὶ,
462 5713 754 5752 meum.
1081 5717 1090 5760 ,-'

410 5735 951 5849 ἓλῖᾶξηῖίπευπ.
989 5735 1096 5851 Illi

1513 266 1716 325 LIBER
1752 265 2126 328 SECUNDUS.

3390 281 3498 341 650

1906 382 2109 440 Ponant
2143 393 2192 440 te
2225 384 2281 441 in
2317 401 2530 441 caverna
2556 397 2726 457 petraz,
2759 399 2806 446 et
2833 399 2996 461 tegam
3024 409 3178 448 manu
3205 412 3314 449 mea
3337 415 3492 469 super

1904 486 1973 544 te,
2000 477 2158 532 donec
2181 487 2473 533 transeam:
2497 488 2543 533 et
2567 485 2795 553 auferam
2820 499 3041 550 manum,
3086 495 3134 538 et
3163 495 3278 540 tunc
3305 489 3494 544 ridebis

1904 571 2180 640 posteriora
2221 587 2332 626 utea
2365 587 2384 626 :
2411 572 2562 643 quasi
2603 576 2712 642 jam
2742 575 2830 629 illo
2866 576 2918 630 in
2962 587 3110 645 petra
3149 582 3441 636 constituto
3469 623 3486 649 ,

1904 669 2047 732 tegat
2071 677 2229 716 manu
2256 676 2351 717 sua
2386 677 2547 732 super
2573 679 2716 730 eum,
2759 676 2812 721 et
2837 666 3030 722 deimle
3071 679 3335 736 transeat;
3366 688 3489 728 cum

1903 767 2024 810 esse
2065 753 2118 808 in
2146 762 2291 824 petra
2335 769 2440 809 non
2471 754 2658 825 possit,
2705 756 2806 810 nisi
2848 767 2968 826 post
3007 759 3125 827 ejus
3168 763 3490 816 transitum?

1903 842 2010 898 Sed
2058 843 2424 913 recapitulatio
2461 845 2796 916 intelligenda
2826 857 2908 902 εει
2951 850 3025 904 rei
3066 853 3442 919 praetermissa}
3470 896 3488 920 ,

1901 933 2041 1004 quali
2067 934 2204 988 solet
2224 933 2300 989 uti
2320 935 2588 1004 Scriptum
2612 938 2666 990 in
2687 937 2867 992 multis
2893 938 3040 993 locis.
3080 939 3266 996 Postea
3294 943 3490 1012 quippe

1901 1025 2029 1079 dixit
2060 1024 2200 1095 quod
2229 1026 2417 1081 ordine
2444 1017 2700 1096 temporis
2727 1030 2872 1098 prius
2893 1039 2995 1084 est.
3039 1032 3138 1098 Qui
3170 1032 3302 1086 ordo
3331 1034 3398 1087 ita
3429 1050 3490 1090 se

1902 1113 2062 1170 habet
2093 1133 2106 1169 :
2139 1113 2322 1186 Trgam
2354 1132 2506 1170 manu
2534 1133 2647 1170 mea
2679 1133 2832 1186 super
2856 1129 2923 1181 te,
2955 1119 3112 1173 donec
3140 1131 3412 1189 transeam,
3441 1133 3490 1177 et

1902 1215 2020 1260 tunc
2047 1206 2235 1263 videbis
2261 1209 2540 1277 posteriora
2563 1225 2715 1276 mea;
2742 1227 2861 1264 nam
2903 1212 3056 1282 facies
3083 1229 3193 1267 utea
3223 1231 3321 1268 non
3351 1215 3485 1270 vide-

1900 1297 2033 1352 bitur
2061 1300 2150 1353 tibi
2172 1315 2192 1354 :
2210 1311 2257 1354 et
2274 1302 2428 1356 stabis
2445 1318 2597 1373 super
2615 1313 2807 1370 petram
2825 1304 2994 1358 statim
3020 1315 3074 1358 ut
3095 1308 3305 1360 transiet
3323 1309 3489 1378 gloria

1901 1405 2030 1450 utea,
2061 1399 2108 1444 et
2137 1407 2321 1458 ponam
2345 1401 2392 1446 te
2417 1393 2469 1446 in
2497 1408 2707 1448 caverna
2736 1404 2910 1465 petrw.
2961 1394 3073 1453 Hoc
3102 1399 3244 1452 enim
3289 1398 3486 1454 factum

1897 1493 1978 1536 σει
2005 1481 2057 1536 in
2083 1482 2163 1538 eis
2185 1498 2318 1554 quos
2345 1492 2468 1539 tunc
2493 1484 2824 1555 signiﬁcabat
2852 1503 3076 1557 persona
3105 1488 3291 1562 Moysi,
3326 1491 3376 1544 id
3399 1503 3488 1547 est

1901 1573 2176 1642 lsraelitis,
2206 1575 2296 1646 qui
2332 1575 2383 1630 iu
2415 1574 2695 1632 Dominum
2719 1577 2923 1645 Jesum,
2966 1581 3100 1634 sicut
3128 1583 3291 1638 Actus
3336 1588 3485 1653 Apo-

1898 1665 2155 1721 stolorum
2197 1665 2451 1731 indicant,
2483 1677 2664 1738 postea
2694 1669 3054 1738 crediderunt,
3095 1672 3146 1726 id
3174 1683 3274 1739 est,
3306 1677 3485 1732 statim

1899 1763 1956 1808 ut
1987 1755 2194 1810 transiit
2219 1755 2334 1825 ejus
2361 1757 2547 1827 gloria.
2592 1757 2708 1813 Non
2735 1767 3078 1831 posteaquam
3128 1765 3420 1819 resurrexit
3453 1781 3486 1820 a

1898 1847 2140 1912 mortuis,
2170 1858 2221 1904 et
2245 1848 2485 1904 ascendit
2510 1849 2562 1904 in
2589 1850 2806 1917 caelum,
2834 1852 2998 1907 misso
3024 1853 3256 1924 desuper
3278 1858 3481 1925 Spiritu

1897 1947 2101 2004 sancto,
2133 1955 2252 1994 cum
2280 1940 2474 2011 linguis
2495 1943 2733 1997 omnium
2759 1946 2994 2015 gentium
3026 1948 3263 2016 Apostoli
3295 1950 3483 2020 loque-

1896 2037 2099 2093 rentur,
2131 2033 2432 2100 compnncti
2470 2042 2592 2088 sunt
2620 2033 2784 2089 corde
2808 2036 2957 2090 multi
2985 2052 3049 2091 ex
3078 2038 3156 2093 eis
3183 2041 3271 2108 qui
3301 2041 3478 2096 cruci-

1898 2118 2124 2174 lixerant
2161 2119 2432 2176 Christum
2464 2139 2477 2175 :
2509 2138 2667 2193 quem
2713 2134 2770 2178 ut
2817 2140 2921 2180 non
2966 2129 3373 2196 cognovissent,
3423 2141 3480 2186 et

1898 2209 2180 2266 Domiuttm
2209 2213 2226 2245 ¹
2254 2213 2436 2283 gloriae
2473 2215 2876 2283 cruciﬁxissent,
2910 2220 3121 2274 emciuts
3149 2237 3214 2275 ex
3247 2234 3394 2291 parte
3422 2224 3478 2279 in

1898 2301 2057 2357 Israel
2096 2300 2230 2357 facta
2260 2313 2344 2359 est
2375 2304 2547 2376 (Rom.
2596 2323 2674 2373 XI,
2718 2307 2836 2380 25'),
2877 2309 3013 2365 sicut
3040 2311 3234 2366 dictum
3267 2312 3477 2382 fuerat,

1899 2390 2084 2462 Tegunt
2109 2410 2260 2449 manu
2286 2413 2397 2449 utea
2416 2414 2570 2464 super
2590 2409 2656 2466 te,
2679 2398 2838 2454 donec
2863 2412 3135 2456 transeam.
3161 2403 3312 2461 Unde
3335 2405 3484 2460 Psal-

1894 2499 2015 2540 mus
2042 2485 2189 2551 dicit,
2223 2486 2475 2552 Quoniam
2500 2489 2582 2543 die
2619 2507 2678 2543 ac
2706 2503 2849 2546 nocte
2874 2507 3082 2564 gravata
3125 2506 3194 2551 est
3227 2515 3381 2567 super
3404 2515 3485 2554 me

1896 2593 2076 2633 manus
2116 2588 2204 2633 tua
2233 2594 2253 2633 :
2279 2579 2421 2636 diem
2463 2582 2756 2652 appellans,
2800 2585 3011 2654 quando
3034 2586 3278 2643 Christus
3302 2589 3480 2644 divina

1895 2667 2149 2722 miracula
2192 2669 2456 2735 faciebat;
2492 2681 2722 2738 noctem,
2769 2675 2980 2742 quando
3009 2677 3146 2730 sicut
3177 2678 3335 2732 homo
3367 2695 3482 2736 mo-

1893 2758 2146 2823 riebatur,
2175 2761 2388 2827 quando
2411 2769 2467 2816 et
2490 2761 2566 2817 illi
2613 2763 2968 2821 titubavcrunt
2994 2770 3080 2838 qui
3109 2770 3158 2823 itt
3187 2771 3272 2826 die
3300 2773 3480 2828 credi-

1893 2849 2102 2905 derant.
2119 2851 2231 2907 Hoc
2251 2859 2497 2923 estergo,
2527 2853 2653 2908 Cum
2676 2857 2942 2922 transiero,
2959 2869 3074 2912 tunc
3102 2861 3286 2915 ridebis
3312 2873 3478 2932 poste-

1893 2941 2031 2994 riora
2056 2957 2183 3007 mea,
2216 2942 2347 2996 Cum
2392 2943 2655 2998 transiero
2683 2945 2748 2998 de
2778 2945 2878 3000 hoc
2904 2948 3101 3002 mundo
3129 2950 3192 3002 ad
3226 2951 3434 3006 Patrem
3459 2995 3476 3021 ,

1894 3032 2156 3098 posterius
2185 3030 2238 3086 in
2268 3047 2355 3086 mc
2393 3033 2645 3088 credituri
2683 3044 2807 3089 sunt
2833 3053 3056 3107 quorum
3104 3050 3282 3110 typum
3309 3043 3473 3113 geris.

1895 3119 2044 3174 Tunc
2059 3120 2204 3175 enim
2221 3121 2522 3190 compuncti
2554 3123 2717 3178 corde
2735 3123 2984 3180 dixerunt
3008 3145 3022 3181 :
3048 3127 3182 3194 Quid
3198 3131 3480 3200 faciemus!

1893 3207 1960 3262 Et
2000 3207 2136 3278 jussi
2181 3218 2307 3265 sunt
2350 3211 2420 3265 ab
2463 3210 2732 3282 Apostolis
2778 3230 2935 3284 agere
2983 3219 3368 3286 ptenitentiam,
3417 3231 3474 3279 et

1895 3298 2150 3369 baptizari
2191 3301 2243 3355 in
2291 3302 2508 3358 nomine
2549 3303 2676 3358 Jcsu
2720 3303 2935 3372 Christi,
2989 3318 3044 3361 ut
3085 3309 3478 3368 dimitterentur

1895 3388 2004 3444 illis
2028 3398 2240 3460 peccata
2265 3405 2448 3448 eorum
2479 3393 2613 3460 (Act.
2643 3409 2698 3457 tt,
2732 3394 2823 3460 57,
2847 3397 2960 3465 58).
3009 3397 3159 3466 Quod
3190 3401 3240 3454 in
3271 3403 3476 3471 psalmo

1894 3479 1988 3535 illo
2014 3482 2271 3552 sequitur,
2316 3499 2437 3539 cum
2463 3482 2665 3538 dictum
2691 3494 2856 3554 esset,
2895 3485 2988 3540 Die
3010 3504 3070 3540 ac
3097 3499 3239 3544 nocte
3265 3503 3475 3562 gravata

1893 3581 1966 3625 est
1988 3587 2140 3644 super
2163 3589 2242 3627 me
2269 3589 2445 3627 manus
2469 3583 2598 3638 tua;
2627 3575 2676 3629 id
2707 3586 2810 3641 est,
2842 3584 2902 3630 ut
2930 3593 3032 3631 non
3060 3587 3472 3649 cognoscerem'

1894 3659 1970 3734 (Si
2015 3663 2156 3716 enim
2207 3664 2596 3733 cognovissent.
2648 3679 2916 3736 nunquam
2967 3668 3240 3724 Dominurn
3289 3674 3474 3742 gloria:

1891 3753 2329 3827 crucilisisscntu
2359 3753 2475 3808 Cor.
2499 3771 2559 3821 tt,
2587 3754 2664 3828 8])
2697 3773 2710 3810 :
2740 3759 2978 3826 sequitur
3003 3770 3054 3815 et
3091 3762 3284 3834 jungit,
3330 3764 3470 3820 Con-

1891 3859 2061 3898 versus
2098 3859 2209 3898 sum
2251 3844 2302 3898 iu
2332 3860 2558 3899 (erumna
2584 3862 2716 3914 mea,
2761 3847 2881 3902 dum
2909 3851 3243 3923 conﬁgeretur
3282 3857 3473 3925 spina;

1891 3933 1942 3988 id
1971 3942 2073 4000 est,
2095 3949 2214 3989 eum
2240 3948 2415 3989 essem
2436 3933 2596 3990 corde
2618 3949 2986 4006 compunctus.
3020 3941 3218 3998 Deinde
3240 3944 3465 4013 addidit,

1893 4023 2162 4080 Peccatum
2188 4042 2348 4079 meum
2376 4027 2602 4096 cognovi,
2633 4037 2682 4082 et
2705 4030 2904 4100 [acinus
2941 4050 3102 4086 meum
3128 4052 3226 4090 non
3251 4042 3429 4107 aperui
3450 4057 3472 4097 :

1891 4124 2233 4187 posteaquam
2260 4116 2504 4172 viderunt
2536 4131 2732 4188 quanto
2760 4120 2962 4177 scelere
3003 4123 3268 4180 Clu-istum
3295 4132 3470 4186 cruci-

1890 4209 2119 4264 lixcrint.
2151 4208 2220 4264 Et
2239 4209 2361 4280 quia
2389 4219 2702 4279 receperunt
2725 4213 3004 4268 consilium
3031 4225 3085 4269 ut
3107 4229 3323 4287 agerent
3347 4236 3462 4289 pm-

1890 4301 2187 4364 nitcntiam,
2236 4310 2290 4355 et
2338 4301 2388 4354 in
2437 4300 2706 4369 Daptismo
2751 4303 3115 4359 remissionem
3163 4309 3466 4377 acciperent

1889 4399 2266 4462 peccatorum;
2299 4389 2439 4456 Dixi,
2484 4391 2670 4460 inquit,
2715 4394 3046 4462 pronuntiabo
3081 4396 3342 4454 adversum
3385 4419 3465 4458 me

1890 4482 2126 4536 delictum
2155 4497 2315 4534 meum
2343 4478 2579 4546 Dtnuino,
2603 4491 2650 4536 et
2679 4491 2734 4536 tu
2758 4482 2991 4538 remisisti
3019 4484 3322 4557 impietatem
3343 4508 3462 4547 cor-

1889 4570 1968 4626 dis
1992 4572 2088 4625 mei
2117 4569 2286 4642 (Psal.
2321 4586 2478 4638 xxxi,
2507 4572 2562 4638 4,
2588 4571 2664 4642 5).

1960 4661 2106 4717 Hanc
2131 4669 2304 4716 autem
2332 4660 2660 4732 prophetiam
2683 4663 2856 4733 potius
2878 4663 3060 4734 fuisse,
3085 4683 3238 4738 quant
3259 4671 3468 4732 locutus

1890 4761 1972 4806 est
1999 4751 2254 4805 Dominus
2277 4749 2342 4805 ad
2371 4750 2582 4822 Moysen
2636 4753 2765 4808 satis
2788 4768 2875 4810 res
2899 4755 3010 4825 ipsa
3041 4758 3268 4827 indicat;
3297 4781 3467 4836 quan-

1889 4842 2172 4913 doquidem
2221 4841 2288 4897 de
2330 4851 2476 4911 petra
2524 4841 2607 4898 vel
2637 4859 2863 4900 caverna
2903 4845 3039 4915 ejus,
3071 4859 3124 4904 et
3166 4851 3233 4905 de
3277 4869 3467 4910 manus

1889 4933 2007 5002 ejus
2035 4934 2479 5004 supcrpositione,
2510 4933 2576 4987 de
2604 4935 2805 4992 visione
2835 4940 3182 5006 posteriorum
3214 4942 3349 5013 eius,
3379 4947 3464 4999 ni-

1891 5023 1962 5078 hil
1989 5034 2168 5094 postea
2193 5024 2382 5079 \‘isibili
2403 5041 2567 5095 opere
2585 5027 2922 5082 subsecutum
2949 5029 3152 5100 legitur.
3178 5032 3294 5088 Mox
3317 5037 3459 5092 enim

1889 5115 2460 5186 adjungitinterposito
2486 5118 2708 5170 articulo
2731 5115 3019 5186 Scriptura,
3073 5119 3139 5173 Et
3180 5122 3309 5177 dixit
3351 5124 3462 5181 Do-

1890 5207 2054 5260 minus
2099 5206 2167 5260 ad
2213 5204 2458 5276 Moysen;
2489 5223 2608 5262 cum
2638 5208 2748 5277 ipse
2779 5208 3028 5263 Dominus
3075 5211 3254 5280 utique
3295 5216 3457 5273 etiam

1891 5299 1974 5353 illa
2005 5315 2121 5368 qua:
2151 5313 2306 5367 supra
2335 5297 2473 5353 dicta
2504 5307 2625 5352 sunt
2650 5299 2969 5368 loqueretur,
3001 5310 3160 5372 atque
3186 5303 3308 5361 inde
3336 5323 3466 5364 con-

1952 5391 1967 5422 ί
1994 5396 2095 5439 Am.
2120 5395 2194 5438 Er.
2221 5396 2273 5439 et
2296 5395 2427 5446 ιον..
2442 5401 2582 5452 quem
2597 5385 2995 5457 isicognorissent,
3030 5404 3282 5457 nunquam,
3308 5399 3468 5450 Domi.-

1886 5459 2129 5523 num,_etc.
2156 5459 2253 5523 ttat.
2275 5458 2327 5523 et
2344 5459 2550 5523 quatuor
2571 5456 2715 5523 5135.,
2731 5461 2874 5523 quem
2902 5463 2994 5501 nou
3017 5460 3069 5502 ut
3089 5455 3407 5523 cognovissent
3419 5469 3470 5512 et

1888 5513 2160 5606 meum.
2185 5519 2280 5563 etc.
2307 5510 2393 5560 Alii
2408 5518 2534 5570 ωδε,
2554 5522 2695 5572 quem
2711 5510 2763 5560 ut
2783 5522 2879 5561 non
2911 5510 3228 5577 cogmu'ss'ént
3245 5524 3292 5569 et
3308 5510 3468 5573 Domi.

2214 5640 2273 5707 et
2291 5640 2399 5710 Lor.
2436 5634 2667 5710 omittunt
2680 5634 2967 5710 particulam.
2992 5642 3265 5703 negativam
3282 5679 3298 5705 ,
3319 5658 3466 5710 quam

1892 5699 1987 5749 huc
2005 5699 2338 5747 revocavimus
2359 5709 2420 5746 ex
2440 5703 2545 5745 Mss.
2572 5702 2623 5746 et
2645 5699 2859 5748 editione
2874 5699 3216 5762 hatispouensi.

2608 5779 3055 5866 (Viam-une.)
