3862 6316
360 219 462 284 651
743 181 751 231 Γ
1064 213 1520 287 ουεετιοιιιιιι
1560 213 1618 270 s.
1658 186 1947 268 AUGUSTI

2064 205 2126 265 IN
2163 185 2720 270 nsprarsucm'iit
3555 220 3650 286 es:

359 339 492 395 texit
521 335 646 408 quid
693 336 944 405 deinceps
989 333 1238 388 Dominus
1273 332 1432 398 dicat,
1478 328 1667 384 Excide
1702 327 1789 381 tibi
1816 327 1944 386 duas

361 431 557 485 tabulas
581 429 829 498 lapideas,
861 429 988 481 sicut
1015 435 1060 478 et
1087 425 1295 493 primas,
1323 431 1426 476 etc.

433 523 586 578 CLV.
629 522 729 594 [lb.
755 535 946 582 xxxiv,
982 518 1058 591 7.]
1095 514 1229 584 Quid
1259 526 1341 571 est
1368 514 1507 587 quod
1540 513 1739 570 dictum
1769 523 1849 570 est
1877 513 1944 568 de

361 615 606 675 Domino,
637 613 698 665 Et
727 629 867 666 reum
895 627 994 665 non
1017 609 1334 680 puri/icabit;
1362 609 1482 676 nisi,
1525 624 1629 662 non
1657 623 1776 662 eum
1804 607 1944 661 dicet

360 709 698 762 innocentem
720 705 744 758 Ἰ

433 797 604 854 CLVI.
637 795 738 869 [lb.
764 808 954 861 xxxrv,
1002 791 1114 867 10.]
1152 791 1292 847 Deus
1317 792 1368 846 in
1399 799 1576 846 monte
1601 789 1733 845 duas
1759 804 1944 846 rursus

360 890 594 959 lapideas
617 887 822 943 tabulas
842 885 1210 956 conscripturo
1231 882 1358 936 dicit
1374 881 1536 955 Moysi
1565 883 1703 936 inter
1726 892 1941 946 caetera,

361 981 543 1037 Coram
587 981 722 1034 omni
753 977 938 1050 papula
969 987 1054 1030 tuo
1082 975 1265 1050 faciam
1310 975 1552 1047 gloriosa.
1585 973 1827 1028 Nondum
1858 971 1944 1026 di-

360 1082 552 1143 gnatur
580 1069 777 1135 dicere,
809 1068 1001 1122 Coram
1030 1067 1172 1121 omni
1204 1068 1392 1136 popqu
1415 1081 1552 1120 meo.
1589 1066 1669 1118 An
1693 1063 1760 1119 ita
1790 1062 1940 1128 dixit,

365 1163 552 1232 papula
583 1170 686 1228 tuo,
719 1159 983 1230 quomodo
1013 1159 1232 1212 cuilibet
1271 1154 1469 1211 homini
1500 1153 1734 1227 ejusdem
1769 1152 1945 1222 populi

363 1254 649 1317 diceretur,
683 1252 734 1307 id
771 1259 868 1316 est,
897 1251 973 1305 Ex
1000 1268 1103 1320 qtto
1131 1248 1324 1320 pepulo
1350 1248 1408 1303 ds
1448 1266 1461 1302 :
1490 1245 1774 1327 quomodo,
1808 1245 1947 1299 Civi-

362 1346 455 1400 tati
488 1355 591 1399 tua:
621 1344 866 1407 dicimus,
901 1358 1003 1396 non
1033 1342 1116 1395 cui
1161 1339 1474 1404 dominaris,
1509 1339 1588 1394 vel
1617 1354 1772 1410 quam
1813 1352 1942 1390 con-

362 1439 600 1503 stituisti,
641 1437 736 1492 sed
764 1437 904 1491 unde
945 1436 1074 1490 civis
1102 1434 1194 1489 es?
1239 1434 1324 1489 Sic
1357 1435 1497 1488 enim
1544 1442 1597 1486 et
1630 1433 1781 1502 pattlo
1831 1440 1948 1500 post

363 1533 506 1595 dicit,
554 1530 730 1585 Omnis
772 1530 1008 1602 populus,
1053 1529 1104 1581 in
1144 1527 1319 1594 quibus
1354 1545 1403 1580 es
1436 1543 1454 1580 :
1487 1527 1592 1580 alio
1622 1525 1780 1578 modo
1822 1523 1944 1593 quid

364 1624 563 1678 dictum
590 1633 689 1684 est,
716 1623 835 1686 nisi,
866 1621 1088 1690 populus
1111 1619 1264 1674 tuus?
1291 1619 1440 1686 Quod
1465 1630 1639 1676 autem
1663 1635 1767 1673 non
1791 1617 1943 1686 dixit,

366 1713 421 1767 In
454 1729 559 1784 quo
585 1728 663 1774 es,
689 1709 1015 1765 consuetudo
1043 1710 1318 1764 locutionis
1345 1719 1444 1765 est.

435 1805 637 1860 CLVII.
669 1803 768 1875 [lb.
797 1818 978 1868 xxxw,
1026 1800 1141 1876 12.]
1189 1802 1323 1869 Quid
1351 1801 1596 1873 estquod
1643 1801 1835 1856 dicitur
1880 1798 1947 1854 ad

369 1896 603 1968 Moysen,
632 1894 844 1949 Attende
865 1894 970 1959 tibi,
995 1894 1256 1966 nequando
1283 1903 1437 1965 ponat
1462 1895 1475 1924 ¹
1502 1903 1844 1947 testamentum
1870 1892 1949 1945 Itis

365 1991 449 2062 qui
476 1989 646 2044 sedent
672 2005 824 2059 super
852 1998 1055 2040 terram.
1101 1985 1215 2040 Non
1243 1986 1382 2039 cnitn
1413 1985 1570 2040 ltabet
1593 2002 1821 2057 gra‘cus',
1853 2003 1948 2040 ne-

367 2081 578 2152 quando
623 2093 823 2150 ponas;
871 2077 985 2142 sed,
1029 2093 1089 2131 ne
1130 2077 1330 2145 quando
1363 2089 1536 2146 ponat.
1587 2080 1664 2130 An
1702 2075 1839 2131 forte
1883 2076 1950 2131 tle

370 2173 562 2243 popqu
601 2171 648 2224 ei
675 2170 855 2224 dicere
879 2169 1060 2232 voluit,
1109 2167 1258 2234 cujus
1286 2167 1399 2236 ipse
1427 2167 1616 2221 ductor
1655 2168 1796 2222 fuit?
1843 2167 1950 2226 Sed

369 2278 476 2317 non
503 2263 615 2332 ipse
640 2259 927 2315 introduxit
957 2259 1204 2328 populum
1237 2258 1290 2312 in
1321 2273 1436 2312 eam
1470 2270 1687 2321 terram,
1718 2259 1802 2313 ubi
1828 2275 1951 2332 pro-

370 2354 518 2408 hibet
547 2352 668 2422 poni
721 2359 1088 2405 testamentum
1139 2365 1257 2405 cum
1305 2350 1381 2405 eis
1409 2353 1495 2420 qui
1531 2351 1581 2404 in
1629 2352 1713 2404 illa
1748 2351 1952 2405 habita-

370 2445 517 2500 bant.
567 2444 755 2500 Mirum
801 2444 976 2514 itaque
1015 2441 1294 2498 locutionis
1337 2458 1502 2516 genus
1545 2451 1647 2510 est,
1695 2453 1748 2498 et
1777 2445 1951 2500 adhuc

372 2538 702 2607 inexpertum
741 2537 826 2592 vel
854 2552 955 2590 non
983 2536 1404 2592 animadxcrsutn
1436 2555 1446 2590 :
1481 2535 1526 2592 si
1553 2547 1726 2593 tamen
1756 2538 1954 2594 locutio

373 2639 472 2696 est,
505 2647 568 2685 ac
591 2646 692 2684 non
721 2645 906 2684 sensus
931 2628 1138 2701 aliquis.

443 2720 663 2777 CLVIII.
694 2720 792 2794 [lb.
833 2728 1020 2786 xxxtv,
1056 2721 1139 2785 15,
1176 2719 1286 2794 1ΰ.]
1308 2719 1440 2776 Cum
1471 2721 1784 2793 prccciperet
1813 2723 1955 2780 Deus

371 2812 437 2868 ad
468 2813 681 2885 Moysen
710 2814 948 2883 loquens,
983 2823 1038 2867 ut
1067 2813 1186 2867 data
1218 2822 1358 2867 terra
1384 2814 1433 2866 in
1466 2824 1746 2884 potestate,
1779 2818 1953 2876 omnis

373 2905 670 2961 idololatria
701 2915 1048 2971 everteretur,
1069 2922 1165 2961 nec
1192 2906 1542 2962 adorarentur
1561 2909 1631 2963 dii
1653 2909 1832 2975 alieni,
1859 2912 1953 2980 ait,

370 2996 620 3051 Dominus
646 2996 777 3050 enim
806 2995 962 3063 Deus,
1002 2999 1171 3051 zelans
1201 3015 1404 3066 nomen,
1448 2998 1586 3055 Deus
1613 2999 1805 3056 πριιιιον
1830 3012 1902 3058 est
1933 3017 1954 3059 :

371 3088 428 3143 id
457 3097 558 3156 est,
589 3089 758 3161 ipsum
783 3103 972 3142 nomen
1004 3089 1140 3158 quod
1172 3090 1421 3144 Dominus
1449 3091 1588 3146 Deus
1616 3092 1827 3157 dicitur,
1859 3110 1953 3152 ze-

370 3181 488 3236 lans
527 3192 631 3248 est,
662 3182 783 3251 quia
813 3181 951 3235 Deus
987 3183 1185 3262 aelator
1223 3193 1323 3238 est.
1373 3183 1524 3250 Quod
1557 3200 1663 3240 non
1706 3184 1952 3244 humanm

369 3262 787 3347 perturbationis
831 3275 955 3329 vitio
981 3263 1120 3330 facit
1165 3275 1324 3342 Deus,
1367 3293 1579 3348 semper
1620 3287 1780 3350 atque
1807 3280 1950 3336 omni

373 3366 533 3422 modo
549 3367 990 3422 incommutabilis
1006 3377 1161 3438 atque
1185 3369 1534 3439 tranquillus;
1561 3372 1655 3426 sed
1679 3372 1776 3427 Itoc
1791 3370 1954 3426 verbo

374 3459 590 3525 indicat,
639 3475 741 3515 n0n
774 3460 985 3531 impune
1030 3460 1237 3529 plebem
1279 3477 1426 3517 suam
1470 3478 1564 3532 per
1593 3462 1794 3519 alienos
1821 3465 1952 3520 deos

371 3553 767 3608 fornimturatn.
804 3553 1023 3607 Ductutn
1070 3563 1150 3608 est
1178 3554 1318 3607 enim
1350 3555 1567 3608 verbum
1601 3566 1754 3623 tropo
1781 3565 1950 3610 meta-

372 3644 538 3714 phora
559 3661 591 3698 a
612 3646 725 3699 zelo
747 3644 993 3711 maritali,
1021 3647 1158 3714 quod
1185 3648 1481 3700 castitatem
1499 3647 1726 3700 custodit
1751 3647 1949 3702 uxoris.

374 3737 525 3805 Quod
556 3737 708 3790 nobis
739 3736 974 3807 prodest,
1009 3753 1112 3789 ttott
1140 3735 1266 3790 Deo.
1300 3737 1430 3804 Quis
1456 3739 1600 3794 enim
1645 3739 1734 3792 tali
1759 3754 1953 3808 genere

371 3825 736 3882 fornicationis
763 3829 867 3882 Deo
889 3828 1161 3882 nocuerit?
1191 3828 1284 3883 sed
1307 3828 1406 3883 sibi
1434 3830 1736 3898 plurimum,
1757 3840 1812 3884 ut
1837 3846 1954 3900 per-

372 3930 480 3974 eat.
511 3920 662 3984 Quod
688 3919 822 3972 Deus
848 3918 1088 3988 prohibet
1111 3930 1312 3974 terrore
1331 3922 1664 3989 gravissimo,
1691 3923 1950 3980 zelanlent

372 4028 434 4068 se
463 4011 734 4082 appellans
759 4030 770 4063 :
791 4013 874 4065 cui
905 4011 1096 4066 dicitur
1118 4013 1168 4068 in
1201 4013 1427 4075 Psaltno,
1462 4013 1735 4070 Perdidisti
1755 4032 1951 4072 onmem

371 4108 458 4178 qui
489 4106 764 4177 fornicatur
790 4106 876 4160 abs
902 4115 988 4168 te;
1018 4106 1139 4164 mihi
1162 4116 1327 4160 autem
1349 4107 1607 4163 adhaerere
1633 4107 1738 4163 Deo
1767 4109 1953 4164 bonum

372 4208 444 4255 est
473 4197 642 4270 (Psal.
673 4213 842 4263 Lxxn,
869 4196 958 4262 27,
989 4195 1104 4267 28).
1138 4199 1373 4265 Denique
1403 4201 1639 4269 sequitur
1669 4218 1682 4253 :
1713 4199 1796 4255 Ne
1822 4201 1956 4270 forte

373 4308 532 4363 ponas
553 4300 897 4345 testamentum
923 4289 1000 4345 Itis
1018 4290 1104 4360 qui
1126 4293 1297 4352 sedent
1316 4307 1468 4365 super
1491 4303 1694 4360 terram,
1724 4303 1770 4348 et
1792 4293 1951 4363 fami-
1973 4279 1975 4282 1

371 4394 546 4438 centur
574 4392 682 4455 post
712 4382 828 4436 deos
857 4399 1047 4438 eorum.

445 4473 624 4529 CLIX.
656 4473 754 4548 [lb.
787 4491 974 4541 xxxtv,
1005 4472 1120 4548 20.]
1141 4475 1292 4544 Quod
1332 4477 1422 4540 ait,
1471 4475 1592 4532 Non
1632 4477 1872 4534 videberis
1897 4479 1949 4532 in

373 4579 638 4638 conspectu
665 4587 772 4624 meo
809 4571 1010 4634 inanis;
1038 4569 1172 4625 sicut
1203 4571 1434 4626 indicant
1460 4573 1852 4627 circmnstantia
1882 4571 1950 4628 de

375 4662 570 4732 quibus
621 4660 884 4728 loquitur,
934 4661 988 4714 in
1041 4675 1306 4732 conspectu
1361 4681 1454 4718 suo
1482 4678 1502 4718 .'
1537 4663 1671 4719 dixit
1715 4665 1851 4720 Deus
1895 4665 1947 4719 in

374 4752 717 4808 tabernaculo
753 4766 892 4806 suo:
923 4751 1026 4807 hoc
1061 4763 1144 4808 est
1190 4765 1391 4819 autem,
1453 4753 1571 4808 Non
1626 4757 1696 4810 ibi
1749 4757 1948 4812 uidebo.

374 4849 446 4903 ris
488 4847 674 4910 inanis,
734 4861 999 4916 nunquam
1041 4848 1261 4902 intrabis
1310 4850 1426 4904 sine
1472 4848 1650 4920 aliquo
1707 4866 1945 4906 munere.

375 4940 528 5007 Quod
556 4937 901 5008 Spiritualiter
923 4937 1265 5004 intellecturi,
1286 4955 1532 5008 magnum
1558 4951 1943 4998 sacramentum

368 5041 472 5088 est.
519 5029 712 5089 Verum
740 5029 855 5085 haec
903 5028 1215 5086 dicebantur
1267 5032 1334 5088 de
1375 5034 1576 5089 umbris
1605 5036 1946 5107 signiﬁcatio-

369 5141 520 5182 nutu.

443 5216 598 5277 CLX.
628 5216 728 5293 [lb.
755 5233 938 5285 xxxtv,
963 5217 1024 5273 2i
1041 5215 1080 5292 .[
1102 5219 1230 5274 Cum
1253 5219 1319 5275 de
1340 5220 1560 5275 sabbato
1586 5224 1938 5294 praecepisset,

367 5313 498 5386 quid
541 5322 626 5368 est
653 5311 794 5383 quod
817 5311 1056 5378 adduxit,
1089 5311 1298 5368 Satisne
1329 5323 1377 5366 et
1402 5316 1421 5345 ¹
1441 5331 1596 5369 messe
1625 5318 1894 5387 requiescet;
1921 5319 1948 5372 .’

401 5429 446 5500 ,ί
472 5427 610 5502 miti,
627 5440 795 5502 ponas.
819 5433 924 5502 Iuss.
952 5441 1148 5502 omnes“,
1172 5432 1450 5502 ponat_:__uti
1482 5433 1626 5502 etiam
1660 5431 1841 5502 habent
1871 5445 1949 5482 co-

362 5489 498 5560 dices
517 5489 737 5560 [let-ique
761 5491 985 5560 iit-tacut.
1007 5491 1087 5560 lib.
1101 5491 1158 5560 ᾖ,
1173 5489 1266 5544 loc.
1296 5495 1396 5542 153.
1420 5502 1558 5560 ιξριτο
1575 5497 1623 5544 iu
1639 5507 1800 5559 gruem
1815 5501 1944 5558 LXX.

363 5547 471 5598 libri
497 5547 575 5599 alii
601 5547 719 5606 thes,
746 5553 822 5602 alii
849 5561 975 5602 teste
1001 5547 1180 5602 Nobilio
1201 5561 1375 5608 terunt.
1405 5556 1499 5604 tlte.

425 5614 444 5644 ³
468 5619 518 5662 ιιι
554 5615 732 5684 editis,
760 5625 827 5666 De
849 5615 1040 5684 satione.
1067 5619 1214 5684 Abest
1231 5619 1290 5668 (te
1315 5632 1342 5668 a
1379 5621 1554 5684 nostris
1586 5628 1708 5681 Mss,
1741 5632 1948 5684 quorum

361 5681 489 5723 unus
511 5683 593 5725 aut
610 5674 736 5726 alter
753 5691 841 5740 pro
862 5678 1146 5742 requicsccs,
1167 5679 1313 5732 habet
1331 5681 1539 5748 rem-iss,
1557 5674 1706 5736 sicuti

2048 324 2269 380 Videtur
2293 328 2432 383 enim
2460 329 2656 391 dicere,
2690 329 2950 400 Tempore
2979 332 3221 392 sationis
3246 342 3302 392 et
3331 339 3542 396 messis.
3572 347 3641 399 An

2051 420 2182 472 forte
2211 418 2282 473 ita
2328 421 2707 475 t)l)$t‘l'\'.'llltlﬂlll
2740 426 2973 492 requiem
3019 428 3240 480 sabbati
3285 435 3560 502 prmeepit,
3597 448 3644 496 ut

2051 527 2147 566 nec
2174 511 2255 565 illa
2286 522 2519 581 tempora
2548 513 2770 568 habeant
2799 520 3230 582 excusationem,
3263 537 3391 592 qttze
3413 528 3640 596 agt-iratis

2049 602 2199 657 γυιάς
2241 615 2364 658 sunt
2409 609 2703 662 necessaria
2755 620 2968 680 propter
3015 613 3223 666 victam
3256 626 3423 685 atque
3455 620 3641 675 viunn?

2048 693 2262 750 Jussum
2291 707 2371 750 est
2399 713 2526 768 ergo
2557 710 2609 750 ut
2636 699 2793 753 etiam
2825 710 3062 768 tempore
3091 705 3338 760 sationis
3364 716 3421 761 et
3448 714 3640 780 messis,

2050 787 2260 858 quando
2301 790 2519 844 multant
2553 802 2702 861 urget
2742 793 3001 864 operatio,
3033 798 3426 870 requiescatur
3457 801 3507 856 in
3533 805 3639 857 sab-

2051 881 2174 935 bato
2205 898 2216 935 :
2249 896 2312 938 ac
2339 883 2413 938 sic
2446 900 2538 951 per
2586 885 2697 938 lucc
2728 895 2987 956 tempora,
3033 906 3162 959 qua:
3195 907 3338 964 opus
3370 894 3638 966 plurimum

2051 971 2301 1043 ﬂagitant,
2332 974 2678 1045 significatum
2707 989 2807 1046 est,
2835 980 2978 1036 onmi
3021 989 3279 1052 tempore
3310 985 3535 1040 sabbato
3561 988 3640 1041 de-

2052 1063 2178 1119 bere
2210 1067 2424 1120 cessari.

2121 1154 2300 1209 CLXI.
2333 1153 2431 1228 [11).
2466 1173 2647 1224 xxxw,
2678 1157 2794 1233 21.]
2815 1159 2964 1228 Quod
2996 1159 3147 1234 dicit,
3187 1163 3318 1220 Non
3340 1172 3644 1236 concupiscet

2053 1245 2310 1315 quisquam
2332 1247 2394 1300 de
2414 1259 2545 1301 terra
2572 1260 2677 1312 tua,
2708 1267 2820 1304 cum
2846 1255 3080 1308 asrcndes
3111 1257 3282 1310 rideri
3309 1259 3362 1312 in
3391 1275 3641 1330 coaspcctu

2055 1339 2150 1394 Dei
2188 1342 2278 1407 tui,
2323 1343 2418 1393 tria
2447 1352 2671 1408 tempora
2697 1345 2817 1398 anui
2845 1347 2883 1412 ³,
2917 1348 3014 1402 hoc
3056 1351 3171 1408 vult
3207 1350 3462 1424 intelligi,
3495 1366 3547 1408 ut
3571 1373 3642 1411 se-

2053 1448 2210 1486 curus
2238 1433 2456 1503 quisque
2486 1437 2814 1502 ascenderet,
2849 1456 2942 1493 nec
2973 1439 3040 1495 tle
3070 1450 3222 1496 terra
3258 1461 3357 1498 sua
3400 1447 3639 1505 sollicitus

2054 1535 2212 1589 esset,
2263 1527 2367 1580 Deo
2411 1530 2750 1596 promittente
2779 1533 3092 1600 custodiam,
3141 1536 3296 1605 quod
3345 1556 3505 1594 nemo
3533 1542 3641 1600 iade

2054 1617 2247 1689 aliquid
2275 1621 2692 1689 concupisceret,
2737 1635 2952 1693 propter
2979 1625 3125 1679 illum
3155 1628 3252 1696 qui
3294 1631 3554 1698 ascendit,
3585 1650 3641 1696 ne

2055 1723 2203 1761 suam
2236 1708 2358 1764 ittde
2405 1712 2615 1765 timeret
2654 1712 2967 1768 absentiam.
3021 1716 3086 1770 Et
3133 1717 3225 1772 hic
3259 1723 3394 1774 satis
3424 1726 3640 1780 ostendit

2055 1800 2177 1870 quid
2207 1815 2362 1870 supra
2389 1800 2598 1870 dixerit,
2628 1801 2746 1857 Non
2773 1804 3034 1876 apparcbis
3053 1806 3105 1860 in
3132 1823 3418 1879 conspectu
3442 1810 3640 1868 Domini

2059 1891 2153 1944 Dei
2175 1892 2244 1945 tui
2269 1893 2453 1956 inanis,
2481 1895 2600 1963 quia
2631 1895 2678 1947 in
2708 1897 2798 1950 illo
2825 1897 2938 1951 loco
2963 1898 3094 1952 dixit
3118 1899 3212 1954 ubi
3243 1902 3635 1959 tabernaculum

2056 1985 2136 2040 vel
2169 1985 2420 2054 templum
2454 1984 2589 2040 Deus
2621 1985 2787 2041 Inerat
2815 1988 3108 2044 habiturus.

2125 2072 2325 2128 CLXII.
2358 2073 2458 2150 [11).
2504 2092 2686 2142 xxxiv,
2733 2076 2848 2151 25]
2886 2077 3020 2144 Quid
3059 2088 3149 2135 rst
3189 2081 3340 2154 quod
3386 2083 3480 2151 ait,
3529 2083 3638 2140 Non

2057 2169 2248 2221 occides
2275 2186 2425 2239 super
2451 2169 2748 2238 fermentum
2773 2172 3063 2242 sanguinem
3096 2173 3485 2231 immolatarum
3511 2193 3634 2232 meo-

2057 2262 2210 2317 rum?
2241 2264 2321 2316 An
2369 2262 2455 2317 illa
2503 2265 2604 2319 hoc
2633 2265 2748 2319 loco
2774 2265 2902 2320 dicit
2945 2265 3221 2323 immolata
3254 2286 3375 2338 sua,
3409 2288 3524 2343 qua:
3554 2289 3635 2343 per

2059 2355 2258 2410 Pascha
2290 2354 2622 2421 occiduntur,
2669 2367 2722 2414 et
2761 2359 2998 2430 prwcipit
3028 2377 3094 2416 ne
3124 2373 3259 2419 tunc
3305 2365 3375 2417 sit
3413 2366 3464 2421 itt
3493 2366 3634 2421 domo

2059 2447 2398 2514 fermentum,
2435 2452 2682 2520 quoniam
2712 2451 2826 2508 dies
2853 2465 2974 2507 sunt
3004 2458 3371 2526 azymorum?

2129 2539 2353 2596 CLXIII.
2387 2539 2484 2615 [lb.
2521 2557 2710 2609 xxxw,
2736 2541 2852 2619 25.]
2873 2543 3006 2614 Quid
3039 2549 3296 2617 estquod
3329 2550 3422 2613 ait,
3457 2547 3521 2604 Et
3547 2566 3635 2605 non

2060 2633 2269 2688 dormiet
2279 2635 2331 2688 in
2347 2651 2492 2688 mane
2506 2635 2780 2689 immutatio
2792 2638 3116 2694 solenmitatis
3125 2637 3383 2704 Pascltw;
3399 2642 3495 2696 nisi
3509 2640 3634 2710 quod

2060 2727 2304 2797 superius
2352 2737 2532 2798 aperte
2565 2729 2833 2800 przeccpit,
2866 2746 2932 2785 ne
2954 2731 3148 2802 aliquid
3185 2749 3252 2788 ex
3281 2750 3474 2805 pectire
3509 2733 3632 2806 quod

2061 2816 2384 2885 immolatur,
2406 2821 2641 2875 earniutn
2672 2821 2996 2891 relinquatur
3023 2824 3294 2879 inmane?
3321 2825 3426 2881 Sed
3456 2827 3632 2880 Iacntio

2061 2912 2183 2968 iecit
2211 2913 2582 2967 obscuritatem
2616 2930 2628 2965 :
2661 2912 2879 2967 Dormiat
2904 2915 3044 2969 cnim
3070 2915 3230 2979 dixit.
3274 2931 3372 2987 pro
3398 2917 3630 2972 Manebit.

2131 3001 2356 3057 CLXIV.
2385 3001 2484 3075 [lb.
2513 3020 2693 3070 xxxiv,
2724 3001 2837 3076 26.]
2863 3003 2982 3058 Non
3022 3022 3205 3077 coques
3231 3025 3420 3079 agnum
3449 3009 3496 3060 in
3521 3008 3632 3061 tacte

2061 3095 2236 3149 matris
2262 3111 2390 3149 suae.
2435 3095 2570 3149 Ecce
2614 3095 2746 3149 dixit
2790 3105 2977 3151 iterum
3007 3097 3148 3170 quod
3196 3097 3630 3170 quemadmodum

2061 3186 2280 3258 intelligi
2329 3189 2494 3257 possit
2523 3189 2725 3259 ignoro.
2767 3187 2948 3258 Magna
2982 3200 3152 3244 tamen
3211 3203 3295 3246 est
3326 3191 3391 3246 de
3434 3190 3628 3245 Christo

2061 3279 2359 3350 prophetia,
2405 3279 2560 3333 etiam
2607 3278 2650 3332 si
2683 3279 2790 3332 fieri
2830 3279 2895 3333 ad
2924 3281 3154 3335 litteram
3192 3283 3403 3352 possit;
3446 3290 3626 3352 quanto

2061 3370 2229 3440 magis
2269 3369 2312 3423 si
2354 3385 2458 3422 non
2501 3369 2710 3439 potest?
2749 3368 2804 3423 In
2849 3371 3184 3426 sermonibus
3229 3373 3372 3427 enim
3421 3372 3507 3427 Dei
3535 3386 3628 3425 non

2061 3471 2182 3516 sunt
2210 3460 2274 3514 ad
2303 3461 2675 3529 pr0prietatcm
2707 3475 2924 3532 operum
2957 3462 3132 3516 omnia
3161 3463 3482 3528 revocanda,
3506 3463 3626 3518 sicut

2061 3566 2158 3606 nec
2189 3550 2314 3604 illud
2345 3549 2412 3604 de
2443 3562 2611 3621 pe'ra,
2643 3559 2696 3605 et
2737 3566 2960 3605 caverna
2987 3551 3123 3620 ejus,
3155 3567 3212 3607 et
3239 3569 3426 3609 manus
3451 3566 3605 3622 super

2060 3644 2322 3715 positione
2353 3640 2543 3715 (Exod.
2578 3656 2772 3708 xxxnt,
2799 3640 2913 3714 22).
2955 3641 3058 3698 Sed
3105 3644 3264 3712 plane
3290 3645 3358 3700 de
3387 3643 3485 3699 (ide
3515 3657 3598 3696 nar

2060 3736 2249 3789 ratoris
2295 3733 2394 3788 hoc
2420 3733 2731 3803 exigendum
2761 3743 2863 3800 est,
2907 3744 2965 3788 ut
2993 3751 3111 3806 qua:
3152 3736 3284 3791 dicit
3313 3736 3445 3792 facta
3474 3749 3582 3790 esse
3601 3774 3617 3784 η

2059 3841 2184 3880 vere
2211 3824 2344 3878 facta
2387 3825 2513 3888 sint,
2548 3834 2601 3877 et
2641 3841 2758 3894 qua!
2786 3823 2913 3879 dicit
2955 3825 3095 3881 dicta
3140 3843 3287 3894 e.se,
3332 3844 3456 3882 vere
3495 3825 3618 3880 dicta.

2059 3919 2184 3973 sint.
2219 3916 2368 3987 Quod
2400 3918 2626 3986 exigitur
2671 3919 2827 3972 ctiant
2858 3934 2888 3973 a
2927 3922 3293 3977 narratoribus
3324 3903 3616 3990 Evangelii:

2058 4026 2177 4065 cum
2213 4011 2352 4065 enim
2382 4008 2650 4065 Christum
2681 4019 2895 4064 narrent
2935 4011 3174 4080 qua-(lant
3207 4013 3406 4068 dixisse
3437 4026 3546 4080 qur.
3574 4007 3618 4060 ia

2060 4103 2331 4174 parabolis
2356 4103 2489 4158 dixit
2513 4120 2528 4170 ;
2559 4113 2732 4158 tamen
2753 4103 2867 4160 [nec
2883 4119 3005 4158 eum
3022 4104 3223 4162 dixisse
3241 4124 3344 4161 non
3367 4102 3613 4176 parabole,

2057 4197 2152 4253 sed
2179 4197 2427 4252 historica
2459 4201 2688 4252 narratio
2713 4207 2816 4253 est.

2129 4288 2328 4344 CLXV.
2350 4288 2448 4362 [11).
2465 4305 2649 4355 xxxtv,
2670 4289 2785 4361 28.]
2804 4287 2868 4343 Et
2889 4298 2994 4343 erat
3008 4289 3075 4342 ibi
3094 4288 3293 4360 Moyses
3306 4290 3355 4343 in
3373 4291 3614 4355 conspectu

2058 4379 2265 4435 Domini
2291 4381 2626 4454 quadraginta
2642 4382 2814 4435 diebus
2841 4393 2885 4435 et
2897 4380 3228 4453 quadraginta
3255 4382 3475 4436 noctibus
3499 4397 3511 4440 ;
3537 4393 3614 4445 ραο

2057 4491 2170 4529 nem
2207 4491 2306 4526 non
2327 4473 2661 4534 manducavit,
2686 4484 2731 4526 et
2750 4491 2932 4545 aquam
2953 4491 3053 4528 ncn
3071 4475 3208 4528 bibit.
3253 4474 3402 4542 Quod
3433 4482 3482 4526 et
3503 4478 3612 4523 ante

2056 4566 2281 4630 dixerat,
2300 4563 2509 4635 quando
2537 4563 2745 4618 tabulas
2762 4565 2984 4636 accepit,
3007 4579 3138 4634 quas
3156 4565 3328 4634 fregit,
3348 4567 3442 4616 hoc
3467 4560 3606 4615 etiam

2056 4655 2214 4712 modo
2233 4658 2423 4727 repetit
2446 4675 2460 4724 ;
2487 4672 2589 4711 non
2619 4655 3013 4726 recapitulando
3031 4656 3168 4725 quod
3199 4657 3389 4710 factum
3415 4662 3510 4708 est.
3528 4643 3608 4700 sed

2057 4750 2244 4806 iterum
2270 4751 2462 4806 factum
2492 4749 3017 4806 essecommendans.
3044 4749 3306 4819 Iit-petitio
3327 4766 3392 4818 qu
3420 4743 3608 4814 ppele;

2053 4846 2135 4918 gis
2156 4847 2262 4915 jam
2291 4844 2412 4916 quid
2430 4846 2685 4915 signiticet
2703 4843 2945 4898 diximus.
2963 4844 3110 4910 Quod
3129 4855 3302 4897 autem
3323 4849 3411 4901 att,
3435 4835 3604 4890 Ριιηιτηι

2055 4953 2152 4991 non
2169 4938 2506 5006 manducavit,
2523 4947 2569 4990 et
2586 4951 2766 5000 aquam
2784 4953 2879 4989 non
2899 4934 3518 5005 bibit,iutelligiturjejuna
3531 4947 3541 4972 κ
3556 4924 3602 4982 il.

2053 5038 2463 5101 apartetotum;
2495 5027 2542 5081 id
2572 5037 2671 5092 est,
2703 5027 2912 5081 uotnine
2929 5028 3080 5100 panis
3110 5043 3317 5082 omnem
3347 5023 3529 5076 cibum,
3558 5021 3602 5065 tr!

2052 5123 2270 5183 nomine
2295 5138 2444 5192 aqua:
2471 5137 2680 5174 omnem
2716 5128 2890 5189 potum
2918 5119 3242 5189 significante
3263 5117 3409 5186 Sc:ip
3435 5126 3536 5163 ora.

2125 5214 2346 5271 CLXVI.
2382 5212 2399 5287 [
2435 5213 2507 5266 ll).
2537 5228 2730 5277 xxxiv,
2754 5213 2841 5272 ‘28.
2865 5214 3018 5281 27,1.
3051 5209 3066 5285 [
3103 5212 3164 5266 Ε(
3186 5211 3378 5281 scripsit
3399 5209 3446 5259 in
3477 5200 3600 5255 lubt!-

2054 5309 2116 5364 lis
2137 5308 2282 5362 verba
2311 5308 2331 5338 ’
2360 5304 2684 5368 Tcs'ttmenti,
2709 5307 2876 5360 decem
2923 5307 3084 5358 vetba.
3119 5307 3188 5360 De
3218 5306 3276 5358 bl:
3302 5317 3389 5374 yse
3417 5298 3591 5351 t'lt‘llll"

2053 5411 2135 5458 est
2155 5401 2293 5472 quod
2323 5403 2435 5470 ipse
2456 5401 2747 5467 scripserit,
2769 5398 2852 5453 cui
2880 5400 3035 5450 etiam
3058 5397 3192 5450 Deus
3220 5396 3367 5465 paulo
3393 5398 3505 5442 ante
3523 5382 3596 5436 di-

2117 5556 2131 5588 ι
2159 5554 2230 5604 sic
2254 5564 2356 5606 κτείς.
2383 5561 2433 5604 et
2451 5567 2596 5618 gnec.
2622 5559 2748 5618 t..\fx.
2776 5559 2828 5601 Αι
2847 5551 2981 5618 editi,
3005 5562 3090 5618 νεῖν
3114 5546 3431 5618 ιτνὶαιεηιρονα
3452 5533 3570 5618 ΨΨξζ

2049 5589 2764 5731 ώ1ιῖοιῖῖἷὶξδιῗάίὶἰῖιιιῗῖιίέ,
2776 5589 3390 5666 ’ἱςὲῖὔιῐ’⁷ιῖεῐιὶυὶιιῗιᾶἷιιὲε.
3425 5589 3595 5659 υιαιιιυίι

3807 4803 3810 4964 l

3806 4803 3810 4964 l
