3862 6298
394 210 501 269 655

396 322 580 393 Moyse
603 334 775 373 omnes
802 311 1163 383 demptiones‘.
1193 311 1248 365 lu
1267 310 1507 364 notitiam
1538 314 1739 362 .antum
1768 304 1976 377 Moyses

393 411 615 485 pertulit
635 423 754 479 quae
779 406 1032 460 Dominus
1049 416 1208 472 opera
1229 399 1343 455 lleri
1366 397 1700 471 prmceperit,
1723 393 1974 452 taberna-

394 504 573 560 culum
594 498 802 554 scilicet
831 510 953 552 cum
982 492 1230 548 omnibus
1256 507 1377 563 qua:
1403 490 1454 545 in
1484 505 1550 545 eo
1573 497 1773 555 essent,
1802 499 1856 542 et
1878 501 1972 541 ve-

395 605 508 652 stes
555 588 912 648 sacerdotales
937 587 986 642 '.
1013 583 1462 640 Commemoravit
1489 589 1663 636 autem
1692 579 1975 651 quosdam,

396 686 588 759 quibus
607 682 740 738 dixit
779 679 1033 751 Spiritum
1055 676 1305 732 divinitus
1332 673 1534 738 datmn,
1555 687 1661 743 quo
1683 672 1768 726 illa
1800 670 1980 725 eﬂice-

398 792 461 833 re
511 781 770 847 possent:
801 780 853 826 et
892 778 1073 824 tamen
1122 766 1274 821 multi
1304 765 1667 835 intelliguntur
1693 770 1883 833 sponte
1913 759 1980 814 ad

405 866 594 924 eadem
625 878 790 933 opera
828 859 1039 915 venisse
1081 857 1272 928 quibus
1306 869 1481 924 neque
1518 854 1831 922 imperatum
1872 859 1972 914 est,

408 974 511 1016 nec
536 971 722 1014 eorum
765 953 979 1009 nomina
1000 955 1413 1006 commemorata
1434 954 1557 1000 sunt
1584 962 1612 998 a
1642 944 1864 1000 Domino
1892 943 1978 998 di-

404 1060 490 1107 cta
512 1045 701 1119 Moysi.
726 1043 842 1101 Non
879 1056 1007 1112 ergo
1030 1038 1106 1095 illi
1131 1039 1228 1094 soli
1255 1038 1355 1092 hoc
1381 1050 1573 1091 munus
1603 1034 1859 1089 divinitus
1889 1034 1983 1088 ha-

400 1142 649 1203 buerunt,
666 1137 757 1207 qui
788 1131 1097 1192 nominatim
1121 1135 1623 1190 commemorantur,
1643 1124 1737 1179 sed
1763 1125 1986 1178 lortasse

402 1230 669 1303 pmcipue
691 1234 851 1296 atque
870 1221 1236 1279 excellentius.
1262 1218 1580 1274 Laudandus
1609 1225 1691 1271 est
1718 1224 1893 1269 autem
1932 1213 1984 1268 in

404 1321 491 1378 his
510 1318 756 1374 omnibus
785 1330 893 1371 non
919 1321 1176 1368 attractus
1193 1310 1257 1364 ad
1285 1325 1420 1379 opus
1448 1308 1715 1364 serviliter
1750 1306 1982 1370 animus,

403 1411 499 1468 sed
522 1409 814 1465 liberaliter
828 1413 883 1461 et
910 1414 1101 1477 sponte
1129 1402 1370 1457 devotus.

473 1499 706 1558 CLXXI.
735 1497 835 1572 [1b.
862 1511 1046 1560 xxxvr,
1065 1495 1118 1559 ι,
1149 1502 1195 1547 et
1219 1489 1299 1563 5.]
1322 1489 1621 1545 Notandum
1642 1488 1782 1559 quod
1800 1488 1870 1542 illi
1897 1486 1986 1558 qui

404 1595 671 1665 sapientes
698 1588 1054 1660 appellantur,
1076 1584 1352 1639 ellectores
1366 1596 1584 1652 operum
1607 1580 1796 1646 sancti,
1829 1579 1986 1635 etiam

409 1682 651 1739 moribus
673 1680 804 1733 tales
832 1685 1007 1741 erant,
1039 1682 1098 1729 ut
1148 1688 1269 1729 cum
1299 1671 1398 1741 ipsi
1432 1671 1766 1739 susciperent
1810 1669 1989 1723 omnia
2047 1687 2057 1694 ·

406 1790 526 1845 qua:
552 1769 779 1841 populus
816 1766 1094 1831 oll'erebat,
1117 1763 1424 1818 existimans
1442 1761 1744 1815 necessaria
1774 1774 1841 1814 ex
1866 1758 1989 1828 qui-

405 1866 508 1919 bus
548 1861 636 1916 illa
691 1857 868 1914 omnia
909 1855 1325 1926 complerentur,
1359 1852 1605 1907 viderunt
1653 1850 1770 1920 plus
1809 1847 1987 1905 ol‘l‘erri

405 1971 566 2029 quam
597 1960 715 2010 erat
745 1965 980 2015 necesse,
1007 1957 1063 2005 et
1090 1948 1338 2002 dixerunt
1367 1945 1564 2016 Moysi;
1587 1952 1745 2013 atque
1780 1941 1869 1997 ille
1896 1957 1991 2012 per

409 2060 712 2119 praeconem
737 2044 875 2098 ultra
909 2041 1157 2111 populum
1197 2036 1389 2093 ollerre
1417 2033 1703 2099 prohibuit.
1735 2033 1991 2088 Poterant

408 2146 609 2205 autem,
637 2136 681 2192 si
710 2135 925 2199 vellent,
950 2132 1114 2186 multa
1156 2130 1385 2193 auferre,
1415 2125 1507 2181 sed
1535 2124 1791 2180 modestia
1812 2122 1994 2205 prohi-

414 2230 548 2290 buit,
575 2228 656 2283 vel
686 2226 874 2294 religio
901 2222 1105 2278 terruit.

479 2317 735 2374 CLXXII.
765 2313 784 2387 Ῐ
805 2313 883 2369 Ib.
905 2328 1061 2373 xxxv,
1081 2309 1163 2382 2.]
1190 2310 1535 2378 Posteaquam
1553 2305 1825 2362 descendit
1845 2305 2009 2387 May-1

411 2425 498 2466 ses
512 2409 582 2465 de
603 2415 805 2472 monte,
844 2419 1004 2475 opera
1031 2400 1468 2457 commendantur
1494 2398 1820 2454 tabernaculi
1856 2413 1992 2453 con-

412 2500 675 2568 struendi,
708 2508 759 2554 et
786 2500 948 2552 vestis
993 2494 1337 2551 sacerdotalis
1365 2510 1380 2558 ;
1404 2493 1471 2548 de
1498 2492 1689 2562 quibus
1734 2490 1992 2548 faciendis

411 2604 693 2662 antequam
724 2588 919 2659 aliquid
948 2590 1279 2659 praeciperet,
1299 2587 1505 2640 locutus
1540 2595 1621 2641 est
1640 2585 1706 2639 ad
1737 2586 1990 2655 populum

409 2686 478 2741 de
491 2684 692 2739 sabbati
711 2681 1097 2736 observatione.
1122 2677 1221 2735 Ubi
1246 2693 1348 2731 non
1371 2677 1635 2732 immerito
1653 2686 1850 2742 movet,
1868 2692 1990 2731 cum

410 2775 593 2830 decem
624 2771 785 2826 verba
816 2769 971 2841 Legis
999 2769 1260 2838 acceperit
1307 2768 1357 2822 in
1417 2768 1608 2823 tabulis
1652 2767 1868 2838 lapideis
1888 2767 1992 2823 ite-

414 2881 555 2931 rum,
595 2879 727 2936 quas
756 2864 869 2932 ipse
906 2860 1122 2923 exeiilit,
1152 2860 1265 2930 ipse
1317 2860 1669 2930 consrripsit;
1711 2876 1876 2931 quare
1923 2859 1991 2915 de

413 2957 637 3013 Sabbato
660 2956 798 3021 solo,
847 2962 1188 3022 posteaquam
1216 2952 1508 3012 tlescentlit,
1539 2953 1789 3021 populum
1807 2951 1990 3007 admo-

413 3052 549 3106 nuit.
569 3051 624 3106 Si
646 3050 788 3104 enim
823 3054 1099 3117 propterea
1130 3045 1313 3099 decem
1346 3056 1604 3114 praecepta
1630 3043 1787 3115 Legis
1802 3059 1991 3114 super-

412 3142 578 3198 ﬂuum
620 3140 718 3196 fuit
755 3149 813 3194 ut
867 3139 1089 3208 populus
1140 3137 1331 3191 iterum
1360 3137 1601 3202 audiret;
1631 3151 1726 3190 cur
1755 3152 1863 3190 non
1892 3137 1991 3192 fuit

413 3233 738 3305 superﬂuum
770 3238 827 3285 ut
850 3229 917 3284 de
944 3228 1164 3283 sabbato
1190 3227 1415 3295 audiret,
1435 3242 1553 3281 cum
1579 3238 1633 3282 et
1682 3228 1781 3283 hoc
1809 3228 1859 3282 in
1882 3228 1989 3283 eis-

413 3325 534 3381 dem
562 3321 839 3393 pneceptis
867 3319 1052 3374 decem
1084 3317 1320 3387 legatur?
1347 3319 1427 3372 An
1474 3325 1528 3372 et
1576 3319 1676 3372 hoc
1714 3318 1885 3374 simile
1911 3328 1993 3374 est

412 3415 733 3478 velamento,
761 3426 866 3483 quo
892 3409 1079 3466 faciem
1102 3408 1324 3475 obtexit,
1355 3409 1475 3479 quia
1500 3410 1838 3478 splendorem
1877 3411 1994 3467 vul-

421 3517 507 3562 tus
525 3507 640 3577 ejus
661 3506 750 3560 lilii
777 3503 934 3559 Israel
971 3518 1077 3556 non
1109 3510 1351 3571 poterant
1382 3501 1610 3555 intueri?
1639 3501 1769 3557 Nam
1791 3519 1857 3558 ex
1892 3504 1989 3559 de-

413 3614 528 3656 cem
560 3598 839 3669 pratceptis
865 3594 968 3649 hoc
983 3596 1152 3648 solum
1184 3592 1379 3662 populo
1402 3592 1668 3662 prteeepit,
1693 3593 1834 3663 quod
1858 3593 1993 3666 ﬁgu-

412 3700 530 3746 rate
550 3689 620 3743 ibi
640 3686 837 3742 dictum
856 3692 937 3739 est
966 3700 980 3737 :
1007 3684 1107 3738 alia
1139 3681 1333 3752 quippe
1360 3681 1428 3735 ibi
1453 3697 1642 3738 novem
1671 3684 1811 3739 sicut
1849 3700 1988 3755 ιηοευ-

412 3791 563 3853 cepta
586 3790 730 3844 sunt,
754 3777 910 3831 etiam
934 3775 984 3828 in
1005 3773 1151 3827 Novo
1175 3773 1514 3828 Testamento
1536 3775 1863 3831 observantia
1892 3778 1991 3832 mi-

413 3871 558 3927 nime
582 3868 901 3924 dubitamus.
935 3863 1063 3918 Illud
1087 3872 1260 3917 atttem
1298 3880 1457 3918 unum
1482 3864 1547 3918 de
1574 3866 1795 3923 sabbato
1825 3884 1991 3940 usque

414 3959 549 4016 adeo
579 3958 795 4027 ﬁgurata
827 3955 930 4009 diei
958 3953 1164 4024 SPpllml
1193 3954 1561 4009 observatione
1590 3957 1726 4026 apud
1781 3959 1993 4016 Israeli-

417 4062 497 4105 tas
522 4049 751 4101 velatum
778 4045 893 4109 luit,
933 4053 985 4099 et
1034 4046 1085 4098 in
1118 4036 1370 4115 niy§terio
1428 4057 1746 4116 pra-ceptqu
1793 4050 1908 4116 luit,
1938 4060 1992 4107 et

413 4139 642 4213 quodam
672 4146 1003 4192 sacramento
1035 4135 1371 4207 llgurabatur,
1395 4146 1451 4190 ιιι
1469 4136 1636 4207 hodie
1655 4155 1684 4194 a
1711 4142 1861 4196 nobis
1885 4158 1990 4198 non

417 4235 752 4298 observetur,
794 4228 887 4284 sed
936 4229 1105 4283 solum
1133 4227 1272 4298 quod
1298 4228 1623 4298 signiﬁcabat
1666 4232 1985 4289 intueamur.

413 4324 471 4380 In
498 4324 587 4379 illa
608 4331 784 4377 autem
806 4321 983 4391 requie
1011 4320 1098 4375 ubi
1115 4334 1275 4391 opera
1297 4321 1504 4375 servilia
1531 4320 1784 4391 juhcntur
1807 4340 1990 4383 cessa-

411 4432 492 4483 re,
521 4431 707 4486 magna
735 4422 818 4470 est
864 4411 1082 4467 altitudo
1124 4412 1307 4484 gratiae
1351 4411 1464 4467 Dei.
1500 4413 1649 4470 Tunc
1685 4418 1829 4472 enim
1860 4420 1991 4476 liunt

411 4523 534 4565 cum
558 4506 739 4577 requie
776 4520 933 4574 opera
978 4504 1137 4569 bona,
1178 4518 1299 4558 eum
1357 4502 1491 4559 lides
1521 4521 1614 4575 per
1650 4505 1988 4566 dilectionem

331 4659 335 4662 ,
412 4604 664 4670 operatur
693 4594 898 4669 (Galat.
932 4610 984 4661 v,
1006 4595 1040 4649 6
1066 4593 1084 4666 )
1113 4612 1127 4649 :
1160 4593 1318 4649 timor
1336 4603 1514 4649 autem
1543 4605 1863 4654 tormentum
1893 4601 1987 4655 Ita-

412 4692 525 4755 bet,
548 4699 603 4745 et
632 4690 682 4745 in
701 4694 964 4743 tormento
984 4704 1102 4757 qua:
1120 4687 1373 4757 requies?
1404 4687 1553 4744 Unde
1575 4689 1732 4745 timor
1767 4708 1871 4747 non
1901 4704 1985 4750 est

412 4788 469 4843 in
489 4782 792 4852 charitate(
826 4779 1018 4835 lJoan.
1047 4796 1117 4845 iv,
1158 4777 1263 4853 l8)
1297 4798 1311 4834 :
1343 4780 1573 4838 charitas
1612 4794 1785 4840 autem
1829 4785 1988 4842 dill‘u-

414 4892 475 4934 sa
495 4886 579 4932 est
604 4875 657 4930 in
698 4872 949 4929 cordibus
978 4872 1173 4926 nostris
1215 4887 1310 4941 per
1337 4871 1590 4942 Spiritum
1631 4886 1870 4933 sanctum
1899 4880 1991 4951 qui

409 4968 568 5026 datus
586 4975 669 5023 est
688 4964 840 5020 nobis
866 4964 885 5038 (
910 4962 1055 5018 Rern.
1076 4978 1128 5028 v,
1144 4963 1176 5018 5
1200 4968 1234 5024 l.
1258 4962 1380 5019 Ideo
1399 4964 1659 5022 sabbatum
1676 4972 1865 5041 requies
1883 4988 1995 5027 san-

413 5071 499 5117 eta
521 5061 739 5115 Domino
768 5074 788 5113 :
819 5058 907 5112 Dei
938 5057 1138 5111 scilicet
1164 5056 1350 5127 gratim
1372 5056 1669 5126 tribuenda,
1701 5077 1804 5115 non
1836 5063 1992 5118 nobis

410 5153 562 5211 velut
576 5167 643 5208 ex
665 5150 837 5206 nobis.
861 5148 1106 5219 Alioquin
1126 5158 1303 5203 nostra
1327 5164 1486 5219 opera
1503 5149 1580 5204 sic
1599 5162 1777 5216 erunt,
1808 5164 1862 5207 ut
1884 5156 1992 5210 sint

410 5246 663 5307 humana,
686 5251 777 5297 aut
795 5252 1007 5313 peccata
1029 5240 1051 5273 ³
1084 5258 1098 5296 :
1128 5250 1218 5296 aut
1245 5257 1365 5297 cum
1399 5242 1607 5309 timore,
1637 5261 1740 5301 non
1766 5261 1886 5302 cum
1912 5247 1993 5303 di-

476 5363 495 5395 ι
518 5360 716 5430 Codices
731 5357 851 5430 editi
868 5365 920 5409 et
936 5364 1068 5416 Mss,
1084 5355 1330 5430 demittunt
1343 5369 1428 5430 (es.
1446 5364 1616 5409 locum
1630 5359 1759 5430 hunc
1775 5362 1991 5413 vitiatum

412 5436 528 5476 esse
549 5430 686 5473 notat
706 5418 916 5470 annilius
929 5455 944 5479 ,
966 5432 1076 5470 cum
1108 5417 1442 5532 leﬂoebeat,
1469 5432 1629 5472 anates
1667 5421 1994 5488 demptrones;

412 5485 679 5532 secundm
702 5489 829 5532 I.xx.
849 5488 993 5532 nama
1012 5487 1063 5531 ta
1091 5493 1156 5532 an
1219 5487 1454 5532 trentata:
1493 5489 1545 5532 et
1566 5483 1701 5532 iuxta
1728 5485 1990 5532 \‘ultratam.

410 5485 832 5553 secundum-LXX,
848 5488 993 5546 parua
1012 5487 1063 5531 ια
1091 5483 1454 5546 aphatrematu;
1493 5489 1545 5532 et
1559 5483 1701 5547 juxta
1728 5483 1991 5548 vulgatam,

411 5545 939 5616 ταιέυετξᾳαρηατὶαοη
1085 5607 1098 5616 .

474 5611 495 5641 ³
517 5607 727 5659 Melioris
749 5613 877 5655 notas
898 5610 1029 5663 Mss,
1052 5607 1099 5653 et
1118 5604 1258 5655 uestis
1277 5604 1605 5656 sacerdotalis.

476 5669 499 5702 ³
519 5668 656 5727 editi,
679 5672 760 5718 aut
782 5678 894 5717 cum
920 5672 1133 5731 peccato.
1150 5671 1279 5726 uss,
1302 5671 1387 5717 aut
1407 5673 1618 5729 peccata.

1104 194 1569 264 QUES'IIONUM
1607 194 1665 248 s.
1704 187 2067 249 AUGUSTINI
2108 188 2172 245 IN
2212 191 2775 253 llEPTATEUCHUM
3321 178 3327 190 '
3548 202 3635 263 σω

2083 304 2313 361 lectione
2335 323 2350 373 ;
2376 316 2431 363 et
2450 308 2569 364 ideo
2594 309 2807 365 servilia
2826 310 2942 365 sine
2956 309 3160 382 requie.
3179 310 3456 371 Plenitudo
3475 325 3633 376 autem

2084 395 2288 452 sabbati
2316 397 2418 453 erit
2442 399 2496 455 in
2538 402 2725 473 requie
2749 401 3096 472 sempiterna.
3123 401 3245 459 Non
3274 404 3416 462 enim
3461 405 3632 465 frustra

2084 485 2377 543 inStitutum
2407 498 2562 546 estet
2584 491 2860 547 sabbatum
2891 492 3230 550 sabbatorum
3246 493 3273 561 -(
3308 492 3460 552 Leuit.
3486 513 3576 555 xxv
3599 498 3635 569 ).

2156 578 2431 637 CLXXIII.
2466 579 2569 655 [|b.
2601 598 2690 649 χι..
2717 582 2772 651 9,
2801 582 2914 659 l0.]
2942 585 2959 617 ⁸
2996 585 3254 656 Superius
3275 586 3486 657 quando
3512 590 3637 660 prius

2086 670 2291 726 locutus
2310 681 2394 727 est
2416 672 2555 727 Deus
2577 673 2645 730 de
2667 674 3007 730 tabernaculo
3031 675 3303 747 ungi-nde,
3330 676 3457 743 dixit
3475 678 3637 737 eadem

2087 764 2336 821 unctione
2375 766 2691 822 sanctiﬁcari
2735 766 2825 822 illa
2850 768 3065 835 omnia,
3094 778 3148 824 et
3178 768 3295 824 ﬁeri
3333 780 3508 826 sancta
3533 786 3639 828 san-

2087 864 2316 910 ctorum.
2350 855 2531 911 Altare
2574 866 2752 913 autem
2800 858 3312 914 holocaustomatum
3353 860 3529 917 eadem
3555 877 3640 918 un-

2087 948 2265 1003 ctione
2293 948 2701 1013 sanctilicatum.
2738 948 2950 1006 dixerat
2970 949 3081 1006 lleri
3107 960 3351 1007 sanctum
3376 953 3533 1007 sancti
3560 970 3572 1007 :
3598 963 3641 1009 et

2089 1035 2191 1092 hoc
2233 1037 2490 1095 interesse
2530 1039 2836 1106 videbatur,
2873 1040 3014 1113 quod
3055 1041 3184 1097 nihil
3223 1057 3410 1099 eorum
3448 1042 3643 1103 dixisset

2088 1136 2330 1183 sanctum
2356 1139 2684 1195 sanctorum,
2716 1131 2817 1186 nisi
2845 1132 2984 1201 quod
3012 1140 3216 1188 tantum
3243 1134 3364 1188 velo
3391 1135 3642 1203 separaba-

2090 1225 2177 1272 tur
2199 1233 2231 1272 a
2256 1228 2460 1287 saneto,
2490 1220 2541 1275 id
2568 1231 2672 1283 est.
2699 1220 2785 1277 ubi
2805 1229 2923 1278 erat
2947 1237 3072 1279 arca
3102 1225 3408 1281 testamenti
3428 1234 3480 1280 et
3500 1226 3645 1283 altare

2091 1307 2294 1364 incensi
2324 1307 2520 1382 (Exod.
2549 1327 2691 1378 xxx,
2717 1312 2932 1383 26-38).
2964 1312 3115 1370 Nunc
3139 1324 3320 1371 autem
3339 1330 3456 1372 cum
3483 1315 3642 1373 eadem

2090 1410 2388 1469 repeteret,
2432 1402 2566 1458 dixit
2601 1403 2671 1460 de
2709 1404 3048 1461 tabernaculo
3089 1418 3254 1463 uncto
3284 1417 3340 1464 et
3367 1406 3448 1463 bis
3470 1424 3578 1478 qua:
3600 1409 3643 1465 in

2092 1493 2184 1547 illo
2226 1505 2439 1555 essent.
2484 1496 2624 1565 quod
2661 1496 2851 1555 eadem
2899 1499 3149 1557 unctione
3188 1500 3642 1568 sanctilicarentor,

2092 1592 2146 1638 et
2190 1586 2377 1640 tierent
2405 1598 2585 1642 sancta
2620 1605 2634 1641 :
2669 1587 2796 1643 illud
2835 1599 3012 1645 autem
3051 1589 3225 1647 altare
3249 1590 3643 1648 holocaustum:-

2095 1683 2226 1742 tum,
2253 1676 2320 1730 de
2343 1692 2452 1749 quo
2476 1677 2620 1748 prius
2643 1676 2849 1734 dixerat
2873 1680 3014 1751 quod
3046 1682 3198 1739 lieret
3222 1692 3460 1738 sanctum
3479 1681 3642 1749 sancti,

2094 1766 2279 1821 eadem
2307 1769 2557 1826 unctione
2596 1786 2737 1826 nunc
2762 1769 2897 1827 dixit
2926 1770 3041 1827 ﬁeri
3078 1782 3322 1828 sanctum
3351 1782 3645 1829 sanctorum.

2094 1855 2247 1913 Unde
2273 1858 2429 1914 datur
2455 1859 2679 1932 intelligi
2716 1862 3043 1918 tantumdem
3086 1863 3272 1919 valere
3314 1862 3451 1935 quod
3475 1862 3644 1919 dictum

2094 1947 2268 2005 fuerat
2285 1959 2524 2005 sattcmm
2546 1953 2736 2019 sancti,
2758 1962 3013 2024 quantum
3038 1955 3181 2011 valet
3205 1954 3349 2027 quod
3376 1955 3560 2012 dictum
3581 1963 3645 2013 es!

2094 2050 2335 2095 sanctum
2364 2051 2667 2098 sanctorum
2701 2062 2714 2099 :
2746 2060 2809 2100 ac
2837 2061 2935 2118 per
2960 2046 3061 2103 hoc
3092 2056 3147 2104 et
3178 2047 3267 2104 illa
3292 2048 3465 2104 omnia
3494 2057 3644 2114 uncta,

2095 2131 2147 2186 id
2170 2140 2250 2187 est
2283 2140 2452 2188 totum
2496 2136 2890 2193 tabernaculum
2911 2180 2926 2203 ,
2953 2148 3008 2196 et
3042 2156 3395 2213 qutecnmque
3420 2142 3472 2198 in
3498 2158 3557 2198 eo
3578 2157 3645 2199 es-

2094 2230 2235 2289 sent,
2261 2239 2380 2294 qum
2408 2226 2556 2295 prius
2579 2227 2945 2298 appellaverat
2970 2240 3152 2287 sancta
3186 2240 3490 2288 sanctorum
3514 2275 3529 2299 ,
3555 2243 3646 2289 tan-

2095 2314 2328 2370 tumdem
2346 2315 2525 2373 valere
2544 2318 2685 2389 quod
2708 2335 2850 2375 nunc
2867 2320 2942 2376 ait
2965 2332 3150 2379 sancta
3184 2342 3200 2380 :
3224 2339 3324 2380 nec
3349 2323 3645 2395 unumqood

2094 2423 2198 2478 quc
2234 2423 2420 2464 eorum
2458 2408 2564 2465 dici
2604 2412 2969 2467 tantummodo
3016 2422 3136 2485 post
3174 2415 3332 2471 istam
3379 2415 3646 2470 unctionem

2095 2510 2334 2555 sanetum
2372 2501 2579 2568 sancti,
2619 2517 2809 2559 verum
2849 2504 3009 2559 etiam
3047 2516 3295 2561 sanctum
3338 2515 3647 2571 sanctorum,

2095 2590 2232 2646 sicut
2259 2591 2424 2646 altare
2450 2592 3003 2659 liolocaustomatum;
3035 2605 3092 2650 ut
3113 2594 3231 2667 jam
3273 2595 3403 2653 nihil
3440 2595 3645 2657 intersit,

2095 2693 2351 2752 quantum
2387 2682 2453 2737 ad
2498 2683 2636 2739 hanc
2676 2684 3093 2756 appellationem
3133 2686 3368 2751 attinet,
3407 2685 3539 2741 inter
3575 2683 3648 2740 illa

2096 2789 2214 2844 qua?
2240 2774 2463 2830 interius
2491 2775 2627 2831 intra
2654 2775 2828 2832 velum
2858 2779 3085 2844 fuerant,
3118 2776 3167 2831 id
3197 2787 3281 2833 est
3302 2778 3387 2833 ubi
3414 2783 3523 2832 erat
3545 2789 3648 2831 arca

2097 2865 2406 2933 testimonii,
2437 2875 2493 2921 ct
2522 2873 2716 2922 cetera
2746 2865 2894 2931 l'oris,
2931 2867 3034 2922 nisi
3063 2868 3210 2938 quod
3244 2868 3331 2923 illa
3360 2866 3567 2923 interius
3590 2864 3648 2919 ita

2095 2957 2409 3014 dicebautur
2449 2968 2632 3014 sancta
2687 2968 2990 3015 sanctorum
3038 2961 3122 3016 vel
3174 2971 3418 3018 sanetum
3462 2969 3625 3015 sancto

2096 3066 2215 3106 rum
2240 3052 2298 3118 ',
2327 3060 2385 3106 ut
2421 3052 2581 3106 etiam
2620 3060 2745 3107 ante
2785 3051 3088 3108 unctionem
3126 3052 3210 3109 sic
3246 3052 3642 3125 appellarentur;

2095 3151 2287 3200 czetera
2315 3158 2442 3198 vero
2469 3142 2721 3201 unctione
2744 3143 3069 3199 sanctiﬁcata
3095 3156 3245 3212 sunt,
3275 3154 3334 3201 ut
3360 3144 3458 3200 hoc
3481 3156 3646 3198 nomen

2094 3235 2417 3306 acciperent.
2442 3233 2595 3303 Quod
2632 3233 2743 3289 otio
2768 3232 3158 3291 discutiendum
3204 3245 3291 3294 est
3316 3233 3439 3308 quid
3471 3234 3564 3291 ista
3583 3229 3623 3286 si

2095 3324 2367 3397 gniﬁcent.

2166 3415 2441 3473 CLXXIV.
2458 3414 2561 3492 [1b.
2584 3433 2676 3485 ιι,
2703 3415 2815 3494 19.]
2838 3418 2971 3474 Cum
2991 3418 3269 3491 Scriptura
3292 3426 3520 3477 narraret
3536 3430 3647 3489 quo-

2097 3507 2255 3562 modo
2301 3508 2511 3581 Moyses
2551 3508 2890 3565 constituerit
2931 3509 3368 3578 tabernaculum,
3409 3506 3643 3573 Extendi},

2096 3602 2293 3673 inquit,
2329 3603 2496 3658 aulica
2528 3618 2683 3675 super
2709 3600 3087 3659 tabernaculum
3117 3618 3139 3659 :
3165 3619 3277 3660 non
3306 3604 3483 3674 utique
3506 3599 3645 3657 desu-

2095 3710 2191 3765 per
2219 3702 2436 3759 tcetum,
2466 3692 2562 3750 sed
2586 3693 2803 3766 cingens
2830 3694 3139 3763 columnas;
3166 3695 3296 3767 quia
3323 3694 3391 3752 de
3416 3688 3646 3750 columnis

2094 3784 2329 3852 dixerat,
2360 3787 2501 3857 quod
2530 3788 2773 3842 statuerit
2799 3786 3219 3844 tabernaculum.

2163 3876 2418 3933 CLXXV.
2451 3875 2550 3952 [1b.
2581 3894 2682 3943 xc,
2709 3877 2828 3953 29.]
2860 3878 2995 3936 Cum
3020 3880 3186 3948 dixit,
3218 3882 3283 3938 Et
3316 3897 3465 3953 super
3484 3876 3645 3934 αιγὶιιηι

2094 3970 2148 4024 in
2168 3969 2378 4024 circuitu
2405 3969 2715 4026 tabernaculi
2739 3982 2785 4026 et
2809 3973 2991 4029 altaris
3013 4016 3028 4039 ,
3055 3976 3361 4032 manifestat
3383 3974 3539 4031 altare
3559 3968 3643 4025 h0-

2096 4062 2537 4120 loeaustomatum
2597 4062 2665 4120 ad
2724 4064 2918 4121 ostium
2984 4065 3315 4124 tabernaculi
3379 4064 3643 4122 forinsecus

2096 4157 2295 4224 fuisse,
2342 4164 2401 4211 ut
2442 4156 2579 4211 atrio
2629 4165 2798 4211 totum
2846 4156 3177 4225 ambiretur,
3229 4168 3285 4214 et
3326 4157 3487 4213 altare
3521 4154 3643 4207 esset

2096 4246 2232 4303 infra
2279 4246 2472 4303 atrium
2526 4247 2664 4303 inter
2706 4255 2911 4318 portam
2961 4248 3080 4303 atrii
3114 4258 3185 4307 et
3241 4248 3432 4305 ostium
3485 4241 3644 4299 taber-

2095 4342 2291 4397 nacub.

2166 4431 2440 4489 CLXXVI.
2468 4431 2569 4506 [11).
2599 4448 2687 4499 xt,
2718 4431 2936 4505 34,35]
2961 4431 3199 4488 Notanda
3226 4441 3312 4488 est
3339 4446 3423 4487 res
3448 4426 3640 4484 multum

2095 4524 2350 4582 mirabilis
2368 4565 2384 4590 ,
2422 4523 2561 4594 quod
2591 4524 2730 4580 nube
2751 4523 3109 4581 descendente
3141 4534 3195 4580 et
3221 4523 3468 4597 implente
3491 4516 3644 4574 taber-

2097 4618 2365 4683 naculum,
2403 4631 2522 4687 qua:
2548 4623 2724 4671 tamen
2749 4615 2914 4687 gloria
2945 4615 3152 4670 Domini
3193 4614 3414 4680 dicitur,
3438 4624 3536 4667 IIOII
3560 4618 3642 4678 p0-

2097 4717 2233 4764 terat
2275 4707 2483 4780 Moyses
2528 4707 2732 4763 intrare
2773 4707 3197 4774 tabernaculum,
3249 4706 3340 4779 qui
3393 4704 3442 4760 in
3487 4702 3643 4756 monte

2096 4799 2241 4857 Sina.
2266 4798 2482 4871 quando
2515 4798 2709 4870 Legem
2741 4797 2984 4868 primitus
3006 4797 3232 4869 accepit,
3259 4793 3469 4853 intravit
3490 4791 3543 4847 in
3567 4799 3644 4841 ml-

2096 4890 2217 4946 bem
2257 4889 2347 4945 ubi
2372 4900 2489 4945 erat
2514 4889 2654 4945 Deus
2684 4888 2797 4962 (Id.
2827 4904 2948 4956 xix,
2979 4887 3094 4962 20).
3134 4888 3327 4947 Procul
3358 4884 3512 4944 dubio
3533 4890 3641 4948 ergo

2097 4982 2254 5037 aliam
2282 4996 2561 5052 persmant
2594 4990 2719 5036 tunc
2744 4980 3001 5050 ﬁgurabat
3020 5022 3037 5047 ,
3063 4975 3218 5038 aliam
3246 4994 3386 5037 nunc
3415 4996 3432 5035 :
3457 4983 3513 5033 et
3535 4979 3643 5027 ωηο

2099 5090 2282 5132 eorum
2306 5074 2391 5146 qui
2421 5074 2703 5146 participes
2732 5073 2863 5130 [lunt
2891 5073 3091 5130 intima:
3114 5074 3351 5132 veritatis
3375 5070 3497 5135 Dei;
3521 5072 3642 5121 nunc

2098 5177 2276 5223 autem
2300 5166 2628 5233 Iudaeorum,
2672 5167 2862 5238 quibus
2884 5167 3049 5239 gloria
3082 5167 3323 5234 Domini,
3363 5177 3476 5235 qum
3500 5158 3548 5214 in
3571 5164 3641 5210 ta-

2098 5258 2387 5315 bernaculo
2413 5266 2515 5322 est.
2546 5257 2687 5332 quod
2712 5267 2796 5316 est
2820 5259 2990 5331 gratia
3018 5258 3213 5315 Christi
3235 5301 3252 5328 ,
3291 5266 3526 5326 tanquam
3553 5259 3639 5302 nt!-

2099 5352 2195 5408 bcs
2220 5352 2522 5425 opponitur,
2556 5370 2660 5409 nou
2685 5368 2803 5409 eam
2829 5352 3246 5425 intelligentibus
3266 5393 3284 5421 ,
3312 5360 3367 5406 et
3398 5345 3511 5404 ideo
3545 5351 3641 5395 non

2165 5489 2181 5520 ¹
2222 5490 2306 5552 llic
2338 5488 2402 5538 ab
2426 5489 2622 5539 excusis
2642 5488 2690 5537 in
2714 5487 3036 5552 quaestionum
3072 5486 3377 5540 distinctione
3418 5475 3643 5542 incipi!!!“
3714 5460 3723 5473 ’

2098 5548 2353 5614 discedere
2376 5559 2429 5600 ut
2449 5563 2710 5614 sequamur
2731 5548 2835 5614 (vss.
2978 5613 2981 5614 ν
3090 5611 3118 5614 μ
3371 5606 3382 5614 _
3512 5611 3545 5614 7_
3583 5588 3643 5614 Μ,

2162 5613 2184 5645 ²
2205 5612 2281 5663 sic
2299 5619 2404 5662 uss.
2425 5605 2643 5682 et_eilitio
2660 5612 3030 5676 ttatisponensis.
3057 5611 3167 5664 Alite
3182 5623 3303 5663 vero
3322 5606 3563 5660 editiones.
3580 5605 3644 5646 να

2101 5688 2314 5733 tamenim
2336 5680 2506 5725 δαπια·
3616 5730 3625 5733 _
