3862 6328
287 351 401 409 σε·

287 462 532 522 intrant‘
563 462 617 518 in
669 461 1065 516 tabernaculum
1124 458 1434 514 testimonii.
1493 456 1562 511 Et
1607 456 1710 511 hoc
1759 471 1881 513 cre-

291 555 532 611 dendum
572 561 654 610 est
696 553 861 608 semel
896 552 1125 616 factum,
1167 566 1290 606 mox
1323 558 1380 603 ut
1419 548 1762 602 constitutum
1801 559 1884 604 est

289 645 716 707 tabernaculum,
742 642 1143 716 signiﬁcationis
1165 641 1320 710 bujus
1340 655 1522 707 causa,
1553 639 1634 694 vel
1661 640 1884 709 alicujus

289 739 530 794 alterius.
561 735 745 807 Neque
772 736 915 790 enim
945 749 1158 804 seraper
1182 734 1258 788 sic
1284 741 1399 789 erat
1423 731 1590 787 nubes
1614 746 1775 801 super
1801 742 1881 786 ta-

290 829 663 894 bernaculum,
691 837 747 882 ut
769 827 895 883 illuc
913 827 1122 900 Moyses
1146 827 1343 881 intrare
1368 841 1471 880 non
1503 835 1700 895 posset;
1724 840 1884 896 quan-

291 923 584 994 doquidem
617 938 722 976 non
753 921 1129 976 removebatur
1157 919 1355 983 nubes,
1387 918 1490 972 nisi
1525 932 1646 972 cum
1675 918 1755 971 eis
1781 917 1882 972 hoc

288 1017 502 1087 signum
530 1013 758 1069 dabatur
780 1012 1136 1084 disjungendi,
1164 1011 1266 1067 boc
1293 1021 1376 1067 est
1415 1020 1588 1066 castra
1631 1010 1880 1064 movendi

286 1123 357 1163 ett
380 1123 446 1163 eo
465 1107 586 1161 loco
612 1105 872 1159 abierant
897 1122 912 1165 :
940 1113 994 1158 et
1017 1101 1304 1159 accedendi
1327 1117 1434 1170 quo
1460 1101 1631 1156 nubes
1655 1101 1882 1156 ducebat

285 1213 388 1269 per
413 1196 554 1252 diem
575 1237 592 1263 ,
617 1195 826 1250 ﬂamma
851 1210 948 1267 per
991 1204 1199 1250 noctem
1235 1192 1426 1267 (Exod.
1465 1208 1556 1248 xm
1576 1235 1591 1257 ,
1612 1192 1727 1262 2|).
1752 1198 1880 1259 Qua:

285 1289 398 1344 duo
445 1288 676 1344 vicissim
714 1289 874 1343 etiam
912 1302 1076 1360 super
1115 1285 1511 1341 tabernaculum
1558 1285 1876 1350 manebant,

287 1383 378 1436 ubi
409 1391 581 1436 castra
618 1380 957 1452 posuissent,
999 1379 1168 1434 nubes
1215 1393 1308 1449 per
1334 1378 1476 1434 diem
1502 1419 1516 1443 ,
1545 1377 1756 1432 ﬂamma
1786 1392 1881 1447 per

287 1481 526 1530 noctem.

555 1567 770 1633 Qtuzsr.
798 1563 1102 1620 CLXXVII.
1135 1563 1215 1617 De
1245 1562 1608 1617 Tabernaculo.

365 1663 416 1716 1.
448 1659 706 1727 Quoniam
746 1658 880 1714 liber
916 1659 1005 1730 qui
1038 1657 1250 1713 Exodus
1275 1657 1502 1720 dicitur,
1534 1657 1584 1710 in
1616 1655 1876 1710 constitu-

287 1752 438 1807 tione
468 1750 793 1805 tabernaculi
834 1750 995 1804 sumit
1041 1749 1357 1818 terminum,
1389 1748 1457 1803 de
1497 1764 1602 1819 quo
1631 1747 1878 1802 taberna-

287 1843 413 1898 culo
443 1842 601 1898 etiam
637 1858 729 1910 per
753 1842 1024 1910 superiora
1065 1839 1303 1908 ejusdem
1335 1839 1452 1893 libri
1491 1839 1654 1894 multa
1694 1839 1877 1893 dicun-

288 1945 398 2002 tur,
422 1951 541 2005 qtuc
569 1933 761 1987 faciant
784 1931 1151 1987 difﬁcultatem
1184 1929 1542 2000 intelligendi,
1569 1930 1706 1984 sicut
1742 1930 1879 1984 solet

285 2025 468 2080 omnis
506 2030 827 2096 τοπογραφία,
868 2023 917 2077 id
964 2034 1045 2078 est
1090 2021 1191 2077 loci
1232 2023 1457 2091 alicujus
1494 2021 1781 2090 descriptio
1824 2020 1876 2075 in

284 2119 436 2174 omni
469 2118 684 2172 historia
717 2117 924 2182 facere;
959 2117 1127 2196 visum
1158 2126 1238 2172 est
1277 2113 1404 2168 mihi
1431 2114 1498 2168 de
1525 2121 1635 2167 toto
1661 2114 1776 2183 ipso
1800 2124 1879 2167 ta-

286 2210 579 2266 beruaculo
607 2210 887 2278 separatim
913 2207 1091 2263 dicere
1111 2249 1127 2274 ,
1168 2223 1273 2277 quo
1311 2207 1662 2277 intelligatur,
1689 2206 1733 2260 si
1764 2206 1876 2260 fieri

285 2311 486 2374 potest,
513 2302 668 2374 quale
695 2301 844 2368 illml,
876 2312 930 2356 ct
958 2302 1082 2372 quid
1113 2301 1287 2364 fuerit,
1317 2301 1526 2355 interim
1555 2301 1878 2370 pri-prictate

286 2393 610 2449 narrationis
637 2393 874 2462 inspecta
894 2394 915 2425 ’
936 2434 952 2458 ,
983 2401 1036 2446 et
1067 2392 1118 2445 in
1145 2391 1282 2445 aliud
1316 2399 1522 2460 tempus
1552 2390 1712 2442 dilata
1747 2393 1878 2459 ligu-

287 2495 404 2541 rata
433 2483 821 2556 signiﬁcatione
857 2503 871 2539 :
900 2499 1072 2554 neque
1099 2483 1238 2537 enim
1266 2483 1458 2552 aliquid
1488 2482 1556 2535 ibi
1593 2481 1753 2536 fuisse
1780 2497 1876 2550 pn-

288 2577 512 2633 tandum
558 2586 667 2640 est,
707 2573 849 2646 quod
900 2574 1121 2643 jubeutc
1165 2574 1274 2628 Deo
1312 2573 1727 2627 conditui-retur
1762 2573 1878 2626 sine

289 2671 517 2743 alicujus
548 2687 752 2743 magna:
779 2670 852 2724 rei
880 2679 1239 2734 sacramento,
1274 2668 1426 2738 cujus
1459 2667 1689 2738 cognitio
1719 2665 1876 2721 [idem

289 2763 625 2834 formamque
653 2763 865 2833 pietatis
889 2762 1132 2817 ardilicnt.

365 2855 418 2909 2.
452 2851 552 2928 [lb.
583 2869 730 2918 xxvi,
753 2853 805 2918 1,
825 2851 904 2926 6.]
929 2853 1083 2907 lubet
1105 2866 1231 2922 ergo
1257 2851 1396 2906 Deus
1415 2850 1578 2922 Moysi
1607 2849 1781 2905 facere
1808 2859 1880 2905 ta-

291 2943 640 2999 bernaculum
668 2943 852 2998 decem
881 2943 1169 2996 aularorum
1195 2943 1262 2996 de
1293 2942 1452 3014 bySso
1480 2951 1636 3007 torta,
1666 2950 1718 2996 et
1746 2941 1878 3012 bya-

290 3033 497 3098 cintbo,
545 3044 599 3088 et
641 3050 870 3104 purpura
897 3075 912 3099 ,
942 3048 993 3089 et
1021 3048 1184 3088 cocco
1209 3043 1368 3098 torto,
1398 3031 1683 3087 Cberubim
1717 3048 1879 3102 apere

291 3125 518 3180 textoris
572 3143 587 3177 :
641 3129 845 3188 αὖλαιας
893 3141 1025 3196 quas
1085 3124 1254 3180 Cra-ci
1320 3127 1640 3196 appellant,
1706 3123 1877 3178 Latini

290 3217 461 3272 aultra
505 3217 786 3284 perhibent
812 3259 828 3282 ,
867 3232 999 3287 quas
1039 3218 1271 3271 cortinas
1307 3217 1461 3288 vulgo
1509 3228 1720 3271 vocant.
1763 3216 1878 3271 Non

290 3322 424 3378 ergo
453 3309 637 3362 decem
667 3310 800 3362 atria
829 3307 938 3363 fieri
960 3309 1136 3378 jussit.
1162 3309 1297 3363 sicut
1317 3312 1528 3379 quidam
1555 3311 1880 3379 negligenter

288 3399 627 3468 interpretati
656 3408 780 3452 sunt
811 3416 826 3452 :
861 3416 964 3453 non
986 3401 1128 3452 enim
1155 3404 1302 3459 αὐλὰς
1325 3439 1340 3464 ,
1372 3399 1464 3452 sed
1495 3403 1694 3459 αὐλαίας
1726 3401 1878 3453 dixit.

291 3485 473 3558 Opere
511 3504 638 3558 ergo
678 3488 843 3542 textili
875 3488 1163 3543 Cberubim
1203 3488 1359 3558 jussit
1405 3490 1453 3543 in
1499 3491 1681 3544 aula-is
1728 3491 1837 3544 fieri
1864 3533 1879 3556 ,

293 3594 525 3650 quorum
554 3579 845 3634 aulicorum
875 3580 1252 3650 longitudinem
1290 3596 1411 3636 esse
1451 3583 1700 3652 pratccpil
1729 3583 1880 3638 cubi-

295 3681 477 3727 torum
501 3673 685 3743 viginti
712 3683 850 3738 octo,
883 3684 938 3729 et
965 3673 1295 3730 latitudinem
1315 3676 1612 3732 cubitorum
1635 3687 1877 3748 quatuor.

296 3763 585 3819 Cohaerere
608 3774 784 3818 autem
813 3765 1039 3820 invicem
1067 3766 1233 3822 aultea
1255 3806 1271 3833 ,
1302 3776 1354 3821 et
1383 3769 1632 3839 eonjungi
1661 3770 1798 3825 inter
1825 3789 1883 3826 se

297 3857 534 3926 quinque
565 3856 708 3921 ltinc,
740 3864 797 3912 et
826 3858 1061 3928 quinque
1103 3858 1245 3922 inde,
1290 3869 1345 3913 ut
1372 3861 1598 3930 spatium
1625 3863 1766 3932 quod
1804 3866 1883 3918 eis

297 3949 603 4019 cingeretur
622 3992 637 4016 ,
666 3949 768 4006 hoc
796 3959 940 4006 esset
970 3951 1293 4006 tabernaculi
1324 3953 1574 4022 spatium.
1605 3954 1882 4023 Quomodo

298 4051 476 4095 autem
510 4041 649 4095 inter
685 4056 746 4096 se
782 4051 1227 4097 connecterentur
1254 4042 1439 4097 eadem
1481 4044 1638 4114 quina
1669 4046 1834 4099 aulaea
1863 4088 1878 4112 ,

301 4132 373 4187 ita
415 4133 702 4203 praecepit,
736 4131 914 4188 Facies
955 4134 1058 4188 illis
1081 4175 1096 4201 ,
1130 4135 1327 4204 inquit,
1360 4151 1508 4188 ansas
1534 4136 1882 4205 hyacinthinus

300 4225 353 4278 in
385 4241 474 4278 ora
502 4241 701 4278 summa
725 4226 878 4279 αηιωί
914 4225 1064 4278 unius
1105 4241 1168 4279 ea:
1205 4242 1309 4278 una
1337 4235 1480 4297 parte
1511 4228 1562 4279 in
1591 4230 1885 4283 commissu-

302 4333 449 4383 ram;
477 4327 527 4372 et
551 4317 624 4371 sic
653 4317 810 4389 facies
834 4317 1092 4387 superiora
1127 4334 1325 4371 summa
1362 4317 1384 4349 ³
1411 4319 1480 4371 ad
1505 4320 1882 4375 commissuram

300 4408 573 4462 secundum
603 4425 624 4464 :
661 4407 716 4462 id
755 4417 837 4464 est
859 4451 875 4475 ,
916 4408 1001 4463 ubi
1029 4409 1378 4464 committitur
1410 4411 1636 4465 aulzeum
1680 4412 1880 4481 aula'o,

302 4503 518 4555 tertium
549 4501 754 4557 scilicet
792 4501 1059 4564 secundo,
1101 4501 1242 4570 quod
1284 4502 1575 4557 secundum
1612 4503 1722 4573 jam
1762 4522 1881 4560 cum

302 4592 477 4662 primo
495 4591 840 4646 commissum
879 4601 981 4651 est,
1015 4591 1168 4645 idest
1201 4593 1540 4663 conjunctum
1573 4605 1730 4666 atque
1763 4613 1885 4652 con-

302 4698 522 4748 nexum,
553 4681 739 4736 faciem
767 4690 950 4735 contra
978 4679 1162 4735 faciem
1193 4683 1534 4737 consistentia
1571 4701 1634 4739 ex
1660 4685 1885 4741 adverso

300 4773 545 4842 singula;
576 4772 823 4842 quoniam
851 4773 988 4825 inter
1012 4786 1070 4825 se
1099 4770 1256 4841 jussit
1284 4772 1442 4842 qttina
1471 4772 1492 4804 ’⁵
1518 4776 1764 4846 eonjungi
1785 4819 1798 4841 ,
1831 4788 1885 4830 ιιι

299 4877 370 4919 ex
411 4863 638 4918 adverso
672 4863 1142 4917 constituerentur.
1177 4861 1366 4917 Utrum
1409 4875 1587 4919 atttem
1628 4867 1886 4936 quadrum

299 4955 533 5025 Spatium
561 4953 644 5008 bis
699 4952 1114 5008 concluderetur
1136 4994 1150 5018 ,
1185 4969 1252 5008 an
1284 4955 1568 5010 rotundum
1593 4998 1609 5023 ,
1652 4958 1884 5013 noudmn

299 5053 562 5116 apparet;
591 5044 686 5099 sed
712 5044 987 5113 apparebit
1012 5059 1133 5099 cum
1173 5045 1240 5100 de
1268 5046 1529 5100 columnis
1557 5050 1780 5118 coeperit
1803 5050 1888 5105 di-

300 5151 451 5203 cere,
473 5135 666 5206 quibus
693 5136 1082 5206 protenduntur
1118 5136 1305 5190 aulata.
1352 5137 1466 5193 Non
1495 5156 1622 5211 ergo
1663 5143 1890 5214 amplius

301 5247 465 5303 quam
489 5230 557 5285 de
596 5231 753 5284 trium
783 5229 1116 5284 conuersione
1155 5230 1334 5287 dicere
1365 5234 1560 5300 voluit,
1593 5251 1712 5305 qua:
1748 5235 1804 5290 lit
1835 5237 1886 5292 in

370 5405 387 5438 ί
408 5410 458 5454 In
483 5403 644 5458 editis.
667 5401 886 5466 ittttjarit.
903 5408 953 5452 tn
974 5409 1104 5466 Mss,
1125 5403 1321 5466 intrant.

369 5468 391 5499 ¹
406 5466 577 5538 plures
599 5472 704 5538 atss.
720 5462 1356 5538 ἓξηιείὺζι(ιιιιζγὸμιὶινιιιιιεηι
1368 5469 1673 5538 narrationis,
1690 5479 1893 5538 excepta

302 5527 419 5592 (vel
438 5533 744 5596 cupecpta)
761 5563 776 5588 ,
803 5533 864 5596 _el
905 5527 956 5578 in
985 5527 1138 5590 aliud,
1166 5539 1272 5596 etc._
1299 5533 1501 5582 \aticaai
1540 5527 1669 5596 duoi
1699 5527 1892 5596 :utefmt

303 5587 539 5657 quantum
559 5591 623 5639 ad
647 5587 984 5658 proprietatem
1006 5587 1294 5642 mutationis
1323 5601 1522 5658 spectat.
1545 5602 1591 5645 ιι
1611 5594 1662 5644 in
1685 5594 1835 5646 aliud.

372 5653 480 5701 'sie
501 5654 548 5701 la
571 5660 672 5700 Mss.
699 5662 750 5704 et
772 5665 814 5705 a;
833 5651 895 5700 ud
919 5659 1042 5702 LXX.
1069 5661 1124 5704 At
1147 5655 1194 5703 in
1220 5655 1380 5705 editis.
1403 5655 1549 5705 facies
1570 5669 1835 5705 sutrinum“

372 5657 480 5701 Iste
501 5657 548 5701 LI
571 5660 672 5700 Mss.
699 5657 750 5704 et
772 5665 814 5714 ιι3
833 5657 895 5700 ud
919 5659 1042 5702 Lxx.
1069 5661 1124 5704 Λι
1147 5657 1194 5703 in
1220 5657 1380 5714 editis,
1401 5657 1549 5720 facies
1570 5669 1819 5708 suntcum.

298 5713 784 5790 ξηβρίςισίςξετέρεν
806 5726 898 5790 ora.
912 5727 1117 5766 ευηιηιαο
1143 5722 1199 5766 M-

367 5779 392 5813 δ
412 5778 548 5839 uti,
570 5787 647 5824 ea.
669 5778 975 5841 λιεςηφιὶιια.
1224 5792 1226 5794 τ

1603 343 1805 398 LIBER
1841 341 2217 400 SECUNDUS.

3425 424 3428 426 _
3471 360 3575 418 658

1986 458 2193 514 duabus
2221 463 2605 532 commissuris,
2627 465 2845 522 secundi
2873 467 2938 523 ad
2963 470 3216 539 primum.
3243 484 3291 528 et
3326 476 3468 531 tertii
3496 479 3564 533 ad

1989 551 2298 617 secundum,
2339 563 2396 609 ut
2424 571 2487 610 cx
2519 555 2618 611 hac
2645 558 2806 613 veluti
2834 562 3012 632 regula
3044 574 3236 620 caetera
3274 567 3568 638 jungerenc

1990 652 2093 696 tur.
2126 645 2296 698 Ansas
2324 661 2450 714 ergo
2477 649 2730 718 prmcepit
2759 649 2868 705 ﬁeri
2911 654 3082 722 primo
3107 656 3279 710 aulaeo
3306 660 3570 730 quinqua-

1986 733 2150 803 ginta,
2184 750 2247 788 ex
2278 752 2377 789 una
2412 748 2559 807 parte
2587 756 2687 809 qua
2719 741 2791 796 illi
2827 742 2996 798 fuerat
3019 747 3458 806 committendum
3486 768 3574 808 se-

1987 825 2252 890 cundum;
2295 837 2350 882 et
2388 844 2544 884 ansas
2573 832 2945 904 quinquaginta
2974 837 3132 891 tertio
3154 840 3358 903 aulaeo,
3403 858 3470 897 ex
3509 859 3572 900 ea

1988 925 2141 984 parte
2170 931 2272 986 qua
2309 919 2544 972 secundo
2585 923 3006 994 conjungebatur
3032 945 3045 979 :
3076 928 3246 998 ipsum
3280 942 3456 987 autem
3487 949 3571 989 se-

1985 1007 2216 1062 cundum
2243 1051 2257 1073 ,
2299 1009 2349 1064 id
2391 1021 2474 1066 est
2514 1012 2651 1066 inter
2689 1024 2940 1086 utrasque
2977 1033 3134 1073 ausas
3171 1023 3570 1094 quinquagenas

1985 1100 2241 1163 medium,
2274 1103 2503 1157 circulos
2528 1103 2722 1160 habere
2752 1107 2922 1164 voluit
2949 1111 3323 1182 quinquaginta
3354 1130 3568 1182 aureos,

1983 1192 2166 1262 utique
2188 1209 2250 1248 ex
2277 1210 2378 1249 una
2409 1207 2575 1264 parte,
2611 1213 2708 1266 per
2727 1214 2860 1268 qttos
2882 1202 3294 1273 conjungeretur
3316 1207 3570 1277 quinqua-

1985 1285 2128 1353 ginta
2166 1288 2309 1340 ausis
2335 1288 2487 1340 aulmi
2515 1289 2702 1360 primi;
2733 1306 2795 1345 ac
2823 1307 2920 1361 per
2950 1294 3053 1350 hoc
3096 1311 3427 1367 consequens
3454 1313 3571 1357 erat

1985 1386 2043 1430 ut
2067 1394 2128 1431 ex
2160 1378 2261 1432 alia
2284 1395 2494 1450 quoque
2525 1393 2673 1452 parte
2697 1383 2924 1440 circulos
2951 1387 3168 1442 totidem
3198 1389 3436 1458 haberet,
3473 1409 3572 1462 per

1983 1484 2116 1538 quos
2141 1473 2553 1541 conjungeretur
2580 1475 2725 1528 ansis
2752 1477 2904 1532 aulaei
2944 1479 3106 1534 tertii.
3149 1480 3299 1548 Quod
3335 1483 3569 1540 breviter

1983 1561 2253 1630 Scriptura
2304 1565 2371 1618 ita
2421 1565 2553 1619 dixit
2584 1584 2597 1619 :
2633 1566 2696 1620 Et
2743 1568 2898 1637 facies
2945 1573 3158 1627 circulos
3203 1576 3568 1648 quinquaginta

1983 1671 2183 1718 aureos,
2210 1665 2256 1708 ct
2282 1658 2554 1728 conjunges
2581 1659 2800 1712 animum
2827 1660 2896 1713 ad
2915 1662 3134 1716 aulicam
3161 1665 3383 1732 circulis,
3404 1677 3452 1721 et
3475 1670 3569 1722 erit

1983 1744 2358 1798 tabernaculum
2401 1764 2576 1800 unum.
2617 1746 2814 1804 Circuli
2853 1766 2981 1822 ergo
3008 1754 3384 1825 quinquaginta
3419 1761 3567 1814 aurei

1981 1837 2200 1892 secundi
2223 1838 2400 1901 aula-i,
2426 1839 2794 1895 inserebantur
2819 1844 3196 1916 quinquaginta
3224 1848 3367 1902 ansis
3395 1850 3411 1880 ί
3442 1849 3566 1922 hya-

1982 1927 2236 1983 cintbinis
2268 1930 2420 1999 primi
2441 1932 2592 1986 aulzei
2615 1949 2628 1996 ;
2655 1934 3030 2003 quinquaginta
3047 1939 3228 1993 circuli
3253 1939 3566 1995 insereban-

1982 2025 2069 2073 tur
2101 2027 2156 2072 et
2194 2020 2571 2092 quinquaginta
2617 2025 2761 2077 ansis
2807 2025 2946 2078 tertii
2995 2027 3183 2093 aulaei;
3217 2037 3270 2083 et
3312 2029 3564 2101 deinceps

1982 2110 2054 2163 ita
2116 2111 2292 2165 είιιιριί
2339 2115 2810 2181 conuectelntntur,
2849 2125 2905 2169 ut
2952 2117 3184 2187 quinque
3233 2121 3560 2189 complecte-

1982 2211 2184 2265 rentur,
2205 2213 2361 2273 atque
2387 2220 2450 2259 ex
2482 2205 2700 2259 adversa
2733 2214 2884 2276 parte
2908 2208 3009 2261 alia
3039 2209 3284 2264 similiter
3309 2213 3561 2283 quinqtte.

2053 2293 2104 2348 5.
2136 2291 2239 2365 [11).
2273 2295 2356 2348 7-1
2376 2293 2447 2368 1.]
2481 2295 2677 2350 Deinde
2707 2297 2851 2358 dicit,
2885 2296 2951 2350 Et
2980 2298 3132 2368 [acies
3165 2301 3273 2354 vela
3298 2303 3564 2372 capillacia

1981 2387 2177 2456 aperire
2199 2403 2349 2456 super
2372 2387 2745 2442 tabernaculum
2777 2405 2795 2443 :
2824 2390 2873 2444 id
2904 2400 3014 2455 est,
3046 2407 3164 2462 qum
3193 2393 3434 2449 venirent
3463 2411 3556 2449 su-

1980 2491 2104 2546 per,
2138 2493 2239 2529 non
2265 2492 2294 2530 a
2328 2487 2474 2545 parte
2498 2480 2656 2542 tecti,
2699 2478 2792 2532 sed
2837 2481 3280 2550 superciugendo.
3328 2483 3559 2538 Dicimus

1981 2568 2122 2621 enim
2155 2576 2207 2621 ct
2242 2567 2319 2621 sic
2360 2567 2556 2636 aliquid
2597 2570 2914 2638 superponi,
2963 2586 3067 2624 non
3111 2573 3561 2641 quemadmodum

1983 2664 2179 2711 tectum
2210 2656 2401 2712 domus
2421 2699 2435 2721 ,
2477 2658 2570 2712 sed
2612 2659 3053 2728 quemadmodum
3083 2663 3360 2717 tectorium
3389 2665 3564 2733 parie-

1981 2746 2069 2810 tis,
2102 2757 2348 2817 tanquam
2377 2765 2537 2818 super
2568 2749 2759 2804 lineam
2793 2749 3026 2806 fasciam.
3066 2750 3339 2820 Undecim,
3371 2755 3560 2824 inquit,

1981 2842 2089 2894 vela
2116 2841 2272 2909 facies
2304 2858 2379 2894 ea.
2410 2839 2693 2913 Longitudo
2723 2842 2819 2897 veli
2843 2844 2992 2898 unius
3020 2846 3112 2898 erit
3139 2846 3344 2916 triginta
3369 2848 3562 2902 cubito-

1980 2949 2116 2997 rum,
2142 2943 2188 2986 ct
2213 2943 2428 3002 quatuor
2459 2934 2733 2987 cubitorum
2761 2935 2974 2988 latitudo
2994 2935 3088 2988 veli
3107 2937 3255 2989 unius
3285 2952 3303 2991 :
3329 2954 3562 2992 mensura

1982 3024 2086 3077 carl.
2107 3041 2154 3076 m
2181 3025 2273 3078 erit
2301 3025 2528 3078 undecim
2555 3026 2795 3080 velorum.
2820 3025 2887 3080 Et
2920 3027 3196 3097 conjunges
3215 3027 3430 3098 quinque
3451 3032 3560 3084 vela

1981 3115 2033 3168 in
2064 3133 2153 3181 se,
2196 3126 2241 3170 et
2286 3133 2374 3170 sex
2412 3119 2518 3170 uela
2547 3118 2598 3171 in
2639 3134 2710 3172 se.
2743 3118 3021 3186 Quomodo
3056 3120 3144 3174 illa
3191 3122 3356 3176 aulaea
3397 3123 3562 3177 voluit

1982 3205 2140 3274 quina
2171 3205 2440 3276 conjungi,
2467 3207 2543 3261 sic
2571 3207 2667 3261 ista
2696 3208 2810 3262 vela
2841 3209 3071 3280 quinque
3099 3220 3154 3265 et
3176 3225 3292 3276 sex,
3319 3227 3439 3282 qum
3466 3228 3562 3267 un-

1984 3299 2153 3353 decim
2182 3308 2351 3362 craut,
2382 3316 2484 3354 non
2512 3300 2716 3354 decem.
2754 3300 2816 3353 Et
2835 3301 3136 3373 duplicabis,
3167 3304 3368 3375 inquit,
3396 3306 3559 3360 velum

1984 3400 2176 3444 sextum
2218 3392 2487 3446 secundum
2535 3393 2712 3462 facient
2758 3395 3068 3449 tabernaculi
3112 3412 3130 3449 :
3174 3412 3239 3452 ne
3279 3401 3560 3455 moveret‘

1985 3483 2102 3553 quia
2135 3483 2445 3554 impariliter
2474 3486 2783 3540 alterutrum
2826 3486 3162 3542 incurrebant
3200 3503 3294 3544 sex
3330 3502 3383 3545 et
3409 3491 3564 3560 quin-

1984 3591 2106 3645 que.
2145 3575 2339 3630 Deinde
2366 3577 2494 3631 dicit
2521 3578 2678 3631 etiam
2710 3577 2806 3631 ista
2834 3578 2946 3632 vela
2977 3578 3272 3649 capillacia,
3303 3584 3558 3651 quemad-

1985 3665 2202 3718 modum
2229 3665 2439 3718 sibimet
2460 3665 2824 3735 jungerentur.
2866 3667 2934 3722 Et
2963 3668 3100 3721 idem
3128 3669 3289 3735 dicit,
3321 3669 3415 3724 sed
3447 3670 3559 3725 for-

1988 3764 2130 3808 tasse
2156 3755 2380 3824 planius,
2417 3757 2478 3810 Et
2499 3758 2652 3828 facies
2674 3801 2687 3821 ,
2721 3747 2888 3828 inquit
2907 3801 2920 3822 ,
2953 3777 3104 3814 ansas
3130 3762 3488 3834 quinquaginta
3511 3765 3561 3817 in

1987 3862 2077 3899 ora
2101 3847 2198 3899 veli
2222 3847 2391 3911 unius,
2419 3849 2552 3917 quod
2576 3859 2749 3902 contra
2770 3850 2986 3904 medium
3012 3862 3085 3905 est
3105 3893 3118 3917 ,
3157 3853 3206 3906 id
3234 3863 3310 3908 est
3333 3896 3347 3920 ,
3375 3864 3561 3908 contra

1987 3937 2275 3992 secundum
2296 3980 2308 4000 ,
2338 3939 2456 4008 quia
2486 3940 2655 4008 ipsum
2693 3941 2793 3995 erit
2819 3942 3051 3997 medium
3092 3943 3230 3998 inter
3253 3945 3481 4015 primum
3509 3956 3564 4002 et

1988 4031 2200 4086 tertium
2231 4049 2244 4086 :
2274 4033 2546 4085 secundum
2571 4034 2978 4100 commissuram,
3013 4035 3063 4088 id
3094 4045 3176 4090 est
3195 4078 3209 4102 ,
3234 4037 3556 4108 juncturam.

1989 4120 2054 4175 Et
2078 4123 2437 4194 quinquaginta
2465 4140 2613 4177 ansas
2631 4125 2783 4193 facies
2803 4143 2953 4196 super
2981 4143 3122 4180 orant
3145 4129 3260 4194 veli,
3283 4131 3420 4199 quod
3442 4147 3559 4184 con-

1978 4213 2216 4283 junctum
2247 4223 2317 4267 est
2352 4213 2419 4266 ad
2456 4213 2728 4267 secundum
2754 4215 2951 4277 velunt,
2997 4215 3048 4268 id
3088 4225 3170 4271 est
3207 4233 3366 4287 super
3411 4235 3561 4275 oram

1989 4306 2126 4359 tertii
2157 4307 2278 4367 veli,
2307 4321 2407 4375 qua
2438 4307 2774 4375 conjungitur
2799 4306 3051 4360 secundo.
3085 4307 3149 4360 Et
3171 4311 3323 4379 facies
3345 4316 3560 4367 circulos

1986 4411 2142 4449 (arcos
2170 4397 2530 4466 quinquaginta
2553 4436 2568 4460 ,
2608 4407 2650 4450 et
2676 4399 2947 4468 conjunges
2973 4397 3188 4453 circulos
3214 4401 3276 4455 de
3308 4403 3481 4467 ansis;
3519 4415 3564 4458 et

1986 4488 2257 4559 conjtmges
2283 4487 2409 4551 vela,
2439 4496 2482 4540 et
2512 4489 2602 4540 erit
2632 4504 2804 4540 unum.
2830 4489 3067 4543 Circulos
3093 4506 3221 4559 ergo
3247 4493 3422 4546 medio
3449 4495 3565 4549 velo

1989 4578 2150 4630 voluit
2179 4579 2410 4648 apponi,
2454 4577 2504 4632 id
2550 4589 2632 4633 est
2669 4579 2940 4646 secundo,
2986 4582 3176 4651 quibus
3218 4585 3564 4656 quiquagenis

1988 4670 2130 4722 ansis
2150 4669 2460 4738 jungeretur
2487 4671 2655 4739 primo
2698 4681 2748 4725 et
2786 4674 2961 4726 tertio.
2995 4672 3129 4726 Ntbil
3163 4673 3249 4730 bic
3277 4677 3415 4731 aliud
3445 4688 3522 4731 est
3545 4720 3560 4744 ,

1989 4760 2087 4814 nisi
2130 4760 2269 4830 quod
2297 4762 2524 4815 circulos
2549 4778 2652 4815 non
2680 4778 2870 4818 aureos
2894 4806 2907 4824 ,
2945 4763 3038 4819 Sed
3071 4781 3239 4820 atreus
3271 4768 3384 4822 lieri
3422 4785 3564 4825 nunc

1989 4855 2258 4923 praecepit.
2302 4859 2471 4909 Ansas
2501 4865 2673 4909 autem
2719 4856 2768 4908 in
2807 4857 2988 4910 aula-is
3029 4857 3395 4928 byacintbinas
3421 4862 3566 4915 dixe-

1989 4955 2070 4999 rat
2109 4963 2121 4998 :
2155 4945 2203 4998 in
2235 4945 2367 4999 velis
2395 4956 2569 4999 autem
2602 4946 2887 5014 capillaciis
2916 4950 3162 5016 quoniam
3196 4951 3358 5004 tacuit
3383 4952 3566 5020 cujus-

1991 5036 2130 5090 modi
2161 5046 2340 5090 essent
2363 5051 2528 5102 ans;e,
2555 5037 2682 5107 quid
2703 5037 2803 5092 nisi
2823 5039 3122 5108 Capillacias
3146 5055 3238 5094 eas
3261 5041 3568 5099 credibilius

1991 5129 2278 5197 accipimus
2296 5126 2320 5180 ἶ)

2060 5218 2114 5273 4.
2147 5217 2245 5292 [11).
2270 5219 2478 5292 1244]
2505 5220 2656 5287 Quod
2685 5219 2876 5274 deinde
2901 5221 3140 5289 sequitur
3166 5221 3232 5274 ita
3261 5231 3344 5276 est
3385 5225 3450 5278 ad
3482 5226 3566 5281 in-

1992 5311 2334 5381 telligendum
2362 5314 2597 5376 diflicile,
2627 5325 2682 5368 ut
2709 5331 2894 5370 verear
2921 5331 2988 5371 ne
3015 5319 3328 5386 exponendo
3359 5321 3448 5375 liat
3476 5324 3573 5376 ob-

1992 5406 2213 5460 scurius.
2247 5404 2380 5458 Dicit
2415 5406 2554 5459 enim
2578 5446 2592 5471 ,
2633 5405 2702 5459 Et
2727 5423 2979 5476 suppones
3017 5409 3068 5460 in
3110 5410 3228 5463 velis
3257 5411 3569 5469 tabernaculi

2057 5540 2072 5570 ²
2100 5543 2148 5586 tu
2174 5539 2367 5600 excusis
2387 5537 2591 5588 deerant
2607 5539 2686 5587 bic
2705 5539 2878 5588 decem
2904 5542 3078 5600 verba,
3111 5557 3236 5594 nunc
3257 5548 3482 5597 restituta
3510 5564 3570 5600 ex

2134 5602 2216 5662 qui
2242 5599 2382 5662 paulo
2406 5608 2510 5660 post
2533 5601 2732 5661 habent,
2750 5599 3129 5667 complerentur;
3165 5621 3267 5669 pro,
3292 5609 3574 5674 complecte-

1996 5673 2177 5710 retur.

2059 5725 2076 5752 ³
2102 5723 2289 5794 exousi,
2305 5734 2364 5794 ne
2381 5729 2661 5794 moreretur.
2686 5732 2813 5787 Mss,
2833 5739 2893 5778 ne
2909 5737 3130 5790 moveret,
3149 5730 3199 5780 id
3217 5739 3312 5794 est,
3335 5745 3400 5783 ne
3424 5732 3576 5784 faces-

1998 5791 2132 5841 seret
2153 5783 2498 5834 didicultatcm.
