3862 6298
397 405 666 462 dimidium
688 405 785 460 veli
802 401 944 475 aliud
970 402 1312 474 superauerit,
1341 400 1567 471 subteges
1589 399 1725 472 quod
1751 399 1974 453 abundas

396 499 459 553 de
476 498 596 552 uelis
610 495 920 551 tabernaculi
924 495 1184 565 ,subteges
1195 502 1309 563 post.
1323 491 1720 546 tabernaculum.
1743 487 1812 544 Cu
1822 489 1977 542 bituut

395 605 459 646 ea:
475 589 593 654 bac,
603 596 652 643 et
675 585 895 642 cubitum
909 601 972 642 es
981 585 1094 647 hac,
1107 600 1176 640 ea:
1191 600 1252 638 ea
1275 585 1408 654 quod
1431 592 1632 650 superat
1657 579 1775 635 velis
1786 580 1848 634 de
1859 580 1974 634 lonv

397 679 623 751 gitudt'ne
646 677 867 734 velarunt
892 678 1220 741 tabernaculi,
1246 679 1337 731 erit
1357 685 1618 746 contegens
1637 690 1788 741 super
1816 674 1975 727 latera

395 769 728 837 tabernaculi,
749 769 868 825 hinc
889 778 1038 842 atque
1061 770 1178 824 hinc
1197 779 1248 823 ut
1272 768 1483 839 aperiat.
1505 767 1639 822 tium
1659 775 1865 820 sextum
1886 779 1976 818 ve-

395 863 508 920 lum
532 863 751 934 iusserit
772 862 1026 932 duplicari
1061 861 1352 918 secundum
1391 861 1580 918 faciem
1613 857 1971 924 uilieruaculi,

395 955 522 1027 quid
533 954 939 1025 dicatsupcrare
956 954 1007 1008 in
1021 953 1152 1008 velis
1168 953 1442 1007 dimidium
1461 952 1583 1012 Veli;
1603 961 1656 1005 ct
1675 950 1800 1020 quid
1813 949 1972 1012 dicat,

394 1044 629 1104 Cubitum
649 1061 712 1099 ea:
730 1045 846 1110 hac,
873 1053 918 1098 et
944 1043 1166 1100 cubitum
1187 1060 1254 1098 ex
1277 1045 1392 1111 hac,
1417 1059 1542 1100 cum
1566 1042 1839 1097 dimidium
1870 1039 1974 1094 veli

396 1136 696 1208 quindecim
731 1135 908 1191 cubita
942 1135 1090 1202 sint,
1134 1135 1381 1206 quoniam
1422 1135 1634 1204 triginta
1672 1132 1972 1186 cubitorum

389 1231 549 1300 jussit
576 1244 694 1285 esse
721 1244 884 1286 unum
910 1228 1083 1285 velum
1108 1269 1125 1293 ,
1153 1228 1270 1298 quis
1295 1227 1445 1284 facile
1473 1225 1769 1296 intelligat?
1800 1226 1905 1280 Aut
1927 1223 1974 1280 si

393 1329 670 1392 propterea
691 1329 906 1390 superat
929 1319 997 1377 de
1021 1318 1348 1390 longitudine
1370 1319 1628 1379 velorum,
1653 1317 1776 1387 quia
1803 1315 1973 1384 prima

391 1413 557 1469 aulaea
586 1412 655 1468 de
679 1412 838 1483 bysso
866 1420 922 1467 et
946 1425 1111 1469 cocco
1144 1419 1199 1470 et
1230 1424 1464 1483 purpura
1490 1419 1542 1464 et
1569 1408 1858 1481 hyacintho
1889 1407 1969 1461 vi-

388 1504 520 1576 ginti
562 1513 686 1559 octo
721 1503 914 1560 cubitis
937 1502 1091 1573 longa
1120 1517 1239 1557 esse
1266 1501 1512 1572 prtecepit
1539 1542 1555 1567 ,
1601 1501 1699 1554 ista
1728 1514 1856 1554 vero
1876 1514 1972 1554 ca~

311 1630 322 1650 ι
387 1596 601 1667 pittacia
627 1595 836 1666 triginta
861 1594 1159 1650 cubitorum
1182 1607 1301 1648 esse
1329 1593 1523 1657 voluit,
1550 1591 1755 1648 duobus
1779 1591 1973 1647 cubitis

389 1697 706 1758 superantur
743 1687 944 1757 singula
977 1687 1144 1742 antra
1171 1701 1203 1742 a
1230 1686 1452 1755 singulis
1477 1685 1609 1739 velis
1632 1682 1921 1754 eapillaciis
1951 1698 1970 1739 :

389 1793 509 1848 quae
539 1778 591 1832 in
629 1791 891 1833 suamnam
928 1778 1110 1844 ducta,
1135 1787 1361 1848 excepto
1386 1776 1666 1833 undecimo
1695 1775 1836 1846 quod
1868 1778 1968 1828 du.

388 1869 575 1940 plicari
588 1869 770 1940 jussit,
799 1868 982 1939 viginti
1003 1869 1176 1924 cubita
1209 1877 1556 1934 excrescunt,
1582 1867 1773 1935 quibus
1807 1881 1968 1936 super

386 1971 535 2017 ratur
556 1961 792 2017 antbitus
827 1961 1119 2018 animorum
1159 1959 1359 2015 ambitu
1399 1958 1821 2029 capillaeiorum.
1859 1957 1966 2014 Deo

387 2066 505 2108 ccm
547 2053 754 2125 quippe,
786 2051 1023 2108 velorum
1070 2051 1250 2107 cubita
1292 2050 1415 2106 bina
1437 2089 1457 2117 ,
1497 2049 1688 2120 quibus
1729 2048 1967 2119 longiora

386 2152 560 2208 erant,
589 2144 772 2214 viginti
797 2143 999 2199 faciunt
1024 2159 1038 2196 :
1069 2157 1294 2214 quorum
1323 2156 1389 2197 ex
1417 2151 1642 2210 utroque
1669 2141 1834 2196 latere
1872 2139 1969 2196 dc-

385 2250 504 2290 cem
530 2235 652 2290 hinc
679 2245 734 2290 et
767 2233 956 2290 decem
999 2233 1122 2289 inde
1156 2241 1401 2304 poterant
1426 2247 1678 2302 superare
1697 2271 1711 2294 ,
1743 2246 1848 2286 non
1871 2246 1966 2285 cu-

389 2325 559 2384 bitum
588 2340 656 2380 ex
684 2325 784 2380 boc
813 2333 872 2380 et
895 2323 1131 2384 cubitum
1153 2341 1223 2379 ex
1253 2323 1356 2380 hoc
1374 2364 1391 2388 ,
1418 2324 1556 2384 sicut
1584 2324 1856 2392 Scriptura
1882 2323 1965 2378 lo-

385 2417 582 2486 quitur.
611 2414 945 2488 Quapropter
969 2413 1259 2472 dill‘ercuda
1293 2414 1418 2470 mihi
1448 2412 1656 2470 videtur
1686 2414 1839 2479 hujus
1861 2411 1962 2470 loci

386 2505 684 2575 expositio,
725 2506 896 2564 donec
940 2505 1335 2562 tabernaculum
1376 2504 1636 2561 columnis
1681 2505 1960 2571 omnibus,

384 2611 508 2655 eum
534 2599 702 2664 atrio,
733 2597 874 2668 quod
897 2597 1314 2667 circnmponitur
1331 2639 1349 2660 .
1377 2598 1524 2652 etum
1555 2612 1621 2653 ex
1652 2605 1802 2667 parte
1829 2611 1962 2652 conv

384 2687 554 2743 sistat.
589 2685 853 2742 Fortassis
876 2689 1020 2746 enim
1045 2703 1140 2757 per
1159 2687 1588 2755 anticipationem
1615 2687 1813 2755 alitptid
1833 2687 1964 2744 dicit

380 2779 450 2838 de
469 2778 556 2836 bis
581 2779 716 2836 velis
736 2781 1046 2850 capillaciis,
1069 2779 1214 2851 quid
1241 2781 1305 2838 ad
1333 2781 1424 2836 illa
1461 2783 1720 2852 proliciat,
1751 2783 1820 2838 de
1846 2783 1962 2854 qui-

379 2871 735 2928 bus-nondum
766 2873 974 2928 locutus
998 2882 1102 2930 est.
1132 2873 1286 2941 Quod
1323 2873 1466 2928 enim
1513 2873 1676 2940 dicit,
1715 2874 1782 2934 Et
1805 2875 1963 2945 {acies

378 2963 487 3018 vela
511 2963 782 3034 capillocia
801 2963 1001 3034 operire
1025 2980 1180 3034 super
1207 2963 1608 3031 tabernaculum,
1633 2975 1814 3022 utrum
1846 2969 1963 3022 uni,

377 3069 594 3116 versum
635 3055 1035 3114 tabernaculum
1075 3054 1160 3111 bis
1199 3056 1329 3110 velis
1367 3056 1633 3126 cooperiri
1674 3057 1797 3112 \‘ttlit
1837 3073 1959 3116 cum

377 3147 515 3206 atrio
536 3147 762 3215 sciliwt,
785 3147 851 3204 dc
875 3161 983 3218 quo
1004 3146 1457 3216 circumiretiendo
1486 3158 1665 3217 postea
1691 3147 1956 3219 loquitur;

378 3256 446 3300 an
477 3241 580 3298 hoc
623 3220 843 3297 iuteribs
884 3238 1314 3306 tabernaculum,
1359 3239 1500 3310 quod
1545 3239 1729 3296 decem

377 3330 494 3399 lteri
517 3332 708 3403 jussit,
748 3331 1008 3387 incertum
1037 3339 1139 3388 est.
1167 3328 1420 3403 Sequitur
1453 3346 1582 3402 ergo
1619 3341 1674 3387 et
1699 3331 1861 3396 dicit.
1893 3332 1959 3390 Et

379 3423 537 3494 {acies
562 3423 928 3493 operimentum
949 3421 1279 3481 tabernaculo
1296 3462 1315 3490 ,
1341 3422 1498 3494 pelles
1540 3422 1755 3480 arietum
1786 3425 1955 3480 rubri-

376 3526 534 3571 catas.
558 3514 730 3572 Etiam
762 3515 862 3570 hoc
888 3515 1282 3586 aperinteutum
1313 3523 1488 3570 utrum
1518 3514 1764 3571 universo
1789 3516 1959 3574 taber-

377 3605 570 3664 naculo
597 3605 712 3660 ﬁeri
735 3605 955 3677 jusserit
979 3605 1030 3660 in
1055 3603 1280 3660 circuitu
1298 3643 1317 3671 ,
1345 3618 1413 3660 au
1439 3603 1676 3661 interiori
1713 3615 1914 3662 tantum
1936 3647 1955 3677 ,

371 3697 617 3756 similiter
654 3697 883 3754 habetur
921 3696 1204 3754 incertum.
1245 3697 1395 3766 Quod
1426 3712 1552 3752 vero
1576 3697 1844 3770 adjnngit,
1895 3699 1959 3756 Et

373 3791 685 3861 operimento
711 3789 866 3859 pelles
880 3788 1236 3859 hyacinthinus
1250 3789 1486 3856 desuper,
1505 3788 1604 3844 hoc
1631 3805 1738 3846 non
1769 3792 1823 3848 iu
1849 3792 1957 3848 cir-

371 3885 539 3949 cuitu,
567 3881 664 3939 sed
693 3899 722 3934 a
752 3891 892 3935 lecto
918 3881 1063 3936 velut
1084 3896 1293 3936 camera
1319 3883 1686 3952 accipiendum
1712 3893 1813 3942 est.

443 3977 498 4031 5.
527 3973 628 4047 [ιιι.
663 3973 865 4046 l5-2I.|
912 3973 979 4028 Et
1007 3974 1184 4044 facies,
1219 3974 1410 4043 inquit,
1436 3976 1698 4030 columnas
1721 3977 1956 4039 taberna-

372 4066 486 4122 culo
506 4067 570 4120 de
599 4067 751 4138 lignis
773 4065 1167 4136 imputribilibus
1194 4081 1214 4119 :
1241 4065 1410 4120 decem
1445 4067 1726 4122 cubitorum
1765 4071 1958 4126 colum-

372 4176 493 4214 nam
520 4175 692 4218 uetant.
723 4167 770 4213 et
796 4158 953 4212 cubiti
985 4157 1136 4214 unius
1161 4167 1210 4213 et
1259 4158 1459 4212 dimidii
1509 4161 1822 4218 latitudinem
1866 4180 1956 4220 eoo

371 4245 560 4300 lumine
579 4245 758 4308 unius;
779 4244 906 4297 duas
929 4243 1223 4300 anconiscos
1247 4244 1497 4299 columine
1524 4246 1612 4298 uni
1636 4248 1958 4305 consistentes

369 4354 434 4394 ea:
471 4338 681 4394 adverso
703 4354 721 4394 :
745 4339 818 4393 sic
843 4338 999 4408 [acies
1035 4338 1270 4394 anmibus
1305 4339 1552 4394 columnis
1581 4340 1596 4371 ¹
1625 4339 1952 4400 tabernaculi.

368 4428 548 4498 Quare
569 4429 785 4500 jusserit
820 4428 934 4485 ﬁeri
974 4429 1071 4486 bos
1113 4430 1448 4494 aueoniscos,
1485 4429 1764 4501 dcquibus
1800 4442 1954 4494 antea

369 4519 476 4576 disi
505 4520 632 4591 quid
660 4530 841 4574 essent
862 4520 1084 4591 (Supra,
1124 4531 1301 4592 quast.
1336 4521 1481 4592 109),
1531 4539 1636 4577 non
1665 4525 1797 4580 satis
1822 4527 1956 4584 inibi

323 4669 327 4672 Α
369 4621 608 4681 apparet.
633 4611 690 4665 Si
710 4610 851 4667 enim
880 4611 946 4666 ad
967 4613 1244 4670 columnas
1273 4615 1558 4683 portandas
1581 4615 1789 4683 tierent,
1819 4635 1952 4690 qua-

369 4711 492 4761 tuor
522 4711 577 4756 ut
603 4701 879 4758 minimum
911 4703 1131 4760 lierent'
1161 4706 1243 4759 :si
1271 4714 1448 4760 autem
1471 4705 1557 4759 ubi
1588 4721 1721 4761 sera:
1751 4709 1954 4766 incum-

373 4795 584 4861 herent,
605 4794 770 4850 etiam
799 4795 977 4864 plures
996 4793 1215 4862 flerent;
1248 4813 1369 4852 nam
1395 4798 1744 4868 quinasseras
1769 4804 1950 4874 singu-

365 4885 430 4942 lis
454 4886 720 4946 columnis
737 4886 1022 4942 distribuit.
1048 4885 1158 4942 Nisi
1187 4886 1323 4944 forte
1343 4889 1394 4943 in
1415 4890 1498 4947 bis
1519 4895 1819 4954 anconiscis
1847 4915 1950 4956 non

361 4977 557 5048 aliquis
583 4993 736 5044 Italis,
761 4976 854 5034 sed
876 4978 990 5032 so'a
1015 4976 1328 5049 signiﬁcatio
1348 4980 1438 5048 sit,
1465 4982 1600 5038 sicut
1625 4984 1677 5041 in
1710 4989 1829 5044 velo
1853 5005 1951 5046 un-

362 5071 572 5126 decimo
599 5069 898 5139 capillacio.
926 5069 1056 5125 Nam
1082 5070 1324 5127 columna
1354 5073 1489 5130 duos
1513 5079 1828 5136 ancouiscos
1859 5098 1950 5139 ve-

362 5162 440 5218 lut
470 5162 685 5218 brachia
709 5163 832 5220 hinc
854 5172 1012 5235 atque
1041 5163 1165 5220 hinc
1182 5166 1498 5234 extendens,
1528 5168 1748 5240 ligurum
1771 5175 1949 5231 crucis

361 5255 556 5311 reddit.
595 5254 750 5319 Nunc
781 5255 891 5326 jam
931 5256 1202 5314 videamus
1241 5274 1519 5320 nntiuerum
1555 5263 1943 5335 eolunmarum,

362 5347 416 5401 in
457 5348 648 5417 quibus
683 5355 739 5402 et
763 5345 932 5404 forma
963 5348 1282 5406 tabernaculi
1323 5352 1488 5422 possit
1515 5354 1740 5422 adverti,
1769 5368 1942 5415 utrum

359 5441 581 5512 quadra,
601 5457 667 5495 an
686 5441 909 5497 rotunda
935 5442 1025 5508 sit,
1057 5457 1124 5498 an
1147 5443 1427 5515 oblongum
1447 5445 1637 5503 habeat
1661 5450 1943 5523 quadratu-

398 5584 442 5656 ,ι
468 5583 618 5644 aditi,
656 5595 817 5635 anates
850 5583 1242 5638 calumniosum.
1278 5593 1329 5638 et
1351 5592 1479 5653 Lxx,
1518 5590 1736 5644 omnibus
1767 5592 1944 5650 colum-

357 5657 450 5776 “?
467 5707 540 5755 sic
571 5711 679 5756 uss.
707 5714 760 5757 At
783 5706 898 5776 editi
940 5719 1151 5776 excepto
1186 5718 1285 5761 nat.
1317 5711 1388 5761 sic
1421 5709 1634 5776 habent:
1657 5715 1706 5768 Si
1727 5717 1853 5770 enim
1873 5721 1940 5776 ad

360 5765 606 5822 “amotas
629 5773 906 5826 aortmdas.
922 5765 1096 5827 ﬁerent
1127 5779 1347 5833 quatuor,
1373 5778 1424 5826 ut
1446 5772 1497 5828 in
1519 5765 1668 5831 tantm

1227 283 1688 354 ρυΑεετιοΝωι
1724 283 1786 341 S.
1823 277 2189 340 AUGUSTINI
2228 276 2296 334 IN
2333 276 2891 341 HEPTATEUCHUM

2084 409 2218 458 ram.
2243 393 2494 449 lateribus
2520 394 2844 466 longioribus
2881 398 3211 462 brevioribus
3247 404 3510 464 frontibus
3531 411 3668 472 sicut

2083 488 2351 558 μιυι-τεφιθ
2383 487 2611 541 basilice
2637 499 3019 547 construuntur
3047 511 3062 548 :
3093 494 3356 554 boccnitn
3385 505 3556 565 potius
3584 505 3669 560 hic

2084 577 2358 634 evidenter
2386 579 2718 648 exprimitur.
2745 580 2873 635 Nam
2903 583 2972 637 ita
3022 584 3151 640 dicit
3181 605 3192 638 :
3227 586 3290 641 Et
3333 593 3488 657 {acies
3530 599 3666 646 rotu-

2083 685 2228 726 muus
2269 669 2610 732 tabernaculo.
2648 671 2822 741 viginti
2849 674 3110 730 columnas
3133 679 3193 732 ub
3217 679 3372 733 latere
3393 683 3508 746 ista,
3537 689 3670 753 quod

2083 761 2285 828 respicit
2320 760 2386 813 ad
2419 762 2723 829 aquilonem.
2764 763 2827 816 Et
2864 767 3198 836 qumlraginta
3235 770 3377 826 bases
3411 787 3668 842 argenteus

2077 851 2240 924 [acies
2269 854 2440 925 viginti
2462 855 2728 919 columnis,
2765 855 2893 912 duas
2917 858 3061 916 bases
3088 863 3339 918 columna:
3367 869 3454 919 uni
3481 868 3534 920 in
3562 887 3668 921 am-

2079 942 2171 998 bus
2199 957 2368 1013 partes
2407 946 2536 1015 ejus.
2569 943 2636 1000 Et
2662 946 2795 1002 latus
2829 952 3101 1004 secttndmu
3132 963 3309 1007 contra
3337 969 3564 1012 austrum
3601 962 3670 1014 ai-

2081 1035 2210 1106 ginti
2231 1033 2510 1098 columnas,
2541 1046 2590 1090 et
2617 1037 2953 1108 quadraginta
2991 1058 3163 1098 earum
3195 1046 3334 1103 bases
3363 1061 3669 1121 argenteas;

2083 1125 2211 1180 duas
2234 1127 2375 1180 bases
2413 1125 2663 1182 columna:
2703 1130 2793 1183 uni
2823 1131 2875 1185 in
2902 1130 3076 1185 ambas
3103 1146 3270 1202 partes
3302 1138 3433 1202 eius,
3471 1151 3518 1195 et
3543 1146 3669 1198 duas

2082 1213 2224 1272 bases
2254 1217 2500 1270 colunth
2526 1218 2612 1271 uni
2637 1218 2688 1272 in
2721 1219 2894 1276 aatbas
2917 1234 3085 1293 partes
3104 1225 3236 1296 ejus.
3261 1227 3528 1298 Repetitio
3561 1250 3668 1288 non

2082 1317 2318 1370 moveat;
2343 1307 2463 1379 quia
2488 1309 2769 1366 locutionis
2789 1320 2892 1376 est.
2917 1321 2974 1367 ut
2992 1329 3181 1374 attines
3207 1319 3275 1372 ita
3305 1321 3670 1391 intelligantur

2081 1397 2149 1454 de
2169 1399 2360 1470 quibus
2381 1415 2484 1453 non
2510 1400 2656 1456 dicit.
2683 1401 2758 1457 De
2787 1403 3001 1460 basibus
3024 1417 3200 1462 autem
3219 1409 3328 1477 jam
3356 1425 3509 1468 antea
3532 1417 3670 1470 dixi-

2081 1503 2221 1554 mus,
2261 1504 2359 1544 cur
2385 1505 2488 1546 una
2525 1491 2770 1546 columna
2813 1489 2944 1550 duas
2985 1496 3197 1562 habeat,
3233 1500 3359 1570 quia
3403 1512 3456 1558 et
3495 1508 3669 1576 capita

2081 1579 2183 1636 hoc
2213 1581 2328 1637 loco
2352 1582 2508 1639 bases
2538 1594 2688 1639 vocat
2719 1584 2918 1657 (supra,
2942 1600 3116 1658 quast.
3145 1590 3292 1662 110).

2151 1672 2201 1727 6.
2219 1671 2323 1746 [Ib.
2339 1672 2544 1748 22-25.]
2565 1675 2813 1732 Videmus
2830 1679 2985 1750 igitur
3003 1680 3198 1737 vicenis
3213 1683 3475 1742 columnis
3489 1703 3666 1758 poi-rc.

2077 1773 2159 1819 eta
2183 1763 2288 1818 duo
2309 1766 2470 1819 latera
2498 1766 2822 1823 tabernaculi
2844 1771 3106 1840 aquilonis
3125 1782 3180 1828 ct
3203 1777 3366 1830 austri
3385 1777 3519 1834 :tluo
3542 1792 3672 1837 sunt

2075 1855 2300 1926 reliqua,
2326 1857 2582 1912 orientale
2606 1869 2660 1914 et
2679 1860 3028 1928 occidentale,
3055 1879 3174 1935 quze
3199 1865 3243 1920 si
3271 1868 3491 1924 totidem
3517 1874 3670 1928 colu-

2077 1960 2230 2002 muas
2248 1945 2572 2011 habuissent.
2589 1952 2769 2018 procul
2787 1951 2948 2008 dubio
2958 1955 3217 2023 quadrum
3233 1970 3390 2016 esset.
3411 1963 3556 2031 Quot
3571 1981 3671 2022 au-

2078 2047 2184 2096 tem
2204 2037 2486 2102 habeat,de
2498 2042 2808 2097 occidentali
2825 2060 2929 2100 non
2943 2050 3239 2111 tacetur,dc
3254 2053 3498 2111 orientali
3517 2067 3670 2115 tace-

2073 2138 2189 2185 tur:
2207 2139 2380 2186 utrmn
2401 2133 2522 2202 quia
2567 2149 2671 2189 non
2695 2133 2896 2202 habuit,
2919 2148 2974 2192 ct
2991 2139 3104 2195 sola
3127 2141 3235 2197 illic
3253 2144 3369 2199 sine.
3398 2147 3669 2206 columnis

2074 2222 2497 2279 extendebantur
2511 2226 2674 2280 aulaea
2693 2227 2760 2282 ab
2779 2237 3017 2285 extrema
3035 2233 3278 2289 columna
3301 2236 3458 2293 unius
3481 2239 3669 2299 lateris

2073 2329 2243 2386 usque
2253 2313 2319 2368 ad
2336 2313 2552 2370 alterius
2565 2316 2784 2373 alteram
2803 2329 3094 2378 extremam
3109 2340 3206 2389 ;an
3223 2326 3396 2397 aliqua
3411 2344 3578 2387 causa
3593 2343 3671 2389 ta-

2071 2420 2315 2476 ceantur,
2342 2421 2405 2466 .ut
2437 2413 2595 2469 etiam
2617 2417 2790 2471 tacitm
2818 2417 3196 2491 intelligantur,
3230 2423 3431 2480 nescio.
3465 2425 3668 2484 Postea

2069 2499 2264 2571 quippe
2295 2519 2358 2557 ex
2401 2503 2512 2577 ipsa
2543 2495 2688 2573 parte
2725 2507 2947 2565 orientis
2988 2509 3173 2566 decem
3215 2515 3478 2571 columna:
3506 2533 3667 2574 com-

2069 2604 2454 2660 memorantur,
2475 2597 2569 2650 sed
2593 2597 2712 2650 atrii
2734 2596 2802 2653 de
2825 2615 2930 2670 quo
2953 2611 3069 2671 post
3091 2601 3342 2674 loquitur,
3366 2607 3509 2678 quod
3535 2607 3668 2667 huic

2070 2680 2408 2738 tabernacula
2451 2685 2779 2755 circmupoui
2825 2690 2988 2747 iubet.
3042 2690 3485 2752 Commemoratis
3528 2715 3668 2773 ergo

2067 2772 2325 2831 lateribus
2356 2776 2682 2836 tabernaculi
2720 2779 2989 2849 aquilonia
3025 2791 3079 2836 ct
3121 2786 3338 2841 australi
3378 2787 3430 2842 in
3459 2772 3668 2846 vicenis

2067 2865 2349 2932 columnis,
2382 2865 2575 2922 deinde
2601 2869 2840 2944 sequitur
2866 2881 2921 2924 et
2946 2870 3208 2952 adjungit,
3231 2876 3452 2935 dicens:
3489 2880 3550 2934 Et
3577 2900 3666 2938 re—

2067 2967 2145 3012 tro
2168 2956 2548 3014 tabernaculum
2574 2976 2665 3032 per
2679 2972 2872 3034 partem
2895 2982 3007 3037 qua:
3025 2978 3095 3020 est
3116 2979 3290 3024 contra
3316 2989 3473 3035 mare.
3499 2977 3667 3044 [acies

2063 3065 2154 3105 sea:
2191 3050 2452 3104 columnas
2478 3068 2496 3108 :
2521 3063 2567 3106 et
2610 3053 2737 3107 duas
2770 3056 3028 3112 columnas
3057 3061 3210 3129 facies
3249 3061 3306 3115 in
3335 3067 3538 3134 angulis
3585 3079 3667 3122 ta-

2063 3137 2319 3195 bernaculi
2342 3157 2374 3194 a
2397 3142 2777 3212 posterioribus,
2803 3156 2850 3199 et
2878 3151 3094 3218 wquales
3115 3151 3346 3206 deorsum
3372 3170 3544 3210 versus
3564 3173 3592 3221 ;
3618 3169 3664 3213 ot

2063 3249 2119 3304 5n
2146 3249 2200 3287 se
2240 3235 2582 3290 convenientes
2615 3248 2780 3302 erunt,
2817 3237 3035 3304 (canales
3064 3241 3126 3294 de
3149 3243 3397 3314 capitibus
3433 3247 3483 3299 in
3519 3263 3668 3306 corn.

2064 3323 2330 3378 missuram
2359 3343 2533 3382 imam.
2575 3324 2666 3382 Sic
2699 3329 2854 3400 [acies
2887 3330 3125 3386 ainbobus
3158 3334 3352 3390 duabus
3376 3340 3582 3410 angulis
3606 3344 3619 3373 '
3639 3357 3664 3409 ,°

2063 3416 2283 3486 canales
2313 3417 2431 3472 sint.
2460 3416 2522 3471 Et
2548 3429 2690 3472 erum
2714 3430 2824 3474 acta
2850 3421 3121 3489 columine,
3149 3435 3194 3479 et
3217 3424 3358 3480 bases
3377 3443 3547 3483 earum
3572 3449 3665 3486 ar-

2063 3515 2252 3576 genteae
2267 3507 2518 3563 sexdecim
2547 3526 2567 3563 :
2596 3510 2712 3564 tluw
2742 3512 2880 3566 bases
2909 3512 3157 3570 columna'
3176 3517 3282 3582 nni,
3303 3529 3352 3572 et
3370 3519 3488 3577 duce
3510 3523 3663 3581 bases

2063 3599 2314 3655 columna!
2350 3601 2438 3655 uni
2473 3603 2524 3658 in
2551 3602 2727 3658 ambus
2752 3616 2920 3675 partes
2949 3607 3076 3677 ejus.
3119 3607 3192 3664 De
3223 3611 3435 3668 basibus
3462 3616 3660 3675 similis

2064 3692 2200 3747 ratio
2227 3702 2282 3747 et
2321 3694 2510 3750 similis
2550 3693 2747 3750 locutio
2785 3707 2886 3754 est.
2923 3695 3084 3753 Latus
3113 3699 3291 3772 itaque
3329 3707 3654 3778 occidentis,

2063 3799 2185 3840 nam
2213 3783 2312 3839 hoc
2336 3793 2414 3840 cst
2453 3785 2518 3839 ad
2547 3802 2713 3853 mare,
2745 3787 3008 3844 colnumis
3040 3801 3160 3846 octo
3197 3796 3528 3862 catenditur;
3555 3816 3657 3857 sc:

2064 3880 2272 3946 mediis,
2301 3891 2353 3938 et
2380 3881 2584 3938 duabus
2609 3885 2947 3956 angularibus
2975 3905 3107 3958 quas
3141 3892 3371 3962 a'qttalcs
3392 3895 3458 3948 ad
3489 3911 3654 3949 ttnatn

2061 3975 2462 4030 conunissuram
2497 3978 2623 4032 dicit
2652 3992 2772 4034 csse
2808 3979 3035 4047 debere;
3065 3986 3226 4039 credo
3260 3986 3398 4055 quod
3426 3991 3656 4057 angulus

2061 4065 2169 4122 duo
2197 4069 2248 4122 in
2279 4082 2337 4122 se
2363 4069 2524 4124 latera
2555 4072 2870 4135 cummittat,
2899 4083 2952 4128 et
2995 4074 3062 4129 sit
3110 4076 3352 4130 coltnuna
3381 4081 3656 4148 angularis

2061 4154 2212 4211 lateri
2237 4158 2444 4229 utrique
2469 4161 2790 4226 communis,
2815 4162 2910 4215 ista
2933 4165 3244 4221 occidentali
3267 4177 3320 4226 et
3341 4169 3652 4236 aquilonia},

2062 4247 2148 4303 illa
2187 4249 2496 4305 occidentali
2541 4261 2594 4307 et
2637 4253 2872 4308 australi.
2909 4253 3060 4324 Quod
3106 4267 3280 4313 autem
3319 4259 3447 4315 dicit
3485 4263 3652 4316 etiam

2064 4341 2296 4410 mquales
2318 4339 2566 4396 deorsum
2599 4359 2784 4399 versus
2817 4345 2916 4400 boc
2943 4348 3122 4416 utique
3154 4348 3303 4418 dicit,
3345 4360 3400 4405 ut
3426 4353 3491 4407 ad
3521 4371 3651 4423 pcr-

2061 4430 2396 4502 pcndiCulmn
2441 4431 2782 4503 libial'CIIllll‘,
2831 4453 2894 4490 ne
2935 4437 3262 4496 robustiores
3299 4453 3478 4498 essent
3511 4445 3651 4500 inira

2059 4538 2216 4595 quant
2247 4538 2425 4592 supra,
2453 4523 2590 4578 Sit'ltl
2620 4526 2883 4599 pleneque
2906 4528 3168 4586 columna-
3190 4541 3337 4587 sunt.

2132 4613 2183 4668 7.
2217 4613 2316 4688 [Ιιι.
2345 4613 2564 4690 26-29.]
2589 4618 2784 4673 Deinde
2803 4619 2932 4676 dicit
2956 4637 2969 4673 :
2996 4621 3058 4676 Et
3075 4623 3228 4693 {aries
3243 4641 3382 4681 serus
3409 4624 3470 4678 de
3499 4628 3650 4699 lignis

2058 4704 2470 4775 impntribilibns,
2503 4710 2721 4782 quinque
2759 4712 2846 4766 uni
2882 4713 3131 4768 columna
3166 4731 3227 4770 ex
3260 4733 3360 4771 una
3387 4729 3533 4788 parte
3570 4733 3650 4774 ta-

2057 4797 2345 4864 bernaculi;
2385 4810 2434 4855 et
2457 4802 2672 4871 quinque
2707 4820 2843 4859 seras
2879 4806 3127 4862 columna:
3149 4809 3296 4864 lateri
3331 4812 3647 4866 tabernaculi

2055 4890 2274 4944 secundo
2297 4906 2312 4955 ;
2345 4900 2390 4945 ct
2415 4893 2633 4963 quinque
2663 4910 2802 4949 seras
2829 4897 3077 4954 columna:
3103 4901 3367 4970 poslet'iori
3393 4905 3539 4959 lateri
3565 4915 3646 4958 la-

2061 4981 2338 5052 bcrnaculi,
2377 4985 2510 5053 quod
2541 4986 2702 5040 estad
2721 5003 2877 5044 atare.
2905 4988 3090 5044 Mirum
3121 4991 3165 5046 si
3190 4992 3418 5050 dubitari
3446 5007 3638 5065 pttest,

2051 5075 2194 5141 latus
2211 5076 2471 5134 orientale
2489 5079 2762 5141 columnas
2787 5096 2889 5138 non
2913 5082 3162 5140 habuisse
3183 5087 3235 5142 in
3261 5088 3360 5143 hoc
3384 5088 3642 5144 interiore

2056 5167 2416 5237 tabernaculo,
2461 5171 2544 5226 cui
2588 5181 2766 5241 postea
2807 5175 3227 5247 circumponitur
3265 5183 3460 5238 atrium
3519 5181 3641 5237 Sm-

2052 5261 2203 5329 guias
2221 5274 2455 5331 quasque
2483 5262 2638 5332 igitur
2659 5265 2934 5320 columnas
2963 5269 3198 5324 omnimn
3223 5272 3380 5326 trium
3411 5273 3634 5328 laterum

2055 5349 2255 5408 habere
2285 5367 2433 5408 seras
2459 5356 2646 5423 quinas
2674 5356 2836 5428 jubet.
2869 5360 2936 5415 Et
2971 5377 3104 5427 sera,
3142 5364 3329 5435 inquit,
3359 5367 3520 5421 media
3555 5369 3635 5420 in-

2049 5452 2126 5498 ter
2159 5446 2348 5500 medias
2373 5449 2634 5504 columnas
2655 5462 2964 5519 pertranseat
2995 5457 3056 5509 ab
3081 5473 3180 5510 uno
3211 5457 3366 5512 latere
3404 5460 3454 5513 in
3494 5461 3636 5514 aliud
3731 5491 3745 5506 ο

2054 5537 2206 5594 latus.
2240 5538 2348 5596 Iloc
2368 5540 2577 5596 videtur
2596 5543 2791 5610 dicere,
2823 5557 2876 5599 ut
2902 5546 2968 5599 de
2989 5547 3233 5604 wlunma
3262 5551 3312 5605 in
3333 5551 3633 5612 cnlmnnam

2048 5642 2168 5682 sera
2201 5631 2520 5696 perveniret,
2547 5643 2602 5687 ct
2630 5649 2721 5703 per
2745 5638 3074 5693 iulerva'lutn
3102 5643 3464 5700 culumnarmn
3516 5661 3636 5716 por-

2113 5726 2305 5804 t‘Ltuliti,
2325 5725 2395 5804 {ic
2417 5729 2784 5804 pariescngulas
2814 5735 3224 5804 duobusangnlis.
3266 5751 3387 5802 5:55.,
3413 5743 3636 5799 ωώοιωε

1965 5811 1982 5818 -
2049 5785 2264 5843 duabus;
2285 5785 2554 5846 secundum
2571 5785 2700 5861 uti,
2723 5785 3584 5861 mutuuliaa‘iaﬁ'us'idaﬁ”
