3862 6300
224 274 340 331 οδι

228 414 514 485 rigeretnr
549 422 580 463 a
618 405 787 461 latere
820 403 978 460 unius
1018 414 1190 471 usque
1231 396 1455 453 inlatus
1492 392 1712 449 alterius
1742 410 1754 448 :
1784 407 1848 448 ac

228 522 339 580 per
366 507 477 560 hoc
500 515 601 558 una
632 516 695 555 ex
730 499 816 554 bis
853 495 1100 551 omnibus
1140 492 1385 549 columna
1418 503 1520 542 non
1549 498 1662 543 erat
1693 485 1844 541 babi-

234 579 363 653 tura
388 593 633 667 proprias
657 592 893 663 quinque
914 600 1084 652 seras;
1105 585 1171 639 ad
1193 596 1350 654 quam
1373 589 1664 635 extremam
1692 579 1846 648 quin-

232 707 344 764 que
378 684 761 760 perveniebant
790 699 819 737 a
862 683 1109 737 columna
1147 676 1247 733 sibi
1279 674 1518 745 proxima
1549 672 1841 726 venientes.

237 762 307 839 Et
340 784 632 844 columnas,
664 778 855 848 inquit,
887 772 1143 831 inaurabis
1179 785 1327 836 auro,
1368 776 1412 821 et
1438 765 1654 821 aunulos
1692 762 1846 835 [acies

231 892 426 942 terens,
461 875 513 929 in
553 889 676 939 quos
700 870 907 924 induces
948 882 1105 930 seras,
1148 871 1195 918 et
1237 859 1494 916 inaurabis
1526 872 1653 910 auro
1682 871 1840 911 seras.

232 972 315 1029 Ne
363 970 635 1026 colurnum
675 963 1022 1020 loranﬁuibus
1066 963 1498 1019 cavernareutur,
1533 967 1637 1023 quo
1683 951 1846 1004 intra-

234 1070 364 1120 rent
407 1075 568 1126 Sorte,
621 1055 848 1113 aunulos
894 1053 1005 1108 ﬁeri
1045 1050 1223 1123 jussit,
1272 1048 1462 1118 quibus
1507 1060 1573 1101 ex
1617 1054 1843 1111 iuraque

233 1161 395 1223 parte
418 1148 821 1204 continerentur
848 1140 981 1195 ﬁnes
1003 1146 1261 1193 sei-arum.
1292 1130 1520 1187 Proinde
1543 1128 1843 1197 intelligun-

233 1221 328 1298 tur
358 1241 414 1295 bi
447 1238 651 1293 annulli
678 1234 798 1289 ﬁxis
825 1234 876 1286 in
910 1230 1054 1301 ligno
1078 1226 1279 1282 ansulis
1307 1221 1643 1296 pependisse,
1672 1227 1729 1274 ut
1752 1234 1843 1273 ex-

238 1346 447 1391 tremas
478 1340 655 1402 partes
675 1340 914 1383 serarum
942 1330 1158 1394 possent
1178 1332 1371 1390 capere
1394 1325 1449 1373 et
1474 1315 1767 1372 continere.

309 1427 367 1482 8.
414 1418 757 1499 [tneo-57.}
798 1414 863 1473 Et
890 1417 1071 1487 eriges,
1114 1413 1303 1483 inquit,
1348 1408 1722 1499 tabernaculum
1760 1422 1841 1460 se-

234 1493 471 1573 cunduin
498 1513 713 1585 speciem
736 1493 848 1580 quw
874 1512 1152 1561 ntonstrata
1176 1513 1247 1557 est
1271 1501 1357 1555 tibi
1384 1501 1435 1554 in
1465 1506 1648 1552 monte.
1675 1493 1742 1549 Et
1764 1500 1845 1568 fa-

234 1611 338 1664 cies
367 1608 598 1661 velamen
629 1602 692 1657 de
724 1597 994 1672 hyacintho
1036 1606 1083 1649 et
1123 1608 1348 1665 purpura
1378 1600 1423 1645 et
1456 1606 1603 1644 cocco
1639 1597 1769 1642 torto
1796 1595 1842 1641 et

234 1703 391 1774 bysso
420 1708 539 1753 neta
557 1714 575 1762 ;
604 1711 731 1767 opus
766 1691 937 1748 textile
966 1686 1117 1761 facies
1142 1688 1271 1741 illud
1304 1683 1627 1739 Clternbim’.
1660 1676 1728 1734 Et
1757 1698 1842 1736 su-

235 1797 568 1869 perimpones
612 1786 742 1843 illud
775 1802 925 1855 super
951 1791 1166 1853 quatuor
1210 1780 1469 1833 columnas
1507 1773 1841 1843 imputribiles

235 1867 514 1942 inauratos
543 1895 687 1944 auro,
732 1887 776 1931 et
806 1875 971 1945 capita
1007 1886 1176 1926 eartnn
1210 1884 1384 1932 aurea,
1422 1876 1469 1921 et
1498 1867 1639 1920 bases
1666 1880 1841 1919 earum

233 1989 466 2048 quatuor
497 1979 765 2043 argentete.
795 1966 854 2020 Et
883 1979 1038 2037 pones
1067 1963 1288 2017 velamen
1313 1976 1463 2029 super
1490 1958 1770 2021 columnas,
1795 1964 1841 2009 et

234 2072 454 2126 induces
476 2068 615 2130 illuc,
640 2060 847 2117 interius
864 2075 1013 2127 quant
1039 2057 1261 2111 velamen
1280 2062 1350 2108 est
1364 2055 1408 2120 ²,
1431 2069 1600 2106 arcam
1622 2052 1843 2105 testimo-

235 2165 310 2218 nii
332 2179 349 2216 :
389 2173 437 2214 ct
468 2158 650 2211 dividet
676 2154 811 2208 vobis
836 2152 1055 2207 velamen
1082 2148 1211 2202 inter
1241 2145 1459 2200 medium
1492 2143 1653 2198 sancti
1682 2151 1726 2195 et
1756 2142 1837 2196 in-

237 2267 314 2312 ter
343 2254 567 2310 medium
599 2248 760 2303 sancti
787 2252 1093 2299 sanctorum.
1127 2238 1193 2294 Et
1221 2236 1475 2309 coOperies
1509 2235 1571 2289 de
1596 2232 1842 2288 velamine

234 2363 416 2403 arcam
446 2338 716 2398 testimonii
740 2340 791 2392 in
810 2346 981 2390 sancto
1006 2326 1353 2387 sanctorum’.
1385 2326 1506 2381 llzcc
1527 2327 1701 2381 omnia
1731 2340 1843 2378 ma-

236 2438 438 2495 nifesta
486 2441 626 2496 sunt,
660 2429 882 2485 interius
911 2428 1046 2479 intra
1083 2422 1325 2478 velamen
1368 2419 1465 2473 hoc
1497 2425 1723 2488 quatuor
1749 2431 1841 2470 co-

237 2530 446 2587 lumnis
478 2524 775 2597 impositam
801 2520 961 2574 fuisse
988 2533 1164 2570 arcam
1195 2512 1479 2569 testimonii
1510 2526 1704 2581 :quam
1734 2525 1838 2564 non

238 2625 318 2680 sic
349 2619 550 2692 operiri
575 2614 734 2687 jussit
763 2612 1048 2669 velamine,
1093 2615 1148 2662 ut
1192 2620 1353 2676 super
1380 2620 1520 2658 arca:
1551 2616 1841 2671 coOpercu-

237 2714 350 2769 lum
388 2691 595 2780 iaceret
649 2705 914 2767 velamen,
963 2698 1057 2754 sed
1111 2707 1167 2753 ut
1214 2704 1397 2751 contra
1455 2691 1835 2749 statueretur‘.

237 2805 451 2863 Deinde
474 2800 599 2857 dicit
628 2818 640 2854 :
672 2794 736 2854 Et
768 2812 921 2868 pones
942 2808 1165 2847 mensam
1194 2791 1317 2862 foris
1343 2799 1483 2843 extra
1512 2786 1768 2850 velamen;
1795 2792 1840 2837 et

238 2896 606 2954 candelabrum
637 2900 809 2945 contra
842 2902 1063 2942 mensum
1097 2882 1148 2937 in
1176 2892 1319 2955 parte
1359 2878 1687 2941 tabernaculi,
1727 2890 1841 2947 qua:

238 2989 451 3060 respicit
476 2987 541 3041 ad
564 2994 792 3039 austrum
819 2989 903 3035 :et
934 2993 1155 3032 mensam
1184 2989 1337 3046 pones
1367 2972 1417 3025 in
1446 2980 1589 3040 parte
1608 2968 1841 3023 taberna-

237 3085 364 3148 culi,
399 3097 511 3151 quw
533 3075 730 3147 respicit
751 3072 817 3126 ad
843 3070 1148 3142 aquilonem.
1178 3065 1349 3123 Etiam
1376 3064 1474 3119 lioc
1498 3062 1711 3134 plantnn
1734 3068 1834 3115 est.

237 3173 398 3246 Quod
430 3184 603 3227 autem
636 3166 892 3239 sequitur,
943 3158 1008 3216 Et
1037 3160 1194 3231 [acies
1232 3157 1587 3211 adductorium
1617 3154 1678 3206 de
1706 3156 1836 3223 [tya-

238 3268 418 3329 cintlto
450 3276 491 3319 et
515 3279 739 3337 purpura
769 3268 815 3313 et
839 3274 983 3311 cocco
1016 3265 1145 3308 torto
1166 3261 1211 3306 et
1242 3254 1386 3321 bysso
1411 3258 1560 3312 torta,
1594 3263 1719 3314 opus
1746 3262 1835 3298 va-

241 3361 471 3417 l'ltthl'ls.
514 3358 577 3411 Et
603 3354 755 3426 facies
782 3346 1015 3406 velamiui
1044 3348 1264 3417 quinque
1288 3343 1568 3403 columnas,
1610 3350 1655 3392 et
1689 3338 1837 3391 inau-

241 3453 385 3509 rabis
412 3452 526 3504 illas
560 3463 703 3508 auro,
736 3454 781 3498 et
807 3443 973 3511 capita
1000 3454 1174 3493 earum
1201 3451 1355 3488 aurea
1384 3446 1403 3486 :
1429 3443 1475 3486 et
1501 3430 1742 3501 conﬂabis
1769 3428 1839 3481 eis

239 3551 470 3620 quinque
500 3549 637 3601 bases
677 3557 833 3596 aneos
858 3554 876 3593 :
904 3537 987 3592 cui
1016 3534 1135 3589 usui
1164 3532 1401 3588 velamen
1447 3529 1546 3581 ltoc
1574 3526 1661 3580 ﬁat
1687 3526 1840 3594 quiu-

241 3618 351 3713 que
381 3635 643 3691 columnis
665 3640 965 3691 cxtoutum,
996 3635 1107 3697 pOsl
1139 3621 1432 3693 apparebit.
1467 3634 1589 3674 nam
1620 3618 1704 3671 hic
1735 3632 1838 3671 non

242 3711 493 3804 apparet.
531 3726 651 3782 Vult
676 3725 818 3780 enim
861 3720 987 3776 illud
1024 3734 1143 3774 esse
1170 3716 1408 3787 velamen
1438 3712 1558 3765 ostii
1590 3711 1837 3765 taberna-

244 3827 378 3892 Cnli,
436 3823 589 3891 huius
644 3814 889 3873 videlicet
938 3812 1242 3873 interioris,
1290 3808 1373 3863 cui
1422 3806 1841 3875 circunipooitur

245 3923 465 3978 atrium.
506 3915 706 3971 Deinde
720 3903 865 3983 juli'et
890 3911 1057 3963 altare
1081 3906 1189 3959 ﬁeri
1217 3902 1593 3958 sacriﬁciorum
1614 3908 1666 3952 et
1692 3896 1841 3950 bolo-

247 4022 676 4073 caustomattuu;
722 4016 777 4061 et
803 4006 932 4060 dicit
956 3998 1401 4073 quemadmodum
1442 3996 1530 4048 liat
1558 4012 1570 4045 :
1604 3991 1838 4047 nondum

244 4117 431 4163 autem
449 4105 577 4159 dicit
591 4099 676 4155 ubi
694 4106 940 4170 patiatur;
962 4093 1054 4147 sed
1071 4095 1169 4146 hoc
1185 4104 1394 4159 quoque
1408 4095 1525 4157 post
1541 4082 1836 4152 apparebit.

322 4202 374 4257 9.
422 4198 526 4272 [lb.
577 4210 744 4259 xxvn,
788 4188 965 4261 9—13.]
1013 4186 1143 4242 llinc
1178 4184 1287 4254 jam
1331 4182 1398 4236 de
1439 4180 1575 4234 atrio
1610 4176 1839 4246 loquitur

249 4269 509 4364 usque‘in
554 4289 733 4349 ﬁuctu,
766 4283 906 4353 quod
936 4273 1442 4347 circumponendum
1472 4279 1556 4325 est
1596 4269 1839 4323 taberna-

250 4360 373 4441 culo
400 4381 499 4445 illi,
523 4381 716 4449 dequo
741 4376 885 4446 prius
911 4368 1283 4429 Constituendo
1311 4368 1518 4418 locutus
1542 4370 1643 4417 cst.
1678 4360 1738 4414 Et
1760 4362 1839 4429 {a-

250 4482 371 4545 cies,
417 4475 605 4545 inquit,
646 4471 863 4532 atrium;
909 4464 1049 4537 quod
1088 4463 1280 4517 dicitur
1322 4474 1492 4530 gratae
1521 4460 1687 4517 «bis»,
1734 4468 1837 4508 non

253 4578 492 4629 vitae“:
520 4567 660 4639 maid
690 4562 901 4636 quidam
940 4560 1255 4626 interpretes
1292 4552 1604 4607 austrinum
1634 4548 1837 4602 discer-

216 4650 463 4727 itentes,
499 4669 553 4713 ot
583 4660 683 4712 hoc
720 4664 776 4709 et
800 4654 886 4708 illa
920 4650 1111 4711 aulica,
1145 4662 1275 4726 quas
1310 4646 1514 4727 adiuta;
1539 4655 1655 4727 ‘non
1677 4642 1840 4727 luditis;

237 4710 661 4794 ίὲἶῖὶῖὖῖἲιίρίιιιι,
688 4727 820 4779 atria
858 4710 1185 4793 interpretati
1228 4726 1349 4770 sunt
1382 4714 1636 4776 dicentes,
1670 4710 1731 4762 lat
1758 4710 1832 4778 [lt-

254 4843 349 4885 cws
376 4822 751 4881 tabernaculum
776 4819 941 4873 decem
964 4814 1229 4875 atriorum,
1260 4809 1344 4862 tibi
1373 4805 1542 4859 decem
1563 4804 1840 4857 aulicorum

253 4923 432 4981 dicere
454 4924 771 4979 debuerunt.
796 4915 1042 4974 Nonnulli
1071 4921 1245 4966 autem
1271 4907 1436 4962 multo
1462 4903 1835 4973 imperitiores,

254 5014 447 5085 ianuas
478 5012 807 5085 interpretati
834 5018 959 5063 sunt
982 5017 1032 5061 et
1063 5009 1209 5063 αὐλὰς
1244 5010 1296 5055 et
1324 5002 1546 5057 αὖὶαίας.
1574 4992 1721 5051 Sicut
1748 5008 1843 5047 att-

317 5120 331 5149 ι
360 5122 412 5167 tu
454 5114 628 5171 editis,
653 5124 809 5174 super
842 5105 1113 5174 cherubim.
1141 5102 1434 5174 :At.itt_.'\.'ssl.
1465 5096 1838 5174 etraputluLtt-tt,

255 5156 440 5243 absqiie
457 5156 1106 5243 i‘a'riicitlaIrsuper,legitur
1131 5164 1276 5243 [licitas
1305 5156 1722 5243 illud-alteration.
1747 5163 1840 5243 tle:

255 5220 775 5298 Biii‘siiiiis'bsi,"qiio
799 5220 1085 5298 'prtecipitnr
1122 5220 1343 5298 velamen
1380 5223 1573 5298 artiﬁcis
1610 5220 1841 5298 industria

311 5285 892 5367 argiiitduniiiittakinibtts
912 5285 1078 5367 allatis,
1101 5288 1433 5367 alteuwl-ll'lfs
1458 5286 1528 5334 υιῖ
1556 5285 1704 5333 habet
1734 5294 1841 5333 V3"

258 5348 567 5427 ὲὶιῖἰῑῖιῑξξὲιιίι,
586 5348 798 5427 pulc‘ltra
822 5372 893 5407 vat
908 5353 1048 5427 ietate
1067 5348 1436 5427 contegendum.

318 5404 567 5475 iéiii‘iiii.‘
580 5404 882 5485 diligitis;
906 5404 1015 5467 ιξιχ
1037 5432 1048 5465 :
1077 5413 1157 5465 kai
1178 5409 1385 5485 eisoisets
1410 5407 1511 5459 ekei
1536 5404 1744 5485 esbteron
1762 5411 1841 5477 ton

260 5461 917 5553 ψωῲὶῆᾀέἵῖέὶὸζζ’Ϊᾷιΐέὸῖιῖιθ
938 5461 1262 5553 perperani‘in
1285 5481 1429 5523 antea
1451 5472 1647 5521 excusis
1661 5502 1675 5529 ,
1700 5477 1743 5519 et
1764 5468 1841 5521 ὁη-

260 5542 399 5600 duce.»
421 5548 544 5611 illud
568 5546 767 5611 interius
799 5542 879 5595 ubi
902 5542 1111 5594 velamen
1128 5545 1220 5611 est.
1315 5600 1325 5610 .
1516 5596 1526 5605 ,

266 5668 277 5680 ε
321 5614 339 5643 ³
363 5615 496 5670 Editi,
520 5610 571 5661 in
589 5608 766 5659 sanctis
787 5616 1080 5659 sanctorum.
1125 5604 1329 5651 \aticani
1376 5605 1480 5646 Mss.
1510 5604 1647 5658 juxta
1670 5608 1839 5658 grue,

261 5679 308 5722 tn
328 5683 485 5726 sancto
503 5679 789 5724 sanctorum.

319 5740 339 5766 θ
360 5724 424 5786 Ιιι
444 5724 592 5789 editis
608 5772 622 5797 ,
647 5741 814 5787 contra
836 5742 1048 5784 mensam
1070 5730 1377 5782 statueretur.
1411 5724 1584 5787 Abest,
1609 5732 1842 5786 mensam,

1590 255 1794 314 LIBER
1830 254 2205 316 SECUNDUS.

3438 258 3546 319 663

1953 401 2058 447 tem
2104 392 2154 445 in
2202 390 2377 463 lingua
2421 393 2583 448 latina
2622 394 2920 451 invenimus
2960 396 3148 460 aulaea,
3193 413 3325 468 quas
3368 395 3541 453 Graeci

1953 488 2155 545 αὐλαίας
2180 494 2401 549 vocant;
2454 486 2527 541 ita
2565 502 2721 556 quam
2763 488 2832 541 illi
2863 489 3129 557 appellant
3156 494 3324 555 αὐλὴν,
3371 491 3542 545 nostri

1952 576 2128 628 aulam
2161 587 2501 631 vocaverunt.
2545 578 2649 632 Sed
2673 578 2783 648 jam
2816 595 2919 633 non
2947 581 3139 634 atrium
3172 582 3272 634 isto
3302 584 3541 649 nomine,

1952 667 2045 722 sed
2084 667 2275 724 domus
2321 669 2463 739 regia
2503 670 2827 740 signiﬁcatur
2860 673 2909 725 in
2944 672 3105 726 latina
3137 672 3348 743 lingua;
3398 674 3539 742 apud

1952 759 2167 816 Grmcos
2183 771 2379 829 autem,
2411 764 2625 817 atrium.
2659 762 2818 833 Ergo,
2854 759 2918 815 Et
2944 764 3118 833 facies,
3146 764 3331 833 inquit,
3358 765 3541 820 atrium

1953 856 2273 908 tabernaculo
2296 858 2346 909 in
2369 858 2522 911 latere
2546 858 2681 926 quod
2701 858 2899 922 respicit
2927 856 2994 909 ad
3020 868 3286 922 austrum;
3309 870 3354 911 et
3377 868 3540 913 tento-

1950 946 2028 999 ria
2052 948 2169 1000 atrii
2198 965 2259 1001 ex
2284 948 2432 1021 bysso
2458 959 2624 1015 torta;
2659 950 2917 1020 longitudo
2946 953 3010 1004 sit
3034 963 3229 1005 centum
3254 953 3537 1007 cubitorum

1950 1039 2489 1095 uniluteri:colunma4
2509 1058 2680 1095 eorum
2710 1043 2936 1113 ‘viginti,
2970 1053 3012 1096 et
3046 1046 3185 1097 bases
3202 1061 3373 1098 carum
3392 1061 3539 1099 (erat:

1949 1132 2124 1202 viginti
2143 1148 2159 1195 ;
2176 1144 2221 1184 et
2251 1134 2424 1186 circuli
2452 1152 2639 1197 earum,
2663 1146 2705 1188 et
2729 1151 2877 1189 arcus
2899 1150 3070 1188 earum
3098 1138 3339 1206 argentei.
3373 1137 3461 1190 Sic
3485 1147 3533 1190 et

1949 1223 2094 1277 lateri
2120 1226 2253 1295 quod
2282 1236 2353 1281 est
2385 1226 2452 1278 ad
2478 1227 2781 1297 aquilonem,
2812 1228 3021 1279 tentoria
3042 1238 3236 1280 centum
3258 1230 3540 1281 cubitorum

1950 1317 2310 1388 longitudinis;
2339 1329 2387 1372 et
2417 1320 2665 1372 columna:
2690 1335 2860 1373 eorunt
2890 1319 3084 1390 viginti,
3118 1330 3161 1372 et
3187 1318 3326 1373 bases
3365 1335 3537 1372 earum

1948 1427 2093 1465 terea:
2118 1411 2312 1482 viginti,
2342 1422 2386 1465 et
2411 1412 2585 1465 circuli
2621 1429 2815 1477 earum,
2851 1423 2895 1465 et
2918 1430 3065 1466 arcus
3091 1413 3459 1487 columnarum,
3491 1423 3539 1467 et

1948 1502 2089 1558 bases
2114 1505 2440 1575 iaargcntata:
2468 1516 2693 1577 argento.
2725 1505 2967 1559 Latitudo
2993 1516 3157 1560 autent
3187 1509 3304 1560 atrii
3329 1523 3444 1579 qua:
3463 1518 3538 1562 est

1948 1596 2015 1649 ad
2056 1613 2211 1663 mare,
2242 1598 2453 1651 tentoria
2498 1601 2605 1670 ejus
2636 1601 2999 1672 quinquaginta
3035 1600 3352 1666 cubitorum;
3397 1601 3538 1654 colu-

1947 1705 2078 1741 mare
2109 1706 2281 1744 eorum
2307 1692 2493 1757 decem,
2527 1701 2573 1746 et
2612 1692 2753 1747 bases
2780 1710 2955 1747 earum
2994 1692 3182 1746 decem.
3221 1692 3289 1746 Et
3320 1694 3536 1749 latitudo

1946 1782 2061 1835 atrii
2089 1782 2225 1853 quod
2251 1794 2322 1837 est
2348 1786 2415 1838 ad
2439 1786 2697 1852 orientem,
2724 1785 3086 1857 quinquaginta
3115 1785 3425 1852 cubitorum;
3446 1801 3535 1839 co-

1946 1872 2133 1926 lumna:
2158 1875 2267 1944 ejus
2296 1874 2484 1942 decem,
2517 1886 2561 1929 et
2587 1876 2727 1931 bases
2756 1893 2929 1930 earum
2953 1876 3140 1930 decem.

2019 1962 2106 2019 10.
2149 1964 2246 2020 llic
2276 1966 2387 2035 jam
2417 1968 2655 2023 videmus
2698 1970 3107 2024 commemorari
3150 1970 3427 2023 columnas
3465 1970 3534 2025 ab

1946 2057 2170 2123 oriente,
2202 2075 2323 2112 cunt
2356 2060 2586 2131 loquitur
2623 2062 2689 2116 de
2723 2063 2882 2129 atrio,
2923 2072 2977 2115 et
3017 2078 3106 2115 cas
3132 2061 3317 2117 decem
3348 2062 3534 2117 dicens

1946 2163 2070 2202 cum
2110 2149 2326 2203 basibns
2356 2152 2530 2218 arri-is,
2564 2152 2702 2206 sicut
2733 2153 2865 2207 dixit
2888 2153 3048 2209 etiam
3077 2153 3145 2208 de
3187 2152 3534 2207 occidentali-

1944 2239 2083 2294 bus:
2121 2241 2204 2295 ubi
2235 2241 2546 2298 difﬁcillima
2595 2244 2763 2299 oritur
2800 2245 3040 2315 quarstio.
3087 2244 3215 2299 Nam
3260 2245 3411 2299 facile
3449 2252 3534 2300 est

1946 2333 2159 2403 quidem
2193 2344 2248 2389 ut
2282 2337 2607 2405 accipiamus
2639 2336 2707 2391 ab
2734 2337 2937 2392 oriente
2982 2352 3141 2391 unum
3178 2336 3417 2391 ordinem
3443 2352 3535 2391 co-

1947 2423 2242 2478 lumnarum
2271 2427 2335 2480 ad
2366 2428 2555 2481 atrium
2584 2429 2974 2496 pertinentium,
2999 2444 3105 2499 quo
3132 2428 3531 2493 tabernaculum

1944 2515 2167 2572 interius
2196 2533 2289 2586 per
2312 2534 2498 2572 onnies
2525 2531 2752 2588 quatuor
2779 2532 2953 2589 partes
2987 2521 3243 2589 cingitur;
3275 2521 3396 2591 quia
3425 2535 3532 2576 non

1945 2608 2173 2665 habebat
2198 2627 2263 2665 ex
2289 2627 2347 2665 ea
2371 2622 2520 2682 parte
2549 2612 2825 2667 Columnas
2854 2613 3252 2669 tabernaculum
3280 2614 3529 2670 interius:

1944 2703 2011 2758 ab
2036 2704 2308 2759 Occidente
2338 2714 2512 2759 autem
2545 2705 2631 2759 ubi
2665 2705 2773 2773 jam
2802 2713 2954 2759 erant
2984 2699 3251 2760 interioris
3278 2706 3530 2760 taberna-

1943 2796 2047 2849 culi
2081 2798 2344 2849 coluntnaz
2373 2806 2513 2857 octo.
2544 2795 2811 2865 quomodo
2832 2796 2988 2849 etiam
3018 2796 3142 2849 istas
3163 2796 3368 2860 decem,
3394 2813 3529 2866 quas

1943 2889 2221 2944 exterioris
2258 2889 2376 2942 atrii
2423 2898 2823 2951 commemorat,
2855 2888 3122 2956 accepturi
3163 2904 3367 2954 sumus,
3412 2896 3531 2943 tan-

1942 2997 2099 3051 quam
2147 2983 2212 3037 ab
2259 2980 2537 3037 occidente
2583 2981 2692 3035 duo
2730 2982 2837 3035 sint
2877 2981 3090 3035 ordines
3138 2981 3528 3046 columnarum,

1943 3074 2254 3129 interiorum
2285 3081 2427 3138 octo,
2471 3082 2525 3127 et
2566 3072 2888 3126 exteriorum
2931 3071 3154 3127 decem?
3183 3071 3332 3139 Quod
3371 3073 3416 3127 si
3459 3073 3531 3128 ita

1942 3177 2042 3229 est,
2071 3166 2307 3237 longiora
2338 3174 2493 3219 erunt
2522 3165 2681 3219 etiam
2708 3164 2872 3219 latera
2893 3165 3011 3217 atrii
3040 3164 3338 3227 exterioris,
3368 3179 3531 3234 quam

1912 3314 1916 3319 ,
1944 3260 2266 3315 tabernaculi
2299 3260 2590 3326 interioris,
2626 3269 2679 3313 ut
2718 3258 2787 3315 sit
2813 3259 2952 3313 unde
2986 3259 3053 3312 ab
3080 3271 3321 3314 extremo
3351 3259 3402 3314 in
3445 3275 3532 3315 ex-

1916 3361 2172 3425 tremum
2200 3352 2336 3406 alius
2359 3353 2722 3407 colutnnartnn
2758 3350 2891 3404 m-do
2917 3350 3192 3417 dirigatur,
3224 3360 3279 3406 et
3316 3367 3421 3405 non
3451 3352 3532 3406 in-

1918 3454 2125 3521 currat
2154 3445 2205 3498 in
2234 3443 2474 3498 ordinem
2514 3445 2743 3514 priorem
2776 3443 2845 3496 ad
2874 3443 3094 3496 interius
3132 3443 3530 3497 tabernaculum

1946 3536 2320 3603 pertinentem.
2364 3535 2429 3588 Et
2458 3536 2502 3588 si
2545 3535 2643 3585 hoc
2670 3543 2771 3599 est,
2804 3547 3136 3600 Consequens
3173 3532 3272 3586 erit
3300 3542 3355 3586 ut
3386 3533 3529 3588 vice-

1945 3644 2026 3683 na:
2076 3629 2179 3682 illa:
2215 3628 2476 3681 columna:
2522 3625 2750 3679 duorum
2779 3625 3003 3679 laterum
3035 3624 3361 3679 tabernaculi
3397 3626 3531 3680 inte:

1944 3720 2121 3781 rioris,
2144 3719 2310 3771 austri
2340 3727 2392 3771 et
2416 3717 2700 3787 aquilonis,
2732 3717 3020 3770 intervallis
3044 3716 3375 3770 brevioribus
3399 3715 3529 3771 diri-

1944 3821 2177 3871 tuantur,
2220 3825 2375 3879 quam
2410 3810 2512 3861 illa}
2542 3809 2740 3862 vicena:
2774 3822 2904 3877 quas
2945 3807 3104 3862 habet
3142 3808 3331 3861 atrium
3375 3814 3527 3863 exte-

1944 3905 2056 3963 rius
2104 3919 2167 3957 ex
2224 3901 2426 3956 eisdem
2484 3901 2752 3955 lateribus.
2813 3900 2881 3954 Et
2932 3900 3053 3967 quia
3109 3899 3181 3953 illi
3237 3901 3529 3956 exteriores

1945 3996 2161 4051 ordines
2191 3996 2493 4049 vicenarum
2533 3992 2923 4047 columnarum.
2968 4000 3105 4044 srcut
3140 3992 3411 4057 Scriptura
3453 3999 3531 4044 lo-

1944 4089 2143 4158 quitur,
2172 4097 2396 4143 ccntcna
2422 4086 2598 4141 cubita
2635 4096 2852 4149 tenent;
2881 4084 2965 4138 isti
2998 4085 3278 4138 interiores
3309 4084 3528 4139 totidem

1943 4182 2312 4236 columnarum
2343 4179 2602 4249 quotlibet
2623 4179 2797 4233 minus
2819 4178 2993 4232 cubita
3026 4187 3257 4241 teneant,
3281 4178 3530 4247 quoniam

1945 4278 2045 4333 hoc
2074 4277 2344 4345 Scriptura
2373 4289 2477 4328 non
2508 4268 2792 4341 expressit,
2828 4258 3163 4340 consequcbs
3195 4271 3295 4324 erit
3322 4280 3379 4323 ut
3406 4280 3529 4325 oeto

1943 4373 2204 4427 Columna:
2225 4370 2326 4423 illa:
2354 4366 2679 4421 tabernaculi
2710 4363 2977 4417 interioris
3007 4364 3056 4416 iu
3084 4363 3247 4417 latere
3276 4361 3530 4416 occiden-

1947 4462 2035 4517 tali
2072 4461 2300 4514 rariores
2329 4458 2433 4512 sint
2460 4472 2617 4527 quam
2646 4456 2847 4510 vicena:
2876 4455 2980 4509 illa:
3006 4454 3245 4523 ejusdem
3279 4454 3529 4508 taberna-

1944 4554 2046 4609 culi
2089 4550 2354 4605 australes
2398 4560 2451 4605 et
2496 4548 2797 4617 aquilouirc.
2842 4557 2896 4601 ut
2940 4548 3107 4616 possit
3149 4546 3531 4615 comprehendi

1946 4649 2174 4716 spatium
2212 4654 2465 4715 quantum
2508 4644 2703 4699 sufﬁcit
2733 4642 2918 4698 decem
2948 4644 3050 4696 illis
3078 4643 3261 4697 aulmis
3298 4643 3531 4697 circum-

1946 4736 2247 4803 tendendis,
2289 4735 2479 4805 quibus
2527 4735 2773 4803 primitus
2812 4735 2944 4789 dixit
2989 4734 3092 4788 hoc
3132 4735 3531 4789 tabernaculum

1945 4832 2079 4887 ﬁeri.
2112 4830 2313 4885 Habent
2339 4829 2481 4883 enim
2510 4830 2684 4883 cubita
2714 4830 2895 4883 vicena
2935 4838 2989 4883 ct
3012 4837 3222 4889 octona,
3256 4843 3374 4896 quas
3405 4829 3535 4880 linat

1940 4926 2101 4984 simul
2123 4925 2347 4979 ducenta
2375 4924 2637 4994 octoginta
2667 4940 2679 4977 :
2702 4936 2926 4993 quorum
2954 4922 2996 4975 si
3023 4931 3245 4975 centena
3278 4926 3456 4973 essent
3481 4919 3534 4971 in

1948 5017 2205 5074 lateribus
2233 5016 2440 5071 duobus
2478 5016 2642 5069 austri
2680 5024 2733 5069 et
2777 5014 3057 5085 aquilonis,
3102 5012 3186 5066 ubi
3227 5012 3532 5065 vicenarum

1943 5112 2313 5167 columnarum
2350 5108 2568 5163 ordines
2599 5115 2743 5171 sunt,
2774 5105 3109 5175 mtadragena
3148 5104 3328 5172 utique
3356 5103 3534 5157 cubita

1946 5203 2290 5258 tenderentur
2320 5216 2412 5270 per
2434 5200 2534 5254 alia
2560 5201 2664 5252 duo
2691 5199 2855 5251 lauare
2883 5196 3105 5249 orientis
3133 5203 3187 5249 et
3218 5195 3532 5261 occidentis,

1943 5304 2000 5352 et
2031 5291 2375 5364 preportione
2409 5297 2755 5345 occurrerant
2800 5289 2852 5340 in
2899 5295 3021 5339 octo
3063 5287 3328 5341 columnis
3356 5287 3534 5341 cubita

1947 5388 2315 5459 quadraginta,
2345 5386 2479 5438 sicut
2507 5384 2558 5436 in
2586 5382 2765 5452 viginti
2797 5379 3062 5435 columnis
3089 5381 3260 5433 cubita
3284 5390 3528 5446 centum;

1946 5481 2041 5537 sed
2070 5495 2172 5534 neu
2213 5487 2389 5531 essem
2418 5476 2652 5545 IOIgiortt
2686 5476 2846 5527 latera
2891 5473 3173 5526 exterioris
3215 5474 3355 5537 atrii,
3401 5463 3535 5543 quo-

1948 5575 2089 5628 niam
2118 5570 2357 5624 centenis
2381 5568 2570 5621 cubitis
2590 5566 2804 5620 deﬁnita
2835 5575 2957 5618 sunt
2983 5582 2994 5626 ;
3024 5572 3079 5619 et
3108 5563 3225 5619 ideo
3254 5580 3361 5619 non
3390 5574 3535 5621 esset

1948 5661 2396 5738 quemadmodum
2428 5662 2515 5717 ille
2550 5660 2682 5717 ordo
2720 5660 2905 5717 decem
2944 5660 3312 5717 columnarum
3344 5661 3410 5716 ab
3435 5676 3531 5716 an-

1948 5812 1969 5847 ,
2002 5782 2033 5847 γι
2057 5778 2195 5845 Editi,
2217 5790 2401 5831 earum.
2428 5784 2486 5831 At
2503 5786 2629 5830 Mssa
2647 5789 2812 5832 eorum
2834 5775 3083 5831 :rcfertur
3106 5775 3163 5827 ad
3189 5777 3415 5829 tentoria.
