3862 6300
488 185 593 244 863
1301 195 1757 264 ΟυᾹΞΞΤΙΟΝυΜ
1795 203 1853 258 S.
1897 204 2009 259 AUl

2120 204 2260 263 ‘i'l‘lNl
2302 213 2367 267 lN
2405 216 2720 280 llEPTATE
2729 225 2960 289 UCHUM
3633 260 3706 321 668

483 302 607 372 gulo
634 304 852 359 australi
879 306 931 361 in
957 308 1206 378 angulum
1232 310 1555 380 aquilonium
1596 315 1890 373 includeret
1924 320 2065 374 ordi-

481 410 603 448 nem
638 397 953 451 interiorum
995 409 1115 453 octo
1152 401 1538 457 columnarum.
1584 405 1809 463 Proinde
1836 420 1885 462 ut
1928 414 2065 464 atrio

479 485 713 555 undique
756 488 1110 543 circumdelur
1145 490 1364 548 interius
1407 495 1818 561 tabernaculum,
1850 512 2063 569 oportet

476 577 605 631 illud
638 592 755 632 esse
785 580 943 633 etiam
975 581 1317 652 longitudinis
1353 584 1612 641 brevioris
1638 608 1649 643 :
1679 599 1837 659 atque
1869 593 1934 645 ita
1969 609 2061 647 ne—

477 683 627 723 cesse
664 670 731 723 sit
759 671 972 726 vicenas
1011 673 1127 741 ejus
1155 675 1428 731 columnas
1467 678 1518 732 in
1548 680 1754 735 duobus
1783 683 2054 751 lateribus,

471 760 665 828 quibus
692 761 741 813 iii
772 761 985 831 longum
1020 766 1322 835 porrigitur,
1355 767 1573 824 densius
1595 774 1865 839 constitui,
1897 792 2054 845 quam

470 860 594 904 sunt
619 853 736 904 atrii
760 854 1041 908 exterioris
1060 857 1216 910 etiam
1242 859 1368 927 ipsa:
1396 862 1624 927 vicenas;
1657 872 1711 919 et
1740 869 1906 920 rarius
1932 880 2053 923 octo

469 943 745 996 columnas
799 943 1122 1001 tabernaculi
1164 948 1427 1003 interioris
1474 969 1502 1004 a
1544 964 1694 1024 parte
1736 957 2045 1023 occidentis,

466 1049 624 1104 quam
652 1033 835 1089 decem
856 1051 918 1089 ex
940 1036 1125 1091 eadem
1148 1048 1296 1107 parte
1315 1041 1431 1094 atrii
1459 1044 1738 1099 exterioris
1761 1064 1774 1100 :
1797 1049 2047 1116 quoniam

466 1127 717 1197 quidquid
762 1129 935 1184 minus
974 1130 1270 1185 cubitorum
1298 1149 1363 1187 ex
1392 1134 1494 1189 illis
1523 1138 1704 1191 aulicis
1743 1143 2048 1197 extenditur

464 1221 518 1273 in
548 1222 807 1277 columnis
831 1224 1031 1279 vicenis
1048 1225 1271 1282 duorum
1302 1228 1525 1285 laterum
1548 1232 1612 1287 ad
1639 1244 1874 1291 austrum
1903 1249 1950 1293 et
1976 1240 2041 1292 ad

458 1315 781 1384 aquilonem,
812 1320 1260 1387 compensandum
1288 1332 1369 1377 est
1392 1325 1662 1382 latitudine
1690 1330 1961 1387 orientalis
1989 1344 2043 1389 et

456 1406 800 1461 occidentalis
830 1409 1026 1472 lateris,
1059 1422 1114 1464 ut
1140 1411 1362 1468 ducenta
1394 1419 1655 1488 octoginta
1692 1423 1866 1476 cubita
1899 1440 2032 1479 con-

453 1508 786 1553 summentur
829 1501 1138 1557 aulmorum.
1182 1503 1298 1558 Non
1330 1508 1470 1562 enim
1510 1512 1648 1564 sicut
1677 1513 1744 1567 de
1770 1517 1901 1570 velis
1943 1533 2037 1572 ca-

454 1589 702 1656 pillaciis,
736 1590 823 1643 ubi
857 1606 1015 1645 unum
1043 1594 1160 1661 plus
1190 1606 1291 1659 est,
1332 1596 1401 1651 ita
1428 1608 1482 1652 et
1507 1599 1574 1655 ile
1606 1602 1686 1655 liis
1714 1606 1897 1660 aulicis
1920 1608 2036 1676 jus-

453 1680 523 1733 sit
555 1680 751 1749 aliquid
779 1681 1056 1752 duplicari.
1086 1685 1419 1756 Quapropter
1445 1690 1490 1744 si
1524 1701 1727 1749 tantum
1768 1697 2035 1754 breviatur

452 1772 722 1841 longitudo
760 1776 1082 1832 tabernaculi
1120 1779 1405 1848 interioris,
1437 1784 1577 1853 quod
1618 1787 1685 1839 ab
1712 1789 1849 1842 atrio
1879 1802 2030 1847 exte-

449 1863 592 1917 riore
627 1875 802 1933 posset
834 1866 1049 1931 includi,
1084 1880 1136 1923 ut
1170 1869 1222 1923 iu
1253 1872 1452 1927 vicenis
1483 1874 1600 1943 ejus
1633 1878 1895 1934 columnis
1923 1898 2028 1939 non

447 1965 667 2010 centena
690 1958 865 2013 cubita
894 1961 1174 2016 tendantur
1193 1964 1481 2021 anlteorum
1505 1985 1518 2030 ;
1543 1969 1635 2023 sed
1667 1973 1809 2026 verbi
1834 1975 2023 2044 gratia,

445 2056 503 2101 ut
538 2050 809 2103 minimum
853 2066 1122 2122 iionagena
1165 2065 1218 2109 et
1252 2072 1400 2123 sena,
1445 2068 1500 2112 ut
1526 2063 1798 2128 quaternis
1835 2066 2024 2121 cubitis

442 2139 682 2195 brexiora
711 2138 853 2195 sint:
883 2141 994 2197 lucc
1025 2144 1133 2214 ipsa
1164 2157 1418 2216 quaterna
1462 2150 1658 2217 cubita,
1692 2154 1741 2208 id
1782 2166 1864 2211 est
1902 2168 2025 2213 octo

442 2231 614 2284 cubita
656 2233 706 2285 in
748 2232 880 2286 duos
919 2234 1035 2289 aliis
1066 2236 1314 2293 lateribus
1353 2240 1536 2311 utique
1567 2244 1825 2299 tendenda
1874 2260 2018 2316 sunt,

440 2321 682 2376 orientali
722 2332 772 2377 et
802 2325 1147 2393 occidentali;
1180 2344 1243 2383 ac
1273 2331 1349 2384 sic
1385 2332 1435 2385 in
1467 2332 1573 2387 illis
1611 2347 1732 2389 octo
1756 2338 2021 2397 columnis

437 2412 852 2468 occidentalibus
878 2416 1201 2473 tabernaculi
1229 2421 1494 2477 interioris
1529 2442 1633 2480 nou
1659 2431 2020 2489 extenduntur

435 2504 612 2558 cubita
639 2508 1003 2577 quadraginta,
1054 2511 1144 2565 sed
1174 2514 1516 2585 quadraginta
1547 2529 1790 2589 quatuor.
1832 2533 1885 2578 et
1913 2526 2015 2581 alia

433 2597 777 2666 quadraginta
805 2609 1029 2668 quatuor
1068 2602 1135 2655 ab
1161 2605 1386 2659 oriente.
1430 2607 1561 2662 Cum
1589 2626 1717 2680 ergo
1747 2613 1796 2666 in
1828 2615 2012 2671 decem

431 2688 691 2742 columnis
729 2691 1005 2746 exterioris
1049 2694 1169 2748 atrii
1213 2700 1503 2753 tenduntur
1540 2703 1713 2757 cubita
1753 2708 2012 2778 quinqua-

431 2778 595 2847 ginta,
626 2780 675 2834 in
707 2790 828 2834 octo
856 2792 1031 2837 autem
1075 2784 1341 2842 interioris
1371 2789 1691 2848 tabernaculi
1725 2798 2013 2854 tenduntur

428 2870 604 2924 cubita
634 2872 976 2944 quadraginta
1008 2886 1257 2945 quatuor.
1303 2881 1502 2937 rariora
1546 2884 1885 2942 inveniuntur
1930 2893 2012 2945 in-

433 2960 651 3014 tervalla
692 2961 1001 3019 interiorum
1043 2977 1165 3021 octo
1193 2970 1557 3028 columnarum
1584 2993 1740 3045 quam
1778 2982 2008 3035 exterio-

428 3065 544 3105 rum
567 3051 748 3108 decem
779 3072 789 3107 :
815 3057 934 3125 quia
961 3058 1003 3111 si
1034 3059 1175 3127 paria
1202 3072 1397 3125 essent,
1430 3064 1498 3117 ita
1528 3066 1578 3118 in
1606 3070 1866 3125 columnis
1886 3081 2007 3127 octo

426 3144 771 3213 quadraginta
821 3146 993 3200 cubita
1038 3149 1395 3217 tenderentur,
1448 3155 1584 3210 sicut
1625 3158 2003 3230 quinquaginta

425 3233 778 3287 tendebantur
795 3235 843 3287 in
860 3234 1042 3291 decem
1062 3252 1077 3303 ;
1100 3240 1348 3308 quoniam
1365 3244 1501 3311 quod
1524 3255 1645 3300 sunt
1663 3251 2004 3317 pr0portioue

424 3332 546 3376 octo
570 3323 635 3377 ad
658 3324 858 3391 decem,
890 3326 991 3382 hoc
1010 3330 1489 3403 suntquadragiuta
1508 3336 1574 3390 ad
1600 3339 1998 3410 quinquaginta.

423 3412 729 3479 Quioarium
744 3416 936 3487 quippe
954 3435 1229 3475 numerum
1242 3422 1582 3494 quadraginta
1600 3430 1764 3484 octies
1782 3430 1996 3500 habent,

423 3506 797 3575 quinquaginta
826 3509 1003 3565 decies

490 3595 577 3649 ll.
606 3595 704 3669 [lb.
734 3599 938 3671 ιιι-16]
966 3600 1075 3658 Nec
1098 3616 1196 3657 nos
1223 3617 1496 3662 moverent
1527 3610 1888 3670 columnarum
1916 3616 1998 3673 in-

418 3688 637 3741 tervalla
664 3689 918 3759 disparia,
949 3693 1088 3761 quod
1115 3693 1390 3751 densiores
1412 3698 1463 3752 in
1487 3700 1736 3761 lateribus
1763 3707 1993 3777 longitu-

415 3778 553 3832 dinis
584 3792 923 3848 ponerentur,
956 3784 1041 3837 ubi
1068 3785 1265 3840 viciniae
1294 3798 1440 3855 sunt,
1470 3794 1698 3849 rariores
1726 3809 1903 3854 autem
1936 3803 1989 3858 in

415 3866 581 3923 latere
613 3870 931 3935 latitudinis,
965 3872 1053 3926 ubi
1092 3886 1214 3928 octo
1245 3886 1394 3942 sunt,
1432 3881 1529 3934 nisi
1561 3884 1701 3937 aliud
1738 3889 1992 3947 existeret

413 3960 553 4029 quod
596 3972 807 4030 urgeret
837 3972 1041 4017 mutare
1070 3969 1402 4022 sententiam.
1436 3968 1564 4027 Cum
1588 3977 1729 4030 enim
1757 3996 1991 4037 comme-

414 4063 675 4105 morasset
708 4054 1084 4121 longitudinem
1122 4057 1242 4111 atrii
1269 4060 1334 4113 ad
1367 4076 1511 4119 mare
1539 4064 1733 4122 habere
1760 4076 1987 4129 tentoria

413 4142 794 4212 quinquaginta
823 4145 1211 4214 cubitorum,et
1236 4151 1506 4209 columnas
1529 4156 1805 4222 dei-ein,et
1835 4162 1987 4220 bases

408 4247 587 4287 earum
616 4234 799 4289 decem
822 4254 835 4301 ;
865 4246 917 4291 et
957 4238 1283 4297 latitudinem
1313 4244 1431 4299 atrii
1466 4246 1531 4301 ad
1572 4250 1829 4307 orientem
1858 4255 1985 4313 item

405 4324 781 4397 quinquaginta
809 4330 1126 4395 cubitorum,
1155 4344 1209 4388 ct
1246 4338 1519 4393 columnas
1542 4342 1726 4397 decem
1754 4357 1805 4399 et
1830 4346 1985 4405 bases

404 4416 625 4483 decem;
658 4430 815 4489 atque
842 4420 925 4474 bis
949 4422 1104 4478 dictis
1140 4426 1367 4494 perfecta
1402 4429 1670 4486 videretur
1707 4435 1873 4491 forma
1902 4450 1981 4493 ia-

402 4510 672 4566 bernaculi
714 4528 836 4566 cum
866 4516 1000 4568 atrio
1036 4530 1134 4571 suo
1175 4518 1405 4589 undique
1454 4524 1752 4591 ambiente,
1801 4529 1980 4599 injecit

401 4602 541 4657 aliud
562 4643 575 4666 ,
607 4604 747 4672 quod
785 4604 872 4658 ubi
902 4615 955 4660 et
995 4609 1262 4676 quomodo
1311 4612 1705 4682 intelligendum
1742 4621 1841 4683 sit,
1873 4622 1976 4677 dil-

400 4694 633 4749 ﬁcillime
676 4701 975 4764 reperitur:
1005 4697 1073 4752 Et
1112 4702 1425 4769 quindecim,
1468 4706 1670 4783 inquit,
1698 4711 1976 4771 cubitorum

398 4786 725 4839 tentoriorum
770 4785 988 4841 altitudo
1027 4788 1173 4844 lateri
1206 4792 1295 4844 imi
1317 4808 1336 4846 :
1358 4795 1604 4852 columna:
1640 4816 1811 4856 eorum
1854 4816 1971 4875 tres,

394 4891 445 4933 et
476 4879 617 4933 bases
647 4895 819 4933 earum
850 4890 967 4934 tres.
999 4879 1068 4934 Et
1089 4882 1219 4936 latus
1238 4886 1545 4956 secundum,
1576 4894 1857 4962 quindecim
1880 4917 1973 4954 cu-

397 4968 611 5023 bitorum
645 4971 969 5023 tentoriorum
997 4971 1211 5025 altitudo
1251 4989 1270 5028 :
1310 4977 1558 5033 columnae
1590 5000 1759 5040 eorum
1777 5000 1892 5055 tres,
1926 5003 1973 5047 et

391 5063 532 5115 bases
548 5079 717 5114 eurum
755 5073 869 5116 tres.
911 5061 976 5115 Et
1002 5074 1160 5131 porta!
1186 5067 1304 5120 atrii
1330 5078 1554 5140 tegumen
1580 5075 1751 5147 uiginti
1773 5084 1968 5139 cubito-

389 5171 499 5208 rum
537 5156 751 5208 altitudo
786 5157 847 5209 de
885 5155 1155 5227 hyacintho
1189 5166 1236 5212 et
1277 5177 1502 5231 purpura
1539 5175 1583 5219 et
1610 5185 1754 5223 cocco
1782 5182 1894 5226 ueto
1920 5185 1969 5228 et

392 5248 537 5314 bysso
564 5256 694 5299 tortu
715 5288 728 5304 .
756 5248 994 5301 varietate
1029 5266 1124 5304 acu
1155 5252 1288 5321 picta
1320 5269 1338 5307 .'
1366 5254 1613 5311 columna:
1639 5277 1809 5316 earum
1834 5281 1965 5335 qua-

390 5348 502 5390 turrr
527 5351 569 5389 et
600 5341 737 5392 bases
764 5355 937 5391 eorum
984 5354 1215 5410 quatuor.
1260 5345 1381 5401 lla'c
1422 5348 1506 5404 ubi
1546 5354 1961 5425 constituantur,

385 5428 610 5495 perfecti
638 5429 723 5481 illa
760 5431 921 5484 l'orina
964 5433 1306 5501 tabernaculi,
1342 5456 1443 5494 non
1470 5442 1623 5498 video
1649 5463 1661 5496 :
1684 5448 1776 5502 sed
1806 5450 1962 5518 plane

346 5520 532 5569 'vidvo
567 5519 809 5571 eumdem
855 5538 973 5575 esse
1021 5540 1295 5582 numerum
1337 5534 1699 5592 Columnarum
1746 5540 1955 5612 decem,

378 5608 432 5662 in
480 5607 647 5663 tribus
676 5619 729 5663 et
776 5609 942 5666 tribus
987 5624 1042 5669 et
1082 5628 1327 5687 quatuor,
1356 5627 1519 5683 ternis
1552 5630 1755 5690 scilicet
1800 5650 1831 5691 a
1873 5607 1955 5693 la;

2181 324 2379 381 teribus
2420 340 2475 386 et
2522 346 2748 404 quatuor
2783 342 2837 397 in
2892 348 3086 419 medio.
3128 354 3211 411 Ac
3254 371 3351 427 per
3391 363 3488 419 hoc
3525 375 3701 430 tentoria

2176 414 2263 471 illa
2318 424 2695 499 quinquaginta
2753 414 3049 497 cubitorum
3117 461 3230 503 non
3255 414 3514 511 'contexta
3554 475 3700 534 emat,

2173 524 2240 563 ne
2284 514 2455 569 aditus
2506 520 2556 574 in
2605 524 2742 579 atrio
2792 532 2969 587 nullus
3029 537 3144 592 sit:
3177 542 3274 597 sed
3326 547 3590 614 quindenis
3629 514 3699 609 cu:

2168 600 2290 655 bilis
2338 608 2507 664 media
2554 614 2729 685 viginti
2777 622 2955 679 cubita
3003 600 3427 703 separabantur,
3466 651 3518 696 ut
3552 643 3702 706 iaciant

2169 707 2335 762 porta:
2387 703 2709 764 tabernaculi
2759 716 3024 785 tegimen,
3071 721 3174 777 hoc
3222 731 3555 798 est‘velum.
3593 703 3699 807 quod

2165 802 2480 847 ornamento
2521 799 2923 877 velamentoque
2951 810 3291 885 dependeat,
3332 830 3387 876 et
3418 832 3580 881 teneat
3607 799 3698 901 spa-

2165 879 2292 937 tium
2329 895 2558 954 quatuor
2601 895 3000 970 columnarum,
3025 879 3187 975 *σμιοά
3432 879 3699 993 atrii

2163 981 2326 1030 tatum
2369 991 2530 1051 atque
2576 1000 2877 1057 separatum
2918 1006 3019 1050 est.
3057 999 3182 1055 Ideo
3222 1005 3462 1063 velamen
3501 981 3647 1082 ipsum
3675 1033 3696 1073 ι

2163 1062 2227 1082 .ν.
2298 1068 2328 1082 -.
2511 1074 2523 1082 -
2584 1076 2595 1082 -

2158 1062 2413 1158 lateribus
2436 1074 2757 1143 qiiinilenum
2797 1084 3097 1145 cubitorum
3133 1091 3369 1152 divisum
3405 1062 3553 1171 atque
3574 1121 3696 1176 sepa-

2156 1168 2363 1226 ratum,
2389 1167 2549 1222 etiam
2592 1174 2771 1240 specie
2809 1175 3059 1251 distingui
3098 1186 3304 1255 Voluit,
3349 1200 3406 1244 ut
3444 1167 3595 1265 opere

2153 1249 2299 1315 picto
2319 1266 2549 1321 quatuor
2570 1260 2672 1316 illis
2692 1264 2960 1324 coloribus
2986 1274 3303 1332 variaretur.
3336 1281 3441 1337 Sed
3466 1249 3609 1341 tim-ra
3630 1290 3694 1347 illa

2151 1336 2477 1403 quindeuuiu
2512 1345 2808 1405 cubitorum
2835 1352 2959 1409 hinc
2985 1368 3144 1429 atque
3174 1362 3303 1419 hinc
3328 1375 3502 1422 ternas
3525 1372 3694 1428 colum-

2149 1440 2248 1480 nas
2297 1427 2637 1498 halientiuiu,
2683 1438 2727 1493 si
2769 1441 2835 1496 ad
2880 1449 3120 1504 eamdem
3166 1452 3326 1509 linea:
3367 1459 3693 1519 rectitudiiiem

2147 1528 2314 1586 porta:
2348 1523 2469 1578 atrii
2500 1528 2907 1601 conjungautur,
2937 1546 3167 1598 nouerit
3210 1549 3444 1614 spatium
3477 1553 3603 1608 inter
3620 1556 3692 1610 de-

2145 1623 2261 1665 cem
2292 1615 2571 1673 columnas
2615 1626 2893 1682 exterioris
2925 1632 3045 1686 atrii
3089 1645 3143 1689 et
3180 1647 3310 1693 octo
3353 1640 3602 1699 interioris
3632 1656 3690 1702 ta-

2142 1699 2432 1766 bernaculi.
2463 1710 2550 1764 ubi
2572 1712 2639 1766 sit
2660 1714 2827 1771 altare
2853 1720 3085 1791 quinque
3107 1726 3436 1797 cubitorum,
3466 1734 3687 1803 quadrum

2139 1808 2406 1865 occupans
2427 1803 2687 1869 spatium;
2715 1816 2771 1862 et
2794 1819 2916 1864 ante
2948 1812 3116 1882 ipsum
3143 1818 3338 1886 altare,
3363 1823 3448 1878 ubi
3467 1827 3687 1883 serviatur

2135 1884 2323 1952 altari;
2346 1899 2397 1943 ct
2430 1890 2567 1947 inter
2591 1895 2762 1965 ipsum
2789 1911 2839 1955 ct
2861 1904 3053 1960 ostium
3077 1907 3407 1968 tabernaculi
3432 1914 3683 1983 interioris,

2137 1974 2226 2030 ubi
2255 1978 2324 2032 sit
2354 1979 2556 2037 labrum
2594 2002 2822 2043 aureum.
2864 1992 2954 2050 Sic
2998 1998 3138 2052 enim
3180 2015 3310 2070 poni
3348 2004 3547 2073 jussum
3590 1974 3681 2075 est,

2134 2067 2275 2123 unde
2305 2086 2492 2127 manus
2517 2083 2572 2129 et
2601 2078 2763 2147 pedes
2801 2084 3105 2141 sacerdotes
3142 2090 3352 2157 lavent,
3380 2096 3581 2165 quando
3616 2099 3681 2151 in-

2133 2167 2271 2215 trant
2320 2164 2747 2238 tabernaculum,
2796 2176 2877 2229 vel
2913 2180 3124 2247 quando
3166 2164 3430 2243 accedunt
3467 2198 3522 2244 ut
3554 2191 3679 2247 altari

2129 2249 2467 2309 deserviant:
2496 2260 2635 2329 quod
2665 2262 2762 2317 nisi
2796 2263 2925 2321 foris
2950 2284 2979 2322 a
3008 2271 3357 2331 tabernaculo
3386 2280 3437 2335 in
3460 2281 3584 2335 atrio
3614 2282 3680 2338 in-

2131 2344 2526 2416 tellexerimus,
2572 2356 2839 2423 quomodo
2872 2373 3091 2428 possunt
3126 2368 3278 2437 prius
3312 2370 3487 2428 lavare
3521 2390 3678 2429 manus

2125 2444 2178 2488 et
2207 2437 2396 2503 pedes,
2425 2450 2478 2495 et
2521 2443 2599 2497 sic
2644 2446 3040 2508 tabernaculum
3069 2457 3332 2516 introire?
3358 2462 3505 2520 Foris
3526 2476 3676 2522 autem
3700 2454 3707 2461 “

2124 2526 2191 2579 ab
2233 2532 2368 2585 atrio
2419 2550 2523 2589 non
2570 2553 2853 2606 possumus
2890 2544 3059 2604 altare
3099 2562 3371 2623 statuere;
3397 2559 3512 2627 quia
3537 2569 3584 2613 et
3609 2570 3673 2615 ta-

2123 2616 2461 2678 bernaculum
2488 2636 2541 2681 et
2568 2629 2734 2684 altare
2762 2634 3075 2695 circumdari
3108 2646 3250 2698 atrio
3305 2649 3564 2720 praecepit.
3586 2650 3673 2706 lle-

2120 2716 2223 2761 stat
2262 2711 2417 2780 igitur
2457 2725 2514 2787 ut
2560 2718 2644 2771 illa
2688 2721 2848 2777 latera
2888 2728 3217 2796 quindenuiii
3249 2711 3540 2794 cubitorum
3573 2742 3673 2797 hinc

2117 2808 2275 2869 atque
2306 2803 2453 2870 liinc,
2486 2818 2535 2861 et
2565 2810 2930 2873 columnarum
2961 2829 3263 2885 teruaruni.
3288 2828 3671 2900 sicaeeipiamus

2115 2902 2145 2940 a
2175 2888 2459 2961 lateribus,
2487 2906 2541 2950 iit
2574 2899 2681 2969 ipsa
2718 2901 2910 2960 faciant
2948 2908 3285 2971 intervallum
3318 2888 3527 2973 totidem
3548 2920 3670 2975 cubi-

2117 2986 2288 3036 torum
2314 2985 2328 3015 ⁸
2360 2985 2498 3041 inter
2529 3002 2731 3059 portam
2757 2998 2877 3052 atrii
2905 3009 2959 3054 et
2984 3004 3179 3059 ostium
3210 3007 3527 3067 tabernaculi
3556 3012 3669 3067 inte-

2114 3070 2271 3129 rioris
2307 3092 2320 3127 :
2364 3088 2572 3146 portam
2613 3086 2825 3153 qu'dein
2872 3102 3134 3159 patentem
3175 3099 3362 3170 viginti
3414 3102 3589 3157 cubitis
3622 3103 3665 3157 in

2112 3173 2339 3231 quatuor
2362 3170 2645 3237 columnis,
2670 3186 2723 3230 et
2751 3177 3035 3237 habentem
3059 3187 3233 3243 velum
3255 3206 3352 3245 acu
3377 3194 3509 3262 picto
3526 3209 3665 3264 Opere

2111 3257 2367 3314 variatum
2410 3264 2591 3333 viginti
2616 3269 2948 3337 cubitorum;
2980 3279 3172 3335 ostium
3200 3299 3331 3339 vero
3370 3286 3662 3342 tabernaculi

2108 3345 2360 3413 interius,
2395 3354 2480 3408 tibi
2530 3370 2757 3425 ponatur
2799 3364 3036 3421 velamen
3068 3369 3194 3426 illud
3238 3375 3291 3429 in
3325 3377 3548 3447 quinque
3583 3392 3661 3431 co-

2108 3435 2304 3493 lumnis
2330 3453 2598 3499 extentum
2635 3453 2810 3520 :quod
2843 3455 3021 3526 utique
3047 3475 3149 3513 non
3180 3465 3318 3518 intra
3350 3466 3492 3521 illum
3526 3465 3654 3521 ordi-

2106 3542 2227 3582 nem
2255 3540 2375 3586 octe
2401 3534 2801 3605 columnarum,
2831 3544 2922 3598 sed
2949 3559 3095 3603 extra
3127 3550 3257 3607 foris
3282 3556 3349 3611 ad
3370 3557 3550 3612 atrium
3577 3570 3657 3625 po-

2104 3617 2263 3675 situm
2313 3623 2605 3697 intelligi-re
2649 3630 2926 3689 debemus.
2976 3637 3123 3695 Tunc
3170 3646 3318 3701 enim
3369 3648 3467 3702 erit
3504 3649 3655 3702 velum

2101 3712 2222 3763 ostii
2260 3713 2612 3783 tabernaculi,
2668 3724 2807 3790 quod
2842 3727 3032 3782 ostium
3071 3739 3322 3803 tauquam
3360 3738 3517 3793 valvis
3548 3752 3656 3807 ape-

2103 3800 2352 3866 riebatur,
2399 3806 2484 3862 ubi
2529 3811 2695 3865 aulaea
2749 3814 2885 3870 inter
2927 3836 2985 3874 se
3029 3823 3243 3880 circulis
3287 3838 3341 3885 et
3383 3830 3522 3885 ansis
3562 3843 3651 3882 non

2097 3896 2571 3966 conjungebantur.
2596 3905 2699 3958 Aut
2725 3906 2768 3959 si
2798 3906 2929 3962 forte
2954 3910 3088 3968 intra
3119 3914 3266 3973 illum
3292 3920 3525 3977 ordinem
3548 3929 3651 3975 oeto

2096 3985 2460 4044 columnarum
2493 3992 2812 4052 tabernaculi
2850 4000 3114 4058 interioris
3136 4047 3151 4068 ,
3184 4011 3544 4080 opponelmtur
3565 4012 3651 4065 hoc

2096 4078 2336 4134 velamen
2386 4085 2438 4136 in
2475 4084 2709 4154 quinque
2752 4090 3014 4148 columnis
3054 4097 3190 4151 ostio
3219 4078 3560 4166 tabernaculi,
3601 4109 3647 4154 iit

2092 4171 2304 4238 quando
2344 4175 2701 4242 aperiebatur,
2742 4180 2991 4239 interiora
3034 4203 3138 4241 non
3170 4193 3511 4259 nudarentur.
3537 4208 3643 4249 nea

2089 4264 2536 4331 prospicientibus
2565 4270 2899 4337 viderentur;
2920 4278 3060 4345 quod
3088 4290 3263 4338 tamen
3294 4289 3525 4341 velamen
3548 4286 3644 4338 sive

2090 4353 2313 4409 interius
2350 4358 2417 4413 ab
2462 4359 2552 4413 illo
2601 4362 2787 4418 ordine
2830 4367 3228 4437 columnarum,
3281 4378 3394 4435 sive
3433 4378 3643 4434 exterius

2089 4455 2393 4513 poneretur,
2421 4449 2560 4517 quod
2584 4468 2687 4506 non
2718 4456 3037 4514 satisclucet
3061 4480 3074 4517 :
3103 4469 3284 4533 procul
3314 4469 3470 4525 dubio
3496 4469 3641 4522 dista-

2085 4530 2173 4587 bat
2196 4534 2469 4592 modcrato
2486 4540 2762 4598 intervallo
2782 4547 2848 4602 ab
2866 4548 3052 4605 eodem
3069 4530 3257 4612 ordine
3274 4560 3637 4621 columnarum,

2084 4639 2151 4679 ne
2165 4626 2395 4698 quinque
2409 4632 2669 4689 columna:
2691 4637 2756 4689 ad
2776 4650 3005 4708 quatuor
3017 4645 3289 4705 columnas
3303 4651 3512 4706 densius
3525 4664 3637 4703 con-

2081 4715 2287 4784 stipata:
2308 4759 2323 4782 ,
2354 4720 2762 4782 intercluderent
2792 4732 2966 4799 potius
2985 4733 3207 4802 aditum,
3229 4756 3384 4811 quam
3402 4742 3632 4797 velari-nt.

2152 4808 2239 4863 12.
2279 4810 2577 4869 Secundum
2610 4818 2765 4873 istum
2797 4822 2969 4893 itaque
3005 4826 3216 4885 inodum
3237 4808 3260 4896 ,i
3283 4843 3335 4887 et
3366 4830 3631 4888 secundum

2079 4894 2217 4953 hanc
2241 4899 2463 4956 formam
2496 4904 2817 4963 tabernaculi
2850 4913 2977 4966 nihil
3015 4917 3123 4985 jam
3165 4936 3297 4989 opus
3323 4933 3401 4977 est
3442 4922 3630 4975 vicinas

2077 4989 2196 5044 illas
2248 4993 2523 5047 columnas
2581 4997 2801 5054 laterum
2876 5005 3141 5065 interioris
3209 5013 3522 5069 tabernaculi
3571 5008 3627 5061 ad

2077 5093 2313 5137 austrum
2350 5094 2401 5139 et
2438 5088 2738 5156 aquilonem
2782 5098 3101 5155 constituere
3140 5103 3440 5169 densiores,
3467 5111 3518 5159 et
3550 5115 3625 5155 ia-

2074 5173 2245 5228 riores
2302 5175 2415 5229 illas
2467 5189 2586 5233 octo
2637 5180 2809 5239 facere
2844 5204 2960 5258 qua:
2998 5193 3065 5245 ab
3110 5198 3381 5255 occidente
3418 5198 3620 5252 fuerant-

2072 5262 2265 5319 Drcem
2313 5266 2507 5336 quippe
2546 5271 2648 5325 illa:
2689 5275 2809 5331 atrii
2842 5284 3121 5340 exterioris
3158 5288 3226 5342 ab
3266 5289 3446 5345 eadem
3488 5292 3621 5357 parte

2069 5355 2358 5411 occidentis
2384 5374 2486 5415 non
2518 5360 2731 5434 longum
2762 5371 2999 5427 ordinem
3033 5376 3226 5436 faciunt
3252 5383 3616 5440 coliiinnarumr

2068 5460 2174 5516 quo
2209 5447 2545 5507 includantur
2568 5466 2687 5511 octo
2724 5458 3037 5533 interiores,
3076 5471 3168 5525 sed
3211 5476 3373 5532 ternis
3399 5475 3462 5529 ab
3484 5481 3615 5526 utru-

2128 5653 2147 5686 ί
2170 5654 2242 5705 sic
2257 5660 2365 5705 uss.
2392 5662 2448 5708 At
2462 5656 2599 5723 editi,
2621 5659 2799 5726 aliquot
2817 5664 3097 5724 cubitorum.
