3862 6306
72 412 187 468 que
220 397 415 452 latere
442 394 780 459 constitutis,
811 405 866 450 et
888 402 1116 466 quatuor
1139 395 1191 449 in
1218 403 1372 465 porta
1395 395 1436 458 ⁸,
1475 393 1705 463 spatium

74 487 481 550 concludunt,
511 487 599 541 ubi
625 495 679 542 ct
700 487 867 542 altare
900 489 969 542 sit
1005 487 1514 543 ltnlncanstomatnm
1561 488 1699 542 intra

75 590 306 650 portam
335 578 477 634 atrii
505 588 628 633 ante
652 582 845 633 ostium
874 580 1228 640 tabernaculi:
1251 590 1301 636 et
1331 580 1535 634 labrum
1568 580 1708 635 inter

77 673 291 727 ostium
324 671 672 726 tabernaculi
700 684 753 725 et
779 672 975 735 altare;
1010 681 1066 727 et
1091 673 1422 727 intervallum
1455 687 1703 727 necesse-

80 765 228 817 rium
259 761 584 816 ministerio
608 763 745 817 inter
775 763 942 818 altare
967 773 1021 818 et
1046 773 1250 832 portam
1277 764 1396 818 atrii
1422 781 1436 817 :
1460 774 1513 819 ct
1536 765 1613 819 sic
1643 765 1707 819 il-

79 852 174 908 lud
209 862 400 907 totum
442 854 670 921 Spatium
701 854 820 908 atrii
841 854 1172 909 concluditur
1199 854 1462 909 columnis
1484 855 1703 922 decem,

81 943 264 999 tribus
294 943 373 997 ab
400 944 678 1014 aquilone,
713 954 768 999 et
797 945 962 999 tribus
987 944 1054 998 ab
1080 956 1282 1009 austro,
1305 955 1361 1000 et
1387 955 1615 1015 quatuor
1637 946 1706 1001 ab

79 1034 423 1095 occidente,
461 1045 711 1104 tauquam
741 1036 784 1088 si
814 1044 854 1090 tl
887 1049 1113 1105 ganeam
1159 1036 1386 1090 litteram
1429 1035 1607 1091 facias.
1638 1036 1707 1091 Et

81 1125 161 1178 sic
188 1124 606 1194 adjungebatur
633 1126 770 1181 idem
799 1128 1025 1196 spatium
1053 1127 1275 1198 longiori
1303 1129 1475 1183 ordini
1502 1130 1707 1193 Colum-

83 1233 283 1270 narum
327 1217 669 1272 tabernaculi
704 1219 991 1287 interioris,
1015 1231 1261 1292 tanquam
1288 1223 1332 1278 si
1370 1223 1436 1278 ad
1473 1225 1704 1279 litteram

84 1318 467 1364 mem-iratam
493 1350 509 1373 ,
536 1326 601 1365 ex
642 1325 704 1366 ea
735 1321 885 1381 parte
912 1328 1013 1384 qua
1058 1330 1161 1369 non
1207 1314 1404 1381 liabet,
1447 1317 1703 1388 adjungas

84 1400 285 1457 litti-rze
316 1402 736 1471 prmlnctinnem
759 1420 877 1475 quae
918 1407 1020 1461 iota
1052 1408 1282 1473 dicitur;
1316 1419 1372 1464 ut
1409 1411 1525 1480 ejus
1554 1420 1701 1481 parte

84 1508 208 1563 quae
248 1494 306 1548 in
350 1493 541 1549 medio
568 1505 685 1557 est,
716 1498 785 1552 ab
812 1513 879 1553 eo
918 1499 1085 1555 latere
1110 1502 1479 1568 concludatur,
1520 1513 1575 1559 et
1619 1522 1702 1561 re-

83 1592 230 1637 stent
284 1583 427 1640 hinc
458 1594 620 1654 atque
662 1585 784 1641 inde
825 1603 890 1644 ex
930 1589 1045 1659 ipso
1083 1590 1187 1645 iota
1234 1593 1451 1663 reliqua:
1504 1606 1698 1664 partes.

84 1674 356 1730 Potenint
384 1691 526 1746 ergo
554 1678 817 1733 numerari
844 1679 1027 1735 decem
1055 1683 1314 1737 columna-
1335 1686 1388 1739 in
1415 1686 1505 1740 illo
1542 1687 1701 1758 lutth

85 1767 279 1823 ordine
311 1769 498 1839 partis
522 1771 865 1827 occidentalis
898 1774 1221 1831 tabernaculi
1268 1777 1565 1845 interioris,
1603 1780 1697 1836 sed

87 1874 209 1912 cmn
254 1859 371 1914 illis
411 1871 543 1915 octo
582 1861 904 1918 adderentur
927 1864 1077 1929 ditas,
1109 1882 1228 1936 quae
1268 1866 1471 1923 fuerant
1497 1871 1698 1925 ultione

86 1949 139 2002 in
178 1949 483 2005 ordinibus
526 1950 749 2007 laterum
792 1955 908 2009 atrii
957 1957 1221 2027 aquilonis
1259 1968 1313 2014 et
1352 1962 1534 2015 austri.
1566 1961 1698 2018 Nam

87 2049 139 2093 et
170 2040 279 2094 illa!
317 2042 525 2097 ducem
570 2059 687 2105 qua!
720 2047 932 2117 proprie
970 2048 1036 2101 ad
1075 2050 1267 2103 atrium
1297 2053 1625 2120 pertinerent
1666 2071 1697 2111 a

87 2140 242 2200 parte
279 2133 628 2199 occidentis,
657 2138 795 2192 unde
844 2148 898 2192 et
937 2140 1231 2197 intrabatur
1271 2143 1335 2197 ad
1378 2146 1697 2202 tabernacu-

87 2220 232 2287 lum,
285 2234 484 2280 tcrnas
530 2226 794 2284 habebant
837 2231 887 2284 in
940 2232 1226 2299 lateribus,
1266 2244 1323 2291 et
1369 2248 1595 2308 quatuor
1643 2242 1695 2295 in

87 2313 295 2381 fronte,
333 2317 431 2372 ubi
468 2328 616 2388 porta
645 2330 794 2383 erat.
829 2332 987 2393 atque
1017 2325 1086 2378 ita
1117 2327 1346 2395 spatium
1382 2332 1499 2385 usui
1527 2333 1697 2388 sacri-

88 2404 337 2463 liciorum
387 2412 751 2467 necessarium
793 2415 926 2469 intra
979 2417 1173 2472 atrium
1213 2430 1336 2474 ante
1384 2422 1696 2480 tabernacu-

88 2495 199 2551 lum
241 2500 736 2568 amplectebantur.
770 2502 824 2557 ln
853 2507 1020 2560 ternis
1056 2520 1233 2563 autem
1273 2511 1533 2568 columnis
1574 2532 1695 2586 quae

88 2586 299 2644 fuerant
332 2608 364 2645 a
394 2593 674 2654 lateribus.
698 2597 921 2651 tentoria
950 2610 1099 2655 erant
1128 2600 1194 2656 de
1218 2602 1376 2674 bysso
1397 2607 1693 2676 quindeno-

88 2693 204 2735 rum
236 2683 555 2738 cubitorum
582 2687 665 2740 :in
697 2698 925 2756 quatuor
952 2701 1127 2748 autem
1158 2694 1243 2749 ubi
1267 2705 1414 2764 porta
1440 2708 1575 2762 erat.
1598 2717 1692 2757 ve-

88 2772 196 2826 lum
224 2788 340 2828 erat
369 2777 560 2849 viginti
590 2779 888 2835 cubitorum
916 2798 1012 2837 acu
1032 2786 1174 2853 picto
1218 2803 1380 2858 opere
1406 2793 1685 2849 variatum.

158 2866 246 2919 l3.
292 2866 417 2941 [ιιι.
448 2885 687 2935 xxxvnt,
734 2873 954 2947 9-l8.]
1002 2875 1111 2933 Nec
1166 2890 1377 2936 moveat
1423 2883 1563 2953 quod
1616 2886 1694 2941 ait

84 2952 365 3025 Scriptura
388 3001 404 3023 ,
452 2960 750 3025 Quindecim
788 2964 1065 3021 cubitorum
1104 2952 1688 3032 tentoriornmialtitudo

85 3046 231 3099 lateri
261 3049 359 3101 uni
382 3066 403 3103 :
424 3052 674 3107 columine
697 3070 865 3110 eorum
898 3067 1016 3126 tres,
1044 3071 1090 3114 et
1114 3062 1254 3117 bases
1279 3082 1450 3120 eurum
1478 3078 1593 3122 tres.
1617 3067 1688 3123 Et

81 3136 213 3191 latus
232 3141 527 3195 secundum
545 3146 827 3214 quindecim
846 3150 1130 3205 cubitorum
1157 3157 1483 3211 tentoriorum
1517 3160 1685 3214 altitu-

82 3225 146 3280 do
166 3244 186 3282 .'
201 3231 473 3285 columna!
497 3251 667 3288 eorum
694 3247 793 3291 tres
811 3281 826 3300 ,
845 3250 892 3292 et
919 3242 1059 3295 bases
1083 3259 1252 3297 earum
1277 3257 1395 3301 tres.
1423 3247 1487 3302 Et
1525 3262 1687 3320 portas

78 3319 197 3371 atrii
239 3329 487 3390 tegumen
531 3325 705 3395 riqinti
741 3328 1019 3383 cubitorum
1057 3332 1293 3388 altitudo.
1340 3338 1685 3397 Altitudinem

77 3408 284 3479 quippe
324 3413 579 3468 eamdem
617 3415 773 3478 dicit,
815 3434 934 3488 quze
981 3419 1154 3475 fuerat
1195 3423 1465 3493 longitudo
1510 3438 1685 3484 tento-

79 3501 310 3555 riorum.
370 3501 576 3559 Eadem
609 3510 805 3579 quippe
842 3512 1064 3567 altitudo
1110 3525 1194 3571 est
1236 3534 1357 3573 cum
1398 3530 1684 3594 texuntur,

82 3607 198 3661 qua:
256 3594 544 3664 longitudo
586 3609 669 3653 est
728 3618 848 3656 eum
911 3605 1214 3662 tenduntur.
1268 3612 1419 3680 Quod
1471 3632 1538 3670 ne
1590 3635 1685 3672 su-

84 3685 275 3751 Spicari
319 3685 639 3750 videamur.
672 3692 778 3745 alio
808 3694 926 3749 loco
969 3696 1192 3767 idipsum
1220 3698 1489 3773 Scriptura
1530 3722 1683 3765 com-

90 3791 399 3833 memorans
425 3781 535 3847 ait,
564 3780 629 3836 Et
647 3786 867 3855 fecerunt
887 3790 1072 3844 atrium
1092 3795 1228 3865 quod
1245 3807 1318 3850 est
1336 3799 1405 3852 ad
1429 3812 1679 3873 austrum,

92 3868 302 3921 tentoria
330 3871 453 3923 atrii
475 3872 538 3925 de
563 3875 709 3940 bysso
736 3886 888 3945 torta,
903 3892 1099 3935 centum
1118 3900 1207 3953 per
1235 3900 1471 3946 reatum:
1494 3895 1543 3947 id
1575 3868 1679 3961 est,

95 3969 303 4014 centum
329 3962 509 4017 cubita
542 3968 886 4025 tentoriorum
930 3989 1025 4041 per
1064 3986 1275 4033 centum
1317 3982 1493 4039 cubita
1525 3991 1679 4059 spatii

95 4052 228 4117 quod
261 4054 513 4109 tenebtut
548 4058 727 4127 viginti
753 4062 1034 4119 columine.
1071 4066 1268 4124 lleiude
1308 4052 1587 4144 sequitur-z
1615 4080 1682 4135 Et

98 4139 341 4196 columna.-
378 4160 553 4199 eorum
585 4149 757 4220 viginti
775 4192 791 4217 ,
834 4163 879 4207 et
913 4154 1055 4211 bases
1092 4175 1263 4216 earum
1301 4164 1476 4236 viginti
1511 4186 1677 4227 terere.

98 4224 162 4280 Et
189 4232 322 4287 latus
346 4237 488 4307 quod
511 4238 580 4292 ad
602 4242 887 4310 aquilonem
923 4260 1121 4303 centum
1147 4270 1238 4321 per
1264 4267 1490 4321 centum,
1519 4272 1563 4315 et
1588 4280 1678 4317 co-

100 4320 275 4377 lumna:
302 4343 479 4382 eorum
505 4331 736 4401 riginti',
768 4346 815 4389 et
848 4337 986 4393 bases
1015 4358 1187 4398 eorum
1226 4347 1400 4418 viginti
1421 4366 1568 4407 terea:
1586 4370 1608 4409 :
1632 4366 1680 4410 et

99 4411 222 4470 latus
239 4422 377 4488 quod
395 4432 477 4475 est
502 4425 571 4477 ad
596 4442 734 4481 mare
747 4469 764 4493 ,
795 4430 962 4485 aulica
980 4411 1341 4510 qttinquagitita
1360 4445 1674 4505 cubitorum:

99 4506 337 4565 columna:
361 4530 538 4568 eorum
564 4516 731 4571 decem
753 4560 771 4586 ,
801 4530 849 4574 et
885 4521 1028 4577 bases
1051 4541 1226 4582 earum
1255 4531 1443 4590 decem.
1478 4536 1676 4595 Eadem

100 4596 216 4652 dicit
239 4604 402 4659 aulaea
424 4620 551 4676 qua:
576 4610 896 4666 tentoria.Et
920 4614 1055 4671 latus
1074 4621 1209 4688 quod
1233 4633 1303 4676 est
1330 4626 1399 4678 ad
1436 4629 1675 4687 orientem

100 4693 455 4767 quinquaginta
492 4701 770 4757 cubitorum
820 4709 1051 4763 tentoria.
1095 4711 1221 4767 l’ost
1268 4713 1383 4772 ha-c
1430 4721 1568 4775 redit
1608 4725 1676 4780 ad

102 4795 376 4848 posteriora
429 4790 789 4860 tabernaculi,
837 4807 895 4853 ut
947 4803 1193 4858 ostendat
1227 4810 1674 4876 quemadmodum

102 4871 194 4927 illa:
224 4878 401 4935 decem
422 4884 690 4939 columna:
714 4889 939 4957 spatium
966 4890 1033 4947 de
1062 4910 1167 4964 quo
1198 4871 1531 4967 loquebatur,
1554 4907 1672 4961 atrii

102 4971 596 5039 complectebautur.
630 4978 926 5045 Quindecim
972 4986 1275 5052 cubitorum,
1307 4992 1509 5063 inquit,
1538 5002 1673 5067 quod

105 5071 166 5111 cst
189 5080 218 5115 a
246 5068 406 5124 dorso.
438 5072 663 5128 llorsum
690 5077 938 5145 appellat,
958 5081 1079 5149 quia
1112 5087 1402 5151 posteriora
1422 5091 1670 5147 taberna-

107 5157 199 5209 culi
224 5174 396 5228 erant,
429 5165 483 5221 id
511 5177 593 5222 cst
619 5183 649 5222 a
683 5181 828 5238 parte
854 5173 1162 5229 occidentis.
1205 5176 1267 5231 Et
1288 5179 1555 5245 columnas.
1588 5187 1671 5242 in-

108 5246 211 5310 quit
226 5290 240 5312 ,
256 5268 421 5311 eorum
446 5267 568 5320 tres,
596 5270 643 5314 et
658 5261 799 5316 bases
817 5279 988 5317 earum
1009 5275 1125 5322 tres.
1148 5266 1211 5322 Et
1230 5289 1261 5324 a
1282 5274 1431 5329 dorso
1453 5280 1669 5334 secundo

110 5338 213 5395 hinc
250 5357 295 5402 et
329 5353 444 5408 hinc
481 5358 750 5412 secundum
779 5363 1012 5429 portam’
1044 5366 1165 5419 atrii
1188 5370 1353 5424 aulica
1384 5375 1667 5441 quindecim

210 5488 298 5512 nat.
324 5488 371 5516 et
392 5488 567 5527 wv.,tt

112 5510 189 5596 “if
346 5528 395 5579 in
415 5539 567 5596 porta.

113 5579 332 5695 dgito,
370 5579 577 5659 eiéegtb
600 5603 695 5649 ttat.
714 5632 729 5659 ,
750 5597 916 5664 viginti
936 5614 1098 5653 a’reaz.
1116 5606 1262 5658 Abest
1281 5621 1413 5661 terea
1427 5624 1457 5661 a
1480 5619 1585 5665 Mss.
1616 5626 1667 5669 et

168 5682 335 5773 ῖξξῄιί,
354 5724 573 5785 Mm;
594 5735 683 5788 pro
702 5737 801 5787 quo
822 5731 929 5778 uss.
944 5760 961 5787 ,
981 5736 1187 5792 ροηιτηι.
1209 5732 1282 5783 sic
1304 5734 1450 5785 etiam
1473 5746 1599 5791 LXX.

1425 275 1631 333 LIBER
1669 272 2042 336 SECUNDUS.

3295 302 3399 361 666

1813 394 2097 450 cubitorum
2118 412 2138 452 :
2156 399 2405 455 columine
2443 419 2616 459 eorum
2648 414 2776 472 tres,
2804 418 2851 463 et
2882 409 3024 466 bases
3065 430 3238 471 earnm
3268 429 3392 477 tres.

1813 485 2174 546 Manisfestum
2202 503 2286 548 est
2308 506 2455 550 certe
2478 497 2662 552 eadem
2688 501 2795 554 duo
2823 502 2977 557 dorsa
3000 505 3101 561 dici
3129 508 3231 565 hoc
3254 514 3392 583 loco,

1812 596 1932 638 cum
1984 600 2472 645 commemorantur
2529 594 2706 647 omnia
2761 599 3203 664 quemadmodqu
3260 608 3393 664 laeta

1810 675 1938 740 sint,
1960 693 2079 747 qum
2111 679 2273 736 latera
2305 682 2636 753 dicebantur,
2664 690 2875 757 quando
2904 696 3311 766 percipiebatur
3336 713 3391 759 ut

1813 767 2000 825 flerent
2022 790 2035 824 :
2061 773 2221 829 latera
2244 778 2452 833 scilicet
2479 783 2600 843 quia
2626 782 2748 838 hinc
2772 796 2931 856 atque.
2963 789 3083 845 inde
3112 797 3393 863 conjuncta

1810 871 1977 929 porta:
2001 864 2364 922 occidentalis‘
2387 871 2504 925 atrii
2532 888 2575 939 st
2595 874 2759 930 atinm
2785 881 3170 940 concltnlebaut
3193 904 3206 951 ;
3235 888 3391 946 dorsa

1809 966 1958 1019 vero,
1985 956 2125 1024 quod
2145 972 2177 1011 a
2210 968 2358 1029 tergo
2379 962 2703 1019 tabernaculi
2732 978 2847 1023 erat
2877 971 2989 1027 lucc
3011 990 3130 1043 pars
3155 980 3309 1044 atrii,
3342 982 3395 1038 id

1809 1052 1893 1098 est
1933 1059 1962 1097 a
2013 1057 2162 1115 parte
2201 1049 2533 1107 occidentali.
2580 1056 2828 1126 Sequitur
2878 1075 3056 1118 autent
3108 1076 3164 1121 et
3218 1069 3390 1129 dicit:

1812 1131 1997 1188 Omnia
2018 1138 2183 1192 aulam
2210 1143 2328 1194 atrii
2354 1143 2417 1196 de
2444 1145 2590 1216 bysso
2615 1157 2765 1211 torta,
2788 1161 2836 1204 ct
2866 1153 3007 1208 bases
3036 1160 3390 1219 columnarum

1806 1240 1978 1291 terere,
2016 1238 2064 1281 et
2090 1247 2229 1285 ausa:
2260 1249 2431 1287 earum
2464 1249 2738 1308 argenteae.
2770 1252 2817 1295 et
2849 1247 3019 1314 capita
3043 1264 3215 1304 earum
3253 1254 3393 1308 inar-

1806 1328 2005 1388 geutata
2024 1333 2267 1391 argento;
2293 1335 2338 1377 et
2366 1328 2616 1383 columna:
2642 1331 2977 1403 inargentata:
3024 1355 3251 1412 argento.
3270 1363 3384 1400 ont-

1806 1424 1894 1462 nes
1918 1411 2164 1466 columna!
2187 1415 2320 1468 atrii.
2352 1416 2551 1474 Deinde
2576 1421 2809 1493 adjungit
2836 1427 2977 1495 quod
3024 1411 3253 1489 nondum
3283 1437 3385 1493 isto

1806 1497 1924 1553 loco
1969 1516 2477 1562 commemoraverat
2512 1527 2525 1565 :
2554 1508 2620 1564 Et
2658 1514 2766 1567 vela
2790 1521 3054 1574 nmnornti
3078 1526 3233 1577 atrii'
3262 1543 3389 1597 opus

1807 1588 2089 1653 variatoris,
2108 1592 2171 1645 de
2192 1593 2464 1664 hyacintho
2485 1609 2530 1652 et
2558 1618 2783 1671 purpura
2806 1616 2854 1658 et
2878 1623 3024 1663 cocco
3044 1622 3155 1665 ueto
3173 1624 3218 1666 ct
3245 1588 3392 1686 bysso

1805 1686 1974 1744 torta;
2008 1683 2181 1753 viginti
2221 1686 2499 1742 cubitorum
2551 1691 2911 1763 longitudinem
2955 1710 3005 1753 et
3048 1683 3386 1762 latitudinem.

1803 1771 1943 1827 Ecce
1970 1775 2054 1829 ubi
2097 1790 2316 1846 apparet
2362 1782 2602 1838 eamdem
2647 1785 2842 1842 dictam
2874 1793 3119 1861 superius
3143 1797 3386 1854 altitntli.

1804 1879 1962 1932 nem,
2001 1881 2119 1936 qua:
2162 1869 2451 1927 aulacorum
2497 1883 2831 1932 extentorum
2876 1880 3048 1938 fuerat
3095 1886 3386 1958 longitudo.

1804 1955 2041 2029 Denique
2066 1961 2213 2016 addit
2236 1980 2248 2014 :
2272 1961 2336 2017 Et
2363 1964 2679 2023 latitudinem
2707 1973 2921 2043 quinque
2947 1955 3243 2034 cubitorum.
3286 1983 3387 2040 Tot

1802 2051 1944 2105 enim
1984 2052 2179 2107 cubitis
2222 2054 2514 2111 latitudinis
2569 2062 2907 2132 erigebantur
2954 2072 3177 2125 tentoria
3233 2087 3385 2129 exte-

1801 2141 1958 2198 rioris
2025 2145 2190 2211 atrii,
2245 2147 2381 2202 sicut
2428 2150 2695 2207 interioris
2759 2156 2952 2212 cubitis
3003 2172 3246 2232 quatuor.
3298 2167 3389 2224 Sic

1801 2245 1980 2290 autem
2031 2245 2086 2291 et
2128 2240 2378 2308 superius
2433 2240 2998 2318 dixeratzLongitudo
3054 2264 3221 2309 autem
3270 2260 3388 2313 atrii

1800 2334 1998 2380 centum
2022 2344 2113 2397 per
2141 2340 2368 2391 centum,
2398 2341 2445 2386 et
2476 2332 2689 2388 latitudo
2717 2339 3081 2412 quinquaginta
3115 2364 3204 2415 per
3239 2351 3386 2419 quia-

1799 2417 2041 2486 quagintn
2058 2459 2073 2483 ,
2103 2430 2149 2472 et
2174 2421 2388 2476 altitudo
2423 2425 2640 2497 quinque
2667 2427 2945 2485 cubitorum
2971 2450 3033 2488 ex
3056 2434 3201 2505 bysso
3229 2417 3382 2497 torta.

1800 2506 1947 2563 lianc
1996 2509 2327 2567 latitudinem
2374 2513 2558 2571 dicens
2610 2534 2768 2587 quam
2812 2535 2995 2591 postea
3047 2527 3380 2590 altitudinem

1799 2596 1968 2663 dixit;
1997 2601 2245 2669 qntmiaut
2286 2620 2404 2674 qua:
2441 2604 2732 2674 jacentium
2777 2612 2998 2669 latitudo
3043 2629 3155 2680 est.
3195 2621 3382 2679 eadem

1800 2699 2101 2747 erectorum
2138 2693 2383 2750 altitudo.
2428 2696 2578 2753 Sicut
2610 2702 2750 2770 quod
2799 2705 2955 2772 paulo
2983 2718 3106 2763 ante
3147 2726 3383 2768 comme-

1798 2781 2033 2844 moravi,
2060 2798 2179 2853 qua:
2212 2800 2333 2839 cum
2366 2796 2614 2843 texuntur
2642 2790 2868 2847 altitudo
2897 2804 3008 2861 est,
3041 2799 3227 2857 eadem
3258 2819 3378 2861 cum

1796 2871 2080 2927 tenduntur
2114 2874 2385 2946 longitudo
2409 2888 2509 2933 est.

1866 2962 1952 3016 14.
1992 2962 2102 3035 [lb.
2128 2980 2277 3029 xxvi,
2302 2965 2365 3020 l2
2384 3009 2398 3032 ,
2424 2966 2458 3022 9
2478 3011 2493 3035 ,
2529 2968 2637 3044 l3.]
2666 2970 2815 3029 Nunc
2843 2974 2953 3043 jam
2982 2980 3121 3048 quod
3152 2982 3375 3041 distule-

1793 3066 1936 3115 ram,
1969 3053 2271 3121 videamus;
2297 3060 2564 3127 quomndo
2588 3077 2655 3115 ex
2696 3062 2795 3118 hac
2829 3066 2993 3121 forma
3032 3071 3260 3129 universi
3291 3085 3375 3131 ta-

1793 3140 2100 3209 bernaculi,
2147 3162 2303 3216 quam
2356 3150 2491 3205 sicut
2538 3153 2685 3222 μιμεῖ
2714 3164 2835 3210 ante
2874 3160 3059 3216 oculos
3086 3164 3375 3235 collocavi,

1792 3232 2079 3289 difficultas
2109 3237 2195 3291 illa
2235 3239 2473 3295 Salvator
2512 3242 2581 3297 de
2620 3246 2905 3316 eapillaciis
2936 3253 3085 3307 velis.
3113 3256 3242 3323 Qua-
3268 3232 3378 3313 fore

1793 3331 1935 3377 tasse
1964 3325 2083 3378 ideo
2107 3337 2219 3380 erat
2248 3328 2561 3396 abstrusior,
2592 3338 2711 3403 quia
2742 3352 2834 3405 per
2853 3341 3281 3411 anticipationem
3306 3349 3376 3406 ibi

1791 3413 1989 3484 aliquid
2015 3416 2213 3473 dictum
2242 3430 2323 3475 est
2342 3464 2355 3486 ,
2379 3424 2519 3493 quod
2548 3430 2825 3495 proliceret
2850 3435 2997 3500 operi
3019 3476 3033 3498 ,
3063 3436 3129 3489 de
3149 3456 3253 3507 quo
3278 3457 3375 3512 po-

1791 3511 1904 3560 stea
1951 3507 2122 3563 fuerat
2168 3512 2466 3579 locuturus,
2504 3532 2624 3570 cum
2663 3522 2852 3575 atrium
2895 3526 3230 3583 tabernaculo
3269 3534 3376 3588 cir-

1790 3604 2217 3671 componendum
2253 3606 2600 3662 describeret.
2652 3610 2802 3666 Nunc
2846 3616 3020 3684 itaque
3061 3621 3215 3675 verba
3263 3624 3376 3692 ipsa

1789 3690 2081 3747 videamus.
2119 3694 2183 3748 Et
2210 3712 2491 3766 suppones,
2525 3700 2722 3770 inquit,
2745 3704 2881 3773 quod
2905 3710 3155 3776 superabit
3182 3713 3234 3766 in
3256 3690 3376 3772 uelis

1790 3783 2135 3849 tabernaculi,
2186 3786 2450 3842 dimidium
2492 3792 2586 3844 veli
2634 3794 2769 3861 quod
2814 3798 3067 3865 superabit
3111 3804 3376 3875 subteges;

1787 3874 1925 3945 quod
1952 3876 2172 3931 abundat
2201 3879 2253 3932 in
2283 3882 2403 3934 velis
2433 3883 2775 3944 tabernaculi.
2806 3891 3033 3961 subtcges
3066 3906 3177 3963 post
3205 3874 3373 3952 taber-

1788 3970 2044 4023 naculum.
2077 3970 2185 4025 lloc
2214 3981 2378 4028 totum
2418 3977 2556 4045 quod
2595 3979 2791 4035 dictum
2832 3994 2912 4038 est
2959 4001 3119 4042 lllllllll
3155 4004 3373 4047 sensum

1788 4058 1946 4115 liabet
1972 4104 1986 4127 ,
2017 4064 2135 4132 quia
2163 4064 2440 4120 dimidium
2473 4069 2570 4122 veli
2593 4071 2731 4139 quod
2758 4079 3114 4145 superaverit,
3146 4080 3244 4136 boc
3268 4092 3371 4151 est,

1788 4151 1840 4207 id
1867 4154 2004 4222 quod
2032 4155 2380 4213 abundaverit
2413 4159 2481 4215 de
2520 4163 2651 4217 velis
2682 4166 3004 4222 tabenmculi
3026 4212 3041 4235 ,
3086 4172 3374 4243 subtcgen-

1785 4243 1910 4299 dum
1942 4256 2023 4300 est
2059 4258 2172 4317 post
2200 4249 2615 4306 tabernaculum.
2646 4258 2924 4321 Quomodo
2953 4277 3080 4329 ergo
3115 4273 3330 4332 superet
3351 4305 3371 4333 ,

1786 4336 1839 4392 id
1865 4347 1976 4404 est,
2007 4339 2242 4394 abundet
2271 4351 2325 4396 et
2355 4353 2519 4397 restet
2539 4345 2817 4400 dimidium
2847 4349 2943 4404 veli
2968 4391 2981 4410 .
3013 4368 3078 4406 ex
3110 4354 3195 4407 illa
3232 4358 3371 4413 serie

1784 4441 2150 4483 counexorum
2196 4431 2435 4486 velorum
2499 4443 2708 4503 oportet
2757 4438 3020 4508 inquirere
3063 4460 3075 4496 :
3121 4447 3370 4515 quoniam

1784 4516 2016 4587 quinque
2043 4520 2093 4571 in
2123 4535 2211 4585 se,
2243 4527 2298 4574 et
2333 4536 2427 4576 sex
2465 4522 2515 4576 in
2544 4538 2603 4578 se
2622 4530 2863 4582 cnnnccti
2892 4533 3085 4601 voluit,
3116 4537 3250 4591 sicut
3275 4554 3370 4593 su-

1784 4609 1963 4678 perius
1990 4610 2209 4680 loquens
2253 4612 2487 4675 dixerat.
2530 4626 2735 4672 sextum
2767 4621 2938 4677 Velam
2964 4640 2994 4678 a
3022 4624 3156 4681 facie
3186 4630 3368 4685 taber-

1783 4700 1955 4779 naculi
1996 4701 2401 4771 duplicandum,
2444 4705 2495 4759 id
2538 4717 2619 4762 est
2654 4711 2722 4763 ab
2763 4713 2987 4770 oriente.
3014 4715 3197 4774 Tutius
3220 4722 3364 4779 enim

1782 4774 2075 4860 posteriora
2108 4792 2432 4849 tabernaculi
2465 4812 2493 4849 a
2525 4809 2670 4866 parte
2700 4803 2990 4861 occidentis
3018 4822 3137 4865 esse
3165 4812 3368 4881 signili-

1782 4884 1951 4950 cavit,
1980 4885 2029 4939 id
2056 4895 2139 4940 est
2172 4886 2241 4941 ad
2279 4904 2441 4943 mare.
2470 4890 2605 4957 Quid
2638 4892 2980 4962 igilurfacies
3005 4901 3362 4969 tabernaculi,

1783 4974 1885 5028 nisi
1928 4990 2050 5046 pars
2092 4976 2176 5030 illa
2221 4977 2560 5049 intelligenda
2602 4991 2684 5036 cst
2727 5001 2843 5053 qua:
2871 4988 3043 5041 estad
3073 4991 3369 5045 oricnlcttt?

1781 5065 1911 5121 Pars
1939 5083 2065 5139 ergo
2095 5068 2183 5123 illa
2210 5086 2311 5140 qua
2340 5072 2455 5125 vela
2483 5076 2716 5146 quinque
2753 5094 2988 5134 connexa
3020 5093 3175 5142 sunt,
3206 5082 3238 5136 lt
3280 5088 3366 5140 bet

1779 5157 1955 5213 cubita
1971 5169 2182 5214 centum
2204 5164 2599 5233 quinquaginta,
2634 5170 2731 5221 bac
2756 5179 2833 5221 est
2855 5170 3138 5238 quinquies
3166 5177 3363 5229 tricena

1781 5250 2119 5322 (tricenorum
2150 5253 2291 5308 enim
2320 5255 2619 5311 cubitorum
2654 5267 2807 5313 erant
2843 5260 3049 5331 singula
3070 5304 3085 5327 ,
3126 5266 3260 5319 sicut
3302 5281 3364 5323 ea

1779 5342 1921 5397 Dens
1949 5343 2060 5399 ﬁeri
2087 5344 2340 5416 iusserat)
2367 5365 2378 5399 :
2412 5347 2497 5401 illa
2526 5362 2651 5402 vero
2690 5365 2813 5420 pzns
2843 5351 2892 5405 in
2923 5367 3023 5422 qua
3063 5370 3215 5410 erant
3255 5374 3362 5415 uou

1778 5435 2042 5505 quinque,
2075 5436 2167 5491 sed
2196 5452 2288 5490 sex
2317 5436 2432 5491 vela
2462 5438 2670 5492 sibimet
2695 5439 2939 5496 similiter
2965 5458 3237 5513 connexa,
3268 5466 3365 5505 eu.

1776 5526 1882 5582 bita
1918 5528 2144 5581 habebat
2168 5537 2378 5582 centmn
2407 5530 2669 5601 octoginta
2692 5573 2705 5593 ,
2737 5533 2786 5586 id
2815 5545 2895 5589 est
2923 5539 3096 5593 sevics
3123 5550 3321 5598 tricena
3342 5587 3358 5613 ,

1839 5622 1854 5651 ι
1876 5620 2210 5683 Cisterciensis
2228 5624 2332 5677 δίδη
2356 5627 2609 5682 conjiatcta
2630 5636 2661 5672 a
2682 5632 2821 5683 parte
2841 5627 3143 5683 occidentali.

1836 5685 1856 5714 ἰ
1868 5681 2360 5758 μξξψεμυρᾲιςξιχ,
2370 5681 2524 5758 erogat
2539 5697 2646 5749 cap.
2660 5681 2741 5758 gi],
2759 5696 2815 5740 Et
2832 5689 3044 5745 velamen
3056 5681 3209 5758 parte
3223 5698 3358 5755 atrii.

1772 5739 2143 5803 Confer'Vulgat'.
2170 5743 2315 5793 Exodi
2463 5744 2543 5808 '58,
2566 5739 2614 5797 νζ
2654 5739 2730 5799 18ξ
