3862 6350
315 276 422 333 66⁸5

314 389 439 463 gulo
465 388 684 446 australi
709 389 764 445 in
788 387 1038 460 angulum
1063 385 1387 457 aquilonium
1427 383 1723 440 includeret
1755 382 1897 438 ordio

314 498 438 538 nem
470 481 787 536 interiorum
828 488 949 534 octo
984 478 1373 532 columnarmn.
1416 474 1643 530 Proinde
1668 484 1720 529 nt
1762 476 1899 528 atrio

313 573 548 643 undique
590 569 945 625 circnmdetnr
978 567 1200 624 interius
1241 566 1654 629 tabernaculum,
1685 575 1898 635 oportet

312 665 442 721 illud
473 678 592 719 esse
622 663 781 717 etiam
810 658 1154 732 longitudinis
1189 658 1449 713 brevioris
1474 677 1487 713 :
1516 665 1675 728 atque
1704 658 1772 710 ita
1805 672 1899 711 ne-

315 772 466 812 cesse
502 756 570 809 sit
597 755 811 809 vicenas
849 753 966 823 ejus
993 751 1266 807 columnas
1304 750 1357 805 in
1386 749 1594 804 duobus
1621 749 1893 814 lateribus,

311 848 504 920 quibus
532 848 582 901 in
611 845 825 915 longum
859 843 1163 914 porrigitur,
1194 841 1413 897 densius
1435 841 1706 906 constitui,
1737 856 1895 911 quam

312 948 436 995 sunt
460 938 577 995 atrii
601 935 883 993 exterioris
900 935 1058 989 etiam
1083 934 1210 1005 ipsa:
1237 934 1467 997 vicenw;
1498 941 1553 988 et
1581 934 1749 987 rarius
1774 942 1896 987 octo

312 1032 589 1087 columnas
641 1026 966 1082 tabernaculi
1006 1024 1271 1079 interioris
1317 1040 1347 1077 a
1386 1032 1538 1095 parte
1580 1022 1889 1086 occidentis,

311 1138 469 1195 quam
496 1120 681 1176 decem
700 1133 763 1173 ex
784 1116 970 1172 eadem
992 1123 1141 1186 parte
1159 1114 1277 1169 atrii
1303 1113 1584 1169 exterioris
1606 1130 1620 1168 :
1642 1112 1894 1183 quoniam

313 1214 564 1286 quidquid
608 1213 782 1267 minus
820 1210 1118 1265 cubitorum
1145 1222 1211 1263 ex
1238 1207 1341 1262 illis
1369 1206 1551 1261 animis
1590 1207 1895 1264 extenditur

312 1311 367 1363 in
396 1307 656 1363 columnis
679 1305 880 1361 vicenis
896 1304 1120 1359 duorum
1149 1303 1374 1359 laterum
1396 1302 1462 1358 ad
1487 1311 1724 1357 austrum
1751 1312 1799 1357 et
1824 1301 1891 1356 ad

309 1401 631 1473 aquilonem,
662 1398 1112 1469 compensandum
1138 1406 1221 1453 est
1241 1397 1512 1453 latitudine
1540 1396 1812 1453 orientalis
1839 1405 1894 1452 et

308 1491 653 1549 occidentalis
682 1491 879 1553 lateris,
910 1499 967 1544 ut
991 1488 1215 1544 ducenta
1245 1489 1507 1559 octoginta
1544 1489 1719 1543 cubita
1750 1503 1885 1543 con-

307 1591 640 1640 summentur
682 1583 992 1637 aulicorum.
1035 1579 1153 1636 Non
1183 1580 1325 1635 enim
1363 1582 1502 1635 sicut
1530 1580 1598 1635 de
1623 1581 1756 1636 velis
1796 1595 1890 1636 ca-

309 1677 558 1747 pillaciis.
590 1674 679 1728 ubi
711 1687 871 1727 unum
898 1672 1016 1741 plus
1045 1682 1148 1735 est,
1185 1670 1256 1726 ita
1282 1680 1337 1725 et
1361 1669 1430 1727 de
1460 1671 1542 1724 his
1569 1671 1753 1726 aulaeis
1775 1671 1892 1741 jus-

309 1770 379 1823 sit
411 1766 609 1837 aliquid
635 1764 913 1837 duplicari.
941 1763 1276 1833 Quapropter
1301 1762 1347 1817 si
1380 1772 1585 1817 tantum
1623 1763 1892 1818 breviatur

309 1860 581 1931 longitudo
617 1857 941 1914 tabernaculi
976 1855 1265 1921 interioris,
1294 1854 1435 1926 quod
1476 1855 1544 1908 ab
1570 1854 1708 1909 atrio
1736 1865 1889 1910 exte-

307 1953 452 2007 riore
486 1959 663 2021 posset
692 1946 909 2011 includi,
942 1957 997 2001 ut
1029 1946 1083 2000 in
1112 1946 1312 2001 vicenis
1343 1944 1460 2014 ejus
1492 1945 1756 2001 columnis
1782 1960 1889 2001 non

307 2053 529 2101 centena
551 2042 727 2098 cubita
754 2040 1036 2096 tendantur
1054 2039 1343 2094 aulzeorum
1366 2055 1381 2102 ;
1405 2038 1497 2094 sed
1527 2038 1670 2094 verbi
1695 2037 1886 2109 gratia,

307 2145 367 2193 ut
400 2135 673 2190 minimum
716 2146 987 2203 nonagena
1027 2141 1083 2186 et
1115 2145 1265 2197 sena,
1307 2138 1364 2185 ut
1388 2129 1661 2200 quaternis
1697 2129 1889 2184 cubitis

307 2228 548 2284 brexiora
576 2220 719 2280 sint:
747 2223 860 2278 bace
889 2223 999 2293 ipsa
1029 2231 1284 2293 quaterna
1327 2220 1523 2287 cubita,
1556 2220 1607 2275 id
1646 2230 1729 2276 est
1766 2230 1891 2276 octo

307 2318 481 2375 cubita
521 2318 573 2371 in
614 2316 748 2370 duos
785 2314 902 2370 aliis
931 2314 1182 2369 lateribus
1218 2312 1403 2384 utique
1432 2311 1692 2367 tendentia
1740 2322 1886 2378 sunt,

307 2408 551 2466 orientali
590 2417 642 2463 ct
670 2405 1016 2471 occidentali;
1048 2420 1112 2460 ac
1141 2405 1219 2459 sic
1253 2404 1304 2459 in
1335 2402 1441 2458 illis
1479 2414 1601 2458 octo
1624 2402 1890 2459 columnis

306 2499 722 2556 occidentalibus
747 2496 1072 2552 tabernaculi
1099 2496 1365 2551 interioris
1399 2511 1504 2551 non
1529 2496 1890 2551 extetnluntur

306 2592 484 2649 cubita
510 2591 875 2662 quadraginta,
925 2588 1017 2643 sed
1046 2588 1389 2660 quadraginta
1419 2597 1663 2659 quatuor.
1704 2597 1759 2643 et
1784 2587 1888 2644 alia

306 2684 651 2757 quadraginta
678 2690 904 2752 quatuor
942 2680 1009 2734 ab
1034 2680 1261 2733 oriente.
1303 2678 1436 2734 Cum
1462 2694 1592 2749 ergo
1620 2678 1671 2733 in
1702 2679 1886 2751 decem

305 2774 567 2832 colmnuis
604 2773 881 2829 exterioris
924 2771 1045 2826 atrii
1088 2772 1379 2826 tenduntur
1415 2771 1590 2826 cubita
1628 2772 1889 2841 quinqua-

307 2868 473 2937 ginta.
502 2866 553 2921 in
584 2874 706 2919 octo
734 2873 909 2918 autem
952 2862 1219 2918 interioris
1247 2860 1569 2917 tabernaculi
1602 2861 1891 2916 tenduntur

306 2958 484 3014 cubita
513 2956 857 3027 quadraginta
887 2962 1138 3025 quatuor,
1182 2953 1382 3008 rariora
1426 2952 1764 3007 inveniuntur
1809 2954 1892 3007 in-

311 3047 532 3104 tervalla
572 3045 883 3101 interiorum
924 3052 1046 3097 octo
1073 3043 1438 3097 columnarum
1465 3057 1623 3113 quam
1659 3044 1889 3097 exterio-

307 3155 427 3194 rum
449 3137 632 3192 deccm
661 3154 673 3190 :
697 3136 818 3206 quia
843 3136 887 3189 si
915 3134 1058 3203 paria
1084 3142 1280 3197 essent,
1312 3133 1381 3187 ita
1410 3134 1461 3187 in
1488 3134 1750 3188 columnis
1768 3142 1891 3189 octo

309 3227 656 3301 quadraginta
704 3225 878 3281 cubita
922 3223 1280 3289 tenderentur,
1330 3223 1469 3283 sicut
1510 3222 1888 3295 quinquaginta

309 3317 665 3375 tendebantur
681 3315 730 3369 in
745 3313 929 3369 decem
947 3327 964 3379 ;
987 3312 1234 3383 quoniam
1250 3311 1388 3382 quod
1410 3321 1533 3367 sunt
1549 3312 1891 3383 proportione

310 3420 434 3466 octo
457 3407 523 3463 ad
544 3407 746 3472 decem,
777 3404 879 3460 hoc
897 3401 1377 3474 suntquadraginta
1395 3402 1463 3459 ad
1487 3404 1887 3474 quinquaginta.

311 3499 618 3569 Quinarium
632 3497 826 3568 quippe
842 3509 1119 3551 numerum
1131 3492 1472 3565 quadraginta
1489 3494 1654 3549 octies
1671 3492 1887 3561 habent,

312 3590 688 3662 quinquaginta
715 3589 894 3645 decies

381 3682 469 3737 ll.
497 3679 597 3754 [lb.
624 3678 831 3751 14-16.]
857 3676 967 3735 Nec
989 3691 1088 3733 nos
1114 3685 1389 3733 moverent
1418 3678 1781 3734 columnarum
1809 3677 1892 3735 in-

312 3773 532 3829 tervalla
556 3772 811 3843 disparia.
841 3769 982 3841 quod
1007 3768 1284 3826 densiares
1305 3769 1358 3824 in
1380 3770 1630 3827 lateribus
1656 3770 1887 3840 longitu-

309 3865 450 3921 dinis
478 3873 818 3934 ponerentur,
849 3861 938 3916 ubi
962 3861 1161 3916 vicente
1188 3868 1337 3925 sunt,
1364 3862 1595 3917 rariores
1622 3872 1800 3918 autem
1832 3862 1886 3919 in

311 3954 478 4010 latere
510 3952 828 4016 latitudinis,
860 3949 949 4004 ubi
988 3961 1111 4004 octo
1140 3957 1291 4014 sunt,
1328 3949 1427 4003 nisi
1458 3949 1599 4004 aliud
1635 3952 1890 4008 existeret

310 4046 452 4118 quod
494 4054 705 4114 urgeret
734 4051 939 4096 nmtare
967 4041 1302 4095 sententiam.
1334 4037 1464 4095 Cum
1487 4042 1629 4096 enim
1656 4058 1891 4098 comme-

314 4146 576 4193 morasset
607 4133 984 4203 longitudinem
1021 4131 1142 4186 atrii
1168 4130 1235 4185 ad
1266 4145 1412 4187 mare
1440 4131 1634 4187 habere
1660 4136 1888 4190 tentoria

314 4226 696 4299 quinquaginta
724 4224 1043 4289 cubitorum,
1059 4230 1114 4276 et
1136 4222 1409 4278 columnas
1431 4221 1639 4287 decem,
1653 4233 1708 4278 et
1736 4224 1889 4281 bases

311 4334 493 4376 earum
519 4310 740 4382 deeeni;
768 4325 822 4371 et
860 4314 1187 4370 latitudinem
1216 4313 1336 4369 atrii
1370 4313 1437 4369 ad
1476 4313 1733 4370 orientem
1761 4316 1890 4373 item

310 4411 689 4484 quinquaginta
715 4409 1033 4470 cubitormu,
1060 4416 1116 4462 et
1151 4407 1426 4462 columnas
1449 4407 1633 4463 decem
1659 4419 1713 4462 et
1735 4407 1891 4465 bases

311 4505 535 4568 decem;
565 4512 724 4572 atque
750 4500 833 4554 bis
856 4499 1012 4555 dictis
1046 4498 1276 4569 perfecta
1309 4496 1579 4553 videretur
1615 4498 1782 4553 forma
1809 4509 1889 4554 ta-

309 4595 582 4655 bernaculi
624 4609 747 4649 eum
775 4593 910 4647 atrio
944 4606 1044 4647 suo
1084 4590 1316 4661 undique
1363 4590 1663 4656 ambiente,
1711 4589 1891 4660 injecit

311 4687 453 4745 aliud
473 4727 488 4752 ,
518 4685 660 4757 quod
696 4684 784 4739 ubi
813 4691 867 4739 ct
905 4682 1174 4753 quomodo
1222 4681 1619 4751 intelligendum
1654 4683 1754 4746 sit,
1784 4682 1889 4738 dif-

312 4780 546 4837 ﬁcillime
588 4780 889 4847 reperitur:
918 4772 987 4828 Et
1024 4773 1339 4845 quindecim,
1381 4773 1584 4855 inquit,
1611 4773 1891 4830 cubitorum

313 4870 641 4928 tentoriorum
684 4865 903 4921 altitudo
941 4865 1087 4919 lateri
1119 4863 1208 4917 uni
1231 4879 1251 4918 :
1271 4863 1519 4918 columna:
1554 4880 1726 4918 eorum
1769 4874 1887 4933 tres,

310 4977 363 5021 et
393 4965 535 5019 bases
562 4977 736 5016 earum
766 4970 884 5014 tres.
916 4956 984 5012 Et
1005 4958 1135 5011 latus
1153 4955 1428 5010 secundum
1445 4997 1462 5024 ,
1491 4957 1776 5028 quindecim
1797 4974 1892 5013 cu-

315 5056 531 5111 bitorum
563 5051 888 5106 tentoriorum
914 5045 1128 5102 altitudo
1168 5060 1187 5100 :
1227 5047 1476 5101 columna:
1508 5064 1679 5101 eorum
1695 5060 1813 5113 tres,
1845 5060 1893 5104 et

311 5148 454 5202 bases
469 5161 640 5199 eorum
676 5153 791 5197 tres.
830 5139 897 5193 Et
923 5149 1080 5209 porta:
1105 5138 1223 5192 atrii
1248 5148 1474 5210 tegumen
1498 5139 1672 5211 viginti
1694 5141 1890 5195 cubito-

311 5256 422 5295 rum
459 5235 675 5291 altitudo
709 5235 770 5289 de
808 5231 1077 5304 hyacintho
1110 5238 1157 5285 et
1197 5247 1424 5301 purpura
1460 5240 1505 5284 et
1531 5246 1677 5285 cocco
1704 5240 1818 5284 ueto
1843 5241 1892 5284 et

316 5333 462 5400 bysso
489 5337 621 5382 torta
640 5368 654 5385 .
681 5325 919 5379 uarietate
952 5338 1049 5377 aeu
1079 5323 1212 5393 picta
1243 5337 1262 5376 :
1289 5321 1538 5376 columna:
1562 5338 1735 5375 earum
1759 5338 1890 5393 qua-

315 5434 429 5476 tuor
452 5433 496 5474 et
526 5423 665 5475 bases
691 5432 864 5471 eorum
910 5426 1142 5484 quatuor.
1184 5414 1307 5468 llaec
1347 5413 1433 5468 ubi
1471 5413 1887 5482 constituantur,

312 5512 541 5583 perfecta
567 5510 652 5563 illa
688 5510 850 5562 forma
891 5505 1235 5570 tabernaculi,
1270 5520 1372 5560 non
1398 5505 1552 5561 video
1576 5523 1589 5558 :
1611 5507 1704 5562 sed
1734 5508 1890 5577 plane

274 5604 463 5654 'videti
497 5599 739 5653 eumdem
784 5614 903 5652 esse
949 5612 1227 5652 numerum
1267 5599 1629 5653 Columnarum
1675 5598 1886 5670 decem,

308 5693 364 5747 in
410 5689 580 5746 tribus
608 5698 663 5745 et
708 5686 874 5744 tribus
917 5697 973 5745 et
1012 5699 1259 5760 quatuor,
1287 5692 1451 5750 ternis
1483 5691 1688 5752 scilicet
1732 5709 1764 5750 a
1805 5693 1889 5751 la-

1129 269 1589 340 QUA-ISTIONUM
1624 269 1683 326 S.
1725 263 2091 323 AUGUSTINI
2132 268 2197 325 ΙΝ
2235 270 2791 336 llEPTATEUCHUM

2011 381 2212 439 teribus
2252 394 2308 441 et
2355 397 2581 458 quatuor
2614 391 2671 446 in
2722 392 2919 467 medio.
2957 394 3038 452 Ac
3077 409 3174 466 per
3213 398 3317 454 hoc
3357 400 3587 457 tentoria

2009 473 2099 530 illa
2152 479 2530 552 quinquaginta
2586 484 2883 542 cubitorum
2950 501 3057 544 non
3099 498 3347 551 contexta
3391 500 3586 560 erunt,

2008 583 2076 623 ne
2118 570 2291 625 aditus
2340 573 2393 628 in
2440 573 2578 630 atrio
2627 578 2804 633 nullus
2863 580 2977 635 sit:
3008 580 3102 637 sed
3151 581 3436 652 quindenis
3484 599 3586 639 cu-

2004 660 2128 715 bitis
2174 663 2344 719 media
2390 666 2568 738 viginti
2613 668 2792 726 cubita
2838 673 3256 742 scparabuntur,
3295 684 3353 731 ut
3391 674 3591 733 faciant

2007 765 2175 823 porta:
2225 757 2549 815 tabernaculi
2597 762 2822 833 tegimen
2848 805 2863 825 .
2909 763 3010 819 hoc
3053 766 3395 833 estvelum,
3441 767 3587 839 quod

2005 857 2321 903 ornamento
2361 850 2763 925 velamentoque
2790 854 3123 927 dependeat,
3161 866 3426 915 et'teneat
3457 875 3586 932 spao

2006 939 2134 996 timu
2170 949 2400 1012 quatuor
2442 945 2842 1015 columnarum,
2886 948 3026 1019 quod
3073 959 3239 1021 porta:
3265 952 3386 1007 atrii
3417 951 3589 1024 depu-

2006 1040 2170 1088 tatum
2212 1045 2374 1107 atque
2418 1049 2721 1108 separatum
2760 1049 2862 1095 est.
2900 1041 3023 1097 Ideo
3059 1043 3298 1100 velamen
3338 1044 3515 1116 ipsum
3551 1061 3585 1102 ι

2003 1121 2259 1208 lateribus
2281 1126 2603 1197 quindenum
2642 1130 2942 1188 cubitorum
2977 1132 3205 1190 divisum
3240 1144 3399 1207 atque
3422 1151 3583 1208 sepa-

2002 1203 2211 1283 ratum,
2235 1221 2396 1275 etiam
2438 1222 2619 1291 specie
2655 1222 2906 1295 distingui
2944 1226 3143 1294 voluit,
3185 1236 3243 1282 ιιι
3280 1203 3449 1300 opere
3482 1203 3585 1286 acu

2002 1307 2147 1376 picto
2167 1320 2397 1378 quatuor
2418 1311 2522 1368 illis
2540 1312 2809 1370 coloribus
2834 1315 3143 1372 variaretur.
3174 1317 3281 1373 Sed
3307 1319 3469 1374 latera
3494 1321 3585 1378 illa

2000 1393 2328 1463 qnindemun
2361 1396 2659 1454 cubitorum
2685 1397 2810 1455 hinc
2834 1411 2994 1472 atque
3022 1402 3145 1457 hinc
3168 1412 3347 1459 ternas
3371 1403 3584 1460 colum-

2001 1499 2100 1539 nas
2148 1484 2490 1551 habentinm,
2534 1488 2580 1543 si
2621 1488 2688 1544 ad
2732 1491 2973 1546 eamdem
3016 1491 3169 1548 liueze
3209 1494 3586 1551 rectitudinem

2001 1585 2168 1646 porta:
2201 1577 2323 1633 atrii
2352 1579 2761 1650 conjungantnr,
2790 1598 2896 1638 nou
2921 1586 3021 1640 erit
3059 1585 3290 1654 spatium
3323 1587 3465 1643 inter
3487 1588 3585 1643 de-

2000 1682 2117 1724 cem
2147 1671 2427 1727 columnas
2470 1673 2749 1730 exterioris
2781 1674 2901 1730 atrii
2944 1685 2999 1731 et
3033 1686 3158 1733 octo
3199 1676 3467 1734 interioris
3502 1687 3584 1735 ta.

1998 1759 2290 1821 beruaculi.
2319 1762 2407 1817 ubi
2428 1763 2497 1818 sit
2517 1763 2686 1820 altare
2710 1765 2943 1836 quinque
2963 1765 3286 1834 cubitorum,
3314 1767 3583 1839 quadrum

1945 1912 1948 1917 ἢ
1997 1866 2265 1923 occupans
2285 1854 2547 1923 spatium;
2573 1864 2630 1911 et
2653 1866 2777 1911 ante
2807 1857 2976 1927 ipsum
3001 1858 3190 1924 altare,
3211 1858 3300 1915 ubi
3319 1860 3586 1916 serviatur

1994 1943 2183 2010 altari;
2206 1954 2258 1998 et
2289 1944 2427 1999 inter
2451 1946 2623 2016 ipsum
2649 1957 2703 2004 et
2722 1948 2914 2004 ostium
2937 1948 3260 2005 tabernaculi
3283 1949 3578 2016 interioris,

1998 2032 2088 2088 ubi
2116 2034 2186 2090 sit
2215 2034 2419 2090 labrum
2457 2052 2685 2093 :rneum.
2727 2037 2818 2095 Sic
2860 2039 3002 2094 enim
3040 2055 3165 2110 pom
3202 2040 3409 2110 jussum
3458 2051 3580 2109 est.

1997 2124 2139 2181 unde
2168 2141 2356 2181 atauus
2380 2135 2437 2182 et
2465 2127 2628 2198 pedes
2664 2127 2970 2185 sacerdotes
3005 2129 3209 2195 lavent,
3235 2131 3448 2202 quando
3491 2132 3580 2187 in-

1997 2226 2137 2273 trant
2185 2218 2614 2287 tabernaculum,
2660 2221 2744 2276 vel
2778 2221 2991 2292 quando
3030 2223 3287 2280 accedunt
3324 2233 3385 2281 ut
3420 2226 3581 2283 altari

1995 2307 2334 2364 deserviant:
2362 2310 2504 2382 quod
2532 2310 2631 2365 nisi
2662 2309 2794 2367 foris
2817 2327 2847 2366 a
2875 2312 3218 2370 tabunarulo
3245 2315 3297 2372 in
3321 2316 3456 2371 atrio
3492 2317 3582 2374 in-

1998 2401 2396 2469 tellexerimus,
2441 2402 2710 2475 quomodo
2741 2415 2962 2475 possunt
2995 2407 3142 2479 prius
3174 2407 3352 2464 lavare
3388 2424 3582 2467 manus

1995 2501 2050 2548 et
2076 2492 2268 2562 pedes,
2296 2502 2350 2549 ct
2391 2494 2471 2549 sic
2514 2494 2911 2552 tabernaculum
2939 2498 3195 2555 introire?
3221 2498 3373 2557 Foris
3395 2511 3580 2559 autem
3615 2488 3635 2502 δ

1995 2584 2064 2638 ab
2106 2586 2242 2641 atrio
2291 2603 2396 2642 non
2442 2602 2726 2657 possumus
2763 2588 2931 2646 altare
2971 2600 3236 2659 statuere;
3261 2595 3382 2665 quia
3409 2605 3463 2650 et
3491 2605 3579 2652 ta-

1994 2674 2336 2731 bernaculum
2362 2687 2415 2733 ct
2442 2679 2609 2733 altare
2636 2677 2951 2736 circumdari
2982 2683 3120 2737 atrio
3173 2684 3442 2757 praecepit.
3466 2686 3579 2744 Re—

1995 2774 2100 2820 stat
2137 2766 2293 2836 igitur
2332 2777 2391 2840 ιρι
2436 2767 2521 2822 illa
2563 2769 2724 2823 latera
2763 2770 3090 2840 quindenum
3120 2773 3417 2836 cubitorum
3454 2778 3582 2836 hinc

1994 2866 2153 2927 atque
2182 2857 2331 2923 hinc,
2364 2868 2415 2914 et
2443 2858 2809 2917 columnarum
2838 2870 3136 2923 teruarum.
3159 2865 3237 2921 sic
3256 2867 3581 2938 accipiamus

1994 2961 2025 2999 a
2053 2945 2339 3015 lateribus,
2366 2956 2422 3002 ut
2452 2948 2561 3019 ipsa
2597 2948 2790 3006 faciant
2827 2951 3160 3009 intervallum
3191 2956 3407 3011 totidem
3428 2958 3582 3014 cubi-

1997 3044 2169 3092 torum
2194 3039 2209 3071 ³
2240 3039 2379 3095 inter
2409 3050 2611 3110 portam
2637 3042 2758 3097 atrii
2785 3052 2840 3097 et
2864 3045 3060 3100 ostium
3089 3044 3409 3104 tabernaculi
3441 3049 3580 3107 inte-

1996 3127 2154 3185 rioris
2189 3146 2203 3183 :
2245 3139 2455 3201 portam
2495 3132 2707 3203 qn'dem
2753 3140 3018 3205 patentem
3058 3136 3241 3207 viginti
3290 3140 3480 3195 cubitis
3520 3142 3574 3198 in

1996 3229 2223 3290 quatuor
2246 3222 2530 3288 columnis,
2554 3234 2607 3279 et
2635 3223 2920 3281 habentem
2942 3226 3115 3282 velum
3135 3243 3232 3283 acu
3256 3231 3395 3300 picto
3412 3247 3576 3303 opere

1996 3313 2254 3369 variatmn
2295 3314 2477 3385 viginti
2502 3317 2835 3382 cubitorum;
2865 3320 3060 3376 ostium
3085 3337 3212 3377 vero
3250 3324 3576 3382 tabernaculi

1996 3402 2248 3468 interius,
2282 3405 2369 3461 ubi
2416 3418 2645 3477 ponatur
2685 3409 2925 3465 velamen
2955 3409 3083 3465 illud
3122 3412 3175 3468 in
3208 3414 3441 3485 quinque
3479 3431 3575 3470 eo-

1996 3493 2195 3549 lumnis
2219 3505 2488 3552 extentum
2524 3499 2700 3568 :quod
2732 3500 2911 3570 utique
2937 3515 3039 3556 non
3069 3504 3204 3556 intra
3233 3502 3381 3559 illum
3418 3504 3568 3560 ordi-

1996 3599 2118 3639 nem
2145 3593 2267 3641 octe
2292 3586 2693 3652 columnarum,
2721 3589 2813 3643 sed
2839 3600 2987 3644 extra
3017 3589 3145 3646 foris
3169 3592 3235 3647 ad
3255 3582 3447 3649 atrium
3476 3610 3575 3664 po-

1996 3674 2156 3730 situm
2205 3677 2498 3748 intelligere
2541 3678 2819 3734 debemus.
2866 3679 3015 3735 Tunc
3062 3682 3205 3737 enim
3255 3683 3357 3738 erit
3397 3687 3574 3743 velum

1994 3767 2117 3820 ostii
2153 3765 2506 3832 tabernaculi,
2560 3768 2701 3837 quod
2735 3768 2926 3823 ostium
2963 3777 3211 3840 tanquam
3248 3772 3412 3828 valvis
3447 3789 3577 3844 ape.

1998 3856 2248 3919 riebatnr,
2293 3856 2380 3912 ubi
2423 3858 2591 3913 aulaea
2643 3859 2781 3913 inter
2821 3875 2880 3914 se
2923 3860 3135 3915 circulis
3177 3871 3232 3919 et
3273 3864 3420 3920 ansis
3464 3881 3574 3924 non

1994 3949 2469 4019 eonjnngelmutur.
2492 3951 2595 4004 Ant
2621 3949 2665 4005 si
2694 3949 2826 4005 forte
2849 3950 2985 4007 intra
3013 3950 3159 4007 illum
3184 3953 3427 4012 ordinem
3451 3967 3575 4014 octo

1994 4039 2359 4095 columnarum
2391 4039 2712 4096 tabernaculi
2748 4041 3013 4096 interioris
3034 4083 3050 4104 ,
3081 4045 3451 4114 opponebatur
3473 4050 3576 4107 hoc

1996 4120 2238 4187 velamen
2286 4136 2339 4186 ln
2376 4131 2609 4202 quinque
2651 4132 2915 4188 columnis
2953 4133 3091 4189 ostio
3119 4134 3471 4205 tabernaculi,
3517 4150 3575 4196 nt

1994 4224 2208 4296 quando
2246 4224 2605 4294 aperiebatur,
2644 4224 2894 4280 interiora
2936 4241 3041 4280 non
3072 4226 3419 4297 nudarentur,
3447 4248 3514 4289 ne
3539 4249 3570 4290 a

1993 4317 2442 4387 prospicientibus
2469 4316 2804 4381 viderentur;
2824 4317 2965 4388 quod
2992 4327 3167 4374 tamen
3196 4322 3436 4378 velamen
3460 4324 3575 4381 sive

1996 4409 2220 4464 interius
2255 4410 2324 4464 ab
2367 4408 2459 4463 illo
2506 4407 2694 4464 ordine
2736 4409 3136 4475 columnarum,
3186 4412 3300 4471 sive
3340 4416 3574 4473 exterius

1996 4507 2301 4570 poneretur,
2329 4497 2469 4569 quod
2492 4515 2596 4554 non
2626 4500 2755 4555 satis
2771 4500 2946 4556 elucet
2969 4519 2983 4557 :
3010 4503 3193 4573 procul
3221 4504 3382 4561 dubio
3408 4506 3575 4562 dista-

1995 4587 2084 4644 bat
2104 4586 2379 4643 moderato
2394 4589 2673 4645 intervallo
2691 4590 2759 4646 ab
2775 4590 2962 4646 eodem
2978 4591 3167 4649 ordine
3182 4595 3573 4667 columnarum,

1995 4695 2063 4736 ne
2076 4680 2307 4751 quinque
2320 4680 2581 4736 columna:
2603 4681 2668 4735 ad
2687 4692 2917 4753 quatuor
2928 4682 3201 4741 columnas
3214 4685 3432 4743 densius
3444 4704 3577 4744 cou-

1995 4771 2200 4840 stipata:
2221 4810 2237 4835 ,
2267 4770 2676 4827 intercluderent
2705 4774 2880 4843 potius
2898 4771 3122 4839 aditum,
3142 4791 3299 4847 quam
3317 4780 3571 4837 velarent.

2066 4861 2155 4917 12.
2192 4861 2492 4918 Secundum
2524 4864 2681 4919 istum
2710 4864 2885 4935 itaque
2919 4863 3167 4931 modum,
3198 4876 3251 4922 et
3281 4869 3572 4927 scentulum

1996 4950 2133 5007 hanc
2157 4951 2380 5006 formam
2412 4951 2734 5006 tabernaculi
2765 4952 2894 5006 nilin
2931 4955 3040 5024 jam
3081 4970 3214 5026 opus
3239 4968 3320 5013 est
3361 4960 3574 5017 vicenas

1996 5043 2115 5098 illas
2166 5043 2441 5097 columnas
2498 5043 2719 5098 laterum
2793 5045 3060 5102 interioris
3126 5048 3451 5107 tabernaculi
3506 5053 3572 5109 ad

1997 5144 2234 5190 austrum
2268 5141 2323 5188 et
2357 5134 2658 5205 aquilonem
2701 5138 3021 5193 ctmstitnere
3059 5139 3366 5207 densiores,
3393 5151 3450 5199 et
3483 5160 3571 5201 ra-

1986 5212 2167 5281 riores
2222 5224 2337 5279 illas
2388 5235 2508 5281 octo
2558 5225 2730 5283 facere
2765 5245 2883 5300 qua:
2919 5230 2987 5286 ab
3032 5233 3306 5291 occidente
3343 5236 3571 5293 inerant.

1996 5316 2189 5372 Decem
2236 5315 2432 5387 quippe
2469 5317 2572 5372 illm
2612 5318 2732 5375 atrii
2764 5323 3045 5378 exterioris
3081 5323 3151 5378 ab
3190 5325 3376 5383 eadem
3420 5336 3573 5398 parte

1994 5407 2285 5464 occidentis
2309 5423 2413 5464 non
2442 5407 2656 5481 longum
2686 5411 2925 5468 ordinem
2956 5413 3152 5472 iaciunt
3177 5417 3570 5488 columnarum,

1995 5513 2103 5571 quo
2136 5498 2472 5555 includantur
2494 5511 2614 5556 octo
2649 5501 2964 5571 interiores,
3001 5506 3095 5561 sed
3137 5511 3304 5569 ternis
3331 5513 3398 5569 ab
3421 5524 3570 5571 utro.

2058 5706 2079 5741 ⁸
2100 5706 2175 5758 sic
2187 5710 2298 5757 llas.
2324 5709 2380 5756 At
2393 5702 2530 5768 editi,
2550 5701 2728 5770 aliquot
2745 5702 3029 5779 cubitorum.

3486 285 3594 345 σε,
3648 304 3657 307 _
