3862 6310
118 424 225 480 que
254 408 433 464 latere
455 405 792 470 constitutis,
822 416 877 461 et
899 414 1127 477 quatuor
1151 406 1203 459 in
1230 413 1383 476 porta
1406 405 1448 468 ⁸,
1487 403 1717 473 spatium

118 499 491 562 concludunt,
522 499 609 553 ubi
636 507 690 554 et
712 499 879 553 altare
911 500 980 553 sit
1016 498 1526 553 liolocaustomatnm
1572 497 1711 551 intra

119 602 334 661 portam
360 589 487 645 atrii
517 599 639 644 ante
663 593 857 644 ostium
886 590 1240 651 tabernaculi;
1263 600 1313 645 et
1343 590 1547 644 labrum
1581 589 1720 644 inter

120 684 320 739 ostium
351 682 683 738 tabernaculi
711 695 765 737 et
791 683 986 746 altare;
1022 692 1078 737 et
1103 683 1434 737 intervallum
1467 697 1715 737 necesse-

122 776 261 829 rium
290 773 596 828 ministerio
619 774 756 828 inter
787 774 953 829 altare
978 783 1032 829 et
1057 783 1261 843 portam
1288 774 1407 828 atrii
1434 790 1448 827 :
1472 783 1525 829 ct
1548 774 1625 828 sic
1656 774 1719 828 il-

121 864 210 920 lud
243 874 420 919 totum
457 866 682 932 stiatintn
712 865 831 919 atrii
853 865 1183 919 concluditur
1210 864 1475 919 columnis
1497 864 1714 931 decem,

123 954 294 1010 tribu!
322 955 396 1008 ab
422 955 689 1026 aquilone,
725 965 780 1011 et
809 955 973 1009 tribus
998 955 1065 1009 ab
1092 966 1293 1019 austro,
1316 965 1372 1010 et
1399 966 1627 1024 quatuor
1649 956 1718 1011 ab

120 1045 442 1106 occidente.
474 1056 723 1115 tanquam
752 1046 795 1099 si
826 1054 865 1100 ll
899 1060 1124 1115 graecam
1170 1046 1398 1100 litteram
1441 1045 1619 1101 facias.
1650 1045 1718 1100 Et

120 1135 196 1189 sic
221 1135 617 1205 adjtutgebatur
645 1137 781 1191 idctn
811 1139 1036 1207 spatium
1064 1138 1288 1209 longiori
1314 1138 1488 1193 ordini
1514 1139 1719 1203 Colum-

121 1242 312 1282 narum
354 1229 681 1285 tabernaculi
715 1230 1003 1298 interioris,
1026 1241 1273 1302 tanquam
1301 1234 1345 1287 si
1382 1233 1449 1287 ad
1485 1234 1716 1288 litteram

121 1329 481 1375 memoratam
506 1362 522 1384 ,
548 1337 613 1376 ex
654 1337 716 1377 ea
748 1332 898 1391 parte
924 1338 1025 1394 qua
1070 1318 1187 1378 non
1219 1323 1379 1381 habet
1400 1366 1417 1390 ,
1460 1325 1716 1397 adjungas

121 1410 313 1467 lillt'l'm
343 1414 749 1483 productionem
772 1431 890 1485 qua:
930 1417 1034 1470 iota
1065 1417 1296 1482 dicitur;
1329 1428 1385 1473 ut
1422 1419 1539 1489 ejus
1568 1429 1714 1489 parte

120 1517 238 1574 qua:
278 1504 333 1559 in
376 1504 554 1561 medio
581 1516 699 1567 est,
729 1508 798 1562 ab
825 1523 891 1563 eo
930 1509 1098 1564 latere
1123 1511 1492 1576 concludatur,
1533 1522 1589 1567 et
1632 1530 1716 1570 re-

119 1602 259 1648 stent
313 1593 447 1650 binc
474 1605 634 1665 atque
676 1595 797 1651 inde
838 1613 904 1653 ex
943 1599 1059 1668 ipso
1096 1599 1200 1655 iota
1246 1602 1464 1673 reliqua:
1516 1615 1711 1673 partes.

120 1683 383 1740 Potemnt
411 1701 540 1756 ergo
568 1688 831 1743 numerari
858 1689 1041 1744 tle-cem
1068 1692 1328 1746 columna-
1348 1694 1401 1748 in
1428 1694 1517 1749 illo
1556 1696 1715 1767 longo

118 1777 307 1832 ordine
339 1778 514 1848 partis
536 1781 879 1837 occidentalis
912 1783 1233 1840 tabernaculi
1281 1786 1578 1853 intcrioris,
1617 1789 1710 1844 sed

120 1884 237 1922 cum
283 1868 395 1923 illis
434 1881 556 1924 octo
594 1871 917 1927 adderentur
940 1873 1090 1938 duae,
1122 1891 1241 1945 t|ll:l'.
1281 1875 1485 1931 fuerant
1509 1879 1711 1934 ultione

120 1958 171 2012 in
208 1958 498 2014 ordinibus
540 1959 761 2017 laterum
804 1964 921 2018 atrii
970 1966 1233 2036 aquilonis
1272 1977 1325 2022 et
1365 1970 1547 2024 austri.
1578 1969 1711 2026 Nam

119 2059 170 2103 et
200 2050 307 2103 ilhc
344 2051 538 2105 decent
581 2068 700 2115 quae
733 2056 945 2126 proprie
983 2056 1048 2110 ad
1089 2058 1280 2112 atritnn
1309 2061 1638 2129 pertinerent
1680 2080 1710 2120 a

120 2149 270 2209 parte
307 2142 641 2209 occidentis,
669 2147 807 2201 unde
857 2157 910 2202 et
950 2148 1243 2205 intrabatur
1284 2151 1348 2206 ad
1391 2154 1711 2210 tabernacu-

119 2229 261 2296 lmn,
313 2242 498 2289 ternas
543 2236 807 2294 babebant
849 2240 900 2293 in
953 2241 1239 2308 lateribus,
1279 2252 1336 2299 et
1381 2257 1608 2317 quatuor
1656 2250 1708 2304 in

116 2321 318 2389 fronte,
356 2326 450 2381 ubi
484 2338 629 2397 porta
658 2340 773 2385 erat
793 2372 808 2391 .
842 2341 1000 2402 atque
1030 2334 1100 2387 ita
1130 2336 1359 2404 Spatium
1396 2341 1512 2394 usui
1541 2342 1710 2397 sacri-

117 2413 358 2471 ficiorum
406 2421 765 2476 necessarium
806 2423 939 2478 intra
993 2426 1187 2481 atrium
1226 2439 1350 2483 ante
1397 2431 1709 2489 tabernacu-

116 2503 224 2560 lum
265 2509 750 2577 amplectebantur.
784 2511 838 2566 lu
866 2516 1033 2569 tcrnis
1070 2528 1247 2571 autem
1286 2520 1547 2577 columnis
1588 2540 1708 2595 qua:

116 2595 321 2654 fuerant
353 2617 384 2654 a
416 2602 688 2664 lateribus,
711 2606 934 2660 tentoria
964 2618 1112 2663 erant
1141 2609 1208 2664 de
1231 2611 1389 2683 bysso
1411 2615 1707 2684 quindeno-

116 2702 230 2744 runt
260 2692 569 2747 cubitorum
595 2696 679 2750 :in
710 2707 939 2765 quatuor
966 2709 1140 2756 autem
1172 2703 1257 2757 ubi
1281 2713 1428 2772 porta
1454 2717 1589 2770 erat,
1612 2725 1706 2766 ve-

118 2781 223 2836 lum
251 2798 362 2837 emt
390 2786 575 2858 viginti
604 2788 901 2844 cubitorum
929 2806 1027 2846 acu
1045 2794 1187 2862 picto
1231 2812 1394 2866 opere
1421 2801 1699 2857 variatum.

185 2874 272 2929 l3.
316 2875 434 2950 [lb.
462 2894 701 2943 xxxvttt,
748 2882 967 2956 9-l8.]
1016 2884 1125 2941 Nec
1180 2898 1391 2944 moveat
1437 2892 1576 2961 quod
1631 2895 1708 2949 ait

114 2961 386 3035 Scriptura
408 3011 423 3032 ,
466 2970 764 3033 Quindecim
803 2974 1079 3030 cubitorum
1117 2980 1442 3035 tentoriorum
1485 2984 1703 3039 altitudo

114 3054 257 3109 lateri
286 3058 380 3111 uni
402 3075 421 3113 :
440 3061 689 3115 rolumme
712 3079 878 3119 eorum
912 3076 1031 3135 tres,
1058 3080 1105 3123 et
1128 3070 1268 3125 bases
1293 3090 1464 3128 eorum
1492 3086 1607 3129 tres.
1632 3075 1703 3131 Et

113 3146 242 3201 latus
261 3151 541 3205 seetmdum
560 3155 841 3222 quindecim
861 3159 1144 3213 cubitorum
1171 3166 1497 3219 tentoriorum
1532 3167 1700 3222 altitu-

113 3234 177 3289 do
197 3240 488 3296 :colunmte
512 3260 681 3296 eorum
710 3255 808 3299 tres
826 3290 841 3308 .
860 3258 906 3301 et
933 3251 1073 3303 bases
1097 3268 1266 3306 eorum
1290 3264 1409 3309 tres.
1437 3255 1501 3310 Et
1539 3271 1701 3328 porta

112 3328 228 3380 atrii
269 3339 501 3401 tegumen
546 3334 720 3404 riqiuti
756 3337 1033 3392 cubitorum
1071 3342 1306 3398 altitudo.
1354 3347 1699 3405 Altitudinent

110 3416 312 3488 quippe
351 3422 594 3477 eamdem
632 3424 787 3488 dicit,
829 3443 948 3497 quae
996 3429 1167 3485 fuerat
1209 3432 1479 3503 longitudo
1523 3448 1699 3494 tento-

112 3510 338 3566 riorutn.
395 3511 590 3569 Eadem
624 3519 819 3588 quippe
856 3522 1078 3577 altitudo
1124 3535 1207 3580 est
1250 3543 1370 3583 cum
1412 3540 1698 3603 texuntur,

113 3615 228 3669 qum
284 3603 560 3674 longitudo
601 3620 683 3663 est
742 3627 862 3665 eum
925 3615 1227 3671 tenduntur.
1281 3621 1433 3694 Quod
1485 3642 1552 3680 ne
1605 3644 1699 3682 su-

114 3694 302 3760 spicari
345 3696 654 3760 videamur,
686 3702 792 3755 alio
822 3703 940 3758 loco
983 3705 1205 3777 itlipsunt
1234 3708 1503 3782 Scriptura
1545 3732 1696 3774 com-

117 3798 419 3843 memorans
443 3791 550 3857 ait,
580 3790 643 3846 Et
661 3796 881 3864 fecerunt
900 3800 1086 3853 atrium
1106 3805 1241 3874 quod
1259 3816 1331 3859 est
1350 3809 1419 3862 ad
1443 3822 1693 3882 austrum,

116 3878 324 3931 tentoria
352 3881 469 3933 atrii
489 3881 553 3935 de
578 3884 724 3949 bysso
750 3896 902 3955 torta,
917 3902 1113 3945 centum
1131 3909 1221 3963 per
1249 3909 1447 3953 rentum
1467 3917 1485 3956 :
1508 3904 1557 3956 id
1589 3878 1693 3970 est,

116 3977 323 4024 erutum
349 3972 524 4027 cubita
557 3978 901 4034 tentoriorum
944 3998 1039 4051 per
1078 3996 1289 4043 centum
1331 3992 1508 4048 cubita
1539 4000 1694 4067 spatii

116 4061 249 4126 quod
281 4063 528 4118 tcnebtnt
563 4068 742 4137 Viginti
767 4071 1048 4127 colutnnze.
1086 4076 1282 4133 Deinde
1322 4061 1601 4153 scquitnrc
1630 4089 1697 4144 Et

116 4149 358 4206 columna:
394 4170 568 4209 eorum
600 4158 772 4229 viginti
790 4201 806 4227 ,
849 4173 894 4215 et
927 4163 1070 4221 bases
1107 4184 1278 4224 earum
1316 4173 1490 4245 uiginti
1526 4194 1691 4235 crete.

117 4234 182 4290 Et
210 4240 341 4297 latus
364 4247 503 4318 quod
526 4248 594 4300 ad
617 4251 902 4319 aquilonem
939 4269 1136 4312 centum
1162 4279 1252 4330 per
1278 4277 1504 4329 centum,
1534 4280 1578 4324 et
1603 4289 1692 4326 co-

118 4328 294 4386 lumna:
320 4353 494 4392 eorum
520 4340 693 4411 viginti
707 4344 751 4407 ²,
783 4355 829 4398 et
863 4346 1002 4403 bases
1030 4367 1202 4406 earum
1240 4357 1414 4428 uiginti
1436 4375 1583 4415 terere
1602 4379 1623 4418 :
1647 4375 1694 4419 et

116 4420 242 4478 latus
260 4432 395 4497 quod
413 4441 491 4484 est
517 4434 586 4487 ad
610 4451 749 4490 mare
762 4478 779 4503 ,
811 4439 977 4494 aulam
995 4420 1356 4519 quinquaginta
1374 4454 1689 4514 cubitorum:

117 4515 356 4574 columna:
379 4539 553 4577 eorum
579 4525 786 4595 decem,
815 4539 863 4583 et
900 4530 1042 4587 bases
1065 4550 1240 4591 earum
1269 4540 1458 4598 decem.
1493 4545 1691 4604 Eadem

117 4604 236 4661 dicit
260 4613 423 4669 aulaea
445 4630 566 4685 qua:
591 4620 911 4675 teutoria.Et
935 4624 1070 4680 latus
1089 4630 1223 4697 quod
1248 4641 1318 4685 est
1345 4635 1414 4687 ad
1451 4638 1690 4696 orientem

116 4702 472 4777 quinquaginta
508 4710 785 4766 cubitorum
835 4718 1065 4771 tentoria.
1110 4720 1235 4776 l’ost
1283 4722 1399 4780 ba-c
1445 4729 1583 4784 redit
1623 4733 1691 4788 ad

119 4804 396 4858 posteriora
450 4800 805 4869 tabernaculi,
852 4816 910 4862 ut
962 4812 1209 4867 ostendat
1242 4819 1689 4885 quemadmodum

120 4880 213 4935 illa:
243 4887 421 4945 decem
444 4893 706 4949 columna:
729 4898 954 4966 spatium
980 4900 1048 4957 de
1076 4919 1183 4973 quo
1213 4905 1546 4976 loquebatur,
1569 4916 1688 4970 atrii

117 4981 611 5048 complectebantur.
646 4987 941 5054 Quindecim
987 4995 1290 5061 cubitorum.
1322 5001 1524 5072 inquit,
1553 5010 1689 5076 quod

119 5080 185 5121 est
207 5090 235 5125 a
264 5076 426 5134 dorso.
457 5080 678 5136 [tersum
705 5086 954 5154 appellat,
974 5091 1095 5157 quia
1128 5096 1418 5161 posteriora
1437 5100 1685 5157 taberna-

120 5166 214 5218 culi
240 5183 414 5237 erant,
448 5173 499 5229 id
528 5185 609 5230 cst
634 5191 664 5231 a
698 5189 844 5247 parte
869 5182 1177 5239 occidentis.
1220 5185 1282 5240 Et
1304 5188 1570 5253 columnae.
1603 5196 1687 5251 in-

120 5255 254 5321 quit,
272 5278 439 5319 eorum
463 5275 583 5329 tres,
612 5278 659 5322 et
674 5269 814 5325 bases
834 5288 1003 5326 earum
1025 5285 1140 5331 tres.
1164 5275 1227 5332 Et
1246 5298 1277 5333 a
1298 5284 1447 5338 dorso
1469 5290 1685 5343 recumlo

121 5347 228 5404 hinc
266 5367 311 5410 rt
345 5362 460 5416 hinc
496 5367 767 5421 secundum
796 5371 1028 5439 portam’
1060 5375 1180 5428 atrii
1203 5380 1369 5433 aulam
1400 5384 1683 5450 quindecim

221 5473 313 5560 fﬂi-
339 5479 725 5560 ctteazz'mw-
744 5490 841 5531 λιιι·
861 5489 936 5533 ετ·
957 5490 1238 5553 otiumque
1256 5497 1385 5553 Msa.
1405 5493 1456 5545 ίη
1478 5504 1679 5560 parm.

122 5520 201 5605 Alii
220 5520 583 5605 53.35635.

122 5658 150 5697 ³
165 5590 347 5705 [tam
385 5590 594 5667 eicepto
617 5612 712 5657 ttat.
730 5640 746 5667 ,
766 5606 933 5673 viginti
953 5622 1114 5662 a’rece.
1132 5614 1279 5666 Abest
1298 5629 1429 5668 terea
1444 5632 1473 5670 a
1496 5627 1601 5673 Mss.
1632 5635 1683 5677 et

178 5692 348 5783 ῖῖὂὶιί,
369 5733 553 5788 portent
571 5743 590 5793 ,-
611 5744 699 5797 pro
719 5745 817 5796 quo
838 5739 946 5786 uss.
961 5769 977 5795 ,
998 5744 1204 5800 portam.
1225 5740 1298 5791 sic
1320 5743 1466 5794 etiam
1489 5754 1615 5800 ιιι.

1437 284 1643 343 LIBER
1680 282 2054 345 SECUNDUS.

3307 310 3411 368 666

1824 403 2108 459 cubitorum
2130 408 2417 464 :columnte
2455 428 2628 467 eorum
2660 422 2787 480 tres,
2816 426 2863 470 et
2894 417 3036 474 bases
3076 438 3250 479 eorum
3280 436 3404 485 tres.

1825 494 2186 554 Manisfestum
2214 511 2298 556 est
2320 514 2467 559 certe
2490 505 2675 560 eadem
2701 509 2807 563 duo
2834 510 2988 566 dorsa
3012 513 3113 569 dici
3141 516 3243 573 hoc
3266 522 3405 590 loco,

1823 605 1943 647 cum
1995 609 2484 653 commemorantur
2541 602 2719 655 omnia
2773 607 3215 672 quemadmodum
3271 616 3405 671 facta

1822 684 1949 749 sint,
1972 702 2092 756 quze
2123 688 2285 745 latera
2317 690 2649 761 dicebantur,
2676 698 2888 765 quando
2916 704 3322 774 pnecipieltatur
3348 721 3402 767 ut

1824 776 2011 834 fierent
2034 799 2046 833 :
2072 782 2233 837 latera
2257 786 2463 841 scilicet
2492 792 2612 851 quia
2638 790 2759 846 hinc
2785 805 2943 863 atque
2976 797 3095 853 imle
3124 804 3405 871 conjuncta

1822 880 1989 939 porta:
2013 873 2376 930 occidentalis‘
2399 880 2517 933 atrii
2544 897 2587 947 st
2607 883 2771 937 atinm
2797 888 3219 959 concltnlebant;
3248 895 3403 953 dorsa

1821 974 1970 1027 vero,
1997 964 2137 1033 quod
2158 981 2189 1020 a
2223 977 2370 1038 tergo
2391 970 2715 1026 tabernaculi
2745 986 2860 1031 erat
2889 979 3001 1035 lucc
3024 998 3143 1051 pars
3167 987 3321 1052 atrii,
3355 989 3407 1046 id

1820 1060 1906 1107 est
1944 1068 1974 1106 a
2026 1065 2174 1124 parte
2214 1058 2546 1115 occidentali.
2593 1064 2841 1134 Sequitur
2892 1082 3068 1126 autent
3121 1084 3177 1129 et
3231 1077 3403 1137 dicit:

1824 1140 2009 1197 Omnia
2031 1147 2195 1200 aulam
2223 1151 2340 1203 atrii
2367 1151 2430 1204 de
2457 1154 2602 1224 bysso
2628 1165 2779 1220 torta,
2802 1169 2849 1211 et
2879 1161 3020 1216 bases
3049 1168 3402 1226 columnarum

1818 1249 1990 1299 (crete,
2028 1247 2077 1290 et
2103 1255 2242 1294 ansa!
2273 1258 2445 1296 eorum
2477 1257 2753 1316 argenteae,
2783 1260 2829 1303 et
2862 1254 3033 1321 capita
3056 1272 3228 1312 earum
3266 1262 3405 1315 inar-

1818 1336 2018 1397 gentata
2036 1341 2280 1399 argento;
2306 1343 2351 1385 et
2378 1336 2629 1391 columna:
2655 1339 2990 1411 inargcntutte
3038 1362 3264 1419 argento,
3283 1370 3397 1408 om-

1819 1432 1907 1470 nes
1931 1419 2177 1474 columnae
2200 1423 2333 1476 atrii.
2366 1424 2565 1482 Deinde
2590 1429 2824 1501 adjnngit
2850 1434 2990 1502 qttod
3037 1441 3267 1496 nondum
3297 1444 3399 1500 isto

1818 1505 1937 1561 loco
1982 1524 2491 1570 cotnntemoravcrat
2525 1535 2539 1573 :
2568 1516 2633 1572 Et
2672 1522 2779 1575 vela
2804 1529 3067 1582 memorati
3092 1532 3246 1585 atrii’
3275 1550 3403 1604 apus

1820 1596 2103 1661 oariatoris,
2122 1601 2184 1653 de
2206 1602 2478 1672 hyacintho
2498 1617 2543 1660 et
2571 1626 2797 1679 purpura
2820 1623 2868 1666 et
2892 1631 3037 1670 cocco
3058 1629 3168 1673 ueto
3187 1631 3231 1674 ct
3258 1596 3405 1694 bysso

1818 1694 1988 1752 torta;
2022 1691 2194 1761 viginti
2234 1694 2513 1750 cubitorum
2564 1699 2925 1771 longitudinem
2968 1717 3018 1761 et
3062 1691 3399 1769 latitudinem.

1816 1780 1957 1836 Ecce
1983 1784 2068 1838 ubi
2111 1798 2330 1855 apparet
2375 1790 2616 1846 eamdem
2660 1792 2855 1850 dictam
2887 1802 3133 1868 superius
3157 1805 3399 1862 altitndio

1816 1887 1975 1939 nem,
2014 1890 2133 1945 qua:
2176 1878 2464 1935 aulicorum
2511 1891 2844 1940 extentorutn
2889 1887 3061 1945 fuerat
3108 1893 3400 1966 longitudo.

1818 1963 2055 2037 Denique
2079 1968 2226 2024 addit
2249 1987 2261 2023 :
2285 1969 2349 2025 Et
2376 1972 2692 2031 latitudinem
2720 1981 2935 2051 quinque
2960 1963 3255 2041 cubitorum.
3300 1991 3401 2047 Tot

1815 2059 1958 2113 enim
1998 2060 2193 2115 cubitis
2235 2062 2528 2120 latitudinis
2582 2071 2921 2140 erigebantur
2967 2079 3190 2132 tentoria
3246 2095 3398 2137 cxte-

1814 2150 1971 2207 rioris
2038 2153 2204 2219 atrii,
2259 2155 2396 2210 sicut
2442 2158 2709 2215 interioris
2773 2164 2966 2219 cubitis
3016 2179 3260 2239 quatuor.
3312 2174 3402 2231 Sic

1815 2253 1993 2298 autem
2045 2253 2099 2299 et
2142 2248 2391 2316 superius
2447 2248 3012 2326 dixr-rat:Longitudo
3068 2271 3234 2317 autem
3284 2268 3401 2320 atrii

1814 2343 2012 2388 centum
2036 2352 2126 2405 per
2154 2349 2382 2398 centum.
2411 2349 2459 2394 et
2489 2340 2703 2396 latitudo
2730 2347 3095 2420 quinquaginta
3128 2371 3217 2423 per
3253 2358 3399 2427 quin-

1813 2426 2055 2495 quaginta
2072 2467 2087 2491 ,
2117 2438 2162 2481 et
2188 2429 2401 2484 altitudo
2437 2433 2654 2505 quinque
2681 2435 2959 2493 cubitorum
2985 2458 3047 2495 ea:
3069 2442 3214 2513 bysso
3242 2457 3395 2505 torta.

1814 2514 1961 2571 lianc
2010 2517 2340 2575 latitudinem
2388 2521 2572 2579 dicens
2624 2541 2782 2596 quam
2826 2543 3010 2599 postea
3061 2535 3394 2597 altitudinum

1814 2604 1982 2671 dixit;
2011 2609 2259 2677 quoniam
2299 2628 2419 2681 quae
2455 2613 2747 2681 jacentium
2792 2619 3012 2676 latitudo
3058 2637 3168 2688 cst,
3209 2629 3395 2685 eadem

1815 2706 2114 2755 erectorutn
2152 2701 2397 2758 altitudo.
2442 2704 2592 2761 Sicut
2624 2710 2764 2778 quod
2814 2713 2969 2779 paulo
2997 2726 3121 2771 ante
3161 2733 3396 2775 comme-

1812 2789 2047 2852 moravi,
2074 2806 2193 2861 quae
2226 2807 2347 2846 cum
2381 2804 2628 2851 texuntur
2656 2798 2883 2853 altitudo
2911 2812 3022 2869 est,
3055 2806 3241 2864 eadem
3271 2826 3391 2868 cum

1810 2879 2094 2934 tenduntur
2129 2881 2399 2954 longitudo
2424 2895 2524 2940 est.

1881 2969 1967 3023 14.
2006 2969 2116 3043 [lb.
2142 2988 2292 3037 xxvi,
2316 2973 2412 3039 l2,
2438 2974 2472 3029 9
2492 3019 2507 3042 ,
2543 2976 2652 3051 l3.]
2680 2978 2830 3036 Nunc
2857 2982 2967 3050 jam
2997 2987 3135 3055 quod
3165 2989 3389 3048 distule-

1807 3074 1951 3123 ram,
1983 3060 2286 3129 videamus;
2312 3068 2578 3134 quomoalo
2603 3084 2669 3122 ex
2710 3069 2809 3125 hac
2843 3073 3007 3127 forma
3046 3078 3274 3135 universi
3305 3092 3389 3138 ta-

1807 3147 2115 3216 bernaculi,
2161 3169 2317 3223 quam
2370 3157 2506 3211 sicut
2553 3160 2699 3229 potui
2728 3171 2850 3217 ante
2888 3167 3073 3223 oculos
3100 3171 3389 3242 collocavi,

1807 3240 2093 3296 difficultas
2124 3244 2210 3298 illa
2250 3246 2488 3302 solvatur
2527 3249 2595 3304 de
2634 3253 2919 3322 capillaciis
2950 3260 3099 3313 velis.
3127 3262 3256 3329 Qua,-
3282 3264 3393 3321 for-

1808 3338 1950 3385 tasse
1979 3333 2097 3386 ideo
2121 3344 2233 3388 erat
2262 3335 2575 3403 abstrusior,
2607 3344 2725 3410 quia
2756 3359 2848 3412 per
2867 3349 3295 3419 anticipationem
3321 3356 3391 3413 ibi

1806 3421 2003 3493 aliquid
2029 3424 2227 3481 dictum
2256 3438 2337 3483 est
2356 3472 2370 3493 ,
2394 3431 2533 3500 quod
2563 3436 2838 3502 prolicerct
2865 3442 3011 3507 operi
3033 3484 3047 3505 ,
3077 3444 3267 3515 dequo
3292 3464 3389 3519 po-

1806 3520 1919 3569 stea
1965 3516 2135 3572 fuerat
2183 3520 2479 3586 locuturus,
2518 3539 2638 3578 Cttltl
2677 3529 2866 3582 atrium
2909 3533 3244 3590 tabernaculo
3283 3516 3391 3596 cir-

1804 3612 2231 3679 cutnpouendutn
2267 3614 2614 3670 describeret.
2667 3618 2817 3674 Nunc
2860 3625 3034 3692 itaque
3075 3630 3229 3682 verba
3276 3632 3389 3700 ipsa

1802 3699 2095 3755 videmnus.
2134 3702 2198 3755 Et
2224 3720 2506 3774 suppones,
2540 3707 2706 3778 inquit
2723 3751 2736 3771 ,
2759 3712 2895 3781 quod
2919 3718 3169 3784 superabit
3196 3721 3248 3774 iu
3270 3699 3390 3780 uelis

1804 3791 2149 3856 tabernaculi,
2200 3794 2464 3849 dimidium
2506 3800 2600 3852 veli
2649 3803 2783 3869 quod
2828 3806 3082 3873 superabit
3126 3812 3389 3883 subteges;

1801 3884 1939 3954 quod
1965 3884 2186 3939 abundat
2216 3886 2267 3941 in
2297 3889 2417 3942 velis
2447 3892 2789 3953 tabernaculi.
2820 3898 3048 3969 subtcges
3080 3913 3191 3971 post
3220 3905 3387 3959 taber-

1802 3978 2057 4031 naculum.
2091 3978 2200 4033 lioc
2228 3989 2392 4037 totum
2432 3984 2570 4054 quod
2610 3986 2805 4042 dictum
2847 4002 2926 4045 est
2974 4009 3133 4050 unum
3169 4012 3387 4055 sensum

1802 4067 1960 4123 liabet
1987 4111 2000 4135 ,
2032 4072 2149 4140 quia
2177 4072 2455 4127 dimidium
2487 4077 2585 4131 veli
2608 4079 2746 4147 quod
2773 4087 3129 4152 superaverit,
3160 4088 3259 4144 boc
3283 4100 3385 4158 est,

1802 4159 1855 4215 id
1881 4161 2019 4230 quod
2048 4164 2395 4221 abundaVerit
2428 4167 2495 4223 de
2534 4171 2665 4224 velis
2696 4174 3056 4243 tabernaculi,
3101 4180 3389 4251 subtcgen-

1800 4252 1925 4308 dum
1957 4265 2038 4309 est
2073 4266 2186 4326 post
2215 4258 2629 4314 tabernaculum.
2661 4266 2939 4329 Quonnnlo
2968 4284 3094 4337 ergo
3130 4281 3345 4340 sapt-ret
3366 4313 3386 4341 ,

1801 4344 1854 4400 id
1880 4355 1991 4412 est,
2022 4347 2257 4401 abundet
2285 4359 2340 4404 et
2370 4360 2534 4405 restet
2554 4352 2832 4408 dimidium
2862 4357 2959 4411 veli
2983 4398 2996 4419 ,
3028 4375 3091 4413 ex
3126 4362 3210 4415 illa
3247 4367 3386 4421 serie

1799 4450 2165 4491 connexorum
2211 4438 2449 4494 velorum
2514 4450 2722 4510 oportet
2772 4446 3035 4515 inquirch
3078 4468 3090 4504 :
3136 4455 3385 4522 quoniam

1798 4525 2031 4595 quinque
2058 4528 2108 4579 in
2138 4543 2226 4593 se,
2258 4536 2313 4582 et
2347 4544 2441 4583 sex
2480 4529 2530 4584 in
2560 4546 2618 4586 se
2637 4537 2878 4589 connecti
2905 4539 3101 4608 votnit,
3131 4544 3266 4598 sicut
3290 4561 3385 4600 su-

1798 4618 1979 4687 perius
2004 4618 2224 4688 loquens
2268 4620 2502 4683 dixerat,
2545 4635 2750 4679 sextum
2782 4628 2954 4685 Velam
2979 4646 3009 4685 a
3038 4631 3171 4689 facie
3202 4637 3384 4693 taber-

1799 4708 1970 4762 naculi
2011 4708 2417 4778 dnplicandum,
2460 4713 2510 4767 id
2553 4724 2634 4769 est
2669 4719 2737 4771 ab
2778 4720 3002 4777 oriente.
3029 4722 3213 4782 Tutics
3236 4730 3380 4786 enim

1799 4782 2091 4868 posteriora
2123 4800 2447 4857 tabernaculi
2480 4820 2508 4857 a
2540 4817 2685 4874 parte
2714 4811 3005 4868 occidentis
3034 4830 3152 4872 esse
3180 4820 3383 4889 signill-

1797 4893 1966 4959 cavit,
1995 4894 2044 4947 id
2072 4903 2154 4948 est
2187 4893 2256 4947 ad
2295 4911 2457 4951 mare.
2486 4898 2620 4965 Quid
2654 4900 2996 4970 igiturlacies
3021 4909 3378 4977 tabernaculi,

1798 4982 1900 5038 nisi
1944 4998 2065 5054 pars
2107 4984 2191 5038 illa
2237 4985 2576 5057 intelligenda
2617 4999 2699 5043 cst
2742 5009 2858 5061 qua:
2886 5002 2969 5049 cst
2993 4995 3059 5049 ad
3089 4998 3385 5054 orientem?

1796 5073 1927 5129 Pars
1954 5091 2080 5147 ergo
2110 5076 2198 5131 illa
2225 5094 2327 5147 qua
2356 5080 2470 5133 vela
2499 5084 2731 5153 quinque
2768 5102 3004 5142 connexa
3036 5100 3191 5150 sunt,
3222 5090 3254 5144 Ιι
3296 5096 3383 5149 bet

1795 5166 1969 5221 cubita
1986 5177 2198 5221 centum
2220 5172 2615 5240 quinquaginta,
2650 5178 2747 5228 hoc
2772 5187 2849 5229 est
2871 5178 3154 5245 quinquies
3182 5188 3379 5237 tricena

1796 5258 2135 5331 (tricenorum
2166 5261 2307 5315 enim
2336 5263 2634 5319 cubitorum
2670 5275 2823 5321 erant
2859 5269 3101 5338 singula,
3142 5273 3275 5327 sicut
3317 5289 3380 5331 ea

1795 5351 1935 5406 Deus
1964 5351 2075 5406 ficri
2102 5352 2356 5425 iusserat)
2383 5372 2393 5407 :
2428 5354 2513 5408 illa
2542 5370 2667 5410 vero
2706 5372 2829 5427 pars
2858 5358 2908 5412 in
2939 5374 3039 5429 qua
3079 5378 3231 5417 erant
3271 5381 3378 5423 non

1793 5444 2058 5513 quinque,
2090 5443 2183 5499 sed
2212 5460 2303 5498 sex
2333 5444 2449 5498 vela
2478 5446 2687 5500 sibimet
2711 5446 2954 5503 similiter
2981 5465 3253 5521 connexa,
3284 5473 3381 5512 cu-

1792 5534 1899 5590 bita
1933 5536 2159 5589 habebat
2184 5545 2394 5589 centum
2423 5538 2686 5608 octoginta
2708 5581 2721 5601 ,
2754 5541 2802 5594 id
2831 5552 2910 5596 est
2938 5546 3112 5600 sevies
3138 5556 3337 5605 tricena
3359 5595 3375 5621 ,

1854 5630 1869 5660 ί
1892 5627 2227 5691 cistcrciensis
2245 5632 2348 5685 δίδη
2372 5634 2626 5690 conﬂuit-ta
2647 5644 2677 5680 a
2699 5640 2837 5691 parte
2857 5634 3158 5691 occidentali.

1852 5693 1871 5721 ε
1884 5689 2541 5765 μυξεξιιμεμυέγιξξικεειοέρ
2556 5704 2662 5756 cap.
2677 5689 2758 5765 ζῇ,
2776 5704 2832 5748 1a
2848 5696 3060 5751 velamen
3072 5689 3225 5765 parte
3240 5706 3375 5763 atrii.

1788 5748 2159 5813 Confer'vulgat'.
2186 5751 2331 5801 Exodi
2351 5748 2457 5821 Cap.
2480 5752 2560 5815 38,
2582 5748 2631 5804 vi
2672 5748 2747 5806 l8§
