3862 6304
532 326 637 389 667

534 461 596 502 ac
627 463 720 517 per
747 438 849 499 ltoc
887 439 1151 512 duplicato
1178 453 1245 494 ex
1286 439 1365 493 eis
1402 453 1508 491 uno
1538 437 1686 502 velo,
1726 436 1862 491 sicut
1902 433 2112 505 jussum

535 547 616 594 est
634 577 650 601 ,
680 533 968 590 secundum
1000 532 1184 587 faciem
1212 530 1553 592 tabernaculi,
1578 529 1949 584 minuebantur
1976 528 2028 581 in
2053 543 2115 582 ea

535 629 891 698 duplicatione
915 623 1090 682 cubita
1113 624 1444 695 quindecim;
1476 622 1668 694 quibus
1688 621 1958 686 detractis,
1991 637 2117 678 cen-

536 729 644 774 tum
673 719 940 789 sexaginta
967 717 1198 786 quinque
1225 713 1586 770 remanebant.
1613 711 1681 768 Et
1710 713 1828 768 ideo
1854 722 1971 782 post
2001 728 2116 767 cen-

536 822 644 866 tnnt
690 809 1062 880 quinquaginta
1107 807 1312 874 cubita,
1355 806 1544 876 quibus
1582 805 1653 860 illi
1703 805 1836 875 parti
1883 805 2114 875 quinque

538 903 774 956 velorum
822 899 979 955 etiam
1030 897 1127 953 ista
1182 914 1302 968 pars
1345 913 1440 952 sex
1499 895 1734 950 velorum
1783 893 2110 965 multabatur,

536 991 856 1058 superabant
895 997 1055 1058 atque
1092 985 1428 1043 abundabant
1465 987 1639 1041 cubita
1682 983 2004 1055 quindecittt.
2048 985 2115 1040 ll-

538 1083 640 1135 linc
681 1079 820 1135 enim
882 1090 1031 1135 erant
1069 1094 1098 1132 a
1156 1088 1305 1147 parte
1342 1077 1575 1147 quinque
1624 1077 1894 1140 velorum,
1938 1075 2115 1131 cubita

537 1183 745 1230 Ct'nlllm
803 1173 1177 1242 quinquaginta
1221 1190 1233 1226 :
1279 1170 1609 1226 binc'autetn
1642 1179 1842 1241 aparte
1891 1184 1982 1224 sex
2025 1184 2117 1223 ve-

533 1264 738 1330 lorum,
794 1261 1068 1333 duplicato
1124 1279 1230 1316 ttno
1276 1260 1395 1316 velo
1443 1261 1733 1317 secundum
1794 1260 1979 1316 faciem
2035 1270 2115 1314 ta-

535 1353 840 1421 bernaculi,
892 1365 1041 1410 erant
1085 1353 1259 1410 cubita
1300 1362 1511 1408 centum
1550 1353 1818 1424 sexaginta
1860 1351 2112 1422 quinque.

538 1444 664 1503 Pius
699 1459 827 1510 ergo
869 1445 1095 1501 habebat
1146 1460 1239 1516 pas
1284 1445 1382 1500 ista
1432 1444 1605 1500 cubita
1655 1441 1972 1516 quindecim.
2008 1445 2118 1501 lloc

539 1535 668 1591 dicit
717 1534 992 1592 dimidium
1049 1535 1188 1602 veli,
1240 1535 1380 1607 quod
1432 1533 1582 1608 jubet
1620 1536 1823 1603 subtegi
1865 1545 1983 1605 post
2037 1546 2116 1589 ta-

535 1623 877 1684 bernaculum
901 1671 918 1698 ,
956 1636 1016 1684 ιιι
1056 1629 1176 1698 quia
1221 1627 1348 1682 illttd
1387 1643 1419 1682 a
1460 1627 1591 1682 facie
1636 1627 1958 1696 duplicatum
1998 1637 2114 1692 est,

538 1719 641 1775 hoc
669 1719 943 1775 dimidium
983 1719 1285 1775 redundans
1307 1736 1336 1773 a
1371 1717 1660 1789 poSteriore
1698 1729 1847 1791 parte
1877 1718 2117 1774 taberna-

536 1809 639 1868 culi
667 1827 770 1867 non
791 1811 1167 1883 duplicaretur,
1197 1809 1288 1866 sed
1314 1812 1700 1877 sublegeretur,
1730 1809 1780 1865 id
1804 1819 1911 1874 est,
1941 1811 2116 1864 omnia

537 1901 649 1976 ipSa
678 1903 975 1975 quindecim
1004 1902 1178 1960 cubita
1209 1901 1554 1958 subtcrmissa
1584 1913 1886 1973 tegerentur
1912 1921 1924 1956 :
1953 1917 2017 1956 ac
2041 1904 2119 1957 sic

536 2003 592 2054 et
635 1997 745 2068 ipsa
787 1997 859 2051 illi
906 1995 1214 2067 lottgltudini
1260 1992 1685 2054 detraherentur,
1728 1991 1864 2048 sicut
1905 1993 1988 2047 illa
2035 1994 2120 2048 iti-

537 2089 658 2146 dem
685 2088 982 2159 quindecim
1004 2106 1033 2144 a
1057 2089 1187 2144 facie
1218 2084 1540 2144 tabernaculi
1573 2086 1728 2142 unius
1750 2085 1850 2142 veli
1880 2085 2119 2156 duplica-

539 2183 681 2238 tione
720 2181 954 2237 detracta
995 2190 1120 2239 sunt
1147 2200 1160 2236 :
1190 2196 1360 2252 coque
1405 2179 1565 2236 tnodo
1608 2188 1816 2235 centum
1863 2181 2121 2250 quinqua-

537 2273 677 2346 ginta
719 2274 910 2328 cubitis
954 2273 1184 2344 quinque
1227 2272 1464 2330 velorum
1524 2279 1864 2326 occurrerent
1909 2287 1973 2324 ex
2019 2270 2118 2324 alia

540 2375 688 2436 parte
729 2377 940 2421 ccntum
981 2363 1358 2438 quinquaginta
1398 2365 1570 2419 cubita
1599 2375 1690 2420 Sex
1723 2365 1994 2428 velorum;
2025 2364 2121 2419 tri-

537 2459 679 2529 ginta
711 2455 910 2512 scilicet
938 2457 1128 2512 cubitis
1151 2453 1218 2512 de
1243 2467 1452 2510 ccntnm
1479 2451 1742 2525 octoginta
1772 2453 2062 2520 detractis,
2091 2469 2121 2507 a

540 2547 672 2606 facie
701 2549 1020 2607 tabernaculi
1047 2549 1162 2603 vclo
1188 2550 1481 2621 duplicato,
1510 2558 1562 2604 ct
1581 2564 1610 2602 a
1636 2547 2018 2619 posterioribus
2045 2556 2122 2602 ta-

537 2638 806 2696 bernaculi
835 2639 1054 2695 dimidio
1077 2639 1195 2696 velo
1215 2642 1480 2695 subtecto.

611 2731 696 2787 15.
743 2731 858 2787 Jam
909 2731 1034 2786 illud
1079 2729 1218 2802 quod
1265 2731 1505 2802 sequitur
1542 2723 1684 2784 aliud
1727 2738 1844 2789 est.
1879 2736 1932 2784 et
1963 2727 2118 2785 aliam

537 2823 884 2893 τιιιιιιειίοιιιεηι
915 2821 1106 2882 infert,
1140 2832 1352 2891 propter
1376 2837 1532 2894 quam
1564 2821 1792 2876 maxime
1834 2819 1989 2890 lllljllS
2021 2818 2119 2874 loci

539 2916 920 2986 expositionem
947 2913 1297 2968 diﬂ'crcndatn
1318 2914 1493 2983 putavi
1513 2952 1530 2978 ο
1563 2923 1616 2967 ιιι
1644 2911 1790 2984 prius
1817 2922 1871 2966 et
1900 2913 2118 2968 formam

539 3005 889 3067 constituendi
919 3003 1274 3078 tabernaculi,
1303 3015 1351 3067 et
1382 3004 1450 3066 de
1489 3004 1626 3066 atrio
1671 3002 2122 3079 circumponenrlo

540 3109 680 3178 quod
707 3107 958 3178 scriptum
988 3116 1068 3161 est
1093 3105 1412 3160 videremus.
1434 3104 1682 3173 Sequitur
1699 3119 1827 3174 ergo
1849 3121 1861 3158 :
1887 3101 2118 3159 Cubitum

538 3212 600 3251 ex
623 3196 750 3262 hoc,
791 3207 836 3249 ct
863 3197 1082 3251 cubitum
1109 3213 1174 3252 ea:
1194 3198 1289 3251 Itac
1307 3238 1322 3261 ,
1350 3213 1412 3250 ex
1435 3213 1491 3250 ro
1521 3196 1656 3268 quod
1685 3206 1890 3266 superat
1915 3197 2034 3251 relic
2057 3198 2120 3250 de

537 3288 849 3358 longitudine
870 3289 1087 3342 velorum
1113 3287 1441 3352 tabernaculi,
1469 3288 1562 3342 erit
1584 3299 1848 3357 contegens
1871 3288 2118 3357 superla-

537 3389 643 3436 tera
659 3379 980 3435 Jubrruaculi
1005 3379 1121 3434 Itiuc
1144 3389 1294 3450 atque
1329 3379 1446 3433 Iu'uc
1465 3420 1483 3446 ,
1522 3389 1576 3432 ut
1612 3380 1827 3448 aperiat.
1851 3377 2008 3433 Aliud
2035 3387 2118 3433 est

537 3475 676 3546 quod
704 3473 973 3546 superabit
1004 3488 1105 3528 una
1147 3489 1269 3543 pars
1309 3487 1399 3527 sex
1433 3473 1669 3528 velorum
1713 3472 1870 3526 aliaat
1911 3483 2116 3542 partettt

535 3569 767 3638 quinque
793 3566 1028 3619 velorum
1050 3604 1066 3628 ,
1096 3575 1309 3634 propter
1333 3565 1643 3632 ampliorem
1673 3563 1908 3618 velorum
1941 3579 2119 3620 nume-

536 3657 833 3721 rnm,unde
854 3656 961 3724 jam
985 3657 1212 3710 diximus
1242 3674 1254 3709 :
1283 3655 1423 3710 aliud
1454 3654 1592 3724 quod
1618 3655 1884 3724 superabit
1909 3655 1976 3712 de
2001 3657 2120 3712 lou-

536 3749 772 3820 gitndiue
802 3747 1036 3802 velorum
1059 3787 1074 3808 ,
1105 3747 1241 3802 unde
1263 3763 1401 3801 nunc
1421 3747 1619 3802 dictum
1639 3757 1739 3803 est.
1762 3747 1832 3801 lta
1851 3750 2116 3804 enimnon

538 3856 662 3914 pars
679 3842 809 3911 parti
831 3849 1186 3907 ροιιιικιτειιιιι,
1202 3847 1255 3893 et
1277 3839 1439 3892 alti-ra
1465 3839 1683 3895 alteram
1706 3856 1958 3911 superare
1976 3842 2120 3898 inve-

539 3933 714 3996 ιιὶιιιι·;
748 3933 828 3985 illa
853 3931 1072 3995 scilicet,
1103 3947 1217 3996 qua:
1243 3931 1354 3984 vela
1381 3946 1471 3986 sex
1494 3931 1668 3996 liabet,
1692 3933 1831 3988 illam
1861 3950 1978 4004 quze
2004 3936 2118 3990 vela

536 4024 769 4094 quinpte
800 4023 989 4088 ltaIu-t;
1037 4039 1155 4093 qua:
1181 4024 1348 4076 ambae
1374 4033 1428 4076 ιιι
1462 4023 1675 4077 sibimet
1699 4035 2058 4094 :rquarentur,
2087 4042 2117 4082 tt

541 4117 672 4168 iacio
701 4114 1018 4168 tabernaculi
1047 4114 1180 4168 facta
1195 4123 1274 4165 est
1295 4114 1446 4167 unius
1473 4115 1571 4169 veli
1601 4113 1905 4183 duplicatio.
1923 4135 1951 4170 a
1973 4125 2120 4187 tergo

537 4206 740 4265 ditttnlii
759 4207 955 4259 sttlitcct
967 4206 1016 4260 in
1038 4223 1050 4258 :
1071 4204 1161 4260 scd
1181 4206 1289 4274 ipsa
1309 4206 1420 4258 vcta
1433 4206 1703 4275 capillacia
1718 4217 2020 4275 comparata
2035 4224 2121 4260 uu-

536 4301 668 4360 la'is,
691 4317 753 4353 ex
773 4300 963 4369 quibus
980 4299 1162 4354 decent
1183 4297 1336 4368 jussit
1361 4300 1470 4352 ticri
1491 4300 1707 4354 interius
1725 4300 2117 4357 tabernaculum

535 4402 762 4462 quatuor
788 4391 1054 4444 coloribus
1079 4390 1263 4454 textis,
1294 4391 1525 4456 longiora
1572 4393 1905 4459 reperiuntur
1928 4397 2008 4448 cu'
2035 4393 2119 4447 itis

538 4484 697 4540 binis.
723 4484 794 4538 Ea
827 4485 966 4537 cuitu
993 4493 1144 4539 erant
1173 4482 1338 4536 aultca
1367 4483 1569 4554 singula
1607 4484 1903 4538 cubitorum
1937 4485 2117 4550 viginti

536 4590 689 4640 octo,
721 4578 815 4629 ista
839 4575 1049 4642 triginta
1081 4593 1095 4628 :
1135 4574 1253 4630 Ideo
1285 4575 1368 4629 bic
1395 4591 1496 4628 non
1527 4577 1638 4638 ait,
1673 4575 1746 4628 Ex
1774 4592 1838 4629 eo
1863 4578 2002 4646 quod
2024 4590 2118 4630 su-

536 4679 686 4740 perat
720 4665 787 4724 de
825 4669 953 4722 velis
976 4686 991 4732 ;
1031 4668 1124 4723 sed
1142 4711 1157 4733 ,
1192 4667 1274 4722 Er
1301 4685 1357 4722 eo
1384 4669 1518 4738 quod
1543 4680 1746 4735 supcrat
1772 4669 1891 4723 velis
1920 4670 1982 4722 de
2008 4669 2122 4724 lou-

535 4762 623 4834 git:
647 4761 762 4813 dine
791 4759 1028 4814 velorum.
1074 4760 1210 4826 Quid
1250 4769 1331 4814 est
1368 4776 1528 4830 ergo,
1566 4759 1794 4814 Cubitum
1819 4777 1882 4814 ea:
1907 4761 2034 4826 hac,
2073 4770 2120 4816 et

535 4852 753 4908 Cubitum
779 4868 839 4904 ea:
868 4851 960 4904 Itoc
981 4892 993 4912 ,
1023 4851 1113 4905 erit
1130 4863 1395 4922 contegens
1420 4866 1571 4919 super
1597 4851 1756 4904 latera
1781 4852 2117 4919 tabernaculi,

537 4947 636 5004 nisi
665 4947 780 5016 qttia
807 4945 891 5002 illa
923 4946 1193 5016 longitudo
1224 4947 1274 4999 itt
1303 4962 1402 5015 qua
1433 4946 1569 5000 binis
1589 4945 1783 5001 cubitis
1815 4947 1928 5002 vcla
1952 4948 2118 5017 capil-

536 5040 664 5093 lacia
699 5038 930 5108 longiora
953 5047 1072 5092 sunt
1100 5037 1312 5096 attlzris,
1341 5037 1564 5106 singulis
1594 5036 1835 5107 singula,
1869 5054 1971 5093 ιιοιι
2011 5048 2120 5095 tota

537 5132 587 5186 itt
613 5147 768 5185 nttatn
801 5140 1000 5198 partem
1021 5128 1252 5200 cogenda
1284 5136 1394 5190 est,
1434 5128 1626 5192 idest,
1660 5139 1715 5184 ttt
1742 5130 1994 5199 quidquid
2026 5147 2119 5186 su-

537 5234 679 5290 perat
706 5263 720 5284 ,
753 5221 816 5274 ad
851 5221 1142 5289 poSteriora
1179 5219 1500 5272 tabernaculi
1540 5218 1849 5288 colligatur;
1877 5220 1970 5279 sed
2011 5223 2123 5278 dis-

537 5315 800 5368 tribuatur
825 5330 890 5368 ex
919 5328 1074 5381 atquo
1093 5352 1108 5376 ,
1139 5319 1444 5377 tantumque
1473 5310 1587 5375 ejus
1612 5311 1676 5366 ad
1733 5313 1904 5380 priora
1948 5315 2120 5371 [abero

535 5407 731 5472 naculi,
752 5419 999 5477 quantum
1026 5402 1091 5457 ad
1126 5404 1415 5474 pesteriora
1449 5405 1742 5458 tribuatur:
1777 5406 1825 5458 id
1854 5416 1956 5468 est,
1983 5423 2116 5476 quo-

537 5502 675 5555 niam
706 5505 809 5551 duo
837 5499 1008 5552 cubita
1033 5497 1082 5552 i:t
1111 5496 1331 5566 singulis
1351 5497 1476 5551 velis
1502 5496 1742 5552 eamdem
1765 5514 1882 5568 qua:
1907 5508 2120 5568 superat

539 5590 914 5663 longitudinem
946 5592 1172 5657 faciunt,
1220 5600 1271 5644 ttt
1311 5589 1545 5645 cubitum
1593 5591 1711 5645 imle
1754 5589 1957 5646 auferat
1999 5609 2118 5662 pars

537 5684 657 5746 ista,
686 5693 740 5738 et
763 5683 998 5737 cubitum
1040 5683 1165 5748 illa;
1207 5683 1275 5737 ita
1303 5683 1370 5738 de
1398 5682 1621 5754 singulis
1648 5683 1839 5740 cubitis
1877 5685 1987 5740 suis
2025 5685 2118 5742 ba-

536 5773 685 5832 bebit
716 5787 844 5845 pars
874 5773 980 5832 ista
1003 5773 1184 5832 cubita
1216 5773 1402 5834 decem
1421 5815 1438 5847 ,
1462 5782 1516 5832 et
1539 5771 1626 5834 illa
1655 5773 1724 5834 de
1761 5777 1872 5836 suis
1897 5773 2117 5850 singulis

1316 317 1776 390 ουιεεΠοΝυΜ
1810 316 1870 374 S.
1906 310 2117 374 AUGUE

2228 313 2269 370 ll
2309 313 2374 373 lN
2414 312 2969 378 HEPTATEUCHUM
3707 328 3786 389 668

2220 454 2441 542 decem;
2487 457 2734 525 quoniam
2777 458 2958 516 decem
3003 459 3118 517 vela
3152 459 3284 540 binis
3310 461 3521 518 cubitis
3547 462 3784 538 longiora,

2220 547 2401 616 viginti
2432 548 2732 605 cubitorum
2763 549 3142 621 longitudinem
3169 553 3374 610 facium
3395 595 3412 620 ,
3441 571 3550 625 qua
3578 557 3785 615 videntur

2217 653 2473 708 superare
2499 640 2637 696 serie
2662 656 2756 696 sua
2782 643 2972 698 seriem
2999 644 3285 700 anlteornm
3306 646 3332 698 ?

2295 731 2380 785 16.
2410 730 2668 801 Deinceps
2698 733 2978 788 videndum
3001 745 3082 790 est
3107 737 3219 790 lucc
3243 737 3438 807 viginti
3471 738 3668 806 cubita,
3695 758 3786 810 quc

2219 832 2470 890 superant
2491 821 2557 876 de
2587 822 2911 890 longitudine
2934 825 3197 885 velorum.
3229 830 3313 883 cui
3349 829 3537 897 spatio
3561 831 3787 900 cingentia

2221 913 2514 980 proﬁciant.
2547 911 2601 968 Si
2631 915 2772 970 enim
2805 916 2936 972 velis
2964 917 3252 985 capillaciis
3289 919 3532 974 interius
3577 923 3789 984 ιεῲθιπιιιο

2216 1001 2397 1055 culum
2423 1004 2922 1071 circumtegitur,ita
2953 1021 3224 1075 superant.
3242 1021 3298 1064 ut
3318 1010 3456 1080 quid
3481 1027 3548 1066 ex
3587 1015 3663 1067 eis
3686 1029 3790 1068 coeo

2223 1094 2456 1163 perlator
2485 1113 2587 1149 utut
2623 1097 2692 1153 sit
2721 1100 2956 1152 omnino.
2985 1097 3135 1156 Unde
3156 1111 3321 1156 restat
3348 1103 3524 1158 etiam
3560 1108 3668 1172 ipsa
3695 1107 3794 1160 sult-

2222 1182 2347 1252 tegi.
2376 1194 2428 1238 et
2448 1185 2774 1254 subtegendo
2794 1189 3002 1248 detralti
3021 1231 3038 1255 ,
3057 1192 3199 1260 quod
3222 1192 3510 1262 Scriptura
3539 1212 3644 1249 non
3671 1197 3790 1250 dicit.

2221 1275 2400 1330 Aulzea
2436 1277 2631 1347 quippe
2658 1278 2874 1343 decem,
2901 1297 3019 1351 quae
3065 1282 3260 1337 habent
3300 1284 3495 1338 cubita
3545 1286 3721 1342 vicena
3756 1299 3795 1342 et

2222 1375 2410 1422 octona
2431 1409 2448 1431 ,
2476 1369 2667 1438 quibus
2696 1369 2916 1426 interius
2948 1372 3181 1428 tenditur
3222 1373 3669 1442 tabernaculum,
3709 1379 3796 1432 circ

2223 1461 2646 1530 cumplcctuntur
2670 1465 2896 1533 spatium
2923 1476 3176 1535 quantum
3211 1477 3442 1534 possunt
3462 1468 3797 1538 circumplecti

2223 1550 2395 1603 cubita
2432 1550 2656 1607 ducenta
2701 1554 2964 1624 octoginta
2997 1574 3012 1610 :
3052 1556 3190 1612 unde
3229 1557 3397 1612 latera
3445 1559 3537 1613 illa
3583 1561 3792 1629 longiora

2223 1642 2455 1698 australe
2497 1652 2551 1698 et
2594 1647 2918 1716 aquilonium
2937 1687 2956 1714 ,
2988 1647 3235 1706 habentia
3259 1651 3488 1706 vicenas
3518 1652 3798 1720 columnas,

2223 1733 2467 1790 auferunt
2489 1751 2553 1791 ex
2582 1737 2665 1793 his
2687 1739 2886 1796 cubitis
2903 1750 3126 1796 centena
3151 1743 3165 1773 ί
3196 1743 3408 1809 cubita;
3447 1755 3658 1801 restant
3677 1756 3800 1802 octo-

2223 1826 2404 1897 ginta,
2455 1844 2573 1898 qua:
2623 1830 2834 1886 duobus
2878 1834 3096 1904 reliquis
3138 1835 3396 1891 lateribus
3457 1837 3796 1900 brevioribus.

2225 1919 2464 1973 orientali
2494 1920 2632 1988 quod
2685 1938 2792 1976 non
2841 1925 2997 1979 Itabrt
3041 1927 3283 1981 ordinem
3327 1930 3801 1991 coltttnnarnm,et

2225 2010 2534 2064 occidentali
2570 2012 2654 2066 ttbi
2687 2024 2836 2068 erant
2866 2015 3128 2072 columna:
3156 2027 3297 2085 octo,
3324 2019 3678 2089 quadragena
3714 2019 3801 2074 dis-

2227 2101 2541 2157 tribuantur.
2577 2104 2804 2162 Proinde
2858 2108 2915 2164 in
2937 2110 3224 2179 eapillaciis
3248 2114 3422 2180 velis,
3454 2116 3705 2184 quoniam
3730 2114 3800 2168 de-

2227 2193 2409 2247 tractis
2441 2195 2645 2263 triginta
2676 2197 2869 2255 cubitis
2895 2209 3130 2256 trecenta
3159 2206 3434 2260 restabant
3455 2247 3472 2271 ,
3507 2205 3551 2261 si
3581 2209 3799 2262 trecentis

2225 2284 2417 2339 cttbitis
2447 2286 2840 2351 capillactornm
2883 2291 3154 2359 velorum,
3177 2295 3405 2352 ducenta
3434 2299 3704 2367 octoginta
3730 2313 3797 2352 co-

2227 2377 2530 2444 eperiantnr
2553 2379 2842 2434 aulazorutn
2868 2422 2882 2445 ,
2929 2382 3000 2437 ita
3029 2399 3348 2454 supererunt
3377 2389 3610 2458 viginti,
3639 2400 3690 2444 ιιι
3716 2404 3796 2443 non

2227 2467 2454 2536 sitquod
2482 2486 2543 2523 ex
2571 2472 2647 2524 eis
2679 2481 2902 2542 tegatur.
2935 2474 3162 2532 Proinde
3197 2479 3303 2533 duo
3334 2481 3422 2535 illa
3453 2483 3641 2539 cubita
3666 2524 3680 2540 .
3703 2497 3794 2551 qua:

2227 2559 2430 2628 singula
2461 2561 2726 2630 capillacia
2755 2565 2872 2633 plus
2902 2566 3140 2635 habent,
3165 2586 3231 2624 ex
3258 2572 3460 2638 quibus
3497 2588 3703 2626 summa
3733 2573 3797 2625 vi-

2224 2650 2355 2719 ginti
2401 2651 2696 2707 cubitorum
2740 2656 2958 2710 collecta
2992 2667 3111 2723 est,
3151 2660 3234 2717 sic
3265 2661 3641 2719 distriltueuda
3670 2672 3795 2725 sunt,

2227 2737 2457 2794 Cubitum
2498 2758 2560 2796 ea:
2597 2744 2721 2810 hoc,
2757 2757 2803 2799 et
2825 2748 3047 2802 cubitum
3073 2766 3137 2804 ex
3164 2751 3294 2815 hoc;
3321 2753 3371 2808 id
3397 2763 3486 2809 est
3509 2796 3525 2820 ,
3558 2772 3625 2809 tte
3649 2756 3795 2808 ontuia

2227 2825 2278 2882 in
2312 2848 2466 2886 unant
2499 2843 2697 2902 partem
2725 2846 2998 2907 cogantur,
3028 2848 3084 2895 ut
3111 2843 3382 2909 proliciqu
3411 2846 3722 2916 operiendis
3742 2844 3797 2897 la-

2228 2920 2427 2977 teribus
2458 2925 2815 2994 tabernaculi,
2845 2927 2938 2983 sed
2963 2933 3244 2988 exterioris
3261 2937 3404 2999 atrii,
3431 2938 3485 2992 id
3513 2949 3619 3003 est,
3647 2938 3796 2992 omnia

2225 3014 2312 3070 illa
2346 3027 2577 3076 trecenta
2607 3019 2780 3074 cubita
2807 3021 3042 3078 velorum
3063 3025 3452 3094 catullaeiorutn
3487 3032 3798 3085 extrinsecus

2227 3112 2626 3170 tabernaculum
2678 3117 2913 3184 cingant.
2972 3113 3255 3191 Atliuttctis
3300 3119 3504 3197 quippe
3562 3121 3794 3177 lateribus

2224 3202 2342 3256 att-ii
2387 3205 2666 3262 exterioris
2695 3221 2977 3264 centenum
3005 3212 3326 3276 cubitorum.
3357 3216 3409 3269 id
3437 3227 3525 3271 est
3572 3219 3615 3280 ³,
3649 3214 3791 3269 austri

2223 3307 2277 3352 et
2305 3298 2567 3369 aquilonis
2587 3341 2603 3367 ,
2625 3303 2989 3374 qubtqaagena
3012 3305 3187 3361 cubita
3217 3319 3505 3377 supersunt
3525 3310 3742 3363 oriontis
3760 3315 3798 3358 et

2224 3390 2550 3458 occidentis,
2577 3409 2694 3464 qua:
2723 3395 2898 3450 omnia
2939 3397 3066 3451 liuut
3095 3407 3327 3454 trecenta
3349 3435 3366 3462 ,
3393 3405 3596 3470 qutttus
3630 3413 3799 3468 coope'

2225 3482 2425 3536 ricttdis
2455 3485 2844 3554 capillaciorutn
2876 3497 3180 3544 trecentena
3230 3491 3522 3546 sufﬁciunt.
3587 3493 3699 3546 lloc
3737 3498 3799 3542 cst

2224 3573 2363 3642 quod
2390 3574 2491 3636 ait,
2529 3573 2761 3629 Cubitum
2785 3591 2848 3630 ea:
2873 3577 2999 3643 liae,
3031 3589 3076 3631 et
3099 3581 3318 3633 cubitum
3351 3597 3416 3634 ex
3453 3583 3593 3644 hoc;
3623 3581 3673 3634 id
3701 3588 3795 3641 est.

2224 3663 2525 3718 distributio
2553 3659 2776 3719 duorum
2807 3667 3141 3731 cubitorum,
3181 3672 3373 3738 quibus
3401 3673 3798 3742 tttuttttqttodque

2225 3755 2397 3808 Vciuttl
2427 3757 2753 3827 capillacinnt
2783 3757 2991 3826 longius
3017 3768 3126 3823 est,
3164 3760 3262 3814 boc
3285 3772 3367 3815 est
3394 3778 3454 3816 ea:
3472 3778 3533 3816 eo
3560 3764 3703 3835 quod
3729 3780 3793 3816 nt-

2221 3856 2364 3918 perat
2394 3847 2511 3900 retis
2537 3847 2598 3900 de
2631 3847 2945 3917 longitudine
2971 3849 3190 3905 velorum
3207 3895 3224 3918 ,
3247 3854 3344 3907 erit
3368 3866 3647 3925 contegens
3677 3870 3799 3924 super

2225 3934 2382 3989 latera
2404 3936 2745 4004 tabernaculi;
2769 3938 2854 3992 illa
2881 3940 3090 3996 scilicet
3108 3946 3370 3998 exteriora
3397 3960 3517 4016 qua!
3540 3948 3607 3999 ad
3629 3948 3796 3999 atrium

2225 4027 2516 4096 pertinent,
2549 4028 2664 4081 hinc
2711 4040 2860 4099 atque
2900 4031 3016 4085 hinc
3040 4043 3095 4086 ut
3125 4035 3318 4104 aperiat
3354 4052 3372 4090 :
3414 4051 3513 4090 nec
3541 4037 3628 4091 illa
3657 4037 3795 4106 ipsius

2226 4119 2378 4180 atrii,
2411 4137 2527 4189 qua:
2558 4122 2796 4176 centenis
2837 4123 3031 4178 cubitis
3070 4134 3126 4180 et
3163 4127 3363 4182 vicenis
3401 4129 3664 4183 columnis
3693 4137 3791 4179 tcu-

2226 4207 2454 4277 dnutnr;
2483 4213 2593 4280 ipsa
2621 4214 2764 4268 enim
2795 4232 2902 4269 non
2923 4227 3052 4272 sunt
3077 4216 3212 4272 facta
3239 4221 3512 4288 longiora,
3543 4237 3696 4291 quam
3723 4217 3790 4270 illa

2230 4301 2494 4358 interioris
2527 4305 2848 4362 tabernaculi
2870 4325 2988 4378 qua:
3013 4310 3200 4364 decent
3221 4313 3306 4366 aut
3323 4313 3405 4368 t-is
3433 4315 3728 4369 tenduntur,
3747 4315 3787 4360 et

2226 4386 2441 4451 vicenas
2469 4398 2628 4452 etiattt
2667 4399 2778 4467 ipsa
2809 4402 3083 4457 columnas
3114 4403 3330 4460 habent»
3356 4405 3484 4461 Nam
3515 4409 3650 4462 sicut
3675 4407 3785 4458 inte-

2227 4485 2384 4542 rint-is
2423 4489 2749 4547 tabernaculi
2794 4493 2901 4547 duo
2943 4496 3104 4551 latera
3145 4498 3216 4551 ab
3251 4501 3499 4569 aquilone
3543 4513 3592 4556 et
3631 4508 3784 4552 austro

2226 4581 2465 4635 centenis
2482 4583 2676 4637 cubitis
2693 4585 3050 4656 porriguntur.
3071 4588 3208 4644 itaet
3227 4593 3509 4646 exterioris
3534 4593 3670 4647 atrii.
3690 4588 3782 4642 Non

2227 4689 2354 4743 ergo
2381 4673 2444 4727 ad
2475 4676 2584 4741 ipsa
2616 4678 2878 4731 exteriora
2907 4678 3126 4734 totidem
3150 4683 3516 4739 coluttutarum
3546 4687 3699 4739 latera
3724 4691 3782 4732 te-

2228 4766 2394 4835 genda
2418 4768 2531 4836 rapi
2557 4767 2809 4823 laciorum
2841 4772 3077 4826 velorum
3117 4773 3324 4842 proﬁcit
3356 4776 3662 4846 longitudo,
3699 4787 3806 4841 qua

2229 4858 2606 4928 longitudinem
2637 4871 2892 4928 superant
2914 4864 3226 4920 aulamrmn.
3251 4869 3297 4926 ,Τ
3299 4881 3479 4923 autum
3515 4873 3650 4924 enim
3677 4867 3780 4919 dant

2227 4950 2580 5004 exterioribus
2622 4949 2908 5020 lateribus,
2951 4969 3206 5025 quantum
3246 4969 3299 5014 et
3343 4960 3670 5016 interioribus
3706 4958 3780 5009 da-

2228 5048 2375 5101 rcnt,
2419 5040 2466 5092 id
2505 5051 2585 5095 est
2619 5041 2791 5097 cubita
2831 5055 3085 5114 centena,
3113 5064 3230 5119 qua}
3263 5053 3390 5106 linat
3413 5052 3631 5108 ducenta
3664 5069 3675 5103 :
3703 5046 3778 5100 sed

2227 5131 2346 5202 quia
2378 5131 2631 5187 lateribus
2659 5135 2879 5190 orientis
2907 5146 2964 5194 et
2988 5141 3285 5197 occidentis
3306 5143 3610 5200 sufﬁcerent
3645 5143 3776 5196 lati-r3

2227 5223 2593 5294 quadragena,
2645 5227 2688 5281 si
2739 5233 3104 5286 tanltuumodo
3149 5234 3368 5290 interius
3417 5235 3776 5293 talternacttlum

2229 5315 2360 5367 velis
2390 5316 2682 5386 capillaciis
2720 5320 3050 5390 cingeretur;
3098 5326 3293 5381 additis
3335 5338 3510 5382 autem
3561 5325 3775 5384 lateribto

2225 5407 2342 5464 atrii
2375 5411 2536 5464 crevit
2569 5411 2893 5468 tabernaculi
2931 5415 3174 5486 latitudo,
3205 5430 3258 5473 nt
3291 5422 3525 5491 tegendis
3560 5419 3774 5477 lateribus

2289 5543 2310 5615 ξ.
2331 5543 2475 5602 mliti,
2499 5543 2718 5615 ducenta:
2746 5555 2848 5596 Vss.
2889 5562 3023 5607 vero,
3048 5559 3241 5602 centena
3266 5567 3281 5602 :
3309 5554 3353 5606 id
3375 5564 3450 5606 est
3469 5591 3484 5614 ,
3523 5556 3616 5607 duo
3649 5551 3772 5603 latera

2223 5605 2449 5672 autin-unt
2470 5619 2554 5655 sua
2587 5609 2815 5672 quinique
2837 5605 3032 5660 centum
3053 5617 3230 5664 cubita.

2287 5671 2673 5744 {latescentith
2695 5671 2980 5744 cubitorum,
3005 5673 3058 5726 id
3083 5684 3169 5744 est.
3197 5685 3247 5727 Et
3266 5679 3407 5744 [aulo
3427 5688 3551 5742 post,
3577 5677 3768 5744 qtu'tl‘i'm“

2219 5727 2674 5808 Qi’!‘1-ff“.’i‘_‘,'.z.l"°
2709 5727 3072 5801 9mm.
3098 5727 3163 5792 et
3183 5727 3396 5804 sra'viori'
3424 5727 3561 5797 διξἇὸ
3578 5727 3769 5808 istoin-

2220 5790 2425 5853 pborum
2443 5790 2597 5855 lapsu.
