3862 6314
130 431 377 490 orientali
420 437 475 485 et
516 423 829 482 occidentali
880 421 991 493 jam
1052 433 1160 475 non
1202 417 1572 489 quadragena,
1624 414 1721 471 sed

128 527 498 597 quinquagena
526 519 701 573 cubita
730 517 837 569 sint
872 511 1171 568 necessaria
1215 528 1232 565 ε
1277 509 1343 563 ad
1387 524 1449 563 ea
1496 505 1720 577 tegenda

130 618 389 688 prolicere
421 613 586 683 potuit
610 607 1003 679 capillaeiorum
1036 604 1272 660 velorum
1302 600 1574 671 longitudo
1602 614 1715 652 am-

131 709 265 778 plior
297 720 458 774 quam
502 702 823 761 aulicorum;
858 708 915 751 ιιι
952 711 1055 751 non
1086 694 1246 747 ambo
1270 692 1447 746 cubita
1467 732 1482 755 ,
1526 690 1719 760 quibus

129 799 264 853 binis
291 796 530 866 longiora
561 805 679 847 sunt
697 832 713 858 ,
735 807 801 845 ex
833 805 934 844 una
964 798 1115 859 parte
1145 784 1597 855 impenderentur,
1621 782 1717 838 sed

128 890 349 942 cubitant
377 902 442 940 ea:
478 887 603 950 hoc,
632 894 677 937 ct
704 884 923 936 cubitant
963 898 1027 937 ea:
1054 880 1180 941 hoc;
1208 893 1271 931 ae
1303 878 1381 931 sic
1409 878 1623 931 haberet
1651 890 1719 931 ex

130 983 237 1052 ipsa
270 979 751 1049 snperalutntlautia
778 979 914 1030 laltts
938 974 1195 1029 orietttale
1220 972 1395 1027 cubita
1424 971 1639 1032 decem,
1663 978 1719 1025 et

128 1072 461 1126 occidentale
493 1072 593 1123 alia
624 1070 830 1124 decem.
874 1067 1064 1135 Viginti
1095 1064 1238 1120 enim
1279 1065 1411 1118 liunt
1458 1063 1578 1117 bina
1618 1061 1717 1116 de-

127 1179 238 1217 cem
270 1180 283 1215 :
318 1164 444 1232 quia
490 1161 587 1214 veli
633 1158 895 1213 undecimi
942 1158 958 1190 ⁸
997 1157 1172 1211 cubita
1222 1154 1434 1222 triginta
1475 1152 1717 1222 duplica-

128 1257 266 1309 tione
293 1266 348 1307 et
376 1252 709 1307 subiectione
734 1252 801 1304 ab
830 1251 928 1304 ltoc
948 1249 1151 1302 ambitu
1174 1248 1546 1300 detrahuntur.

196 1349 283 1400 t7.
327 1346 435 1401 Sed
466 1346 717 1414 quoniam
740 1343 789 1396 id
821 1343 962 1412 quod
994 1341 1155 1396 latine
1176 1341 1580 1407 interpretatum
1608 1344 1712 1400 est,

127 1435 362 1492 Cubitum
384 1453 447 1490 ex
475 1436 588 1497 hoc,
624 1446 669 1487 et
696 1434 914 1486 cubitum
942 1448 1005 1485 ea:
1030 1433 1123 1484 hoc
1140 1470 1158 1496 ,
1185 1446 1247 1483 ex
1274 1445 1330 1482 ea
1356 1426 1488 1496 quod
1514 1432 1717 1495 superat

124 1531 241 1584 velis
271 1532 336 1583 tle
372 1528 690 1599 longitudine
710 1524 935 1579 velorum
969 1522 1305 1585 tabernaculi,
1335 1521 1426 1573 erit
1452 1528 1716 1588 contegens

125 1641 270 1696 super
291 1625 454 1677 latera
476 1621 779 1675 tabernaculi
799 1659 814 1685 ,
849 1633 1051 1688 graecus
1084 1615 1241 1669 ltahet
1263 1621 1460 1676 πλάγια,
1486 1627 1606 1681 qua:
1635 1611 1713 1663 lac

128 1716 214 1770 lini
239 1714 489 1769 nonnulli
520 1728 622 1767 non
650 1714 828 1776 latera,
858 1708 952 1764 sed
983 1708 1180 1776 obliqua
1211 1704 1536 1771 interpretati
1568 1709 1711 1766 sunt,

126 1810 319 1863 merito
362 1815 537 1859 movet
559 1846 573 1869 ,
604 1803 726 1874 quia
755 1802 851 1856 (‘lsi
884 1801 1010 1853 nihil
1039 1799 1122 1852 hic
1152 1796 1389 1851 videatur
1416 1795 1710 1865 obliquum,

126 1902 208 1953 ubi
234 1914 431 1952 omnes
454 1897 625 1966 anguli
654 1902 883 1964 quatuor
917 1894 1136 1944 laterum
1167 1888 1291 1942 recti
1333 1894 1483 1949 sunt;
1516 1891 1697 1949 ani-[ca

126 2001 297 2046 tamen
322 1989 431 2043 diei
460 1989 619 2041 latera
660 1988 743 2039 illa
773 2001 875 2038 non
908 1990 1160 2053 pessnut,
1197 1994 1422 2049 quorum
1450 1994 1608 2030 utnun
1632 1983 1715 2031 est

124 2083 172 2135 in
206 2081 360 2141 faeie,
388 2079 614 2134 alterum
647 2087 811 2140 retro,
827 2075 875 2130 id
897 2072 1266 2137 est,orienlule
1283 2068 1709 2132 etoecidentale,

124 2172 213 2227 sed
238 2178 427 2237 πλάσμα
456 2170 555 2225 diei
587 2179 800 2238 Imssunt
833 2182 861 2219 a
888 2166 1075 2219 dextro
1104 2174 1155 2218 et
1184 2180 1211 2216 a
1239 2160 1475 2222 sinistro,
1510 2160 1559 2213 id
1591 2166 1672 2212 est
1693 2192 1710 2223 ,

124 2266 451 2334 aquilonium
480 2271 534 2317 et
560 2260 793 2315 australe
832 2277 845 2313 :
885 2274 1003 2311 cum
1033 2271 1159 2325 ergo
1187 2272 1289 2307 non
1320 2253 1427 2306 sint
1447 2266 1507 2304 ea
1534 2256 1713 2316 nini-pa

124 2373 238 2427 qua:
269 2355 472 2410 habent
507 2353 683 2407 cubita
720 2352 1106 2419 quinquaginta,
1138 2345 1328 2416 quibus
1354 2344 1606 2398 lateribus
1637 2349 1714 2395 te-

124 2450 311 2520 gendis
353 2451 615 2520 prolicere
657 2447 892 2516 potuisse
916 2445 1145 2497 diximus
1172 2446 1510 2509 superantem
1540 2435 1713 2505 longi-

128 2542 360 2595 tudinem
377 2539 773 2608 capillaciorum
793 2536 1030 2589 velorum
1054 2550 1068 2597 ;
1091 2529 1357 2603 quomodo
1378 2529 1475 2583 erit
1503 2540 1710 2591 verum,

127 2632 359 2687 Cubitum
382 2647 446 2685 ea:
477 2632 590 2693 hoc,
620 2638 663 2685 ct
698 2629 917 2681 cubitum
945 2642 1006 2679 ex
1033 2626 1147 2687 hoc,
1179 2640 1241 2679 ca:
1269 2640 1325 2678 eo
1350 2622 1483 2693 quod
1509 2628 1713 2688 supcrat

125 2726 243 2779 telis
267 2724 330 2776 de
356 2722 674 2791 longitudine
702 2722 922 2774 velorum
956 2716 1292 2780 tabernaculi,
1333 2714 1425 2767 erit
1450 2721 1715 2781 contegens

124 2830 271 2885 super
299 2816 458 2869 latera
496 2813 843 2866 taberna-culi?
867 2810 972 2865 Sed
1003 2809 1247 2862 nimirttut
1292 2807 1359 2860 de
1389 2805 1491 2858 illis
1531 2800 1713 2857 lateri-

128 2904 220 2959 bus
253 2905 491 2975 tegendis
521 2901 769 2973 loquitur,
796 2918 915 2973 quae
942 2901 1100 2955 etiam
1123 2900 1279 2954 dorsa
1301 2897 1529 2967 appellat
1553 2896 1711 2968 quiu-

128 2995 387 3049 deuurtttu
432 2996 728 3049 cubituruttt
770 2995 1243 3059 eolutttnurumque
1274 2999 1565 3046 tentarunt.
1593 3000 1712 3057 quae

126 3102 241 3140 cum
290 3098 446 3158 porta
488 3087 607 3141 atrii
646 3086 874 3140 habente
911 3084 1089 3139 cubita
1132 3082 1312 3152 viginti
1356 3090 1409 3135 cl
1437 3081 1714 3135 columnas

126 3190 370 3247 quatuor,
414 3180 786 3249 quinquaginta
833 3179 1102 3247 comp'eut
1145 3174 1319 3229 cubita
1354 3182 1407 3226 et
1436 3173 1713 3226 columnas

126 3276 330 3331 decimi.
364 3275 486 3328 “rec
512 3274 673 3329 latera
708 3289 772 3328 ex
806 3274 918 3327 istis
942 3272 1051 3326 suis
1096 3271 1286 3324 linilms
1326 3272 1377 3323 in
1415 3270 1590 3324 tnetlio
1620 3283 1713 3337 p0-

126 3380 350 3423 suernnt
388 3369 503 3420 atrii
538 3377 767 3436 portam,
808 3380 871 3419 ex
904 3366 1009 3419 illis
1037 3372 1210 3417 autem
1242 3363 1432 3414 ostium
1467 3362 1712 3415 taberna-

123 3459 224 3511 culi
257 3478 269 3511 :
297 3458 436 3509 inter
458 3467 660 3525 portam
686 3456 803 3509 atrii
831 3464 883 3508 et
912 3455 1102 3507 ostium
1137 3452 1459 3506 tabernaculi
1486 3452 1713 3521 Spatium

122 3549 281 3617 jacet,
313 3557 568 3617 quantum
591 3546 764 3601 cubita
795 3548 879 3601 illa
918 3543 1239 3598 concludunt
1265 3544 1441 3614 viginti
1468 3560 1497 3597 ει
1527 3553 1672 3612 porta
1694 3583 1710 3609 ,

126 3651 176 3695 ct
216 3641 403 3695 (li-rura
445 3642 678 3710 let-aque
716 3639 999 3708 quindeua.
1048 3637 1098 3689 In
1136 3652 1201 3689 eo
1239 3635 1409 3702 Spatia
1438 3645 1519 3689 est
1546 3634 1713 3689 altare

130 3732 632 3786 holomustanmlum
666 3730 799 3784 intra
834 3737 1037 3799 portatu
1082 3728 1201 3782 atrii
1248 3738 1369 3780 ante
1416 3727 1607 3779 ostium
1635 3733 1714 3779 ta-

131 3824 393 3878 bernaculi
412 3841 427 3887 ;
448 3835 496 3877 et
523 3823 659 3878 inter
676 3824 842 3877 altare
862 3833 913 3876 et
940 3823 1134 3875 ostium
1160 3819 1483 3874 tabernaculi
1507 3819 1711 3873 labrum

132 3929 320 3969 areum
340 3918 380 3979 ⁸,
408 3914 493 3968 ulli
521 3915 826 3969 sacerdotes
853 3928 1039 3975 manus
1068 3924 1115 3965 et
1143 3911 1303 3980 pedes
1325 3910 1589 3964 lavabant.
1617 3910 1709 3964 Di-

136 4006 353 4073 ligenter
382 4019 558 4060 autem
600 4005 863 4060 tttcttSttrls
894 4004 1229 4064 examinatis,
1263 4001 1483 4057 fortasse
1514 4002 1563 4056 iu
1596 4002 1710 4056 istis

136 4094 379 4151 lateribus
418 4108 684 4152 teruartttn
720 4097 1117 4161 columnarum,
1164 4110 1282 4163 qua:
1321 4100 1505 4159 π>ἀνια
1538 4105 1710 4162 graece

135 4186 263 4239 dicta
293 4197 450 4249 sunt,
500 4188 748 4242 tumnulla
786 4189 943 4240 etiam
986 4186 1269 4255 obliquitas
1310 4183 1606 4248 invenitur;
1652 4190 1710 4238 ut

136 4290 232 4329 non
278 4280 466 4332 lruStra
498 4280 709 4347 quidam
760 4279 1076 4346 interpretes
1114 4276 1276 4332 nostri
1308 4276 1506 4344 obliqua
1543 4276 1708 4329 inter-

138 4382 482 4435 pretarvntur,
530 4389 646 4440 qua-
692 4373 744 4425 iu
787 4385 959 4441 grzrco
1006 4378 1185 4437 πὶὰνια
1232 4378 1557 4442 repererunt.
1594 4369 1709 4425 Non

136 4462 264 4513 enim
294 4468 407 4516 vela
438 4464 705 4531 rapillacia
735 4465 1013 4533 quindenis
1037 4464 1225 4518 cubitis
1253 4465 1362 4517 suis
1388 4471 1607 4534 possunt
1632 4471 1710 4517 tc-

138 4566 252 4619 gct‘e
285 4558 552 4624 quindena
597 4557 772 4610 cubita
806 4558 1151 4609 tentoriorqu
1197 4556 1247 4608 iu
1276 4554 1376 4608 illis
1412 4553 1665 4609 lateribus
1688 4596 1703 4621 ,

140 4646 229 4698 tusi
270 4664 313 4715 ιιι
338 4648 653 4702 sierint-ibus
684 4647 921 4718 partibus
962 4647 1305 4709 tabernaculi,
1335 4656 1619 4718 antequam
1640 4644 1707 4701 ad

140 4736 218 4792 illa
256 4743 298 4793 la
326 4760 416 4798 era
450 4742 818 4805 ill-ﬂectantur,
855 4760 956 4795 non
986 4742 1213 4811 amplius
1242 4758 1398 4812 quam
1444 4741 1579 4796 dena
1609 4753 1707 4796 cu-

142 4828 235 4883 bita
258 4835 627 4904 ἰιιτνυιιιιοιίιιι.
654 4836 727 4889 Ac
756 4836 833 4890 sic
859 4851 924 4891 ex
954 4835 1091 4889 linea
1125 4846 1264 4889 recta
1290 4833 1597 4904 posterioris
1624 4840 1706 4887 ta-

142 4922 416 4991 hcruaruli,
449 4928 496 4981 itl
543 4938 623 4982 est
662 4944 689 4981 τι
733 4938 884 5000 parte
920 4927 1241 4990 oceideuliq
1270 4941 1386 4998 quur
1422 4927 1559 4981 linea
1585 4939 1704 4981 cum

142 5012 399 5074 habuisset
421 5029 541 5074 uelo
567 5022 843 5075 columnas
860 5022 1185 5091 pertinentes
1206 5021 1269 5074 ad
1299 5017 1707 5073 itilerittslaber-

143 5112 284 5165 ttae-td
309 5130 374 5164 :iu
396 5155 410 5176 ,
458 5112 640 5166 dcecttt
672 5112 865 5167 habere
892 5115 1053 5182 coepit
1084 5111 1273 5167 additis
1312 5111 1560 5166 lateribus
1586 5108 1704 5164 atrii

144 5204 441 5268 exterioris;
489 5215 689 5259 etcum
738 5201 1010 5257 habuisset
1050 5202 1221 5257 cubita
1253 5201 1596 5273 quadraginta
1636 5198 1705 5255 ad

204 5393 375 5461 fruiti,
390 5395 627 5447 tmtlvcim.
652 5399 821 5448 verius
838 5398 1018 5461 aliquot
1041 5405 1166 5457 Mss,
1190 5394 1448 5448 undecimi.

203 5456 336 5533 illic
367 5460 500 5531 locus
535 5462 580 5533 ιε
623 5464 865 5533 integrum
893 5456 1311 5533 _t"cslitttitttt-_ope
1349 5468 1455 5509 Mss.
1497 5458 1705 5533 Vaticani

147 5522 609 5593 F'Q'lZ'l-‘n(.Zttt'..clt'ttsis
626 5533 675 5572 et
707 5522 923 5593 t‘lntauei.
950 5532 1065 5593 turn
1080 5526 1126 5572 i.t
1147 5522 1289 5593 inlitis
1310 5531 1409 5570 Am.
1430 5528 1502 5593 Er.
1527 5530 1573 5569 et
1592 5527 1703 5591 μοι’.

145 5580 205 5643 bi}:
230 5584 541 5632 monebatur
572 5598 582 5631 :
614 5595 661 5633 In
687 5599 741 5636 eo
763 5584 911 5643 spati)
925 5593 993 5635 est
1018 5586 1168 5635 ulturc
1190 5580 1559 5638 lllb.’l‘lltl€tnli,el
1584 5580 1706 5631 inter

147 5637 281 5714 aliter
302 5649 414 5714 labe:
433 5646 590 5714 tarenti
608 5637 813 5714 labrum,
830 5657 923 5714 etc.
953 5657 995 5708 tt,
1016 5649 1078 5714 nd
1106 5655 1201 5696 l‘at.
1234 5656 1279 5695 et
1304 5646 1480 5708 aliquot
1506 5657 1628 5714 iss;
1655 5654 1706 5695 1η

148 5710 239 5778 ςςιεςΔ
266 5707 354 5756 ιιι)
372 5708 577 5778 (ξλιιιῌαὶ
591 5722 617 5758 e
639 5707 1027 5775 labct'ttocult,c1
1049 5708 1173 5767 inter
1190 5716 1344 5763 ultore
1365 5707 1505 5778 atque
1535 5707 1706 5764 ostium

148 5761 425 5822 tabernaculi
445 5768 651 5822 labrum.

1456 299 1663 357 LIBER
1698 298 2074 360 SECUNDUS.

3308 308 3419 372 670

1828 424 1957 471 octo
1975 414 2248 470 columnas
2267 412 2605 485 pertinentia,
2629 415 3008 487 quinquaginta
3027 416 3225 477 habere
3247 424 3414 495 erepit

1831 508 1883 563 iu
1904 508 2167 565 columnis
2193 508 2374 563 decem
2406 523 2420 564 :
2449 523 2512 563 ex
2540 506 2639 563 hac
2663 524 2792 577 ergo
2819 508 2956 563 linea
2980 524 3105 566 cum
3133 521 3267 569 tecta
3295 516 3414 573 rue.

1828 601 1937 655 rint
1976 600 2108 655 velis
2141 600 2432 668 capillaciis
2466 598 2603 655 dena
2631 599 2807 655 cubita
2845 601 2915 657 ab
2952 611 3176 672 utrorum
3216 607 3414 676 angulo

1828 693 2114 755 venientia,
2145 692 2420 748 restabant
2444 693 2497 747 in
2526 692 2705 747 medio
2734 694 2945 765 trigin'a
2974 713 3078 751 oon
3111 706 3247 753 tecta
3278 701 3412 756 velis

1826 785 2136 855 capiiiaciis,
2182 784 2277 841 sed
2322 786 2424 842 illis
2452 786 2819 842 mittttmtuodo
2862 788 3075 852 aulaeis;
3109 789 3409 857 inquorum

1828 877 2038 948 triginta
2062 877 2360 933 cubitorum
2388 876 2583 941 medio,
2609 894 2702 947 per
2727 879 2987 949 quotlibet
3018 881 3196 938 cubita
3223 884 3411 940 tende-

1826 980 2030 1035 rentur,
2073 979 2189 1026 erat
2230 970 2425 1024 ostium
2468 970 2810 1027 tabernaculi.
2863 971 3089 1032 Proinde
3130 974 3215 1029 illa
3248 977 3410 1033 latera

1828 1070 2100 1117 ternarum
2126 1063 2494 1119 inluminarum
2523 1073 2577 1119 et
2600 1063 2989 1133 quindenortuu
3015 1065 3334 1134 cubitorum,
3364 1070 3409 1125 si

1824 1171 1889 1211 ex
1929 1156 2031 1210 illis
2071 1157 2261 1211 ﬁnibus
2292 1157 2400 1211 suis
2439 1158 3012 1229 quibusjuugebantur
3051 1172 3217 1231 perite
3255 1165 3408 1230 atrii,

1825 1250 2076 1316 patebant
2099 1249 2314 1304 interse
2345 1248 2539 1305 cubitis
2569 1249 2774 1319 viginti,
2797 1249 2918 1319 quia
2945 1259 3147 1306 tantum
3177 1253 3411 1311 habt-bat

1827 1350 1975 1409 porta
1999 1357 2117 1410 qua:
2147 1341 2234 1396 illa
2264 1341 2429 1396 latera
2454 1342 2734 1397 dirimebat
2753 1358 2769 1403 :
2790 1360 2855 1399 ex
2883 1345 3000 1399 aliis
3018 1356 3193 1400 autem
3220 1347 3410 1404 finibus

1822 1434 2016 1504 quibus
2046 1434 2319 1489 ingerebant
2349 1436 2622 1503 posteriori
2656 1435 2731 1490 illi
2767 1434 2920 1491 linea:
2954 1438 3312 1504 tabernaculi,
3340 1441 3409 1496 de

1825 1540 1926 1595 qua
1966 1526 2127 1581 locuti
2170 1539 2374 1590 sumus,
2406 1525 2670 1581 habebant
2698 1528 2836 1582 inter
2868 1543 2927 1581 se
2952 1528 3127 1583 cubita
3157 1530 3405 1600 triginta;

1825 1618 2006 1687 procul
2043 1617 2203 1672 dubio
2242 1626 2397 1671 erant
2434 1619 2649 1684 obliqua
2690 1635 2707 1674 ι
2745 1621 2996 1689 quoniam
3030 1621 3146 1687 plus
3173 1622 3308 1677 inter
3344 1640 3404 1679 se

1823 1708 2155 1776 patcbautett
2192 1707 2290 1763 hac
2318 1718 2465 1777 parte
2494 1710 2583 1763 ubi
2615 1709 2878 1764 habebant
2903 1712 3073 1766 media
3108 1712 3285 1768 cubita
3312 1713 3407 1767 tri-

1820 1800 1987 1868 ginta,
2013 1813 2172 1868 quam
2198 1813 2262 1854 ex
2308 1798 2393 1854 illa
2425 1810 2572 1868 parte
2598 1800 2687 1855 ubi
2717 1800 2982 1856 habebant
3018 1802 3192 1859 media
3230 1805 3408 1862 cubita

1821 1891 2026 1959 viginti.
2070 1891 2142 1946 Ita
2166 1889 2253 1947 illa
2280 1889 2466 1947 decem
2492 1893 2668 1948 cubita
2692 1895 3083 1962 capillaeiorum
3121 1897 3357 1952 velorum
3384 1940 3404 1967 ,

1819 1982 1961 2053 quod
1984 1993 2102 2039 erat
2124 1983 2401 2039 dimidium
2424 1984 2744 2041 abundantis
2759 1986 3121 2057 longitudinis,
3150 2007 3268 2058 qua:
3293 2000 3411 2058 pro~

1822 2074 2070 2129 tieiebant
2120 2076 2399 2144 posteriori
2442 2077 2575 2145 parti
2618 2076 2984 2144 tabernaculi,
3023 2079 3123 2134 hoc
3149 2089 3229 2134 est
3258 2081 3403 2135 occi-

1817 2166 2043 2233 dentali,
2072 2169 2207 2224 sicut
2233 2169 2335 2225 alia
2366 2168 2550 2225 decem
2594 2171 2938 2240 proﬁciebant
2969 2173 3128 2242 priori
3170 2174 3320 2243 parti,
3356 2175 3407 2230 id

1818 2269 1902 2314 est
1927 2260 2199 2328 orientali,
2226 2263 2403 2332 quiuis
2429 2264 2621 2318 cubitis
2643 2266 2980 2335 complebant
3000 2274 3256 2322 tecturam
3286 2268 3408 2325 late-

1819 2368 1937 2407 rtun
1963 2353 2195 2419 illorum,
2224 2371 2342 2424 qua'
2366 2370 2539 2425 gra‘co
2564 2364 2743 2423 πλάγια
2768 2357 2906 2411 dicta
2936 2368 3078 2422 sunt,
3106 2358 3227 2416 inde
3251 2360 3409 2431 quiu-

1820 2458 1923 2511 que
1948 2451 2002 2496 et
2032 2444 2152 2497 hinc
2186 2446 2439 2516 quinque.
2471 2446 2601 2513 Qua:
2625 2449 2669 2501 si
2701 2447 3029 2517 defuissent,
3066 2450 3200 2504 dena
3230 2452 3406 2507 cubita

1821 2542 2129 2606 tegerequr
2156 2537 2205 2591 in
2235 2539 2436 2593 eisdem
2461 2540 2735 2607 lateribus,
2763 2551 2817 2595 et
2845 2542 3002 2611 quina
3036 2543 3173 2598 nuda
3202 2554 3404 2600 essent.

1819 2626 2022 2698 Itaque,
2054 2642 2309 2698 quantum
2340 2631 2467 2684 mihi
2495 2632 2723 2697 videtur,
2745 2633 2933 2686 melius
2955 2634 3262 2702 intelligitur
3284 2635 3407 2693 hinc

1819 2736 1940 2776 csso
1960 2722 2183 2789 dictmn,
2212 2720 2444 2777 Cubitum
2462 2739 2527 2777 ea:
2544 2724 2661 2789 hoc,
2688 2735 2733 2777 ct
2758 2725 2979 2779 cubitum
3006 2741 3069 2778 ea:
3092 2726 3216 2791 hoc,
3247 2742 3321 2782 ex
3348 2743 3407 2782 eo

1818 2813 1956 2883 quod
1981 2824 2183 2882 superat
2210 2814 2329 2867 velis
2354 2813 2420 2869 tle
2452 2815 2765 2885 longitudine
2808 2815 3029 2869 velorum
3058 2816 3366 2872 tabernaculi
3386 2859 3401 2880 ,

1820 2920 1928 2960 non
1956 2906 2075 2976 quia
2108 2915 2281 2971 erant,
2306 2921 2429 2959 cunt
2457 2906 2580 2962 hinc
2621 2917 2675 2960 et
2718 2906 2841 2961 inde
2876 2907 3036 2976 quius
3063 2919 3276 2973 essent;
3310 2910 3404 2964 sed

1820 2997 1941 3067 quia
1968 3012 2033 3052 ex
2068 2998 2153 3051 illa
2180 2998 2504 3067 longitudine
2532 2997 2917 3061 redundabant,
2951 3002 3001 3053 in
3028 3015 3128 3070 qua
3156 3000 3293 3054 binis
3314 3016 3407 3055 eu~

1818 3088 1942 3143 bilis
1971 3098 2125 3143 erant
2160 3089 2341 3143 aulaeis
2368 3090 2637 3159 capillacia
2666 3089 2927 3159 longiora,
2966 3105 3029 3145 ex
3056 3092 3248 3161 quibus
3269 3090 3405 3145 duo-

1816 3180 1918 3236 bus
1934 3181 2124 3235 cubitis
2146 3183 2559 3252 uniuscujusque
2579 3182 2678 3236 veli
2695 3182 2928 3237 cubitum
2952 3183 3245 3253 profecerat
3270 3186 3405 3254 parti

1817 3275 2064 3328 orientali
2091 3291 2103 3327 :
2127 3276 2363 3329 restabat
2389 3272 2571 3344 utique
2591 3274 2816 3329 alterum
2842 3275 3078 3329 cubitum
3103 3277 3234 3345 parti
3262 3278 3405 3333 occi-

1817 3366 2045 3429 dentali,
2088 3373 2148 3420 ut
2192 3367 2427 3421 cobizutn
2457 3382 2521 3419 ex
2570 3366 2671 3419 hoe
2720 3374 2866 3421 esset
2910 3376 3199 3437 contegens
3245 3382 3407 3441 super

1819 3465 2001 3525 ate-Ita
2029 3458 2374 3514 tabernaculi.
2404 3457 2555 3514 Unde
2580 3458 2779 3513 dictum
2822 3469 2902 3513 est
2928 3499 2943 3523 ,
2974 3460 3091 3514 hine
3118 3471 3266 3531 atque
3290 3464 3406 3518 hinc

1819 3559 1875 3602 ut
1894 3550 2106 3620 aperiat,
2134 3550 2257 3619 quia
2288 3564 2392 3604 non
2419 3548 2693 3619 operiebat
2725 3558 2917 3615 totutn,
2955 3550 3001 3605 si
3025 3551 3211 3607 eadem
3243 3555 3403 3624 quina

1817 3638 1993 3694 cubita
2016 3640 2327 3695 defuissent.

1894 3730 1977 3786 18.
2020 3729 2173 3784 Nunc
2194 3732 2304 3799 jam
2345 3731 2593 3799 quoniam
2620 3730 2750 3786 satis
2776 3729 3103 3800 disputatum
3132 3741 3233 3801 est,
3265 3748 3401 3805 quo-

1819 3823 1979 3877 modo
2008 3822 2099 3877 illa
2128 3824 2303 3877 omnia
2330 3821 2666 3893 intelligenda
2697 3821 2824 3885 sint,
2852 3839 2971 3894 qua:
2998 3822 3048 3879 in
3077 3826 3401 3882 tabernaculi

1817 3918 2196 3972 constitutione
2240 3916 2820 3982 videbanturobseura,
2868 3918 3099 3973 breviter
3139 3921 3182 3974 si
3211 3934 3400 3990 possu-

1817 4025 1935 4065 mus
1963 4012 2229 4065 enitamur
2262 4008 2698 4081 ostenderequod
2728 4009 2797 4063 sit
2820 4010 3005 4065 eadem
3045 4010 3400 4083 disputatione

1815 4102 2131 4157 confectum.
2166 4102 2248 4155 Ab
2277 4102 2553 4157 occidente
2584 4103 2742 4170 igitur
2784 4102 3099 4163 intrabatur.
3128 4114 3179 4157 et
3230 4108 3397 4174 prima

1815 4203 1931 4248 erat
1958 4193 2285 4264 ingrediendi
2325 4203 2473 4262 porta
2500 4193 2637 4255 atrii,
2667 4208 2786 4261 qum
2815 4193 3023 4261 patebat
3046 4193 3224 4263 tiginti
3247 4196 3398 4248 euhi-

1816 4287 1902 4352 tis,
1929 4297 1982 4341 et
2010 4286 2235 4341 habebat
2261 4297 2487 4357 quatuor
2515 4286 2811 4347 Columnas,
2844 4286 3035 4355 quilms
3061 4286 3396 4354 dependebat

1815 4379 1989 4433 velum
2016 4378 2197 4447 viginti
2230 4379 2424 4432 cubitis
2447 4389 2745 4445 extentum,
2772 4391 3009 4432 erectum
3045 4389 3221 4433 autent
3250 4380 3399 4434 cubi-

1815 4472 1881 4527 tis
1906 4470 2158 4541 quioqnc,
2188 4480 2413 4539 quatuor
2434 4471 2539 4524 illis
2573 4485 2714 4537 sa'pe
2746 4472 3176 4526 commemoratis
3202 4472 3397 4527 (“niuri-

1814 4562 1912 4619 bus
1933 4577 2027 4617 acu
2049 4562 2185 4632 picto
2205 4576 2367 4631 opere.
2403 4563 2625 4617 variato.
2662 4560 2768 4617 llac
2804 4572 2951 4631 porta
2978 4562 3282 4629 ingrediens
3302 4580 3397 4620 ex-

1815 4657 2109 4727 cipiebatur
2136 4656 2292 4719 atrio,
2334 4655 2485 4726 cujus
2513 4656 2677 4710 latera
2706 4655 2925 4711 dextera
2958 4657 3195 4727 laevaque
3233 4657 3391 4727 quin‘

1812 4751 1964 4805 denis
1991 4749 2178 4804 cubitis
2206 4756 2260 4803 et
2289 4748 2453 4802 ternis
2476 4748 2738 4803 columnis
2768 4748 3173 4817 porrigehantur
3194 4750 3392 4803 intror-

1812 4855 1930 4905 sus;
1963 4850 2019 4896 ut
2047 4842 2097 4897 in
2125 4840 2301 4897 medio
2326 4850 2578 4911 ponerent
2604 4839 2799 4893 ostium
2823 4839 3146 4895 tabernaculi
3175 4842 3389 4895 intui-io.

1811 4936 1906 4998 ris,
1952 4934 2003 4988 in
2043 4948 2104 4988 ea
2146 4942 2295 5002 parte
2334 4946 2440 5002 quo
2480 4931 2875 5001 perveniebant,
2927 4933 3064 4987 sicut
3114 4933 3161 4983 in
3216 4932 3392 4986 nu-dio

1813 5028 2078 5098 ponebant
2104 5034 2307 5097 portam
2330 5025 2472 5091 atrii,
2508 5020 2578 5078 ab
2603 5037 2667 5078 ea
2698 5033 2845 5093 parte
2880 5023 3017 5077 unde
3045 5022 3387 5092 incipiebant.

1814 5120 1924 5175 ille
1943 5122 2116 5188 itaque
2141 5118 2331 5172 atrium
2353 5115 2508 5170 latins
2532 5125 2646 5173 erat
2667 5130 2823 5184 quum
2852 5115 3076 5183 longius.
3114 5112 3245 5166 Nam
3279 5116 3363 5165 Ion

1810 5209 1994 5281 gitudo
2019 5210 2134 5278 ejus
2154 5219 2269 5263 erat
2293 5222 2321 5259 a
2348 5216 2495 5277 porta
2525 5206 2692 5276 ipsius
2712 5218 2879 5273 usque
2904 5204 2969 5257 ad
2994 5203 3186 5258 ostium
3216 5204 3389 5257 taber-

1811 5301 1986 5355 naculi
2011 5300 2296 5361 interioris,
2326 5299 2378 5353 in
2397 5298 2591 5352 cubitis
2614 5298 2778 5350 l'erme
2796 5294 3094 5365 quindecim
3120 5310 3134 5347 :
3167 5294 3389 5349 latitudo

1811 5401 1985 5446 autem
2020 5390 2159 5446 eirea
2188 5398 2393 5460 portam
2422 5388 2474 5442 in
2522 5386 2715 5442 cubitis
2754 5385 2961 5453 viginti,
3012 5384 3151 5439 circa
3193 5386 3385 5438 ostium

1811 5483 2005 5538 veroin
2033 5480 2473 5551 cubitistriginta.
2508 5476 2660 5533 Unde
2674 5476 2885 5545 obliqua
2914 5474 3001 5530 illa
3029 5476 3189 5529 latera
3224 5474 3387 5530 fuisse

1795 5564 2197 5645 intelliguntur,
2224 5589 2341 5643 qua:
2362 5572 2576 5633 dextera
2606 5571 2837 5640 ltuvaque
2865 5569 2916 5622 iu
2939 5569 3200 5625 Culumnis
3224 5570 3385 5624 ternis

1811 5684 1869 5728 et
1890 5667 2167 5739 quindenis
2186 5665 2379 5720 cubitis
2404 5669 2575 5719 erant.
2605 5659 2663 5717 In
2694 5662 2792 5716 hoc
2812 5661 2950 5715 atrio
2972 5668 3087 5715 erat
3106 5662 3270 5716 altare
3296 5676 3384 5714 sa-

1813 5763 2131 5821 crilicioruut
2170 5758 2505 5831 quadratum,
2549 5756 2784 5831 quinque
2810 5754 3012 5814 scilicet
3047 5753 3239 5814 cubitis
3267 5752 3390 5814 loué
