3862 6306
465 297 566 358 671

464 410 609 481 gum,
628 420 685 467 et
705 408 923 465 totidem
948 407 1133 461 latum.
1163 400 1307 459 Inter
1326 411 1532 473 portam
1557 410 1611 455 et
1634 399 1802 453 altare
1822 396 2051 467 spatium

462 514 599 566 erat,
636 501 724 557 ubi
754 499 1102 554 versabantur
1124 496 1211 567 qui
1237 494 1492 550 sacrificia
1516 491 1853 560 imponebant
1875 488 2050 545 altari:

464 602 733 649 introrsus
756 607 881 646 vero
900 591 1038 645 inter
1060 590 1227 643 altare
1247 596 1302 642 et
1326 586 1519 640 ostium
1541 582 1886 645 tabernaculi,
1908 582 2055 635 locus

462 694 577 740 erat
625 685 821 739 cineris
853 693 977 737 ante
1012 682 1239 745 altareâ€˜,
1267 689 1321 733 et
1348 678 1541 732 deimle
1592 676 1796 731 labrum
1845 690 2053 728 amcam

464 779 547 832 ubi
589 793 778 833 manus
802 786 853 830 ct
888 774 1047 846 pedes
1074 772 1377 828 sacerdotes
1417 770 1680 829 lavabaut,
1709 768 1791 822 vel
1818 765 1971 821 altari
2000 766 2053 820 in

466 875 602 927 atrio
637 870 923 935 servituri,
945 869 1025 921 vel
1064 865 1458 922 tabernaculum
1486 862 1708 917 interius
1742 858 2050 930 ingressuri.

469 963 722 1018 Tentoria
746 976 907 1033 porro
932 958 1090 1026 ltttjus
1108 956 1225 1012 atrii
1258 955 1310 1010 itt
1362 954 1613 1009 lateribus
1644 963 1913 1007 ternarum
1958 964 2053 1004 co-

473 1053 776 1109 lumnarum
820 1050 1030 1123 byssina
1070 1058 1245 1115 erant,
1272 1056 1486 1103 extenta
1522 1046 1717 1102 cubitis
1744 1042 2049 1117 quindenis,

472 1158 647 1200 erecta
666 1144 856 1200 cubitis
870 1142 1064 1213 quinis.

548 1238 634 1293 l9.
676 1237 759 1292 Ab
800 1236 900 1291 hoc
938 1252 1067 1306 ergo
1092 1235 1230 1290 atrio
1257 1234 1554 1289 intrabatur
1580 1233 1776 1288 ostium
1805 1232 2053 1286 taberna-

472 1329 574 1385 culi
601 1344 721 1383 cum
746 1330 1027 1384 transisses
1050 1327 1238 1391 altare,
1262 1335 1317 1381 et
1341 1325 1544 1379 labrum
1566 1340 1795 1378 teneam.
1818 1322 2057 1378 lntraba-

474 1428 563 1475 tur
598 1430 775 1474 autem
812 1419 1012 1489 apertis
1050 1417 1264 1483 aula-is,
1315 1417 1505 1486 quibus
1551 1415 1771 1480 decem,
1819 1415 2056 1485 quinque

475 1512 599 1571 hinc
623 1522 678 1568 et
702 1513 934 1582 quinque
966 1509 1091 1565 inde
1122 1525 1187 1565 ex
1217 1508 1442 1563 adverso
1466 1508 1680 1562 sibimet
1707 1506 2015 1560 constitutis
2036 1547 2052 1572 ,

477 1614 642 1660 totum
673 1605 843 1675 ipsum
876 1603 1096 1657 interius
1121 1601 1514 1656 tabernaculum
1543 1599 1871 1669 cingebatur.
1903 1596 2055 1664 Quod

474 1698 666 1751 ostium
712 1697 947 1765 ingresso
985 1694 1297 1749 occurrebat
1335 1693 1545 1756 velum,
1588 1692 1729 1761 quod
1757 1690 1822 1744 ad
1860 1690 2055 1744 ostium

475 1786 648 1841 fuerat
673 1787 994 1855 oppositum,
1022 1785 1073 1839 in
1101 1784 1334 1855 quinque
1352 1784 1614 1839 columnis
1641 1792 1934 1846 extentum,
1966 1797 2060 1834 va-

475 1880 667 1935 riatum
710 1880 813 1934 illis
846 1888 1071 1948 quatuor
1102 1879 1368 1932 coloribus
1401 1894 1415 1932 :
1446 1876 1585 1946 quod
1618 1876 1790 1929 velum
1819 1890 1940 1928 cum
1974 1873 2055 1927 l'a-

475 1970 721 2026 ciendum
752 1971 1082 2041 praeciperet,
1104 1969 1456 2023 adductorimu
1479 1967 1701 2028 vocavit,
1725 1967 1887 2021 credo
1914 1966 2055 2035 quod

474 2070 730 2121 curreret.
759 2062 1000 2117 ducendo
1038 2072 1093 2117 et
1135 2062 1456 2123 reducendo,
1488 2076 1609 2114 cum
1632 2059 1863 2129 operiret
1900 2067 2057 2129 atque

474 2152 705 2223 aperiret
725 2154 1039 2222 ingressum.
1063 2151 1309 2207 Transito
1330 2152 1431 2205 isto
1456 2150 1593 2214 velo,
1616 2150 1907 2220 excipiebat
1936 2165 2057 2221 pars

476 2245 803 2300 tabernaculi
827 2246 997 2301 media
1026 2244 1163 2298 inter
1184 2244 1283 2297 boc
1309 2243 1481 2296 velum
1503 2253 1556 2296 et
1574 2242 1701 2296 illud
1727 2243 1949 2296 alterum
1975 2242 2056 2295 itt-

477 2337 662 2404 terius,
693 2337 830 2408 quod
853 2336 1113 2391 columnis
1138 2344 1363 2405 quatuor
1397 2335 1564 2388 fuerat
1608 2335 1949 2403 impositum,
1991 2351 2055 2389 ex

476 2429 583 2485 illis
607 2440 834 2499 quatuor
858 2430 1125 2485 coloribus
1145 2427 1360 2492 factum,
1388 2436 1441 2481 et
1462 2428 1735 2497 separabat
1772 2432 1907 2483 inter
1931 2444 2056 2483 san-

476 2529 557 2574 cta
579 2536 696 2589 qurc
714 2518 1009 2574 forin~ecus
1028 2528 1195 2583 erant,
1225 2526 1279 2573 ct
1302 2528 1481 2572 Sancta
1510 2527 1811 2573 sanctorum
1836 2521 2059 2577 interius

478 2612 667 2680 posita.
702 2610 757 2666 ltt
790 2610 887 2665 boc
918 2611 1093 2680 itaque
1120 2609 1295 2664 medio
1319 2609 1490 2679 spatio
1516 2611 1652 2664 inter
1672 2612 1767 2664 ista
1794 2613 1898 2664 duo
1921 2613 2057 2679 Vela,

478 2716 664 2759 mensa
689 2712 802 2758 erat
831 2717 1011 2767 attrea,
1042 2716 1158 2771 quae
1180 2700 1403 2755 habebat
1426 2716 1588 2771 panes
1609 2702 1985 2771 propositionis
2007 2703 2059 2757 in

476 2793 531 2848 in
580 2803 726 2863 parte
772 2793 1064 2860 aquilonis;
1094 2800 1148 2845 ct
1178 2802 1361 2848 contra
1407 2808 1524 2846 eam
1552 2792 1928 2849 candelabrttttt
1969 2811 2061 2849 att-

476 2898 628 2938 reum
657 2894 859 2952 septem
901 2883 1231 2937 lucernarum
1278 2884 1508 2953 ini'parte
1543 2884 1729 2939 austri.
1764 2884 1874 2939 lluc
1895 2901 2060 2956 usque

483 2974 733 3029 secundis
759 2974 1122 3029 sacerdotibus
1152 2975 1342 3030 licebat
1372 2976 1590 3031 intrare.

547 3064 639 3119 20.
681 3065 906 3121 Interius
926 3074 1125 3132 autem,
1155 3066 1204 3120 id
1236 3077 1334 3132 est,
1366 3068 1418 3121 in
1443 3078 1628 3123 sancto
1650 3077 1955 3124 sanctorum
1982 3070 2061 3125 ul-

477 3165 559 3212 tra
586 3157 758 3212 velum
779 3166 1005 3228 quatuor
1033 3158 1400 3213 columnarum
1421 3201 1437 3225 ,
1482 3175 1602 3213 arra
1630 3169 1747 3214 erat
1776 3161 2059 3215 testimonii

478 3248 754 3311 deaurata,
788 3249 837 3302 in
860 3264 962 3319 qua
987 3259 1137 3303 erant
1168 3249 1359 3303 tabular
1390 3249 1610 3319 lapidea:
1635 3248 1811 3321 Legis.
1833 3260 1888 3305 et
1916 3253 2058 3321 virga

477 3340 684 3405 Aaron,
715 3349 769 3394 et
794 3356 921 3394 urna
950 3356 1109 3394 aurea
1140 3356 1259 3395 cum
1288 3356 1477 3395 manna
1500 3382 1516 3403 ,
1560 3352 1609 3396 et
1641 3342 2058 3411 propitiatorium

477 3428 707 3498 desuper
720 3444 960 3490 aureum,
983 3430 1067 3484 ubi
1090 3432 1300 3485 stabant
1319 3432 1423 3486 duo
1438 3431 1735 3495 cherubim,
1755 3434 1853 3487 alis
1873 3435 2060 3490 obum-

478 3523 693 3580 brantes
728 3525 1148 3595 prrqritiatorium
1174 3534 1227 3581 et
1256 3526 1521 3580 intuentes
1546 3527 1769 3581 invicem
1789 3538 1839 3581 et
1864 3528 2056 3597 ipsum.

475 3614 615 3670 Ante
639 3630 813 3669 arcam
848 3632 992 3676 vero,
1026 3616 1074 3669 id
1102 3625 1183 3671 est
1225 3618 1362 3671 inter
1386 3633 1561 3671 arcam
1592 3628 1647 3672 et
1673 3618 1867 3683 velum,
1916 3620 2059 3689 posi-

477 3713 588 3759 tum
614 3715 728 3761 erat
750 3704 918 3761 altare
960 3706 1182 3766 incensi.
1208 3707 1347 3776 quod
1374 3706 1657 3777 aliquando
1689 3724 1905 3764 aureum
1934 3709 2061 3764 dicit

478 3796 771 3866 Scriptura,
804 3797 1085 3866 aliquaqu
1114 3798 1423 3853 deauratum
1443 3841 1459 3863 ,
1488 3816 1704 3853 aureum
1754 3801 1932 3871 utique
1960 3816 2057 3871 apo

476 3889 682 3957 pellaus
700 3888 820 3958 quia
841 3898 952 3941 erat
975 3889 1292 3942 inauratum.
1313 3889 1390 3943 Ad
1413 3889 1525 3943 haec
1550 3902 1729 3944 sancta
1754 3903 2056 3947 Sanctorum

477 3980 578 4034 nisi
600 3994 811 4033 summo
833 3980 1094 4034 sacerdoti
1122 3996 1224 4034 non
1248 3981 1439 4051 licebat
1466 3982 1661 4037 intrare
1680 3985 1913 4053 quotidie
1934 4002 2057 4054 pro-

476 4080 594 4142 pter
624 4070 953 4126 inferendum
982 4072 1251 4127 incensum
1274 4089 1287 4135 ;
1308 4074 1470 4128 semel
1495 4085 1669 4129 autem
1699 4076 1748 4129 in
1778 4093 1916 4130 anno
1937 4093 2057 4131 cum

477 4163 733 4231 sanguine
760 4162 825 4217 ad
867 4163 1247 4232 purilicandum
1277 4165 1483 4229 altare,
1528 4175 1579 4220 ct
1609 4167 1652 4220 si
1687 4168 1899 4237 quando
1926 4167 2059 4223 forte

476 4254 721 4324 exigebat
751 4255 1041 4309 necessitas
1086 4271 1179 4325 pro
1203 4268 1417 4326 peccato
1454 4258 1778 4323 sacerdotis,
1816 4272 1905 4315 attt
1938 4263 2057 4315 nni-

478 4358 650 4400 Versze
670 4362 971 4418 synagoga',
999 4347 1135 4401 sicut
1160 4347 1209 4401 io
1231 4347 1462 4403 Levitico
1483 4351 1734 4419 scriptum
1763 4362 1845 4405 est
1872 4351 2055 4419 (Levit.

476 4438 616 4506 XVI).
647 4436 733 4492 Sic
760 4437 1057 4492 intrabatttr
1079 4438 1473 4493 tabernaculmn
1502 4440 1567 4493 ab
1587 4441 1881 4508 occidente,
1907 4442 1954 4496 id
1979 4453 2060 4497 est

475 4541 507 4580 a
542 4538 687 4597 porta
720 4530 839 4583 atrii
874 4530 895 4560 Â¹
915 4545 1083 4599 usque
1121 4530 1187 4585 ad
1233 4531 1371 4585 latus
1397 4531 1655 4589 orientale
1686 4534 1942 4589 introrsus
1972 4536 2058 4590 ubi

476 4629 592 4675 erat
616 4636 737 4675 arca
760 4632 811 4675 te
843 4620 1063 4676 timonii.

548 4711 635 4766 2|.
670 4712 782 4767 Hoc
800 4724 974 4767 antetn
1000 4715 1217 4770 interius
1239 4717 1655 4784 tabernaculum,
1682 4719 1822 4788 quod
1846 4719 2061 4789 incipie-

478 4804 569 4861 bat
597 4822 699 4860 non
722 4823 749 4859 a
775 4822 812 4879 p
834 4816 927 4861 :rta
962 4810 1100 4875 atrii,
1126 4811 1219 4864 sed
1258 4813 1326 4865 ab
1354 4812 1490 4866 ostio
1519 4813 1658 4882 quod
1696 4813 2062 4881 appellabatur

477 4899 671 4953 osï¬uut
719 4902 1063 4965 tabernaculi,
1104 4910 1157 4956 et
1203 4904 1481 4975 ï¬niebatur
1528 4905 1579 4958 itt
1634 4904 1845 4973 longum
1899 4906 2060 4961 latere

476 4990 699 5044 orientis
722 4990 807 5044 ubi
825 5000 940 5046 erat
960 5008 1079 5047 arca
1102 4995 1409 5060 testimonii,
1436 4995 1619 5049 decem
1641 4996 1824 5049 aulaiis
1847 4998 2035 5053 coneto

476 5082 720 5139 debatur.
738 5098 962 5153 quorum
990 5095 1142 5139 erant
1159 5086 1363 5156 singula
1392 5086 1570 5157 tigiuti
1599 5096 1721 5140 octo
1738 5087 2056 5151 cubitorum,

475 5176 709 5243 quinque
737 5176 857 5228 hinc
887 5185 941 5230 et
966 5178 1201 5247 quinque
1228 5177 1371 5242 inde,
1400 5177 1611 5231 sibimet
1633 5194 1870 5233 connexa
1900 5194 2059 5233 ansu-

478 5270 543 5324 lis
570 5281 623 5324 ct
670 5271 918 5333 circulis,
962 5280 1015 5325 et
1049 5288 1111 5325 ex
1149 5270 1374 5325 adverso
1402 5270 1613 5325 sibimet
1659 5272 1975 5334 conditum;
2006 5280 2061 5327 et

477 5361 741 5416 columnis
762 5362 960 5415 vicenis
989 5363 1038 5416 iu
1077 5361 1329 5418 lateribus
1353 5361 1674 5430 longioribus
1697 5364 1958 5432 aquilonis
1977 5375 2059 5418 at-

478 5470 582 5524 que
613 5456 797 5515 austri,
829 5468 879 5510 et
910 5455 1173 5509 columnis
1207 5464 1327 5509 octo
1355 5470 1383 5508 a
1408 5454 1569 5509 latere
1589 5456 1899 5520 occidentis,
1929 5471 1957 5509 a
1987 5457 2060 5509 la-

543 5594 559 5625 Â³
588 5590 735 5642 Î¡Î»á½·á¼°á½·á½·á½¸
759 5601 855 5644 rat.
883 5600 931 5643 et
957 5600 1062 5642 Mss.
1088 5603 1291 5656 quatuor
1308 5596 1548 5651 omittunt,
1574 5602 1680 5643 ante
1702 5593 1870 5644 ultore.

542 5656 562 5687 Â³
588 5657 657 5704 .ic
679 5666 822 5719 vetus
843 5656 996 5705 (30(ch
1030 5659 1349 5706 tztnâ€˜oeieasis.
1387 5666 1442 5707 At
1464 5657 1581 5719 editi
1611 5664 1662 5705 et
1694 5656 1858 5719 plures
1881 5662 2009 5717 uss,
2031 5667 2063 5705 Î±

474 5721 620 5778 porta
640 5717 817 5769 austri.
845 5718 1098 5768 vaticautts
1117 5722 1223 5777 Ms,
1239 5732 1271 5768 Î±
1288 5727 1429 5783 porta
1442 5716 1557 5769 atrii
1575 5716 1748 5769 austri.

1208 284 1676 358 QUESTIONUM
1710 284 1769 342 S.
1810 276 2177 338 AUGUSTINI
2216 277 2281 333 IN
2320 277 2873 336 HEPTATEUCIIUM

3625 291 3712 348 67!

2162 402 2275 447 tere
2310 403 2487 448 autem
2515 395 2733 449 orientis
2762 395 2920 450 nullis
2947 395 3236 464 columnis,
3261 397 3357 454 sed
3375 399 3506 456 solis
3525 403 3704 465 aulaeis.

2159 482 2287 551 Qua:
2318 485 2483 539 aulaea
2520 487 2705 542 decem
2735 488 3070 558 erigebantur
3106 490 3158 544 in
3193 491 3383 545 cubitis
3406 504 3642 564 quatuor,
3666 511 3709 555 et

2161 592 2253 646 per
2295 587 2460 631 totum
2490 580 2765 633 circuitum
2809 580 3160 635 tendebantur
3196 583 3245 635 iu
3276 586 3468 638 cubitis
3495 588 3708 645 ducentis

2160 670 2423 739 octoginta
2455 688 2467 722 :
2500 688 2723 741 quorum
2753 684 2973 727 Centena
3000 689 3049 726 tu
3074 673 3087 727 Î™
3108 673 3324 727 iteribns
3351 688 3500 729 entnt
3534 679 3708 748 longio.

2159 760 2305 814 ribus
2330 762 2493 814 auSIri
2526 771 2578 815 et
2601 763 2864 831 aquilonis
2896 779 2989 832 per
3016 764 3223 817 vicenas
3252 765 3562 827 columnas;
3601 787 3707 837 qua-

2158 850 2391 922 dragena
2418 868 2543 907 vero
2574 854 2746 907 cubita
2788 854 2838 907 itt
2867 855 3080 924 reliquis
3106 853 3310 909 duobus
3338 856 3589 910 lateribus
3610 860 3699 914 bre-

2159 949 2426 1015 vioribus;
2456 964 2561 1002 uno
2596 949 2885 1004 occidentis
2917 965 3009 1018 per
3050 950 3323 1003 columnas
3368 963 3525 1012 octo;
3569 954 3712 1006 altero

2158 1041 2399 1105 orientis,
2432 1040 2517 1094 tibi
2554 1041 2811 1095 Columna:
2851 1058 2954 1095 non
2984 1051 3156 1103 erant,
3182 1042 3274 1095 sed
3304 1042 3414 1095 sola
3448 1053 3511 1098 te.
3538 1043 3711 1099 debatt-

2160 1138 2247 1185 tur
2273 1132 2438 1185 aulaea
2464 1132 2529 1185 de
2557 1132 2687 1187 solis
2715 1132 2919 1186 duabus
2946 1133 3281 1203 angularibus
3307 1136 3588 1201 columnis,
3620 1155 3711 1189 tne-

2159 1220 2261 1277 diis
2280 1234 2456 1277 autem
2488 1225 2643 1277 nullis
2671 1242 2684 1278 :
2713 1234 2767 1279 et
2789 1234 2939 1278 erant
2970 1223 3081 1279 ba-c
3105 1227 3270 1278 aulaea
3295 1224 3483 1280 decem
3512 1228 3578 1282 de
3602 1245 3715 1298 qua-

2162 1323 2281 1367 tuor
2303 1316 2569 1369 coloribus
2593 1324 2754 1369 texta.
2800 1316 2907 1370 Iloc
2934 1332 3062 1386 ergo
3089 1316 3309 1371 interius
3341 1319 3714 1374 tabernaculum

2159 1405 2584 1461 circumdabatur
2613 1408 2750 1462 atrio
2778 1408 2845 1462 ab
2872 1421 3052 1463 austro
3078 1409 3258 1475 viginti
3286 1409 3569 1473 columnis,
3591 1422 3637 1464 et
3664 1415 3717 1467 ab

2159 1500 2409 1569 aquilone
2437 1500 2639 1569 viginti.
2668 1500 2796 1568 Quae
2825 1500 2929 1554 duo
2955 1503 3073 1554 atrii
3102 1502 3261 1556 latera
3287 1503 3549 1572 mqualeut
3577 1503 3719 1559 liabe-

2161 1589 2288 1644 bant
2315 1591 2694 1660 longitudinem
2735 1608 2855 1646 cum
2896 1594 3149 1648 lateribus
3193 1594 3463 1649 interioris
3492 1598 3719 1651 taberna-

2159 1681 2298 1745 culi;
2343 1682 2462 1751 quia
2499 1692 2552 1737 et
2593 1684 2704 1752 ipsa
2734 1683 2931 1737 vicenis
2959 1685 3220 1738 columnis
3255 1686 3655 1755 porrigebuttur
3678 1691 3718 1742 in

2159 1772 2350 1826 cubitis
2377 1772 2615 1836 totidem,
2646 1773 2698 1826 id
2722 1784 2797 1828 est
2822 1775 3079 1828 centenis.
3104 1777 3144 1829 Î‘
3172 1776 3338 1830 latere
3357 1788 3539 1831 autem
3566 1780 3721 1832 orien-

2162 1863 2229 1917 tis
2271 1867 2459 1917 atrium
2512 1865 2926 1919 coneludebatur
2973 1867 3233 1921 columnis
3280 1867 3502 1931 decem,
3550 1870 3721 1925 cubitis

2159 1956 2573 2025 quinquaginta:
2603 1957 2691 2027 qui
2730 1957 2862 2011 ordo
2885 1957 3251 2013 colutnuarum
3281 1974 3461 2015 rccms
3504 1974 3634 2025 erat,
3673 1975 3715 2017 et

2161 2047 2463 2103 incurrebat
2493 2050 2542 2103 in
2580 2050 2694 2105 illas
2731 2049 2861 2103 duas
2885 2051 3166 2120 angulares
3198 2050 3469 2107 interioris
3498 2054 3721 2108 taberna-

2161 2140 2282 2202 culi,
2315 2156 2446 2211 quas
2473 2143 2612 2196 solas
2655 2143 2873 2197 orientis
2910 2159 3030 2210 pars
3057 2142 3314 2207 habebat;
3360 2146 3586 2213 proinde
3619 2162 3723 2201 cum

2163 2233 2292 2302 ipsis
2319 2234 2719 2299 complebantur
2745 2234 2950 2289 decem.
2993 2237 3033 2289 A
3067 2235 3229 2290 latere
3252 2246 3428 2291 autem
3455 2239 3725 2294 occidentis

2166 2325 2383 2379 habebat
2408 2327 2617 2395 quidem
2650 2327 2840 2380 atrium
2866 2326 3048 2380 decem
3079 2328 3386 2396 columnas,
3428 2345 3537 2384 non
3570 2340 3724 2385 cime-

2162 2427 2309 2472 recto
2329 2419 2533 2483 ordine,
2566 2418 2659 2473 sed
2695 2419 2833 2472 sicut
2857 2418 2962 2487 jam
2994 2418 3341 2486 ostendimus,
3369 2429 3619 2491 tanquam
3649 2421 3726 2476 tri.

2166 2509 2441 2578 p0t't3cunt,
2473 2518 2695 2578 quatuor
2723 2525 2751 2561 a
2786 2519 2955 2579 porta,
2986 2518 3040 2563 et
3066 2518 3244 2563 ternas
3267 2527 3297 2564 a
3325 2511 3599 2567 lateribus.

2233 2597 2322 2651 9.2.
2358 2598 2669 2653 Universum
2700 2610 2875 2654 autem
2910 2601 3102 2653 atrium
3144 2600 3194 2654 itt
3235 2601 3457 2656 circuitu
3500 2603 3725 2659 taberna-

2163 2692 2264 2745 culi
2298 2691 2538 2744 tentoriis
2585 2692 2812 2763 byssinis
2859 2693 3206 2763 cingebatur,
3258 2709 3377 2764 qute
3400 2696 3728 2767 erigebantur

2164 2782 2355 2835 cubitis
2384 2782 2656 2851 quinque:
2696 2781 2777 2836 bis
2821 2783 3269 2852 superveniebant
3308 2787 3423 2841 vela
3466 2786 3725 2858 capillacia

2166 2872 2441 2938 undecim,
2474 2887 2536 2926 ex
2570 2886 2669 2925 una
2701 2885 2846 2941 parte
2877 2872 3111 2945 quinque
3130 2876 3344 2931 sibimet
3372 2892 3612 2935 connexa
3632 2920 3648 2942 ,
3672 2895 3726 2934 ex

2164 2961 2265 3015 alia
2287 2976 2401 3016 sex.
2436 2962 2490 3015 In
2521 2962 2851 3017 conuexione
2874 2978 3001 3034 ergo
3027 2964 3260 3035 quinque
3279 2965 3538 3035 velorum,
3568 2968 3729 3023 cubita

2163 3063 2316 3108 erant
2358 3064 2568 3107 centum
2621 3054 3041 3126 quinquaginta;
3081 3072 3144 3112 ex
3176 3058 3277 3114 alia
3328 3075 3455 3116 vero
3502 3072 3654 3134 parte
3684 3062 3729 3115 in

2163 3145 2497 3199 connexione
2522 3160 2614 3199 sex
2656 3146 2889 3201 velorum
2912 3189 2927 3211 ,
2956 3147 3132 3203 cubita
3163 3163 3312 3204 erant
3340 3162 3555 3208 centum
3596 3160 3731 3207 octo-

2162 3237 2304 3303 ginta
2335 3253 2349 3289 :
2379 3236 2627 3306 quoniam
2658 3238 2771 3291 vela
2812 3240 3014 3309 singula
3048 3240 3371 3296 tricenorum
3406 3243 3623 3299 fuerunt
3644 3258 3730 3297 cu-

2163 3328 2413 3384 bitorum.
2447 3330 2551 3386 Sed
2590 3340 2645 3384 ut
2670 3331 2770 3385 alia
2803 3347 2924 3400 pars
2954 3333 3105 3389 alteri
3133 3347 3527 3406 comquaretur,
3572 3337 3732 3405 dupli-

2162 3429 2336 3475 catum
2359 3432 2441 3476 est
2466 3437 2625 3476 unum
2664 3423 2838 3477 velum
2869 3438 2897 3476 a
2932 3424 3062 3479 facie
3090 3425 3444 3493 tabernaculi,
3478 3428 3529 3482 id
3554 3437 3637 3481 est
3674 3425 3732 3480 ab

2164 3512 2405 3576 oriente;
2435 3522 2488 3567 et
2533 3514 2827 3569 subtectum
2857 3526 2939 3570 est
2990 3516 3266 3573 dimidium
3321 3521 3495 3575 velunt
3524 3536 3554 3574 a
3592 3528 3732 3590 parte

2164 3604 2495 3672 posteriore,
2526 3604 2576 3659 id
2602 3614 2685 3659 est
2717 3606 2783 3658 ab
2824 3606 3100 3662 occidente
3126 3627 3138 3661 :
3170 3620 3329 3679 atque
3360 3610 3428 3663 ita
3470 3612 3732 3667 subtracta

2163 3704 2289 3749 sunt
2313 3695 2485 3750 cubita
2516 3696 2747 3766 triginta,
2770 3706 2962 3767 quanta
2993 3709 3106 3753 erat
3128 3700 3226 3755 veli
3254 3702 3408 3755 unius
3436 3703 3732 3770 longitudo;

2163 3796 2217 3840 et
2248 3795 2617 3841 remanserunt
2644 3797 2854 3841 centum
2888 3788 3293 3859 quinquaginta,
3323 3802 3448 3863 quot
3472 3794 3637 3849 etiam
3677 3810 3730 3849 ex

2165 3888 2312 3947 parte
2341 3877 2504 3931 altera
2532 3877 2759 3931 luerunt.
2808 3877 3073 3934 Circititus
3100 3881 3275 3951 itaque
3301 3884 3539 3939 velorum
3576 3886 3732 3956 capil-

2162 3966 2450 4029 laciorum,
2502 3984 2607 4037 quo
2646 3960 2955 4036 cingebatur
2997 3972 3191 4025 atrium
3225 3974 3585 4040 tabernaculi,
3642 3987 3732 4031 tre-

2163 4058 2332 4113 centis
2360 4057 2550 4112 cubitis
2578 4059 2919 4123 tetnlebatur,
2966 4061 3103 4116 sicut
3141 4065 3395 4120 circuitus
3423 4065 3609 4121 decem
3647 4081 3729 4120 au-

2166 4148 2384 4203 laeorum
2418 4150 2686 4204 interioris
2726 4151 3050 4207 tibernaeuli
3094 4154 3288 4208 cubitis
3331 4157 3573 4212 ducentis
3597 4164 3729 4210 octo-

2165 4238 2327 4307 ginta.
2374 4239 2552 4292 Aulma
2593 4240 2785 4309 quippe
2815 4241 3014 4311 singula
3058 4243 3319 4299 habebant
3348 4247 3524 4301 cubita
3557 4248 3728 4301 vicena

2166 4339 2217 4384 et
2246 4339 2436 4383 (Î¹Î¿Î¹Ï…Î·Î¹
2464 4329 2517 4383 in
2547 4330 2875 4397 longitudine
2900 4350 2914 4395 ;
2945 4333 3214 4403 capillacia
3243 4352 3369 4391 vero
3395 4339 3508 4393 vela
3529 4336 3729 4393 triceni!

2164 4420 2355 4475 Cubitis
2395 4420 2546 4487 longa
2570 4431 2742 4474 erant.
2781 4424 3116 4494 Quapropter
3139 4442 3201 4480 ex
3228 4427 3425 4481 ambitu
3452 4429 3727 4483 anheorum

2166 4511 2430 4565 interioris
2448 4512 2789 4574 tabernaculi,
2812 4515 2899 4583 qui
2919 4528 3031 4569 erat
3054 4517 3103 4569 in
3120 4518 3310 4571 cubitis
3331 4519 3571 4575 ducentis
3594 4528 3726 4573 octo-

2164 4606 2305 4674 ginta
2319 4613 2536 4657 centena
2555 4605 2726 4658 cubita
2747 4605 2798 4658 in
2815 4606 3401 4678 lateribuslongioribus
3415 4606 3726 4666 erantaustri

2165 4704 2219 4749 et
2259 4694 2558 4764 aquilonis,
2611 4704 2659 4748 et
2701 4695 3034 4765 quadragena
3076 4697 3127 4751 in
3168 4699 3373 4754 duobus
3409 4700 3722 4756 brevioribus

2166 4787 2383 4840 orientis
2403 4797 2455 4840 et
2477 4785 2765 4839 occidentis
2791 4804 2803 4838 :
2836 4803 2897 4840 ex
2929 4788 3126 4841 ambitu
3154 4801 3326 4843 autem
3349 4792 3723 4861 capillaciorttm

2167 4878 2425 4941 velorum,
2454 4891 2558 4945 quo
2579 4879 2767 4928 atrium
2790 4878 3021 4931 exterius
3049 4880 3338 4948 tegebatur,
3370 4885 3489 4951 quia
3516 4882 3724 4937 ambitus

2166 4977 2282 5022 erat
2328 4968 2378 5020 in
2408 4967 2599 5021 cubitis
2632 4967 2916 5034 trecentis,
2963 4980 3182 5024 centena
3214 4983 3364 5027 erant
3402 4974 3452 5027 itt
3495 4973 3725 5029 lateribus

2166 5060 2489 5129 longioribus
2509 5059 2671 5113 austri
2695 5071 2748 5114 et
2770 5060 3051 5128 aquilonis,
3073 5063 3320 5133 quoniam
3348 5066 3568 5133 :equalia
3593 5069 3725 5119 erant

2168 5154 2417 5208 lateribus
2467 5153 2787 5207 tabernaCuli
2830 5153 3123 5218 interioris,
3174 5158 3536 5229 quinquagena
3566 5166 3720 5211 autczu

2168 5248 2219 5300 in
2254 5246 2456 5299 dualms
2485 5247 2700 5315 reliquis
2730 5247 2962 5315 partibus
3003 5250 3222 5303 orientis
3247 5262 3299 5304 et
3328 5252 3627 5306 occidentis.
3662 5251 3724 5301 Ac

2170 5354 2263 5408 per
2310 5338 2405 5393 llOtâ€˜
2454 5339 2558 5391 duo
2588 5339 2672 5392 illa
2718 5339 2927 5400 cubita.
2972 5341 3161 5410 quibus
3204 5342 3406 5413 longius
3433 5355 3545 5399 erat
3576 5344 3722 5397 aula-.0

2170 5432 2341 5486 velunt
2368 5433 2693 5499 capiltaciutn
2720 5474 2735 5495 ,
2769 5449 2871 5485 tum
2902 5433 3150 5487 lateribus
3176 5436 3338 5488 austti
3367 5447 3413 5488 et
3444 5434 3718 5505 aqttiloniS.

2168 5540 2285 5594 qum
2332 5525 2471 5593 paria
2524 5535 2671 5577 erant
2704 5524 2821 5579 atrii
2862 5526 3138 5579 exterioris
3171 5537 3221 5579 et
3252 5527 3571 5581 tabernaculi
3606 5535 3719 5577 tute-

2169 5616 2346 5679 rioris,
2369 5616 2461 5669 sed
2490 5616 2742 5670 lateribus
2765 5616 2983 5670 orientis
2999 5629 3048 5669 et
3070 5618 3357 5671 occidentis
3380 5621 3571 5687 pratici:
3586 5620 3719 5671 bant.

2169 5705 2226 5762 lu
2268 5707 2348 5761 eis
2383 5707 2527 5762 enim
2570 5706 2821 5763 lateribus
2856 5719 3095 5765 creverat
3132 5709 3452 5766 tabernaculi
3490 5709 3716 5768 latitudo.

3813 550 3823 977 á½·

3814 1020 3823 1273 1
