  <div class='ocr_page' id='page_1' title='image "/cluster/home/n/w/nwhite01/storage/ocr_20150623/34/uva.x000826574/356.png"; bbox 0 0 3862 6312; ppageno 0'>
   <div class='ocr_carea' id='block_1_1' title="bbox 98 181 200 260">
    <p class='ocr_par' dir='ltr' id='par_1_1' title="bbox 98 181 200 260">
     <span class='ocr_line' id='line_1_1' title="bbox 98 181 200 260; baseline -0.02 0"><span class='ocrx_word' id='word_1_1' title='bbox 98 181 200 260; x_wconf 71' lang='lat' dir='ltr'><strong>ori</strong></span> 
     </span>
    </p>
   </div>
   <div class='ocr_carea' id='block_1_2' title="bbox 98 307 1694 388">
    <p class='ocr_par' dir='ltr' id='par_1_2' title="bbox 98 307 1694 388">
     <span class='ocr_line' id='line_1_2' title="bbox 98 307 1694 388; baseline -0.004 -16"><span class='ocrx_word' id='word_1_2' title='bbox 98 326 256 372; x_wconf 80' lang='lat' dir='ltr'><strong>Canto</strong></span> <span class='ocrx_word' id='word_1_3' title='bbox 283 316 381 388; x_wconf 90' lang='lat' dir='ltr'><strong>qui</strong></span> <span class='ocrx_word' id='word_1_4' title='bbox 400 332 496 388; x_wconf 86' lang='lat' dir='ltr'><strong>per</strong></span> <span class='ocrx_word' id='word_1_5' title='bbox 509 315 830 372; x_wconf 88' lang='lat' dir='ltr'><strong>oblivionem</strong></span> <span class='ocrx_word' id='word_1_6' title='bbox 854 307 1052 385; x_wconf 79' lang='lat' dir='ltr'><strong>aliquid</strong></span> <span class='ocrx_word' id='word_1_7' title='bbox 1071 320 1376 368; x_wconf 75' lang='lat' dir='ltr'><strong>Sanctorum</strong></span> <span class='ocrx_word' id='word_1_8' title='bbox 1399 312 1694 381; x_wconf 85' lang='lat' dir='ltr'><strong>usurpavit,</strong></span> 
     </span>
    </p>
   </div>
   <div class='ocr_carea' id='block_1_3' title="bbox 97 403 1695 478">
    <p class='ocr_par' dir='ltr' id='par_1_3' title="bbox 97 403 1695 478">
     <span class='ocr_line' id='line_1_3' title="bbox 97 403 1695 478; baseline -0.003 -18"><span class='ocrx_word' id='word_1_9' title='bbox 97 411 324 464; x_wconf 78' lang='lat' dir='ltr'><strong>arietem</strong></span> <span class='ocrx_word' id='word_1_10' title='bbox 350 418 407 463; x_wconf 88' lang='lat' dir='ltr'><strong>et</strong></span> <span class='ocrx_word' id='word_1_11' title='bbox 425 408 663 478; x_wconf 65' lang='lat' dir='ltr'><strong>ejusdem</strong></span> <span class='ocrx_word' id='word_1_12' title='bbox 693 407 770 462; x_wconf 87' lang='lat' dir='ltr'><strong>rel</strong></span> <span class='ocrx_word' id='word_1_13' title='bbox 791 406 1205 472; x_wconf 74' lang='lat' dir='ltr'><strong>restiti-itionem,</strong></span> <span class='ocrx_word' id='word_1_14' title='bbox 1231 403 1431 474; x_wconf 76' lang='lat' dir='ltr'><strong>quintis</strong></span> <span class='ocrx_word' id='word_1_15' title='bbox 1451 403 1695 471; x_wconf 74' lang='lat' dir='ltr'><strong>adjectis.</strong></span> 
     </span>
    </p>
   </div>
   <div class='ocr_carea' id='block_1_4' title="bbox 96 495 1700 569">
    <p class='ocr_par' dir='ltr' id='par_1_4' title="bbox 96 495 1700 569">
     <span class='ocr_line' id='line_1_4' title="bbox 96 495 1700 569; baseline -0.002 -15"><span class='ocrx_word' id='word_1_16' title='bbox 96 501 245 554; x_wconf 66' lang='lat' dir='ltr'><strong>Nune</strong></span> <span class='ocrx_word' id='word_1_17' title='bbox 288 518 422 556; x_wconf 59' lang='lat' dir='ltr'><strong>viro</strong></span> <span class='ocrx_word' id='word_1_18' title='bbox 464 517 566 554; x_wconf 82' lang='lat' dir='ltr'><strong>non</strong></span> <span class='ocrx_word' id='word_1_19' title='bbox 611 515 862 569; x_wconf 74' lang='lat' dir='ltr'><strong>expressa</strong></span> <span class='ocrx_word' id='word_1_20' title='bbox 905 500 1083 568; x_wconf 83' lang='lat' dir='ltr'><strong>specie</strong></span> <span class='ocrx_word' id='word_1_21' title='bbox 1123 495 1347 568; x_wconf 76' lang='lat' dir='ltr'><strong>peccati,</strong></span> <span class='ocrx_word' id='word_1_22' title='bbox 1377 496 1700 566; x_wconf 71' lang='lat' dir='ltr'><strong>generaliter</strong></span> 
     </span>
    </p>
   </div>
   <div class='ocr_carea' id='block_1_5' title="bbox 94 591 1695 664">
    <p class='ocr_par' dir='ltr' id='par_1_5' title="bbox 94 591 1695 664">
     <span class='ocr_line' id='line_1_5' title="bbox 94 591 1695 664; baseline -0.002 -16"><span class='ocrx_word' id='word_1_23' title='bbox 94 597 323 659; x_wconf 63' lang='lat' dir='ltr'><strong>addens,</strong></span> <span class='ocrx_word' id='word_1_24' title='bbox 363 597 546 650; x_wconf 75' lang='lat' dir='ltr'><strong>Anium</strong></span> <span class='ocrx_word' id='word_1_25' title='bbox 575 607 896 664; x_wconf 68' lang='lat' dir='ltr'><strong>qum-umque</strong></span> <span class='ocrx_word' id='word_1_26' title='bbox 919 591 1217 662; x_wconf 68' lang='lat' dir='ltr'><strong>deliquerit,</strong></span> <span class='ocrx_word' id='word_1_27' title='bbox 1253 603 1304 645; x_wconf 76' lang='lat' dir='ltr'><strong>et</strong></span> <span class='ocrx_word' id='word_1_28' title='bbox 1338 592 1508 661; x_wconf 77' lang='lat' dir='ltr'><strong>fecerit</strong></span> <span class='ocrx_word' id='word_1_29' title='bbox 1540 607 1695 645; x_wconf 74' lang='lat' dir='ltr'><strong>unum</strong></span> 
     </span>
    </p>
   </div>
   <div class='ocr_carea' id='block_1_6' title="bbox 92 683 1698 754">
    <p class='ocr_par' dir='ltr' id='par_1_6' title="bbox 92 683 1698 754">
     <span class='ocr_line' id='line_1_6' title="bbox 92 683 1698 754; baseline 0 -16"><span class='ocrx_word' id='word_1_30' title='bbox 92 688 153 739; x_wconf 80' lang='lat' dir='ltr'><strong>ob</strong></span> <span class='ocrx_word' id='word_1_31' title='bbox 192 686 437 740; x_wconf 73' lang='lat' dir='ltr'><strong>omnibus</strong></span> <span class='ocrx_word' id='word_1_32' title='bbox 477 686 736 754; x_wconf 76' lang='lat' dir='ltr'><strong>pnt-ceptis</strong></span> <span class='ocrx_word' id='word_1_33' title='bbox 783 683 1014 748; x_wconf 77' lang='lat' dir='ltr'><strong>Domini,</strong></span> <span class='ocrx_word' id='word_1_34' title='bbox 1064 696 1178 754; x_wconf 64' lang='lat' dir='ltr'><strong>qna</strong></span> <span class='ocrx_word' id='word_1_35' title='bbox 1213 699 1314 738; x_wconf 81' lang='lat' dir='ltr'><strong>non</strong></span> <span class='ocrx_word' id='word_1_36' title='bbox 1352 694 1545 753; x_wconf 76' lang='lat' dir='ltr'><strong>oportet</strong></span> <span class='ocrx_word' id='word_1_37' title='bbox 1583 683 1698 752; x_wconf 75' lang='lat' dir='ltr'><strong>fieri</strong></span> 
     </span>
    </p>
   </div>
   <div class='ocr_carea' id='block_1_7' title="bbox 93 774 1694 847">
    <p class='ocr_par' dir='ltr' id='par_1_7' title="bbox 93 774 1694 847">
     <span class='ocr_line' id='line_1_7' title="bbox 93 774 1694 847; baseline 0.001 -18"><span class='ocrx_word' id='word_1_38' title='bbox 93 779 191 847; x_wconf 78' lang='lat' dir='ltr'><strong>(sic</strong></span> <span class='ocrx_word' id='word_1_39' title='bbox 240 777 293 830; x_wconf 90' lang='lat' dir='ltr'><strong>iu</strong></span> <span class='ocrx_word' id='word_1_40' title='bbox 353 777 440 830; x_wconf 76' lang='lat' dir='ltr'><strong>illa</strong></span> <span class='ocrx_word' id='word_1_41' title='bbox 487 777 830 846; x_wconf 74' lang='lat' dir='ltr'><strong>generalitate</strong></span> <span class='ocrx_word' id='word_1_42' title='bbox 873 776 1117 840; x_wconf 84' lang='lat' dir='ltr'><strong>diccbat,</strong></span> <span class='ocrx_word' id='word_1_43' title='bbox 1145 774 1316 830; x_wconf 75' lang='lat' dir='ltr'><strong>Unum</strong></span> <span class='ocrx_word' id='word_1_44' title='bbox 1343 791 1406 830; x_wconf 60' lang='lat' dir='ltr'><strong>ea!</strong></span> <span class='ocrx_word' id='word_1_45' title='bbox 1433 776 1694 846; x_wconf 63' lang='lat' dir='ltr'><strong>praeceptis</strong></span> 
     </span>
    </p>
   </div>
   <div class='ocr_carea' id='block_1_8' title="bbox 95 869 1688 940">
    <p class='ocr_par' dir='ltr' id='par_1_8' title="bbox 95 869 1688 940">
     <span class='ocr_line' id='line_1_8' title="bbox 95 869 1688 940; baseline -0.001 -18"><span class='ocrx_word' id='word_1_46' title='bbox 95 871 301 922; x_wconf 80' lang='lat' dir='ltr'><strong>Domini</strong></span> <span class='ocrx_word' id='word_1_47' title='bbox 332 870 470 939; x_wconf 80' lang='lat' dir='ltr'><strong>quod</strong></span> <span class='ocrx_word' id='word_1_48' title='bbox 501 886 603 924; x_wconf 80' lang='lat' dir='ltr'><strong>non</strong></span> <span class='ocrx_word' id='word_1_49' title='bbox 629 870 759 940; x_wconf 76' lang='lat' dir='ltr'><strong>ﬁet).</strong></span> <span class='ocrx_word' id='word_1_50' title='bbox 797 878 843 923; x_wconf 80' lang='lat' dir='ltr'><strong>et</strong></span> <span class='ocrx_word' id='word_1_51' title='bbox 875 885 975 924; x_wconf 78' lang='lat' dir='ltr'><strong>non</strong></span> <span class='ocrx_word' id='word_1_52' title='bbox 1003 870 1316 940; x_wconf 71' lang='lat' dir='ltr'><strong>cognoverit,</strong></span> <span class='ocrx_word' id='word_1_53' title='bbox 1340 869 1688 937; x_wconf 68' lang='lat' dir='ltr'><strong>etdeﬁqucrit,</strong></span> 
     </span>
    </p>
   </div>
   <div class='ocr_carea' id='block_1_9' title="bbox 93 966 1688 1042">
    <p class='ocr_par' dir='ltr' id='par_1_9' title="bbox 93 966 1688 1042">
     <span class='ocr_line' id='line_1_9' title="bbox 93 966 1688 1042; baseline 0.001 -23"><span class='ocrx_word' id='word_1_54' title='bbox 93 972 136 1022; x_wconf 71' lang='lat' dir='ltr'><strong>id</strong></span> <span class='ocrx_word' id='word_1_55' title='bbox 187 981 293 1029; x_wconf 88' lang='lat' dir='ltr'><strong>est.</strong></span> <span class='ocrx_word' id='word_1_56' title='bbox 353 987 450 1041; x_wconf 89' lang='lat' dir='ltr'><strong>per</strong></span> <span class='ocrx_word' id='word_1_57' title='bbox 493 967 842 1042; x_wconf 81' lang='lat' dir='ltr'><strong>ignorantiam</strong></span> <span class='ocrx_word' id='word_1_58' title='bbox 882 966 1070 1022; x_wconf 84' lang='lat' dir='ltr'><strong>nolens</strong></span> <span class='ocrx_word' id='word_1_59' title='bbox 1105 967 1435 1038; x_wconf 68' lang='lat' dir='ltr'><strong>peccaverit;</strong></span> <span class='ocrx_word' id='word_1_60' title='bbox 1468 966 1688 1021; x_wconf 87' lang='lat' dir='ltr'><strong>arietem</strong></span> 
     </span>
    </p>
   </div>
   <div class='ocr_carea' id='block_1_10' title="bbox 85 1059 1684 1132">
    <p class='ocr_par' dir='ltr' id='par_1_10' title="bbox 85 1059 1684 1132">
     <span class='ocr_line' id='line_1_10' title="bbox 85 1059 1684 1132; baseline -0.002 -15"><span class='ocrx_word' id='word_1_61' title='bbox 85 1065 234 1131; x_wconf 73' lang='lat' dir='ltr'><strong>jubet</strong></span> <span class='ocrx_word' id='word_1_62' title='bbox 267 1064 474 1122; x_wconf 64' lang='lat' dir='ltr'><strong>ollet&#39;ri.</strong></span> <span class='ocrx_word' id='word_1_63' title='bbox 518 1079 621 1117; x_wconf 87' lang='lat' dir='ltr'><strong>non</strong></span> <span class='ocrx_word' id='word_1_64' title='bbox 669 1077 882 1132; x_wconf 82' lang='lat' dir='ltr'><strong>capram</strong></span> <span class='ocrx_word' id='word_1_65' title='bbox 915 1071 1006 1114; x_wconf 87' lang='lat' dir='ltr'><strong>aut</strong></span> <span class='ocrx_word' id='word_1_66' title='bbox 1047 1060 1297 1114; x_wconf 80' lang='lat' dir='ltr'><strong>feminam</strong></span> <span class='ocrx_word' id='word_1_67' title='bbox 1339 1075 1403 1114; x_wconf 76' lang='lat' dir='ltr'><strong>ex</strong></span> <span class='ocrx_word' id='word_1_68' title='bbox 1455 1059 1641 1114; x_wconf 74' lang='lat' dir='ltr'><strong>ovibus</strong></span> <span class='ocrx_word' id='word_1_69' title='bbox 1669 1102 1684 1125; x_wconf 90' lang='lat'><strong>,</strong></span> 
     </span>
    </p>
   </div>
   <div class='ocr_carea' id='block_1_11' title="bbox 89 1151 1689 1226">
    <p class='ocr_par' dir='ltr' id='par_1_11' title="bbox 89 1151 1689 1226">
     <span class='ocr_line' id='line_1_11' title="bbox 89 1151 1689 1226; baseline -0.002 -19"><span class='ocrx_word' id='word_1_70' title='bbox 89 1157 222 1209; x_wconf 90' lang='lat' dir='ltr'><strong>sicut</strong></span> <span class='ocrx_word' id='word_1_71' title='bbox 254 1156 507 1224; x_wconf 88' lang='lat' dir='ltr'><strong>superius</strong></span> <span class='ocrx_word' id='word_1_72' title='bbox 535 1155 584 1207; x_wconf 91' lang='lat' dir='ltr'><strong>in</strong></span> <span class='ocrx_word' id='word_1_73' title='bbox 617 1153 706 1206; x_wconf 86' lang='lat' dir='ltr'><strong>tali</strong></span> <span class='ocrx_word' id='word_1_74' title='bbox 738 1161 1074 1226; x_wconf 80' lang='lat' dir='ltr'><strong>peccatorum</strong></span> <span class='ocrx_word' id='word_1_75' title='bbox 1113 1153 1456 1222; x_wconf 77' lang='lat' dir='ltr'><strong>generalitate</strong></span> <span class='ocrx_word' id='word_1_76' title='bbox 1490 1151 1689 1205; x_wconf 88' lang='lat' dir='ltr'><strong>consti-</strong></span> 
     </span>
    </p>
   </div>
   <div class='ocr_carea' id='block_1_12' title="bbox 90 1243 1694 1314">
    <p class='ocr_par' dir='ltr' id='par_1_12' title="bbox 90 1243 1694 1314">
     <span class='ocr_line' id='line_1_12' title="bbox 90 1243 1694 1314; baseline -0.001 -15"><span class='ocrx_word' id='word_1_77' title='bbox 90 1255 280 1301; x_wconf 79' lang='lat' dir='ltr'><strong>tuerat.</strong></span> <span class='ocrx_word' id='word_1_78' title='bbox 312 1247 453 1311; x_wconf 82' lang='lat' dir='ltr'><strong>Quid</strong></span> <span class='ocrx_word' id='word_1_79' title='bbox 485 1245 582 1298; x_wconf 84' lang='lat' dir='ltr'><strong>sibi</strong></span> <span class='ocrx_word' id='word_1_80' title='bbox 612 1259 739 1314; x_wconf 83' lang='lat' dir='ltr'><strong>ergo</strong></span> <span class='ocrx_word' id='word_1_81' title='bbox 769 1244 878 1296; x_wconf 82' lang='lat' dir='ltr'><strong>vult</strong></span> <span class='ocrx_word' id='word_1_82' title='bbox 906 1243 1006 1298; x_wconf 88' lang='lat' dir='ltr'><strong>ista</strong></span> <span class='ocrx_word' id='word_1_83' title='bbox 1047 1244 1376 1312; x_wconf 70' lang='lat' dir='ltr'><strong>permixtio?</strong></span> <span class='ocrx_word' id='word_1_84' title='bbox 1399 1243 1509 1297; x_wconf 81' lang='lat' dir='ltr'><strong>Nisi</strong></span> <span class='ocrx_word' id='word_1_85' title='bbox 1550 1243 1694 1298; x_wconf 81' lang='lat' dir='ltr'><strong>forte</strong></span> 
     </span>
    </p>
   </div>
   <div class='ocr_carea' id='block_1_13' title="bbox 87 1337 1687 1409">
    <p class='ocr_par' dir='ltr' id='par_1_13' title="bbox 87 1337 1687 1409">
     <span class='ocr_line' id='line_1_13' title="bbox 87 1337 1687 1409; baseline -0.002 -16"><span class='ocrx_word' id='word_1_86' title='bbox 87 1339 226 1409; x_wconf 84' lang='lat' dir='ltr'><strong>quod</strong></span> <span class='ocrx_word' id='word_1_87' title='bbox 262 1339 351 1392; x_wconf 91' lang='lat' dir='ltr'><strong>hic</strong></span> <span class='ocrx_word' id='word_1_88' title='bbox 379 1337 526 1399; x_wconf 87' lang='lat' dir='ltr'><strong>dicit,</strong></span> <span class='ocrx_word' id='word_1_89' title='bbox 562 1337 782 1405; x_wconf 66' lang='lat' dir='ltr'><strong>Delii/ull</strong></span> <span class='ocrx_word' id='word_1_90' title='bbox 811 1337 941 1392; x_wconf 81' lang='lat' dir='ltr'><strong>enim</strong></span> <span class='ocrx_word' id='word_1_91' title='bbox 969 1337 1150 1389; x_wconf 73' lang='lat' dir='ltr'><strong>delicto</strong></span> <span class='ocrx_word' id='word_1_92' title='bbox 1176 1339 1410 1391; x_wconf 77' lang='lat' dir='ltr'><strong>delictum</strong></span> <span class='ocrx_word' id='word_1_93' title='bbox 1435 1346 1551 1391; x_wconf 81' lang='lat' dir='ltr'><strong>ante</strong></span> <span class='ocrx_word' id='word_1_94' title='bbox 1582 1337 1687 1390; x_wconf 86' lang='lat' dir='ltr'><strong>Do-</strong></span> 
     </span>
    </p>
   </div>
   <div class='ocr_carea' id='block_1_14' title="bbox 87 1427 1688 1502">
    <p class='ocr_par' dir='ltr' id='par_1_14' title="bbox 87 1427 1688 1502">
     <span class='ocr_line' id='line_1_14' title="bbox 87 1427 1688 1502; baseline 0 -16"><span class='ocrx_word' id='word_1_95' title='bbox 87 1433 315 1495; x_wconf 86' lang='lat' dir='ltr'><strong>minum,</strong></span> <span class='ocrx_word' id='word_1_96' title='bbox 364 1433 465 1486; x_wconf 90' lang='lat' dir='ltr'><strong>hoc</strong></span> <span class='ocrx_word' id='word_1_97' title='bbox 502 1431 642 1502; x_wconf 89' lang='lat' dir='ltr'><strong>quod</strong></span> <span class='ocrx_word' id='word_1_98' title='bbox 679 1430 784 1493; x_wconf 86' lang='lat' dir='ltr'><strong>ait,</strong></span> <span class='ocrx_word' id='word_1_99' title='bbox 817 1439 932 1484; x_wconf 86' lang='lat' dir='ltr'><strong>ante</strong></span> <span class='ocrx_word' id='word_1_100' title='bbox 973 1427 1277 1492; x_wconf 85' lang='lat' dir='ltr'><strong>Dominum,</strong></span> <span class='ocrx_word' id='word_1_101' title='bbox 1320 1430 1371 1484; x_wconf 89' lang='lat' dir='ltr'><strong>in</strong></span> <span class='ocrx_word' id='word_1_102' title='bbox 1405 1429 1486 1484; x_wconf 75' lang='lat' dir='ltr'><strong>his</strong></span> <span class='ocrx_word' id='word_1_103' title='bbox 1522 1430 1688 1486; x_wconf 85' lang='lat' dir='ltr'><strong>voluit</strong></span> 
     </span>
    </p>
   </div>
   <div class='ocr_carea' id='block_1_15' title="bbox 87 1523 1682 1595">
    <p class='ocr_par' dir='ltr' id='par_1_15' title="bbox 87 1523 1682 1595">
     <span class='ocr_line' id='line_1_15' title="bbox 87 1523 1682 1595; baseline -0.003 -15"><span class='ocrx_word' id='word_1_104' title='bbox 87 1525 341 1581; x_wconf 84' lang='lat' dir='ltr'><strong>delictum</strong></span> <span class='ocrx_word' id='word_1_105' title='bbox 379 1523 618 1595; x_wconf 76' lang='lat' dir='ltr'><strong>intelligi,</strong></span> <span class='ocrx_word' id='word_1_106' title='bbox 652 1538 770 1595; x_wconf 73' lang='lat' dir='ltr'><strong>qua:</strong></span> <span class='ocrx_word' id='word_1_107' title='bbox 813 1525 944 1577; x_wconf 84' lang='lat' dir='ltr'><strong>lium</strong></span> <span class='ocrx_word' id='word_1_108' title='bbox 980 1532 1105 1577; x_wconf 85' lang='lat' dir='ltr'><strong>autc</strong></span> <span class='ocrx_word' id='word_1_109' title='bbox 1153 1523 1452 1589; x_wconf 79' lang='lat' dir='ltr'><strong>Dominum,</strong></span> <span class='ocrx_word' id='word_1_110' title='bbox 1485 1523 1682 1592; x_wconf 83' lang='lat' dir='ltr'><strong>idest,</strong></span> 
     </span>
    </p>
   </div>
   <div class='ocr_carea' id='block_1_16' title="bbox 87 1612 1686 1688">
    <p class='ocr_par' dir='ltr' id='par_1_16' title="bbox 87 1612 1686 1688">
     <span class='ocr_line' id='line_1_16' title="bbox 87 1612 1686 1688; baseline -0.002 -17"><span class='ocrx_word' id='word_1_111' title='bbox 87 1619 276 1688; x_wconf 80' lang='lat' dir='ltr'><strong>quibus</strong></span> <span class='ocrx_word' id='word_1_112' title='bbox 328 1616 558 1670; x_wconf 85' lang='lat' dir='ltr'><strong>Domino</strong></span> <span class='ocrx_word' id='word_1_113' title='bbox 587 1616 637 1668; x_wconf 92' lang='lat' dir='ltr'><strong>in</strong></span> <span class='ocrx_word' id='word_1_114' title='bbox 677 1613 1017 1670; x_wconf 84' lang='lat' dir='ltr'><strong>tabernaculo</strong></span> <span class='ocrx_word' id='word_1_115' title='bbox 1051 1612 1349 1669; x_wconf 72' lang='lat' dir='ltr'><strong>deservit-ur</strong></span> <span class='ocrx_word' id='word_1_116' title='bbox 1379 1633 1393 1669; x_wconf 88' lang='lat'><strong>:</strong></span> <span class='ocrx_word' id='word_1_117' title='bbox 1425 1613 1563 1668; x_wconf 88' lang='lat' dir='ltr'><strong>unde</strong></span> <span class='ocrx_word' id='word_1_118' title='bbox 1592 1616 1686 1668; x_wconf 86' lang='lat' dir='ltr'><strong>ali-</strong></span> 
     </span>
    </p>
   </div>
   <div class='ocr_carea' id='block_1_17' title="bbox 86 1702 1683 1780">
    <p class='ocr_par' dir='ltr' id='par_1_17' title="bbox 86 1702 1683 1780">
     <span class='ocr_line' id='line_1_17' title="bbox 86 1702 1683 1780; baseline -0.003 -18"><span class='ocrx_word' id='word_1_119' title='bbox 86 1710 205 1780; x_wconf 84' lang='lat' dir='ltr'><strong>quid</strong></span> <span class='ocrx_word' id='word_1_120' title='bbox 236 1710 409 1780; x_wconf 84' lang='lat' dir='ltr'><strong>paulo</strong></span> <span class='ocrx_word' id='word_1_121' title='bbox 448 1716 571 1763; x_wconf 87' lang='lat' dir='ltr'><strong>ante</strong></span> <span class='ocrx_word' id='word_1_122' title='bbox 599 1705 826 1768; x_wconf 78' lang='lat' dir='ltr'><strong>dixerat,</strong></span> <span class='ocrx_word' id='word_1_123' title='bbox 851 1721 971 1760; x_wconf 91' lang='lat' dir='ltr'><strong>cum</strong></span> <span class='ocrx_word' id='word_1_124' title='bbox 997 1705 1094 1769; x_wconf 92' lang='lat' dir='ltr'><strong>ail,</strong></span> <span class='ocrx_word' id='word_1_125' title='bbox 1142 1702 1376 1758; x_wconf 82' lang='lat' dir='ltr'><strong>Peccavit</strong></span> <span class='ocrx_word' id='word_1_126' title='bbox 1401 1721 1432 1757; x_wconf 88' lang='lat' dir='ltr'><strong>a</strong></span> <span class='ocrx_word' id='word_1_127' title='bbox 1457 1706 1683 1769; x_wconf 81' lang='lat' dir='ltr'><strong>sanctis;</strong></span> 
     </span>
    </p>
   </div>
   <div class='ocr_carea' id='block_1_18' title="bbox 86 1801 1680 1876">
    <p class='ocr_par' dir='ltr' id='par_1_18' title="bbox 86 1801 1680 1876">
     <span class='ocr_line' id='line_1_18' title="bbox 86 1801 1680 1876; baseline -0.003 -15"><span class='ocrx_word' id='word_1_128' title='bbox 86 1814 135 1861; x_wconf 87' lang='lat' dir='ltr'><strong>ct</strong></span> <span class='ocrx_word' id='word_1_129' title='bbox 178 1804 548 1859; x_wconf 66' lang='lat' dir='ltr'><strong>intelleximus</strong></span> <span class='ocrx_word' id='word_1_130' title='bbox 576 1843 592 1870; x_wconf 91' lang='lat'><strong>,</strong></span> <span class='ocrx_word' id='word_1_131' title='bbox 648 1802 919 1872; x_wconf 71' lang='lat' dir='ltr'><strong>usurpavit</strong></span> <span class='ocrx_word' id='word_1_132' title='bbox 959 1801 1155 1876; x_wconf 91' lang='lat' dir='ltr'><strong>aliquid</strong></span> <span class='ocrx_word' id='word_1_133' title='bbox 1199 1811 1524 1864; x_wconf 82' lang='lat' dir='ltr'><strong>sanctorum,</strong></span> <span class='ocrx_word' id='word_1_134' title='bbox 1558 1803 1680 1869; x_wconf 83' lang='lat' dir='ltr'><strong>quia</strong></span> 
     </span>
    </p>
   </div>
   <div class='ocr_carea' id='block_1_19' title="bbox 85 1893 1679 1965">
    <p class='ocr_par' dir='ltr' id='par_1_19' title="bbox 85 1893 1679 1965">
     <span class='ocr_line' id='line_1_19' title="bbox 85 1893 1679 1965; baseline -0.001 -16"><span class='ocrx_word' id='word_1_135' title='bbox 85 1897 240 1950; x_wconf 80' lang='lat' dir='ltr'><strong>etiam</strong></span> <span class='ocrx_word' id='word_1_136' title='bbox 271 1895 485 1949; x_wconf 89' lang='lat' dir='ltr'><strong>restitui</strong></span> <span class='ocrx_word' id='word_1_137' title='bbox 515 1906 857 1964; x_wconf 64' lang='lat' dir='ltr'><strong>prarceperat.</strong></span> <span class='ocrx_word' id='word_1_138' title='bbox 884 1895 960 1949; x_wconf 83' lang='lat' dir='ltr'><strong>Ac</strong></span> <span class='ocrx_word' id='word_1_139' title='bbox 995 1911 1089 1965; x_wconf 89' lang='lat' dir='ltr'><strong>per</strong></span> <span class='ocrx_word' id='word_1_140' title='bbox 1116 1895 1215 1948; x_wconf 82' lang='lat' dir='ltr'><strong>itOC</strong></span> <span class='ocrx_word' id='word_1_141' title='bbox 1243 1908 1346 1948; x_wconf 84' lang='lat' dir='ltr'><strong>ttun</strong></span> <span class='ocrx_word' id='word_1_142' title='bbox 1370 1893 1446 1948; x_wconf 91' lang='lat' dir='ltr'><strong>sic</strong></span> <span class='ocrx_word' id='word_1_143' title='bbox 1477 1903 1679 1948; x_wconf 89' lang='lat' dir='ltr'><strong>tantum</strong></span> 
     </span>
    </p>
   </div>
   <div class='ocr_carea' id='block_1_20' title="bbox 83 1983 1679 2058">
    <p class='ocr_par' dir='ltr' id='par_1_20' title="bbox 83 1983 1679 2058">
     <span class='ocr_line' id='line_1_20' title="bbox 83 1983 1679 2058; baseline 0.001 -21"><span class='ocrx_word' id='word_1_144' title='bbox 83 1987 290 2058; x_wconf 66' lang='lat' dir='ltr'><strong>peccari</strong></span> <span class='ocrx_word' id='word_1_145' title='bbox 321 1994 501 2056; x_wconf 87' lang='lat' dir='ltr'><strong>potest</strong></span> <span class='ocrx_word' id='word_1_146' title='bbox 530 1986 582 2038; x_wconf 90' lang='lat' dir='ltr'><strong>in</strong></span> <span class='ocrx_word' id='word_1_147' title='bbox 613 1983 692 2040; x_wconf 87' lang='lat' dir='ltr'><strong>bis</strong></span> <span class='ocrx_word' id='word_1_148' title='bbox 725 1985 902 2051; x_wconf 79' lang='lat' dir='ltr'><strong>rebus,</strong></span> <span class='ocrx_word' id='word_1_149' title='bbox 933 1985 976 2040; x_wconf 90' lang='lat' dir='ltr'><strong>si</strong></span> <span class='ocrx_word' id='word_1_150' title='bbox 1011 1985 1208 2054; x_wconf 89' lang='lat' dir='ltr'><strong>aliquid</strong></span> <span class='ocrx_word' id='word_1_151' title='bbox 1249 1983 1372 2042; x_wconf 90' lang='lat' dir='ltr'><strong>inde</strong></span> <span class='ocrx_word' id='word_1_152' title='bbox 1413 1999 1507 2056; x_wconf 87' lang='lat' dir='ltr'><strong>per</strong></span> <span class='ocrx_word' id='word_1_153' title='bbox 1542 1985 1679 2039; x_wconf 89' lang='lat' dir='ltr'><strong>obli-</strong></span> 
     </span>
    </p>
   </div>
   <div class='ocr_carea' id='block_1_21' title="bbox 87 2075 1679 2147">
    <p class='ocr_par' dir='ltr' id='par_1_21' title="bbox 87 2075 1679 2147">
     <span class='ocr_line' id='line_1_21' title="bbox 87 2075 1679 2147; baseline 0.001 -15"><span class='ocrx_word' id='word_1_154' title='bbox 87 2079 292 2134; x_wconf 88' lang='lat' dir='ltr'><strong>vionem</strong></span> <span class='ocrx_word' id='word_1_155' title='bbox 319 2085 638 2146; x_wconf 85' lang='lat' dir='ltr'><strong>nsurpetur;</strong></span> <span class='ocrx_word' id='word_1_156' title='bbox 668 2076 761 2134; x_wconf 88' lang='lat' dir='ltr'><strong>sed</strong></span> <span class='ocrx_word' id='word_1_157' title='bbox 789 2075 949 2131; x_wconf 85' lang='lat' dir='ltr'><strong>etiam</strong></span> <span class='ocrx_word' id='word_1_158' title='bbox 971 2077 1152 2132; x_wconf 84' lang='lat' dir='ltr'><strong>multis</strong></span> <span class='ocrx_word' id='word_1_159' title='bbox 1173 2075 1292 2132; x_wconf 85' lang='lat' dir='ltr'><strong>aliis</strong></span> <span class='ocrx_word' id='word_1_160' title='bbox 1314 2077 1484 2131; x_wconf 87' lang='lat' dir='ltr'><strong>modis</strong></span> <span class='ocrx_word' id='word_1_161' title='bbox 1507 2086 1679 2147; x_wconf 84' lang='lat' dir='ltr'><strong>potest</strong></span> 
     </span>
    </p>
   </div>
   <div class='ocr_carea' id='block_1_22' title="bbox 83 2167 1677 2240">
    <p class='ocr_par' dir='ltr' id='par_1_22' title="bbox 83 2167 1677 2240">
     <span class='ocr_line' id='line_1_22' title="bbox 83 2167 1677 2240; baseline 0.001 -18"><span class='ocrx_word' id='word_1_162' title='bbox 83 2170 305 2240; x_wconf 87' lang='lat' dir='ltr'><strong>quisque</strong></span> <span class='ocrx_word' id='word_1_163' title='bbox 336 2185 433 2238; x_wconf 90' lang='lat' dir='ltr'><strong>per</strong></span> <span class='ocrx_word' id='word_1_164' title='bbox 457 2168 802 2240; x_wconf 81' lang='lat' dir='ltr'><strong>ignorant&#39;am</strong></span> <span class='ocrx_word' id='word_1_165' title='bbox 833 2167 1143 2238; x_wconf 89' lang='lat' dir='ltr'><strong>delinquere</strong></span> <span class='ocrx_word' id='word_1_166' title='bbox 1173 2168 1223 2222; x_wconf 92' lang='lat' dir='ltr'><strong>in</strong></span> <span class='ocrx_word' id='word_1_167' title='bbox 1267 2168 1332 2222; x_wconf 77' lang='lat' dir='ltr'><strong>iis</strong></span> <span class='ocrx_word' id='word_1_168' title='bbox 1360 2185 1479 2240; x_wconf 73' lang='lat' dir='ltr'><strong>qua:</strong></span> <span class='ocrx_word' id='word_1_169' title='bbox 1508 2170 1677 2225; x_wconf 83' lang='lat' dir='ltr'><strong>servi-</strong></span> 
     </span>
    </p>
   </div>
   <div class='ocr_carea' id='block_1_23' title="bbox 85 2259 1677 2330">
    <p class='ocr_par' dir='ltr' id='par_1_23' title="bbox 85 2259 1677 2330">
     <span class='ocr_line' id='line_1_23' title="bbox 85 2259 1677 2330; baseline 0.003 -16"><span class='ocrx_word' id='word_1_170' title='bbox 85 2261 174 2315; x_wconf 89' lang='lat' dir='ltr'><strong>tuti</strong></span> <span class='ocrx_word' id='word_1_171' title='bbox 205 2260 423 2316; x_wconf 87' lang='lat' dir='ltr'><strong>Domini</strong></span> <span class='ocrx_word' id='word_1_172' title='bbox 451 2259 770 2315; x_wconf 64' lang='lat' dir='ltr'><strong>eshibentur</strong></span> <span class='ocrx_word' id='word_1_173' title='bbox 802 2277 815 2314; x_wconf 91' lang='lat'><strong>:</strong></span> <span class='ocrx_word' id='word_1_174' title='bbox 851 2259 952 2315; x_wconf 87' lang='lat' dir='ltr'><strong>hoc</strong></span> <span class='ocrx_word' id='word_1_175' title='bbox 980 2260 1145 2315; x_wconf 87' lang='lat' dir='ltr'><strong>voluit</strong></span> <span class='ocrx_word' id='word_1_176' title='bbox 1175 2270 1354 2329; x_wconf 82' lang='lat' dir='ltr'><strong>postea</strong></span> <span class='ocrx_word' id='word_1_177' title='bbox 1385 2276 1553 2330; x_wconf 83' lang='lat' dir='ltr'><strong>genus</strong></span> <span class='ocrx_word' id='word_1_178' title='bbox 1582 2259 1677 2318; x_wconf 85' lang='lat' dir='ltr'><strong>dc-</strong></span> 
     </span>
    </p>
   </div>
   <div class='ocr_carea' id='block_1_24' title="bbox 82 2353 1676 2426">
    <p class='ocr_par' dir='ltr' id='par_1_24' title="bbox 82 2353 1676 2426">
     <span class='ocr_line' id='line_1_24' title="bbox 82 2353 1676 2426; baseline 0.001 -18"><span class='ocrx_word' id='word_1_179' title='bbox 82 2355 324 2410; x_wconf 80' lang='lat' dir='ltr'><strong>lictorutn</strong></span> <span class='ocrx_word' id='word_1_180' title='bbox 355 2355 682 2426; x_wconf 79' lang='lat' dir='ltr'><strong>generaliter</strong></span> <span class='ocrx_word' id='word_1_181' title='bbox 706 2368 1148 2420; x_wconf 88' lang='lat' dir='ltr'><strong>commemorare,</strong></span> <span class='ocrx_word' id='word_1_182' title='bbox 1179 2363 1231 2408; x_wconf 90' lang='lat' dir='ltr'><strong>ct</strong></span> <span class='ocrx_word' id='word_1_183' title='bbox 1259 2353 1378 2408; x_wconf 87' lang='lat' dir='ltr'><strong>ideo</strong></span> <span class='ocrx_word' id='word_1_184' title='bbox 1403 2364 1458 2408; x_wconf 89' lang='lat' dir='ltr'><strong>et</strong></span> <span class='ocrx_word' id='word_1_185' title='bbox 1485 2354 1593 2411; x_wconf 91' lang='lat' dir='ltr'><strong>illic</strong></span> <span class='ocrx_word' id='word_1_186' title='bbox 1621 2364 1676 2410; x_wconf 88' lang='lat' dir='ltr'><strong>et</strong></span> 
     </span>
    </p>
   </div>
   <div class='ocr_carea' id='block_1_25' title="bbox 82 2445 1672 2518">
    <p class='ocr_par' dir='ltr' id='par_1_25' title="bbox 82 2445 1672 2518">
     <span class='ocr_line' id='line_1_25' title="bbox 82 2445 1672 2518; baseline 0 -18"><span class='ocrx_word' id='word_1_187' title='bbox 82 2446 163 2502; x_wconf 86' lang='lat' dir='ltr'><strong>hic</strong></span> <span class='ocrx_word' id='word_1_188' title='bbox 189 2449 421 2503; x_wconf 84' lang='lat' dir='ltr'><strong>arietem</strong></span> <span class='ocrx_word' id='word_1_189' title='bbox 445 2447 602 2518; x_wconf 71' lang='lat' dir='ltr'><strong>juSsit</strong></span> <span class='ocrx_word' id='word_1_190' title='bbox 621 2445 822 2501; x_wconf 79' lang='lat' dir='ltr'><strong>offerri.</strong></span> <span class='ocrx_word' id='word_1_191' title='bbox 847 2445 1024 2501; x_wconf 71' lang='lat' dir='ltr'><strong>Plena:</strong></span> <span class='ocrx_word' id='word_1_192' title='bbox 1049 2454 1174 2499; x_wconf 90' lang='lat' dir='ltr'><strong>sunt</strong></span> <span class='ocrx_word' id='word_1_193' title='bbox 1196 2446 1672 2516; x_wconf 71' lang='lat' dir='ltr'><strong>aulemScripturze</strong></span> 
     </span>
    </p>
   </div>
   <div class='ocr_carea' id='block_1_26' title="bbox 79 2538 1670 2610">
    <p class='ocr_par' dir='ltr' id='par_1_26' title="bbox 79 2538 1670 2610">
     <span class='ocr_line' id='line_1_26' title="bbox 79 2538 1670 2610; baseline 0 -16"><span class='ocrx_word' id='word_1_194' title='bbox 79 2558 197 2595; x_wconf 82' lang='lat' dir='ltr'><strong>cum</strong></span> <span class='ocrx_word' id='word_1_195' title='bbox 243 2542 464 2606; x_wconf 85' lang='lat' dir='ltr'><strong>dicitur,</strong></span> <span class='ocrx_word' id='word_1_196' title='bbox 495 2550 610 2599; x_wconf 77' lang='lat' dir='ltr'><strong>ante</strong></span> <span class='ocrx_word' id='word_1_197' title='bbox 638 2538 932 2606; x_wconf 85' lang='lat' dir='ltr'><strong>Dominum,</strong></span> <span class='ocrx_word' id='word_1_198' title='bbox 969 2548 1024 2594; x_wconf 90' lang='lat' dir='ltr'><strong>et</strong></span> <span class='ocrx_word' id='word_1_199' title='bbox 1066 2555 1169 2593; x_wconf 89' lang='lat' dir='ltr'><strong>non</strong></span> <span class='ocrx_word' id='word_1_200' title='bbox 1222 2538 1532 2610; x_wconf 84' lang='lat' dir='ltr'><strong>intelligitur</strong></span> <span class='ocrx_word' id='word_1_201' title='bbox 1569 2539 1670 2594; x_wconf 85' lang='lat' dir='ltr'><strong>nisi</strong></span> 
     </span>
    </p>
   </div>
   <div class='ocr_carea' id='block_1_27' title="bbox 81 2630 1668 2704">
    <p class='ocr_par' dir='ltr' id='par_1_27' title="bbox 81 2630 1668 2704">
     <span class='ocr_line' id='line_1_27' title="bbox 81 2630 1668 2704; baseline 0.003 -20"><span class='ocrx_word' id='word_1_202' title='bbox 81 2632 202 2687; x_wconf 88' lang='lat' dir='ltr'><strong>illud</strong></span> <span class='ocrx_word' id='word_1_203' title='bbox 247 2632 394 2704; x_wconf 87' lang='lat' dir='ltr'><strong>quod</strong></span> <span class='ocrx_word' id='word_1_204' title='bbox 437 2631 663 2688; x_wconf 87' lang='lat' dir='ltr'><strong>Domino</strong></span> <span class='ocrx_word' id='word_1_205' title='bbox 693 2630 995 2697; x_wconf 75' lang='lat' dir='ltr'><strong>exhibetur,</strong></span> <span class='ocrx_word' id='word_1_206' title='bbox 1031 2631 1171 2688; x_wconf 89' lang='lat' dir='ltr'><strong>sicut</strong></span> <span class='ocrx_word' id='word_1_207' title='bbox 1215 2631 1549 2702; x_wconf 87' lang='lat' dir='ltr'><strong>sacrilicium,</strong></span> <span class='ocrx_word' id='word_1_208' title='bbox 1585 2633 1668 2690; x_wconf 90' lang='lat' dir='ltr'><strong>vel</strong></span> 
     </span>
    </p>
   </div>
   <div class='ocr_carea' id='block_1_28' title="bbox 80 2722 1214 2793">
    <p class='ocr_par' dir='ltr' id='par_1_28' title="bbox 80 2722 1214 2793">
     <span class='ocr_line' id='line_1_28' title="bbox 80 2722 1214 2793; baseline 0 -17"><span class='ocrx_word' id='word_1_209' title='bbox 80 2724 343 2792; x_wconf 71' lang='lat' dir='ltr'><strong>primitur,</strong></span> <span class='ocrx_word' id='word_1_210' title='bbox 377 2723 464 2779; x_wconf 86' lang='lat' dir='ltr'><strong>vel</strong></span> <span class='ocrx_word' id='word_1_211' title='bbox 494 2724 666 2793; x_wconf 88' lang='lat' dir='ltr'><strong>aliqua</strong></span> <span class='ocrx_word' id='word_1_212' title='bbox 697 2723 748 2777; x_wconf 88' lang='lat' dir='ltr'><strong>itt</strong></span> <span class='ocrx_word' id='word_1_213' title='bbox 777 2722 945 2776; x_wconf 90' lang='lat' dir='ltr'><strong>sacris</strong></span> <span class='ocrx_word' id='word_1_214' title='bbox 966 2723 1214 2780; x_wconf 85' lang='lat' dir='ltr'><strong>servitus.</strong></span> 
     </span>
    </p>
   </div>
   <div class='ocr_carea' id='block_1_29' title="bbox 148 2815 1667 2892">
    <p class='ocr_par' dir='ltr' id='par_1_29' title="bbox 148 2815 1667 2892">
     <span class='ocr_line' id='line_1_29' title="bbox 148 2815 1667 2892; baseline 0.001 -20"><span class='ocrx_word' id='word_1_215' title='bbox 148 2816 276 2874; x_wconf 72' lang='lat' dir='ltr'><strong>V’lll.</strong></span> <span class='ocrx_word' id='word_1_216' title='bbox 301 2819 484 2892; x_wconf 80' lang='lat' dir='ltr'><strong>[|b.v,</strong></span> <span class='ocrx_word' id='word_1_217' title='bbox 515 2815 594 2888; x_wconf 89' lang='lat'><strong>7.|</strong></span> <span class='ocrx_word' id='word_1_218' title='bbox 632 2817 895 2886; x_wconf 74' lang='lat' dir='ltr'><strong>Qttzeritur</strong></span> <span class='ocrx_word' id='word_1_219' title='bbox 933 2816 1091 2872; x_wconf 87' lang='lat' dir='ltr'><strong>etiam</strong></span> <span class='ocrx_word' id='word_1_220' title='bbox 1138 2827 1314 2873; x_wconf 91' lang='lat' dir='ltr'><strong>utrum</strong></span> <span class='ocrx_word' id='word_1_221' title='bbox 1359 2815 1554 2888; x_wconf 89' lang='lat' dir='ltr'><strong>ubique</strong></span> <span class='ocrx_word' id='word_1_222' title='bbox 1597 2819 1667 2874; x_wconf 94' lang='lat' dir='ltr'><strong>sit</strong></span> 
     </span>
    </p>
   </div>
   <div class='ocr_carea' id='block_1_30' title="bbox 77 2907 1666 2981">
    <p class='ocr_par' dir='ltr' id='par_1_30' title="bbox 77 2907 1666 2981">
     <span class='ocr_line' id='line_1_30' title="bbox 77 2907 1666 2981; baseline 0.005 -21"><span class='ocrx_word' id='word_1_223' title='bbox 77 2908 442 2977; x_wconf 81' lang='lat' dir='ltr'><strong>accipiendum</strong></span> <span class='ocrx_word' id='word_1_224' title='bbox 467 2907 606 2980; x_wconf 88' lang='lat' dir='ltr'><strong>quod</strong></span> <span class='ocrx_word' id='word_1_225' title='bbox 621 2907 822 2962; x_wconf 86' lang='lat' dir='ltr'><strong>dictum</strong></span> <span class='ocrx_word' id='word_1_226' title='bbox 845 2916 947 2970; x_wconf 86' lang='lat' dir='ltr'><strong>est.</strong></span> <span class='ocrx_word' id='word_1_227' title='bbox 970 2907 1014 2961; x_wconf 91' lang='lat' dir='ltr'><strong>si</strong></span> <span class='ocrx_word' id='word_1_228' title='bbox 1043 2921 1146 2962; x_wconf 90' lang='lat' dir='ltr'><strong>non</strong></span> <span class='ocrx_word' id='word_1_229' title='bbox 1171 2909 1311 2964; x_wconf 86' lang='lat' dir='ltr'><strong>valet</strong></span> <span class='ocrx_word' id='word_1_230' title='bbox 1337 2925 1525 2965; x_wconf 82' lang='lat' dir='ltr'><strong>manus</strong></span> <span class='ocrx_word' id='word_1_231' title='bbox 1549 2910 1666 2981; x_wconf 88' lang='lat' dir='ltr'><strong>cjns</strong></span> 
     </span>
    </p>
   </div>
   <div class='ocr_carea' id='block_1_31' title="bbox 77 2998 1666 3070">
    <p class='ocr_par' dir='ltr' id='par_1_31' title="bbox 77 2998 1666 3070">
     <span class='ocr_line' id='line_1_31' title="bbox 77 2998 1666 3070; baseline 0.004 -20"><span class='ocrx_word' id='word_1_232' title='bbox 77 3000 208 3070; x_wconf 86' lang='lat' dir='ltr'><strong>quod</strong></span> <span class='ocrx_word' id='word_1_233' title='bbox 237 3001 370 3056; x_wconf 81' lang='lat' dir='ltr'><strong>satis</strong></span> <span class='ocrx_word' id='word_1_234' title='bbox 406 3008 488 3062; x_wconf 85' lang='lat' dir='ltr'><strong>est</strong></span> <span class='ocrx_word' id='word_1_235' title='bbox 514 2998 577 3054; x_wconf 90' lang='lat' dir='ltr'><strong>ad</strong></span> <span class='ocrx_word' id='word_1_236' title='bbox 609 3013 800 3068; x_wconf 89' lang='lat' dir='ltr'><strong>ovem,</strong></span> <span class='ocrx_word' id='word_1_237' title='bbox 832 2998 1026 3056; x_wconf 74' lang='lat' dir='ltr'><strong>offerre</strong></span> <span class='ocrx_word' id='word_1_238' title='bbox 1055 3015 1174 3056; x_wconf 89' lang='lat' dir='ltr'><strong>eum</strong></span> <span class='ocrx_word' id='word_1_239' title='bbox 1206 3001 1403 3056; x_wconf 84' lang='lat' dir='ltr'><strong>debere</strong></span> <span class='ocrx_word' id='word_1_240' title='bbox 1432 3018 1526 3070; x_wconf 85' lang='lat' dir='ltr'><strong>par</strong></span> <span class='ocrx_word' id='word_1_241' title='bbox 1554 3011 1666 3058; x_wconf 85' lang='lat' dir='ltr'><strong>tur-</strong></span> 
     </span>
    </p>
   </div>
   <div class='ocr_carea' id='block_1_32' title="bbox 77 3091 1662 3166">
    <p class='ocr_par' dir='ltr' id='par_1_32' title="bbox 77 3091 1662 3166">
     <span class='ocr_line' id='line_1_32' title="bbox 77 3091 1662 3166; baseline 0.003 -21"><span class='ocrx_word' id='word_1_242' title='bbox 77 3102 269 3161; x_wconf 86' lang='lat' dir='ltr'><strong>turum,</strong></span> <span class='ocrx_word' id='word_1_243' title='bbox 300 3102 398 3147; x_wconf 90' lang='lat' dir='ltr'><strong>aut</strong></span> <span class='ocrx_word' id='word_1_244' title='bbox 423 3091 556 3150; x_wconf 87' lang='lat' dir='ltr'><strong>duos</strong></span> <span class='ocrx_word' id='word_1_245' title='bbox 585 3093 756 3162; x_wconf 84' lang='lat' dir='ltr'><strong>pullos</strong></span> <span class='ocrx_word' id='word_1_246' title='bbox 780 3093 1141 3160; x_wconf 88' lang='lat' dir='ltr'><strong>columbinos;</strong></span> <span class='ocrx_word' id='word_1_247' title='bbox 1160 3102 1213 3151; x_wconf 89' lang='lat' dir='ltr'><strong>et</strong></span> <span class='ocrx_word' id='word_1_248' title='bbox 1251 3095 1294 3150; x_wconf 89' lang='lat' dir='ltr'><strong>si</strong></span> <span class='ocrx_word' id='word_1_249' title='bbox 1333 3095 1432 3149; x_wconf 87' lang='lat' dir='ltr'><strong>hoc</strong></span> <span class='ocrx_word' id='word_1_250' title='bbox 1452 3112 1662 3166; x_wconf 86' lang='lat' dir='ltr'><strong>quoque</strong></span> 
     </span>
    </p>
   </div>
   <div class='ocr_carea' id='block_1_33' title="bbox 74 3185 1659 3257">
    <p class='ocr_par' dir='ltr' id='par_1_33' title="bbox 74 3185 1659 3257">
     <span class='ocr_line' id='line_1_33' title="bbox 74 3185 1659 3257; baseline 0 -19"><span class='ocrx_word' id='word_1_251' title='bbox 74 3200 173 3238; x_wconf 92' lang='lat' dir='ltr'><strong>non</strong></span> <span class='ocrx_word' id='word_1_252' title='bbox 206 3185 370 3251; x_wconf 87' lang='lat' dir='ltr'><strong>valet,</strong></span> <span class='ocrx_word' id='word_1_253' title='bbox 399 3193 598 3240; x_wconf 86' lang='lat' dir='ltr'><strong>certam</strong></span> <span class='ocrx_word' id='word_1_254' title='bbox 641 3185 952 3256; x_wconf 80' lang='lat' dir='ltr'><strong>similaginis</strong></span> <span class='ocrx_word' id='word_1_255' title='bbox 989 3187 1358 3257; x_wconf 87' lang='lat' dir='ltr'><strong>quantitatem.</strong></span> <span class='ocrx_word' id='word_1_256' title='bbox 1397 3189 1659 3254; x_wconf 75' lang='lat' dir='ltr'><strong>Quoniam</strong></span> 
     </span>
    </p>
   </div>
   <div class='ocr_carea' id='block_1_34' title="bbox 73 3275 1657 3348">
    <p class='ocr_par' dir='ltr' id='par_1_34' title="bbox 73 3275 1657 3348">
     <span class='ocr_line' id='line_1_34' title="bbox 73 3275 1657 3348; baseline 0.004 -20"><span class='ocrx_word' id='word_1_257' title='bbox 73 3276 113 3331; x_wconf 95' lang='lat' dir='ltr'><strong>si</strong></span> <span class='ocrx_word' id='word_1_258' title='bbox 157 3275 358 3348; x_wconf 84' lang='lat' dir='ltr'><strong>ubique</strong></span> <span class='ocrx_word' id='word_1_259' title='bbox 399 3277 474 3336; x_wconf 85' lang='lat' dir='ltr'><strong>ita</strong></span> <span class='ocrx_word' id='word_1_260' title='bbox 523 3278 683 3334; x_wconf 84' lang='lat' dir='ltr'><strong>licere</strong></span> <span class='ocrx_word' id='word_1_261' title='bbox 724 3277 1060 3348; x_wconf 77' lang='lat' dir='ltr'><strong>intelligitur,</strong></span> <span class='ocrx_word' id='word_1_262' title='bbox 1103 3294 1208 3334; x_wconf 91' lang='lat' dir='ltr'><strong>non</strong></span> <span class='ocrx_word' id='word_1_263' title='bbox 1242 3289 1414 3347; x_wconf 88' lang='lat' dir='ltr'><strong>potest</strong></span> <span class='ocrx_word' id='word_1_264' title='bbox 1441 3281 1657 3348; x_wconf 81' lang='lat' dir='ltr'><strong>quidem</strong></span> 
     </span>
    </p>
   </div>
   <div class='ocr_carea' id='block_1_35' title="bbox 73 3367 1658 3434">
    <p class='ocr_par' dir='ltr' id='par_1_35' title="bbox 73 3367 1658 3434">
     <span class='ocr_line' id='line_1_35' title="bbox 73 3367 1658 3434; baseline 0.004 -13"><span class='ocrx_word' id='word_1_265' title='bbox 73 3367 190 3434; x_wconf 89' lang='lat' dir='ltr'><strong>diei,</strong></span> <span class='ocrx_word' id='word_1_266' title='bbox 221 3367 561 3425; x_wconf 84' lang='lat' dir='ltr'><strong>sacerdotem</strong></span> <span class='ocrx_word' id='word_1_267' title='bbox 594 3385 698 3422; x_wconf 88' lang='lat' dir='ltr'><strong>non</strong></span> <span class='ocrx_word' id='word_1_268' title='bbox 735 3369 929 3424; x_wconf 81' lang='lat' dir='ltr'><strong>habere</strong></span> <span class='ocrx_word' id='word_1_269' title='bbox 956 3369 1198 3433; x_wconf 89' lang='lat' dir='ltr'><strong>vitulum,</strong></span> <span class='ocrx_word' id='word_1_270' title='bbox 1234 3379 1326 3424; x_wconf 90' lang='lat' dir='ltr'><strong>aut</strong></span> <span class='ocrx_word' id='word_1_271' title='bbox 1356 3371 1658 3428; x_wconf 76' lang='lat' dir='ltr'><strong>universam</strong></span> 
     </span>
    </p>
   </div>
   <div class='ocr_carea' id='block_1_36' title="bbox 71 3459 1658 3532">
    <p class='ocr_par' dir='ltr' id='par_1_36' title="bbox 71 3459 1658 3532">
     <span class='ocr_line' id='line_1_36' title="bbox 71 3459 1658 3532; baseline 0.003 -20"><span class='ocrx_word' id='word_1_272' title='bbox 71 3473 426 3532; x_wconf 78' lang='lat' dir='ltr'><strong>synagogam,</strong></span> <span class='ocrx_word' id='word_1_273' title='bbox 469 3469 562 3514; x_wconf 89' lang='lat' dir='ltr'><strong>aut</strong></span> <span class='ocrx_word' id='word_1_274' title='bbox 597 3461 887 3529; x_wconf 79' lang='lat' dir='ltr'><strong>principem</strong></span> <span class='ocrx_word' id='word_1_275' title='bbox 914 3476 1020 3516; x_wconf 90' lang='lat' dir='ltr'><strong>tton</strong></span> <span class='ocrx_word' id='word_1_276' title='bbox 1052 3459 1246 3516; x_wconf 84' lang='lat' dir='ltr'><strong>habere</strong></span> <span class='ocrx_word' id='word_1_277' title='bbox 1283 3475 1502 3529; x_wconf 87' lang='lat' dir='ltr'><strong>caprum</strong></span> <span class='ocrx_word' id='word_1_278' title='bbox 1529 3463 1542 3492; x_wconf 83' lang='grc'><strong>¹</strong></span> <span class='ocrx_word' id='word_1_279' title='bbox 1573 3462 1658 3518; x_wconf 88' lang='lat' dir='ltr'><strong>vel</strong></span> 
     </span>
    </p>
   </div>
   <div class='ocr_carea' id='block_1_37' title="bbox 72 3552 1659 3624">
    <p class='ocr_par' dir='ltr' id='par_1_37' title="bbox 72 3552 1659 3624">
     <span class='ocr_line' id='line_1_37' title="bbox 72 3552 1659 3624; baseline 0.003 -18"><span class='ocrx_word' id='word_1_280' title='bbox 72 3571 214 3610; x_wconf 83' lang='lat' dir='ltr'><strong>ovem</strong></span> <span class='ocrx_word' id='word_1_281' title='bbox 250 3573 263 3607; x_wconf 89' lang='lat'><strong>:</strong></span> <span class='ocrx_word' id='word_1_282' title='bbox 296 3564 354 3608; x_wconf 88' lang='lat' dir='ltr'><strong>et</strong></span> <span class='ocrx_word' id='word_1_283' title='bbox 383 3554 426 3608; x_wconf 87' lang='lat' dir='ltr'><strong>si</strong></span> <span class='ocrx_word' id='word_1_284' title='bbox 457 3552 530 3607; x_wconf 84' lang='lat' dir='ltr'><strong>ita</strong></span> <span class='ocrx_word' id='word_1_285' title='bbox 553 3562 655 3620; x_wconf 87' lang='lat' dir='ltr'><strong>est,</strong></span> <span class='ocrx_word' id='word_1_286' title='bbox 685 3553 812 3624; x_wconf 87' lang='lat' dir='ltr'><strong>quid</strong></span> <span class='ocrx_word' id='word_1_287' title='bbox 842 3568 975 3624; x_wconf 83' lang='lat' dir='ltr'><strong>Opus</strong></span> <span class='ocrx_word' id='word_1_288' title='bbox 1000 3562 1117 3610; x_wconf 84' lang='lat' dir='ltr'><strong>erat</strong></span> <span class='ocrx_word' id='word_1_289' title='bbox 1143 3563 1323 3623; x_wconf 85' lang='lat' dir='ltr'><strong>postea</strong></span> <span class='ocrx_word' id='word_1_290' title='bbox 1349 3555 1546 3618; x_wconf 86' lang='lat' dir='ltr'><strong>dicere.</strong></span> <span class='ocrx_word' id='word_1_291' title='bbox 1579 3565 1659 3619; x_wconf 84' lang='lat' dir='ltr'><strong>ta-</strong></span> 
     </span>
    </p>
   </div>
   <div class='ocr_carea' id='block_1_38' title="bbox 71 3644 1650 3715">
    <p class='ocr_par' dir='ltr' id='par_1_38' title="bbox 71 3644 1650 3715">
     <span class='ocr_line' id='line_1_38' title="bbox 71 3644 1650 3715; baseline 0.003 -18"><span class='ocrx_word' id='word_1_292' title='bbox 71 3646 225 3699; x_wconf 89' lang='lat' dir='ltr'><strong>citum</strong></span> <span class='ocrx_word' id='word_1_293' title='bbox 247 3645 562 3714; x_wconf 75' lang='lat' dir='ltr'><strong>cujusquam</strong></span> <span class='ocrx_word' id='word_1_294' title='bbox 597 3644 905 3714; x_wconf 72' lang='lat' dir='ltr'><strong>periurium,</strong></span> <span class='ocrx_word' id='word_1_295' title='bbox 934 3655 1026 3700; x_wconf 90' lang='lat' dir='ltr'><strong>aut</strong></span> <span class='ocrx_word' id='word_1_296' title='bbox 1057 3655 1250 3700; x_wconf 90' lang='lat' dir='ltr'><strong>tactum</strong></span> <span class='ocrx_word' id='word_1_297' title='bbox 1283 3644 1611 3701; x_wconf 89' lang='lat' dir='ltr'><strong>immundum</strong></span> <span class='ocrx_word' id='word_1_298' title='bbox 1634 3689 1650 3715; x_wconf 91' lang='lat'><strong>,</strong></span> 
     </span>
    </p>
   </div>
   <div class='ocr_carea' id='block_1_39' title="bbox 71 3737 1651 3810">
    <p class='ocr_par' dir='ltr' id='par_1_39' title="bbox 71 3737 1651 3810">
     <span class='ocr_line' id='line_1_39' title="bbox 71 3737 1651 3810; baseline 0.004 -20"><span class='ocrx_word' id='word_1_299' title='bbox 71 3747 119 3792; x_wconf 84' lang='lat' dir='ltr'><strong>ct</strong></span> <span class='ocrx_word' id='word_1_300' title='bbox 146 3737 438 3808; x_wconf 66' lang='lat' dir='ltr'><strong>terjuriuut</strong></span> <span class='ocrx_word' id='word_1_301' title='bbox 468 3754 562 3808; x_wconf 87' lang='lat' dir='ltr'><strong>per</strong></span> <span class='ocrx_word' id='word_1_302' title='bbox 590 3739 942 3809; x_wconf 80' lang='lat' dir='ltr'><strong>ignorantiam</strong></span> <span class='ocrx_word' id='word_1_303' title='bbox 987 3740 1180 3796; x_wconf 80' lang='lat' dir='ltr'><strong>factum</strong></span> <span class='ocrx_word' id='word_1_304' title='bbox 1219 3740 1434 3810; x_wconf 80' lang='lat' dir='ltr'><strong>purgari</strong></span> <span class='ocrx_word' id='word_1_305' title='bbox 1483 3741 1651 3796; x_wconf 80' lang='lat' dir='ltr'><strong>sacri—</strong></span> 
     </span>
    </p>
   </div>
   <div class='ocr_carea' id='block_1_40' title="bbox 72 3830 1652 3906">
    <p class='ocr_par' dir='ltr' id='par_1_40' title="bbox 72 3830 1652 3906">
     <span class='ocr_line' id='line_1_40' title="bbox 72 3830 1652 3906; baseline 0.004 -22"><span class='ocrx_word' id='word_1_306' title='bbox 72 3830 181 3886; x_wconf 86' lang='lat' dir='ltr'><strong>ﬁcio</strong></span> <span class='ocrx_word' id='word_1_307' title='bbox 208 3849 361 3904; x_wconf 72' lang='lat' dir='ltr'><strong>agnae</strong></span> <span class='ocrx_word' id='word_1_308' title='bbox 391 3843 446 3888; x_wconf 92' lang='lat' dir='ltr'><strong>et</strong></span> <span class='ocrx_word' id='word_1_309' title='bbox 472 3848 668 3900; x_wconf 66' lang='lat' dir='ltr'><strong>caprae,</strong></span> <span class='ocrx_word' id='word_1_310' title='bbox 710 3848 834 3888; x_wconf 84' lang='lat' dir='ltr'><strong>cunt</strong></span> <span class='ocrx_word' id='word_1_311' title='bbox 874 3832 1058 3898; x_wconf 74' lang='lat' dir='ltr'><strong>eadem</strong></span> <span class='ocrx_word' id='word_1_312' title='bbox 1086 3832 1343 3889; x_wconf 74' lang='lat' dir='ltr'><strong>sacriﬁcia</strong></span> <span class='ocrx_word' id='word_1_313' title='bbox 1385 3844 1652 3906; x_wconf 71' lang='lat' dir='ltr'><strong>praecepta</strong></span> 
     </span>
    </p>
   </div>
   <div class='ocr_carea' id='block_1_41' title="bbox 72 3923 1653 3997">
    <p class='ocr_par' dir='ltr' id='par_1_41' title="bbox 72 3923 1653 3997">
     <span class='ocr_line' id='line_1_41' title="bbox 72 3923 1653 3997; baseline 0.004 -22"><span class='ocrx_word' id='word_1_314' title='bbox 72 3924 170 3977; x_wconf 89' lang='lat' dir='ltr'><strong>sint</strong></span> <span class='ocrx_word' id='word_1_315' title='bbox 197 3925 358 3978; x_wconf 88' lang='lat' dir='ltr'><strong>etiam</strong></span> <span class='ocrx_word' id='word_1_316' title='bbox 390 3925 440 3978; x_wconf 91' lang='lat' dir='ltr'><strong>in</strong></span> <span class='ocrx_word' id='word_1_317' title='bbox 472 3925 554 3978; x_wconf 85' lang='lat' dir='ltr'><strong>illa</strong></span> <span class='ocrx_word' id='word_1_318' title='bbox 585 3924 926 3994; x_wconf 81' lang='lat' dir='ltr'><strong>generalitate</strong></span> <span class='ocrx_word' id='word_1_319' title='bbox 954 3925 1177 3994; x_wconf 85' lang='lat' dir='ltr'><strong>peccati,</strong></span> <span class='ocrx_word' id='word_1_320' title='bbox 1209 3923 1276 3979; x_wconf 90' lang='lat' dir='ltr'><strong>ad</strong></span> <span class='ocrx_word' id='word_1_321' title='bbox 1301 3941 1458 3994; x_wconf 90' lang='lat' dir='ltr'><strong>quant</strong></span> <span class='ocrx_word' id='word_1_322' title='bbox 1485 3941 1653 3997; x_wconf 79' lang='lat' dir='ltr'><strong>gene-</strong></span> 
     </span>
    </p>
   </div>
   <div class='ocr_carea' id='block_1_42' title="bbox 72 4015 1648 4089">
    <p class='ocr_par' dir='ltr' id='par_1_42' title="bbox 72 4015 1648 4089">
     <span class='ocr_line' id='line_1_42' title="bbox 72 4015 1648 4089; baseline 0.004 -24"><span class='ocrx_word' id='word_1_323' title='bbox 72 4015 321 4070; x_wconf 84' lang='lat' dir='ltr'><strong>ralitatem</strong></span> <span class='ocrx_word' id='word_1_324' title='bbox 363 4016 522 4070; x_wconf 86' lang='lat' dir='ltr'><strong>etiam</strong></span> <span class='ocrx_word' id='word_1_325' title='bbox 551 4015 646 4068; x_wconf 85' lang='lat' dir='ltr'><strong>ista</strong></span> <span class='ocrx_word' id='word_1_326' title='bbox 688 4024 974 4085; x_wconf 86' lang='lat' dir='ltr'><strong>potuerunt</strong></span> <span class='ocrx_word' id='word_1_327' title='bbox 1007 4015 1312 4089; x_wconf 75' lang='lat' dir='ltr'><strong>pertinere?</strong></span> <span class='ocrx_word' id='word_1_328' title='bbox 1362 4016 1419 4073; x_wconf 87' lang='lat' dir='ltr'><strong>Si</strong></span> <span class='ocrx_word' id='word_1_329' title='bbox 1469 4025 1648 4072; x_wconf 84' lang='lat' dir='ltr'><strong>autem</strong></span> 
     </span>
    </p>
   </div>
   <div class='ocr_carea' id='block_1_43' title="bbox 74 4104 1651 4181">
    <p class='ocr_par' dir='ltr' id='par_1_43' title="bbox 74 4104 1651 4181">
     <span class='ocr_line' id='line_1_43' title="bbox 74 4104 1651 4181; baseline 0.006 -23"><span class='ocrx_word' id='word_1_330' title='bbox 74 4104 187 4162; x_wconf 83' lang='lat' dir='ltr'><strong>hinc</strong></span> <span class='ocrx_word' id='word_1_331' title='bbox 209 4109 305 4164; x_wconf 86' lang='lat' dir='ltr'><strong>ista</strong></span> <span class='ocrx_word' id='word_1_332' title='bbox 332 4109 725 4177; x_wconf 85' lang='lat' dir='ltr'><strong>discernuntur,</strong></span> <span class='ocrx_word' id='word_1_333' title='bbox 753 4110 894 4181; x_wconf 83' lang='lat' dir='ltr'><strong>quod</strong></span> <span class='ocrx_word' id='word_1_334' title='bbox 927 4110 1118 4166; x_wconf 86' lang='lat' dir='ltr'><strong>licebat</strong></span> <span class='ocrx_word' id='word_1_335' title='bbox 1143 4126 1238 4180; x_wconf 83' lang='lat' dir='ltr'><strong>pro</strong></span> <span class='ocrx_word' id='word_1_336' title='bbox 1267 4110 1347 4166; x_wconf 86' lang='lat' dir='ltr'><strong>eis</strong></span> <span class='ocrx_word' id='word_1_337' title='bbox 1372 4113 1393 4142; x_wconf 75' lang='grc'>³</span> <span class='ocrx_word' id='word_1_338' title='bbox 1416 4118 1651 4168; x_wconf 88' lang='lat' dir='ltr'><strong>turtures</strong></span> 
     </span>
    </p>
   </div>
   <div class='ocr_carea' id='block_1_44' title="bbox 72 4202 1647 4275">
    <p class='ocr_par' dir='ltr' id='par_1_44' title="bbox 72 4202 1647 4275">
     <span class='ocr_line' id='line_1_44' title="bbox 72 4202 1647 4275; baseline 0.004 -22"><span class='ocrx_word' id='word_1_339' title='bbox 72 4209 120 4253; x_wconf 87' lang='lat' dir='ltr'><strong>et</strong></span> <span class='ocrx_word' id='word_1_340' title='bbox 143 4203 442 4270; x_wconf 80' lang='lat' dir='ltr'><strong>columbas,</strong></span> <span class='ocrx_word' id='word_1_341' title='bbox 470 4203 550 4259; x_wconf 88' lang='lat' dir='ltr'><strong>vel</strong></span> <span class='ocrx_word' id='word_1_342' title='bbox 578 4202 758 4266; x_wconf 86' lang='lat' dir='ltr'><strong>etiattt,</strong></span> <span class='ocrx_word' id='word_1_343' title='bbox 784 4203 827 4257; x_wconf 90' lang='lat' dir='ltr'><strong>si</strong></span> <span class='ocrx_word' id='word_1_344' title='bbox 854 4203 1076 4260; x_wconf 82' lang='lat' dir='ltr'><strong>ltocnnn</strong></span> <span class='ocrx_word' id='word_1_345' title='bbox 1105 4210 1270 4268; x_wconf 88' lang='lat' dir='ltr'><strong>esset,</strong></span> <span class='ocrx_word' id='word_1_346' title='bbox 1293 4203 1647 4275; x_wconf 84' lang='lat' dir='ltr'><strong>similaginem</strong></span> 
     </span>
    </p>
   </div>
   <div class='ocr_carea' id='block_1_45' title="bbox 72 4290 1645 4366">
    <p class='ocr_par' dir='ltr' id='par_1_45' title="bbox 72 4290 1645 4366">
     <span class='ocr_line' id='line_1_45' title="bbox 72 4290 1645 4366; baseline 0.006 -22"><span class='ocrx_word' id='word_1_347' title='bbox 72 4290 262 4361; x_wconf 76' lang='lat' dir='ltr'><strong>otl‘erri,</strong></span> <span class='ocrx_word' id='word_1_348' title='bbox 306 4294 380 4350; x_wconf 89' lang='lat' dir='ltr'><strong>ibi</strong></span> <span class='ocrx_word' id='word_1_349' title='bbox 419 4303 597 4351; x_wconf 87' lang='lat' dir='ltr'><strong>autem</strong></span> <span class='ocrx_word' id='word_1_350' title='bbox 628 4296 716 4352; x_wconf 89' lang='lat' dir='ltr'><strong>ubi</strong></span> <span class='ocrx_word' id='word_1_351' title='bbox 747 4312 852 4350; x_wconf 85' lang='lat' dir='ltr'><strong>non</strong></span> <span class='ocrx_word' id='word_1_352' title='bbox 895 4295 1099 4354; x_wconf 83' lang='lat' dir='ltr'><strong>dictum</strong></span> <span class='ocrx_word' id='word_1_353' title='bbox 1137 4305 1222 4353; x_wconf 89' lang='lat' dir='ltr'><strong>est</strong></span> <span class='ocrx_word' id='word_1_354' title='bbox 1263 4311 1372 4356; x_wconf 86' lang='lat' dir='ltr'><strong>non</strong></span> <span class='ocrx_word' id='word_1_355' title='bbox 1404 4297 1596 4356; x_wconf 76' lang='lat' dir='ltr'><strong>licebat</strong></span> <span class='ocrx_word' id='word_1_356' title='bbox 1626 4314 1645 4366; x_wconf 88' lang='lat'><strong>;</strong></span> 
     </span>
    </p>
   </div>
   <div class='ocr_carea' id='block_1_46' title="bbox 73 4386 1647 4463">
    <p class='ocr_par' dir='ltr' id='par_1_46' title="bbox 73 4386 1647 4463">
     <span class='ocr_line' id='line_1_46' title="bbox 73 4386 1647 4463; baseline 0.008 -27"><span class='ocrx_word' id='word_1_357' title='bbox 73 4397 168 4440; x_wconf 89' lang='lat' dir='ltr'><strong>non</strong></span> <span class='ocrx_word' id='word_1_358' title='bbox 213 4386 423 4445; x_wconf 87' lang='lat' dir='ltr'><strong>videtur</strong></span> <span class='ocrx_word' id='word_1_359' title='bbox 462 4388 778 4444; x_wconf 86' lang='lat' dir='ltr'><strong>subventum</strong></span> <span class='ocrx_word' id='word_1_360' title='bbox 826 4404 947 4447; x_wconf 82' lang='lat' dir='ltr'><strong>esse</strong></span> <span class='ocrx_word' id='word_1_361' title='bbox 984 4390 1338 4462; x_wconf 83' lang='lat' dir='ltr'><strong>pauperibus;</strong></span> <span class='ocrx_word' id='word_1_362' title='bbox 1390 4394 1647 4463; x_wconf 76' lang='lat' dir='ltr'><strong>quoidam</strong></span> 
     </span>
    </p>
   </div>
   <div class='ocr_carea' id='block_1_47' title="bbox 72 4479 1647 4556">
    <p class='ocr_par' dir='ltr' id='par_1_47' title="bbox 72 4479 1647 4556">
     <span class='ocr_line' id='line_1_47' title="bbox 72 4479 1647 4556; baseline 0.008 -28"><span class='ocrx_word' id='word_1_363' title='bbox 72 4479 221 4534; x_wconf 84' lang='lat' dir='ltr'><strong>multa</strong></span> <span class='ocrx_word' id='word_1_364' title='bbox 250 4490 471 4550; x_wconf 85' lang='lat' dir='ltr'><strong>possent</strong></span> <span class='ocrx_word' id='word_1_365' title='bbox 504 4495 624 4538; x_wconf 87' lang='lat' dir='ltr'><strong>esse</strong></span> <span class='ocrx_word' id='word_1_366' title='bbox 652 4481 843 4537; x_wconf 80' lang='lat' dir='ltr'><strong>delicta</strong></span> <span class='ocrx_word' id='word_1_367' title='bbox 882 4498 990 4538; x_wconf 81' lang='lat' dir='ltr'><strong>non</strong></span> <span class='ocrx_word' id='word_1_368' title='bbox 1021 4484 1324 4552; x_wconf 77' lang='lat' dir='ltr'><strong>Specialitcr</strong></span> <span class='ocrx_word' id='word_1_369' title='bbox 1344 4500 1596 4556; x_wconf 73' lang='lat' dir='ltr'><strong>expressa</strong></span> <span class='ocrx_word' id='word_1_370' title='bbox 1623 4527 1647 4552; x_wconf 60' lang='grc' dir='ltr'>ε</span> 
     </span>
    </p>
   </div>
   <div class='ocr_carea' id='block_1_48' title="bbox 72 4571 1644 4651">
    <p class='ocr_par' dir='ltr' id='par_1_48' title="bbox 72 4571 1644 4651">
     <span class='ocr_line' id='line_1_48' title="bbox 72 4571 1644 4651; baseline 0.01 -32"><span class='ocrx_word' id='word_1_371' title='bbox 72 4581 178 4636; x_wconf 76' lang='lat' dir='ltr'><strong>quae</strong></span> <span class='ocrx_word' id='word_1_372' title='bbox 205 4571 268 4624; x_wconf 90' lang='lat' dir='ltr'><strong>ad</strong></span> <span class='ocrx_word' id='word_1_373' title='bbox 308 4573 452 4627; x_wconf 84' lang='lat' dir='ltr'><strong>illam</strong></span> <span class='ocrx_word' id='word_1_374' title='bbox 493 4575 893 4645; x_wconf 77' lang='lat' dir='ltr'><strong>generalitatem</strong></span> <span class='ocrx_word' id='word_1_375' title='bbox 936 4576 1284 4645; x_wconf 82' lang='lat' dir='ltr'><strong>referrentur,</strong></span> <span class='ocrx_word' id='word_1_376' title='bbox 1324 4577 1414 4634; x_wconf 76' lang='lat' dir='ltr'><strong>ubi</strong></span> <span class='ocrx_word' id='word_1_377' title='bbox 1449 4595 1644 4651; x_wconf 78' lang='lat' dir='ltr'><strong>grava-</strong></span> 
     </span>
    </p>
   </div>
   <div class='ocr_carea' id='block_1_49' title="bbox 72 4664 1650 4738">
    <p class='ocr_par' dir='ltr' id='par_1_49' title="bbox 72 4664 1650 4738">
     <span class='ocr_line' id='line_1_49' title="bbox 72 4664 1650 4738; baseline 0.011 -28"><span class='ocrx_word' id='word_1_378' title='bbox 72 4670 238 4716; x_wconf 82' lang='lat' dir='ltr'><strong>rentur</strong></span> <span class='ocrx_word' id='word_1_379' title='bbox 267 4664 474 4734; x_wconf 80' lang='lat' dir='ltr'><strong>itmpes,</strong></span> <span class='ocrx_word' id='word_1_380' title='bbox 525 4666 576 4722; x_wconf 86' lang='lat' dir='ltr'><strong>si</strong></span> <span class='ocrx_word' id='word_1_381' title='bbox 624 4667 992 4721; x_wconf 83' lang='lat' dir='ltr'><strong>tantummodo</strong></span> <span class='ocrx_word' id='word_1_382' title='bbox 1028 4682 1242 4738; x_wconf 87' lang='lat' dir='ltr'><strong>capram</strong></span> <span class='ocrx_word' id='word_1_383' title='bbox 1285 4669 1558 4735; x_wconf 60' lang='lat' dir='ltr'><strong>(tintinant,</strong></span> <span class='ocrx_word' id='word_1_384' title='bbox 1587 4681 1650 4727; x_wconf 83' lang='lat' dir='ltr'><strong>et</strong></span> 
     </span>
    </p>
   </div>
   <div class='ocr_carea' id='block_1_50' title="bbox 72 4756 1643 4834">
    <p class='ocr_par' dir='ltr' id='par_1_50' title="bbox 72 4756 1643 4834">
     <span class='ocr_line' id='line_1_50' title="bbox 72 4756 1643 4834; baseline 0.012 -33"><span class='ocrx_word' id='word_1_385' title='bbox 72 4761 246 4816; x_wconf 78' lang='lat' dir='ltr'><strong>agnam</strong></span> <span class='ocrx_word' id='word_1_386' title='bbox 274 4772 338 4810; x_wconf 81' lang='lat' dir='ltr'><strong>ex</strong></span> <span class='ocrx_word' id='word_1_387' title='bbox 367 4756 578 4822; x_wconf 85' lang='lat' dir='ltr'><strong>ovibus,</strong></span> <span class='ocrx_word' id='word_1_388' title='bbox 605 4767 662 4814; x_wconf 84' lang='lat' dir='ltr'><strong>et</strong></span> <span class='ocrx_word' id='word_1_389' title='bbox 699 4758 815 4813; x_wconf 85' lang='lat' dir='ltr'><strong>illas</strong></span> <span class='ocrx_word' id='word_1_390' title='bbox 839 4759 1074 4815; x_wconf 73' lang='lat' dir='ltr'><strong>aviculae</strong></span> <span class='ocrx_word' id='word_1_391' title='bbox 1108 4760 1151 4824; x_wconf 86' lang='grc'><strong>³,</strong></span> <span class='ocrx_word' id='word_1_392' title='bbox 1192 4771 1250 4817; x_wconf 86' lang='lat' dir='ltr'><strong>et</strong></span> <span class='ocrx_word' id='word_1_393' title='bbox 1288 4763 1643 4834; x_wconf 83' lang='lat' dir='ltr'><strong>similaginem</strong></span> 
     </span>
    </p>
   </div>
   <div class='ocr_carea' id='block_1_51' title="bbox 74 4840 1644 4924">
    <p class='ocr_par' dir='ltr' id='par_1_51' title="bbox 74 4840 1644 4924">
     <span class='ocr_line' id='line_1_51' title="bbox 74 4840 1644 4924; baseline 0.015 -32"><span class='ocrx_word' id='word_1_394' title='bbox 74 4840 240 4903; x_wconf 84' lang='lat' dir='ltr'><strong>licebat</strong></span> <span class='ocrx_word' id='word_1_395' title='bbox 268 4851 469 4907; x_wconf 84' lang='lat' dir='ltr'><strong>nll‘erri.</strong></span> <span class='ocrx_word' id='word_1_396' title='bbox 501 4851 610 4908; x_wconf 79' lang='lat' dir='ltr'><strong>Nisi</strong></span> <span class='ocrx_word' id='word_1_397' title='bbox 641 4853 777 4910; x_wconf 79' lang='lat' dir='ltr'><strong>ﬁtrte</strong></span> <span class='ocrx_word' id='word_1_398' title='bbox 811 4855 930 4924; x_wconf 86' lang='lat' dir='ltr'><strong>quis</strong></span> <span class='ocrx_word' id='word_1_399' title='bbox 954 4855 1116 4922; x_wconf 82' lang='lat' dir='ltr'><strong>dicat,</strong></span> <span class='ocrx_word' id='word_1_400' title='bbox 1150 4856 1252 4913; x_wconf 86' lang='lat' dir='ltr'><strong>hoc</strong></span> <span class='ocrx_word' id='word_1_401' title='bbox 1280 4859 1510 4916; x_wconf 80' lang='lat' dir='ltr'><strong>discerni</strong></span> <span class='ocrx_word' id='word_1_402' title='bbox 1541 4860 1644 4916; x_wconf 80' lang='lat' dir='ltr'><strong>ista</strong></span> 
     </span>
    </p>
   </div>
   <div class='ocr_carea' id='block_1_52' title="bbox 75 4947 1645 5026">
    <p class='ocr_par' dir='ltr' id='par_1_52' title="bbox 75 4947 1645 5026">
     <span class='ocr_line' id='line_1_52' title="bbox 75 4947 1645 5026; baseline 0.013 -35"><span class='ocrx_word' id='word_1_403' title='bbox 75 4948 275 5008; x_wconf 77' lang='lat' dir='ltr'><strong>excepta</strong></span> <span class='ocrx_word' id='word_1_404' title='bbox 312 4954 368 5000; x_wconf 86' lang='lat' dir='ltr'><strong>et</strong></span> <span class='ocrx_word' id='word_1_405' title='bbox 413 4947 723 5002; x_wconf 81' lang='lat' dir='ltr'><strong>nominatim</strong></span> <span class='ocrx_word' id='word_1_406' title='bbox 769 4964 1024 5019; x_wconf 69' lang='lat' dir='ltr'><strong>expressa</strong></span> <span class='ocrx_word' id='word_1_407' title='bbox 1054 4962 1268 5021; x_wconf 84' lang='lat' dir='ltr'><strong>peccata</strong></span> <span class='ocrx_word' id='word_1_408' title='bbox 1299 4955 1368 5010; x_wconf 91' lang='lat' dir='ltr'><strong>ab</strong></span> <span class='ocrx_word' id='word_1_409' title='bbox 1399 4955 1501 5010; x_wconf 85' lang='lat' dir='ltr'><strong>illis</strong></span> <span class='ocrx_word' id='word_1_410' title='bbox 1521 4971 1645 5026; x_wconf 58' lang='lat' dir='ltr'><strong>quae</strong></span> 
     </span>
    </p>
   </div>
   <div class='ocr_carea' id='block_1_53' title="bbox 74 5038 1642 5119">
    <p class='ocr_par' dir='ltr' id='par_1_53' title="bbox 74 5038 1642 5119">
     <span class='ocr_line' id='line_1_53' title="bbox 74 5038 1642 5119; baseline 0.014 -36"><span class='ocrx_word' id='word_1_411' title='bbox 74 5038 374 5097; x_wconf 69' lang='lat' dir='ltr'><strong>generaliter</strong></span> <span class='ocrx_word' id='word_1_412' title='bbox 395 5049 812 5097; x_wconf 77' lang='lat' dir='ltr'><strong>commemorata</strong></span> <span class='ocrx_word' id='word_1_413' title='bbox 840 5050 986 5108; x_wconf 87' lang='lat' dir='ltr'><strong>sunt,</strong></span> <span class='ocrx_word' id='word_1_414' title='bbox 1017 5046 1138 5115; x_wconf 85' lang='lat' dir='ltr'><strong>quia</strong></span> <span class='ocrx_word' id='word_1_415' title='bbox 1162 5044 1248 5102; x_wconf 86' lang='lat' dir='ltr'><strong>hic</strong></span> <span class='ocrx_word' id='word_1_416' title='bbox 1267 5063 1454 5118; x_wconf 80' lang='lat' dir='ltr'><strong>agnam</strong></span> <span class='ocrx_word' id='word_1_417' title='bbox 1481 5049 1642 5119; x_wconf 78' lang='lat' dir='ltr'><strong>dixit,</strong></span> 
     </span>
    </p>
   </div>
   <div class='ocr_carea' id='block_1_54' title="bbox 79 5119 1643 5208">
    <p class='ocr_par' dir='ltr' id='par_1_54' title="bbox 79 5119 1643 5208">
     <span class='ocr_line' id='line_1_54' title="bbox 79 5119 1643 5208; baseline 0.015 -34"><span class='ocrx_word' id='word_1_418' title='bbox 79 5119 136 5176; x_wconf 86' lang='lat' dir='ltr'><strong>ibi</strong></span> <span class='ocrx_word' id='word_1_419' title='bbox 173 5144 316 5186; x_wconf 82' lang='lat' dir='ltr'><strong>event</strong></span> <span class='ocrx_word' id='word_1_420' title='bbox 337 5176 351 5200; x_wconf 94' lang='lat'><strong>,</strong></span> <span class='ocrx_word' id='word_1_421' title='bbox 383 5143 439 5190; x_wconf 88' lang='lat' dir='ltr'><strong>ut</strong></span> <span class='ocrx_word' id='word_1_422' title='bbox 464 5143 594 5190; x_wconf 60' lang='lat' dir='ltr'><strong>aruis</strong></span> <span class='ocrx_word' id='word_1_423' title='bbox 620 5151 868 5207; x_wconf 84' lang='lat' dir='ltr'><strong>pecorum</strong></span> <span class='ocrx_word' id='word_1_424' title='bbox 905 5137 1136 5208; x_wconf 81' lang='lat' dir='ltr'><strong>aliquant</strong></span> <span class='ocrx_word' id='word_1_425' title='bbox 1167 5140 1516 5196; x_wconf 74' lang='lat' dir='ltr'><strong>dill&#39;erentiatn</strong></span> <span class='ocrx_word' id='word_1_426' title='bbox 1559 5143 1643 5197; x_wconf 87' lang='lat' dir='ltr'><strong>l&#39;a-</strong></span> 
     </span>
    </p>
   </div>
   <div class='ocr_carea' id='block_1_55' title="bbox 78 5213 1642 5307">
    <p class='ocr_par' dir='ltr' id='par_1_55' title="bbox 78 5213 1642 5307">
     <span class='ocr_line' id='line_1_55' title="bbox 78 5213 1642 5307; baseline 0.013 -35"><span class='ocrx_word' id='word_1_427' title='bbox 78 5213 170 5307; x_wconf 50' lang='grc' dir='ltr'><strong>εἰμι</strong></span> <span class='ocrx_word' id='word_1_428' title='bbox 207 5237 220 5273; x_wconf 86' lang='lat'><strong>:</strong></span> <span class='ocrx_word' id='word_1_429' title='bbox 257 5223 378 5280; x_wconf 88' lang='lat' dir='ltr'><strong>dttnt</strong></span> <span class='ocrx_word' id='word_1_430' title='bbox 431 5237 608 5283; x_wconf 83' lang='lat' dir='ltr'><strong>tamen</strong></span> <span class='ocrx_word' id='word_1_431' title='bbox 653 5230 976 5300; x_wconf 73' lang='lat' dir='ltr'><strong>mtelligatnr</strong></span> <span class='ocrx_word' id='word_1_432' title='bbox 1027 5235 1344 5305; x_wconf 67' lang='lat' dir='ltr'><strong>pauperibus</strong></span> <span class='ocrx_word' id='word_1_433' title='bbox 1389 5253 1642 5307; x_wconf 69' lang='lat' dir='ltr'><strong>pera-que</strong></span> 
     </span>
    </p>
   </div>
   <div class='ocr_carea' id='block_1_56' title="bbox 79 5306 1638 5401">
    <p class='ocr_par' dir='ltr' id='par_1_56' title="bbox 79 5306 1638 5401">
     <span class='ocr_line' id='line_1_56' title="bbox 79 5306 1638 5401; baseline 0.021 -46"><span class='ocrx_word' id='word_1_434' title='bbox 79 5306 390 5386; x_wconf 87' lang='lat' dir='ltr'><strong>subventum,</strong></span> <span class='ocrx_word' id='word_1_435' title='bbox 425 5329 482 5375; x_wconf 90' lang='lat' dir='ltr'><strong>ut</strong></span> <span class='ocrx_word' id='word_1_436' title='bbox 506 5321 551 5376; x_wconf 91' lang='lat' dir='ltr'><strong>si</strong></span> <span class='ocrx_word' id='word_1_437' title='bbox 579 5337 682 5376; x_wconf 91' lang='lat' dir='ltr'><strong>non</strong></span> <span class='ocrx_word' id='word_1_438' title='bbox 716 5322 974 5380; x_wconf 72' lang='lat' dir='ltr'><strong>baberent</strong></span> <span class='ocrx_word' id='word_1_439' title='bbox 995 5325 1110 5380; x_wconf 76' lang='lat' dir='ltr'><strong>ulla</strong></span> <span class='ocrx_word' id='word_1_440' title='bbox 1132 5329 1377 5385; x_wconf 62' lang='lat' dir='ltr'><strong>aninmlia</strong></span> <span class='ocrx_word' id='word_1_441' title='bbox 1407 5306 1638 5401; x_wconf 63' lang='lat' dir='ltr'><strong>quadris-</strong></span> 
     </span>
    </p>
   </div>
   <div class='ocr_carea' id='block_1_57' title="bbox 79 5401 1650 5490">
    <p class='ocr_par' dir='ltr' id='par_1_57' title="bbox 79 5401 1650 5490">
     <span class='ocr_line' id='line_1_57' title="bbox 79 5401 1650 5490; baseline 0.011 -28"><span class='ocrx_word' id='word_1_442' title='bbox 79 5401 236 5470; x_wconf 65' lang='lat' dir='ltr'><strong>Pedia,</strong></span> <span class='ocrx_word' id='word_1_443' title='bbox 260 5421 346 5464; x_wconf 87' lang='lat' dir='ltr'><strong>aut</strong></span> <span class='ocrx_word' id='word_1_444' title='bbox 371 5424 693 5469; x_wconf 84' lang='lat' dir='ltr'><strong>memoratas</strong></span> <span class='ocrx_word' id='word_1_445' title='bbox 720 5431 846 5471; x_wconf 81' lang='lat' dir='ltr'><strong>aves</strong></span> <span class='ocrx_word' id='word_1_446' title='bbox 873 5426 967 5472; x_wconf 73' lang='lat' dir='ltr'><strong>aut</strong></span> <span class='ocrx_word' id='word_1_447' title='bbox 989 5417 1342 5490; x_wconf 72' lang='lat' dir='ltr'><strong>sitnilaginem</strong></span> <span class='ocrx_word' id='word_1_448' title='bbox 1383 5425 1650 5478; x_wconf 66' lang='lat' dir='ltr'><strong>nitescens</strong></span> 
     </span>
    </p>
   </div>
   <div class='ocr_carea' id='block_1_58' title="bbox 131 5532 1249 5648">
    <p class='ocr_par' dir='ltr' id='par_1_58' title="bbox 131 5532 1249 5648">
     <span class='ocr_line' id='line_1_58' title="bbox 131 5532 1249 5648; baseline 0.006 -53"><span class='ocrx_word' id='word_1_449' title='bbox 131 5532 287 5648; x_wconf 48' lang='lat'><strong>:53&quot;;</strong></span> <span class='ocrx_word' id='word_1_450' title='bbox 306 5551 436 5606; x_wconf 59' lang='lat' dir='ltr'><strong>tum,</strong></span> <span class='ocrx_word' id='word_1_451' title='bbox 451 5560 667 5612; x_wconf 71' lang='lat' dir='ltr'><strong>capram.</strong></span> <span class='ocrx_word' id='word_1_452' title='bbox 693 5549 780 5600; x_wconf 61' lang='lat' dir='ltr'><strong>Alii</strong></span> <span class='ocrx_word' id='word_1_453' title='bbox 1029 5567 1249 5622; x_wconf 58' lang='lat' dir='ltr'><strong>capreas.</strong></span> 
     </span>
     <span class='ocr_line' id='line_1_59' title="bbox 230 5610 982 5648; baseline 0 0"><span class='ocrx_word' id='word_1_454' title='bbox 230 5610 296 5648; x_wconf 82' lang='lat' dir='ltr'><strong>ILI.</strong></span> <span class='ocrx_word' id='word_1_455' title='bbox 321 5622 404 5648; x_wconf 78' lang='lat' dir='ltr'><strong>mn</strong></span> <span class='ocrx_word' id='word_1_456' title='bbox 418 5622 490 5648; x_wconf 76' lang='grc' dir='ltr'><strong>ρο-</strong></span> <span class='ocrx_word' id='word_1_457' title='bbox 516 5617 618 5648; x_wconf 61' lang='lat' dir='ltr'><strong>Heu,</strong></span> <span class='ocrx_word' id='word_1_458' title='bbox 651 5627 768 5648; x_wconf 75' lang='lat' dir='ltr'><strong>unum</strong></span> <span class='ocrx_word' id='word_1_459' title='bbox 807 5627 892 5648; x_wconf 83' lang='lat' dir='ltr'><strong>nrn</strong></span> <span class='ocrx_word' id='word_1_460' title='bbox 913 5627 982 5648; x_wconf 72' lang='grc' dir='ltr'><strong>οη</strong></span> 
     </span>
    </p>
   </div>
   <div class='ocr_carea' id='block_1_59' title="bbox 230 5610 1000 5684">
    <p class='ocr_par' dir='ltr' id='par_1_59' title="bbox 230 5610 1000 5684">
     <span class='ocr_line' id='line_1_60' title="bbox 230 5610 1000 5684; baseline 0.018 -29"><span class='ocrx_word' id='word_1_461' title='bbox 319 5622 404 5684; x_wconf 84' lang='lat' dir='ltr'><strong>pro</strong></span> <span class='ocrx_word' id='word_1_462' title='bbox 418 5610 623 5684; x_wconf 84' lang='lat' dir='ltr'><strong>eo.</strong></span> <span class='ocrx_word' id='word_1_463' title='bbox 651 5627 786 5684; x_wconf 64' lang='lat' dir='ltr'><strong>vero,</strong></span> <span class='ocrx_word' id='word_1_464' title='bbox 804 5627 892 5684; x_wconf 72' lang='lat' dir='ltr'><strong>pro</strong></span> <span class='ocrx_word' id='word_1_465' title='bbox 912 5610 1000 5684; x_wconf 54' lang='lat' dir='ltr'><strong>eis;</strong></span> 
     </span>
    </p>
   </div>
   <div class='ocr_carea' id='block_1_60' title="bbox 133 5654 1006 5734">
    <p class='ocr_par' dir='ltr' id='par_1_60' title="bbox 133 5654 1006 5734">
     <span class='ocr_line' id='line_1_61' title="bbox 133 5654 1006 5734; baseline 0.008 -11"><span class='ocrx_word' id='word_1_466' title='bbox 133 5654 295 5716; x_wconf 54' lang='lat' dir='ltr'><strong>want</strong></span> <span class='ocrx_word' id='word_1_467' title='bbox 317 5654 627 5734; x_wconf 52' lang='lat' dir='ltr'><strong>latinas</strong></span> 
     </span>
    </p>
   </div>
   <div class='ocr_carea' id='block_1_61' title="bbox 1420 185 1994 257">
    <p class='ocr_par' dir='ltr' id='par_1_61' title="bbox 1420 185 1994 257">
     <span class='ocr_line' id='line_1_62' title="bbox 1420 185 1994 257; baseline -0.005 0"><span class='ocrx_word' id='word_1_468' title='bbox 1420 193 1662 257; x_wconf 79' lang='lat' dir='ltr'><strong>.LIBER</strong></span> <span class='ocrx_word' id='word_1_469' title='bbox 1700 185 1994 254; x_wconf 78' lang='lat' dir='ltr'><strong>TERTIUS</strong></span> 
     </span>
    </p>
   </div>
   <div class='ocr_carea' id='block_1_62' title="bbox 3279 220 3384 283">
    <p class='ocr_par' dir='ltr' id='par_1_62' title="bbox 3279 220 3384 283">
     <span class='ocr_line' id='line_1_63' title="bbox 3279 220 3384 283; baseline 0.029 -3"><span class='ocrx_word' id='word_1_470' title='bbox 3279 220 3384 283; x_wconf 78' lang='lat'><strong>678</strong></span> 
     </span>
    </p>
   </div>
   <div class='ocr_carea' id='block_1_63' title="bbox 1805 311 3396 407">
    <p class='ocr_par' dir='ltr' id='par_1_63' title="bbox 1805 311 3396 407">
     <span class='ocr_line' id='line_1_64' title="bbox 1805 311 3396 407; baseline 0.025 -48"><span class='ocrx_word' id='word_1_471' title='bbox 1805 325 1904 380; x_wconf 75' lang='lat' dir='ltr'><strong>pro</strong></span> <span class='ocrx_word' id='word_1_472' title='bbox 1919 311 2150 407; x_wconf 78' lang='lat' dir='ltr'><strong>peccatis</strong></span> <span class='ocrx_word' id='word_1_473' title='bbox 2165 311 2402 384; x_wconf 78' lang='lat' dir='ltr'><strong>ignorant</strong></span> <span class='ocrx_word' id='word_1_474' title='bbox 2413 315 2476 372; x_wconf 67' lang='lat' dir='ltr'><strong>ius</strong></span> <span class='ocrx_word' id='word_1_475' title='bbox 2488 330 2618 374; x_wconf 67' lang='lat' dir='ltr'><strong>sum.</strong></span> <span class='ocrx_word' id='word_1_476' title='bbox 2636 322 2691 377; x_wconf 88' lang='lat' dir='ltr'><strong>Si</strong></span> <span class='ocrx_word' id='word_1_477' title='bbox 2705 329 2879 384; x_wconf 84' lang='lat' dir='ltr'><strong>autem</strong></span> <span class='ocrx_word' id='word_1_478' title='bbox 2902 342 3074 389; x_wconf 88' lang='lat' dir='ltr'><strong>movet</strong></span> <span class='ocrx_word' id='word_1_479' title='bbox 3092 351 3256 407; x_wconf 87' lang='lat' dir='ltr'><strong>quare</strong></span> <span class='ocrx_word' id='word_1_480' title='bbox 3269 355 3396 398; x_wconf 82' lang='lat' dir='ltr'><strong>cum</strong></span> 
     </span>
    </p>
   </div>
   <div class='ocr_carea' id='block_1_64' title="bbox 1804 405 3394 500">
    <p class='ocr_par' dir='ltr' id='par_1_64' title="bbox 1804 405 3394 500">
     <span class='ocr_line' id='line_1_65' title="bbox 1804 405 3394 500; baseline 0.025 -45"><span class='ocrx_word' id='word_1_481' title='bbox 1804 405 2124 500; x_wconf 72' lang='lat' dir='ltr'><strong>generaliter</strong></span> <span class='ocrx_word' id='word_1_482' title='bbox 2149 409 2326 462; x_wconf 73' lang='lat' dir='ltr'><strong>annua</strong></span> <span class='ocrx_word' id='word_1_483' title='bbox 2367 408 2676 477; x_wconf 66' lang='lat' dir='ltr'><strong>ignorantia;</strong></span> <span class='ocrx_word' id='word_1_484' title='bbox 2715 430 2928 485; x_wconf 77' lang='lat' dir='ltr'><strong>peecma</strong></span> <span class='ocrx_word' id='word_1_485' title='bbox 2964 405 3304 500; x_wconf 67' lang='lat' dir='ltr'><strong>cmwbtserit,</strong></span> <span class='ocrx_word' id='word_1_486' title='bbox 3335 448 3394 493; x_wconf 78' lang='lat' dir='ltr'><strong>et</strong></span> 
     </span>
    </p>
   </div>
   <div class='ocr_carea' id='block_1_65' title="bbox 1806 497 3388 584">
    <p class='ocr_par' dir='ltr' id='par_1_65' title="bbox 1806 497 3388 584">
     <span class='ocr_line' id='line_1_66' title="bbox 1806 497 3388 584; baseline 0.019 -37"><span class='ocrx_word' id='word_1_487' title='bbox 1806 497 2062 551; x_wconf 81' lang='lat' dir='ltr'><strong>sacriﬁcia</strong></span> <span class='ocrx_word' id='word_1_488' title='bbox 2100 513 2202 552; x_wconf 90' lang='lat' dir='ltr'><strong>non</strong></span> <span class='ocrx_word' id='word_1_489' title='bbox 2234 515 2328 567; x_wconf 83' lang='lat' dir='ltr'><strong>pro</strong></span> <span class='ocrx_word' id='word_1_490' title='bbox 2351 500 2599 557; x_wconf 66' lang='lat' dir='ltr'><strong>distintia</strong></span> <span class='ocrx_word' id='word_1_491' title='bbox 2629 519 2960 575; x_wconf 71' lang='lat' dir='ltr'><strong>pecmturunt</strong></span> <span class='ocrx_word' id='word_1_492' title='bbox 2997 532 3154 584; x_wconf 84' lang='lat' dir='ltr'><strong>quam</strong></span> <span class='ocrx_word' id='word_1_493' title='bbox 3185 497 3388 582; x_wconf 45' lang='lat' dir='ltr'><strong>nun—[Q9</strong></span> 
     </span>
    </p>
   </div>
   <div class='ocr_carea' id='block_1_66' title="bbox 1803 591 3390 681">
    <p class='ocr_par' dir='ltr' id='par_1_66' title="bbox 1803 591 3390 681">
     <span class='ocr_line' id='line_1_67' title="bbox 1803 591 3390 681; baseline 0.018 -39"><span class='ocrx_word' id='word_1_494' title='bbox 1803 598 1984 678; x_wconf 81' lang='lat' dir='ltr'><strong>cet-at,</strong></span> <span class='ocrx_word' id='word_1_495' title='bbox 2043 591 2136 646; x_wconf 88' lang='lat' dir='ltr'><strong>sed</strong></span> <span class='ocrx_word' id='word_1_496' title='bbox 2191 609 2286 661; x_wconf 82' lang='lat' dir='ltr'><strong>pro</strong></span> <span class='ocrx_word' id='word_1_497' title='bbox 2332 594 2587 652; x_wconf 81' lang='lat' dir='ltr'><strong>distantia.</strong></span> <span class='ocrx_word' id='word_1_498' title='bbox 2642 614 2990 668; x_wconf 63' lang='grc' dir='ltr'><strong>ρεηιιυειιιωι</strong></span> <span class='ocrx_word' id='word_1_499' title='bbox 3039 611 3390 681; x_wconf 63' lang='lat' dir='ltr'><strong>diduxerit;</strong></span> 
     </span>
    </p>
   </div>
   <div class='ocr_carea' id='block_1_67' title="bbox 1805 673 3392 775">
    <p class='ocr_par' dir='ltr' id='par_1_67' title="bbox 1805 673 3392 775">
     <span class='ocr_line' id='line_1_68' title="bbox 1805 673 3392 775; baseline 0.019 -42"><span class='ocrx_word' id='word_1_500' title='bbox 1805 673 1986 751; x_wconf 84' lang='lat' dir='ltr'><strong>postea</strong></span> <span class='ocrx_word' id='word_1_501' title='bbox 2026 683 2252 738; x_wconf 85' lang='lat' dir='ltr'><strong>voluerit</strong></span> <span class='ocrx_word' id='word_1_502' title='bbox 2286 687 2452 741; x_wconf 76' lang='lat' dir='ltr'><strong>etiam</strong></span> <span class='ocrx_word' id='word_1_503' title='bbox 2498 701 2712 756; x_wconf 78' lang='lat' dir='ltr'><strong>peccata</strong></span> <span class='ocrx_word' id='word_1_504' title='bbox 2775 694 3102 767; x_wconf 78' lang='lat' dir='ltr'><strong>distinguere</strong></span> <span class='ocrx_word' id='word_1_505' title='bbox 3129 743 3146 766; x_wconf 84' lang='lat'><strong>,</strong></span> <span class='ocrx_word' id='word_1_506' title='bbox 3191 715 3249 759; x_wconf 86' lang='lat' dir='ltr'><strong>et</strong></span> <span class='ocrx_word' id='word_1_507' title='bbox 3289 673 3392 775; x_wconf 65' lang='lat' dir='ltr'><strong>pen</strong></span> 
     </span>
    </p>
   </div>
   <div class='ocr_carea' id='block_1_68' title="bbox 1800 775 3386 862">
    <p class='ocr_par' dir='ltr' id='par_1_68' title="bbox 1800 775 3386 862">
     <span class='ocr_line' id='line_1_69' title="bbox 1800 775 3386 862; baseline 0.015 -36"><span class='ocrx_word' id='word_1_508' title='bbox 1800 786 1986 827; x_wconf 77' lang='lat' dir='ltr'><strong>eorum</strong></span> <span class='ocrx_word' id='word_1_509' title='bbox 2013 775 2326 831; x_wconf 72' lang='lat' dir='ltr'><strong>diversitate</strong></span> <span class='ocrx_word' id='word_1_510' title='bbox 2346 779 2606 834; x_wconf 74' lang='lat' dir='ltr'><strong>sacriﬁcia</strong></span> <span class='ocrx_word' id='word_1_511' title='bbox 2637 782 2854 838; x_wconf 80' lang='lat' dir='ltr'><strong>diversa</strong></span> <span class='ocrx_word' id='word_1_512' title='bbox 2891 790 3208 859; x_wconf 58' lang='lat' dir='ltr'><strong>principem,</strong></span> <span class='ocrx_word' id='word_1_513' title='bbox 3233 799 3386 862; x_wconf 78' lang='lat' dir='ltr'><strong>quasi</strong></span> 
     </span>
    </p>
   </div>
   <div class='ocr_carea' id='block_1_69' title="bbox 1801 865 3388 946">
    <p class='ocr_par' dir='ltr' id='par_1_69' title="bbox 1801 865 3388 946">
     <span class='ocr_line' id='line_1_70' title="bbox 1801 865 3388 946; baseline 0.016 -27"><span class='ocrx_word' id='word_1_514' title='bbox 1801 881 1906 919; x_wconf 82' lang='lat' dir='ltr'><strong>non</strong></span> <span class='ocrx_word' id='word_1_515' title='bbox 1958 865 2026 920; x_wconf 86' lang='lat' dir='ltr'><strong>ad</strong></span> <span class='ocrx_word' id='word_1_516' title='bbox 2071 867 2214 921; x_wconf 81' lang='lat' dir='ltr'><strong>illam</strong></span> <span class='ocrx_word' id='word_1_517' title='bbox 2245 870 2650 939; x_wconf 64' lang='lat' dir='ltr'><strong>generalitatem</strong></span> <span class='ocrx_word' id='word_1_518' title='bbox 2690 876 2868 929; x_wconf 73' lang='lat' dir='ltr'><strong>omnia</strong></span> <span class='ocrx_word' id='word_1_519' title='bbox 2912 882 3240 945; x_wconf 72' lang='lat' dir='ltr'><strong>pertinerent</strong></span> <span class='ocrx_word' id='word_1_520' title='bbox 3268 906 3282 942; x_wconf 87' lang='lat'><strong>:</strong></span> <span class='ocrx_word' id='word_1_521' title='bbox 3308 889 3388 946; x_wconf 75' lang='lat' dir='ltr'><strong>sic</strong></span> 
     </span>
    </p>
   </div>
   <div class='ocr_carea' id='block_1_70' title="bbox 1799 957 3386 1044">
    <p class='ocr_par' dir='ltr' id='par_1_70' title="bbox 1799 957 3386 1044">
     <span class='ocr_line' id='line_1_71' title="bbox 1799 957 3386 1044; baseline 0.015 -35"><span class='ocrx_word' id='word_1_522' title='bbox 1799 957 1990 1014; x_wconf 80' lang='lat' dir='ltr'><strong>lactant</strong></span> <span class='ocrx_word' id='word_1_523' title='bbox 2043 959 2308 1027; x_wconf 67' lang='lat' dir='ltr'><strong>posterius</strong></span> <span class='ocrx_word' id='word_1_524' title='bbox 2348 963 2724 1030; x_wconf 63' lang='lat' dir='ltr'><strong>uecptinnmn</strong></span> <span class='ocrx_word' id='word_1_525' title='bbox 2767 979 2982 1035; x_wconf 64' lang='lat' dir='ltr'><strong>qaut-ut</strong></span> <span class='ocrx_word' id='word_1_526' title='bbox 3029 972 3250 1044; x_wconf 70' lang='lat' dir='ltr'><strong>intelligi</strong></span> <span class='ocrx_word' id='word_1_527' title='bbox 3278 1020 3292 1038; x_wconf 85' lang='lat'><em>.</em></span> <span class='ocrx_word' id='word_1_528' title='bbox 3327 989 3386 1036; x_wconf 74' lang='lat' dir='ltr'><strong>ut</strong></span> 
     </span>
    </p>
   </div>
   <div class='ocr_carea' id='block_1_71' title="bbox 1797 1054 3384 1132">
    <p class='ocr_par' dir='ltr' id='par_1_71' title="bbox 1797 1054 3384 1132">
     <span class='ocr_line' id='line_1_72' title="bbox 1797 1054 3384 1132; baseline 0.009 -32"><span class='ocrx_word' id='word_1_529' title='bbox 1797 1063 2146 1119; x_wconf 70' lang='lat' dir='ltr'><strong>qureeumque</strong></span> <span class='ocrx_word' id='word_1_530' title='bbox 2185 1054 2572 1119; x_wconf 76' lang='lat' dir='ltr'><strong>remanserint,</strong></span> <span class='ocrx_word' id='word_1_531' title='bbox 2606 1054 2694 1110; x_wconf 71' lang='lat' dir='ltr'><strong>Itis</strong></span> <span class='ocrx_word' id='word_1_532' title='bbox 2715 1062 2954 1128; x_wconf 72' lang='lat' dir='ltr'><strong>exceptis</strong></span> <span class='ocrx_word' id='word_1_533' title='bbox 2979 1078 3097 1132; x_wconf 73' lang='lat' dir='ltr'><strong>quae</strong></span> <span class='ocrx_word' id='word_1_534' title='bbox 3135 1069 3384 1124; x_wconf 68' lang='lat' dir='ltr'><strong>mminit-</strong></span> 
     </span>
    </p>
   </div>
   <div class='ocr_carea' id='block_1_72' title="bbox 1797 1140 3382 1229">
    <p class='ocr_par' dir='ltr' id='par_1_72' title="bbox 1797 1140 3382 1229">
     <span class='ocr_line' id='line_1_73' title="bbox 1797 1140 3382 1229; baseline 0.013 -35"><span class='ocrx_word' id='word_1_535' title='bbox 1797 1140 1890 1194; x_wconf 81' lang='lat' dir='ltr'><strong>tim</strong></span> <span class='ocrx_word' id='word_1_536' title='bbox 1915 1151 1968 1197; x_wconf 87' lang='lat' dir='ltr'><strong>et</strong></span> <span class='ocrx_word' id='word_1_537' title='bbox 1993 1144 2268 1211; x_wconf 84' lang='lat' dir='ltr'><strong>speciatim</strong></span> <span class='ocrx_word' id='word_1_538' title='bbox 2295 1151 2764 1214; x_wconf 77' lang='lat' dir='ltr'><strong>commenwravit,</strong></span> <span class='ocrx_word' id='word_1_539' title='bbox 2787 1151 2929 1207; x_wconf 76' lang='lat' dir='ltr'><strong>dicta</strong></span> <span class='ocrx_word' id='word_1_540' title='bbox 2960 1156 3016 1208; x_wconf 69' lang='lat' dir='ltr'><strong>in</strong></span> <span class='ocrx_word' id='word_1_541' title='bbox 3042 1157 3134 1211; x_wconf 80' lang='lat' dir='ltr'><strong>illa</strong></span> <span class='ocrx_word' id='word_1_542' title='bbox 3153 1174 3382 1229; x_wconf 72' lang='lat' dir='ltr'><strong>geum-</strong></span> 
     </span>
    </p>
   </div>
   <div class='ocr_carea' id='block_1_73' title="bbox 1796 1230 3390 1309">
    <p class='ocr_par' dir='ltr' id='par_1_73' title="bbox 1796 1230 3390 1309">
     <span class='ocr_line' id='line_1_74' title="bbox 1796 1230 3390 1309; baseline 0.016 -25"><span class='ocrx_word' id='word_1_543' title='bbox 1796 1230 1943 1286; x_wconf 71' lang='lat' dir='ltr'><strong>litate</strong></span> <span class='ocrx_word' id='word_1_544' title='bbox 1986 1233 2360 1303; x_wconf 80' lang='lat' dir='ltr'><strong>intelligamus.</strong></span> <span class='ocrx_word' id='word_1_545' title='bbox 2398 1239 2568 1303; x_wconf 72' lang='lat' dir='ltr'><strong>Quem</strong></span> <span class='ocrx_word' id='word_1_546' title='bbox 2608 1240 2822 1294; x_wconf 82' lang='lat' dir='ltr'><strong>modum</strong></span> <span class='ocrx_word' id='word_1_547' title='bbox 2855 1243 3144 1302; x_wconf 67' lang='lat' dir='ltr'><strong>hcutiamis</strong></span> <span class='ocrx_word' id='word_1_548' title='bbox 3171 1267 3274 1304; x_wconf 79' lang='lat' dir='ltr'><strong>non</strong></span> <span class='ocrx_word' id='word_1_549' title='bbox 3301 1264 3390 1309; x_wconf 75' lang='lat' dir='ltr'><strong>est</strong></span> 
     </span>
    </p>
   </div>
   <div class='ocr_carea' id='block_1_74' title="bbox 1793 1323 3384 1400">
    <p class='ocr_par' dir='ltr' id='par_1_74' title="bbox 1793 1323 3384 1400">
     <span class='ocr_line' id='line_1_75' title="bbox 1793 1323 3384 1400; baseline 0.015 -24"><span class='ocrx_word' id='word_1_550' title='bbox 1793 1323 1918 1377; x_wconf 71' lang='lat' dir='ltr'><strong>alibi</strong></span> <span class='ocrx_word' id='word_1_551' title='bbox 1951 1326 2186 1394; x_wconf 83' lang='lat' dir='ltr'><strong>reperire</strong></span> <span class='ocrx_word' id='word_1_552' title='bbox 2215 1343 2228 1378; x_wconf 90' lang='lat'><strong>:</strong></span> <span class='ocrx_word' id='word_1_553' title='bbox 2261 1327 2354 1382; x_wconf 88' lang='lat' dir='ltr'><strong>sed</strong></span> <span class='ocrx_word' id='word_1_554' title='bbox 2383 1328 2436 1382; x_wconf 79' lang='lat' dir='ltr'><strong>in</strong></span> <span class='ocrx_word' id='word_1_555' title='bbox 2471 1328 2758 1400; x_wconf 79' lang='lat' dir='ltr'><strong>Scripturis</strong></span> <span class='ocrx_word' id='word_1_556' title='bbox 2786 1335 2992 1390; x_wconf 71' lang='lat' dir='ltr'><strong>sanctis.</strong></span> <span class='ocrx_word' id='word_1_557' title='bbox 3015 1339 3122 1395; x_wconf 74' lang='lat' dir='ltr'><strong>tate</strong></span> <span class='ocrx_word' id='word_1_558' title='bbox 3142 1352 3228 1396; x_wconf 80' lang='lat' dir='ltr'><strong>est.</strong></span> <span class='ocrx_word' id='word_1_559' title='bbox 3253 1344 3384 1399; x_wconf 81' lang='lat' dir='ltr'><strong>illud</strong></span> 
     </span>
    </p>
   </div>
   <div class='ocr_carea' id='block_1_75' title="bbox 1796 1417 3388 1505">
    <p class='ocr_par' dir='ltr' id='par_1_75' title="bbox 1796 1417 3388 1505">
     <span class='ocr_line' id='line_1_76' title="bbox 1796 1417 3388 1505; baseline 0.014 -36"><span class='ocrx_word' id='word_1_560' title='bbox 1796 1417 1882 1471; x_wconf 84' lang='lat' dir='ltr'><strong>ubi</strong></span> <span class='ocrx_word' id='word_1_561' title='bbox 1926 1419 2216 1488; x_wconf 77' lang='lat' dir='ltr'><strong>Apostolus</strong></span> <span class='ocrx_word' id='word_1_562' title='bbox 2236 1421 2328 1482; x_wconf 87' lang='lat' dir='ltr'><strong>ait,</strong></span> <span class='ocrx_word' id='word_1_563' title='bbox 2359 1419 2522 1475; x_wconf 70' lang='lat' dir='ltr'><strong>Omne</strong></span> <span class='ocrx_word' id='word_1_564' title='bbox 2543 1434 2803 1492; x_wconf 69' lang='lat' dir='ltr'><strong>peccatum</strong></span> <span class='ocrx_word' id='word_1_565' title='bbox 2827 1429 3172 1502; x_wconf 63' lang='lat' dir='ltr'><strong>quodcunque</strong></span> <span class='ocrx_word' id='word_1_566' title='bbox 3208 1437 3388 1505; x_wconf 58' lang='lat' dir='ltr'><strong>tacuit.</strong></span> 
     </span>
    </p>
   </div>
   <div class='ocr_carea' id='block_1_76' title="bbox 1794 1507 3380 1593">
    <p class='ocr_par' dir='ltr' id='par_1_76' title="bbox 1794 1507 3380 1593">
     <span class='ocr_line' id='line_1_77' title="bbox 1794 1507 3380 1593; baseline 0.014 -33"><span class='ocrx_word' id='word_1_567' title='bbox 1794 1507 1963 1573; x_wconf 74' lang='lat' dir='ltr'><strong>homo,</strong></span> <span class='ocrx_word' id='word_1_568' title='bbox 1987 1519 2128 1562; x_wconf 70' lang='lat' dir='ltr'><strong>extra</strong></span> <span class='ocrx_word' id='word_1_569' title='bbox 2151 1527 2337 1580; x_wconf 83' lang='lat' dir='ltr'><strong>corpus</strong></span> <span class='ocrx_word' id='word_1_570' title='bbox 2356 1522 2450 1566; x_wconf 78' lang='lat' dir='ltr'><strong>est.</strong></span> <span class='ocrx_word' id='word_1_571' title='bbox 2477 1513 2571 1566; x_wconf 81' lang='lat' dir='ltr'><strong>llic</strong></span> <span class='ocrx_word' id='word_1_572' title='bbox 2598 1515 2741 1569; x_wconf 79' lang='lat' dir='ltr'><strong>enim</strong></span> <span class='ocrx_word' id='word_1_573' title='bbox 2764 1517 2893 1570; x_wconf 84' lang='lat' dir='ltr'><strong>nihil</strong></span> <span class='ocrx_word' id='word_1_574' title='bbox 2923 1520 3132 1576; x_wconf 68' lang='lat' dir='ltr'><strong>videtur</strong></span> <span class='ocrx_word' id='word_1_575' title='bbox 3156 1537 3380 1593; x_wconf 64' lang='lat' dir='ltr'><strong>pra-ter-</strong></span> 
     </span>
    </p>
   </div>
   <div class='ocr_carea' id='block_1_77' title="bbox 1791 1601 3380 1683">
    <p class='ocr_par' dir='ltr' id='par_1_77' title="bbox 1791 1601 3380 1683">
     <span class='ocr_line' id='line_1_78' title="bbox 1791 1601 3380 1683; baseline 0.01 -32"><span class='ocrx_word' id='word_1_576' title='bbox 1791 1601 2002 1656; x_wconf 80' lang='lat' dir='ltr'><strong>misisse</strong></span> <span class='ocrx_word' id='word_1_577' title='bbox 2049 1602 2273 1670; x_wconf 70' lang='lat' dir='ltr'><strong>peccati,</strong></span> <span class='ocrx_word' id='word_1_578' title='bbox 2316 1603 2742 1675; x_wconf 78' lang='lat' dir='ltr'><strong>quandoquidem</strong></span> <span class='ocrx_word' id='word_1_579' title='bbox 2787 1609 2883 1671; x_wconf 89' lang='lat' dir='ltr'><strong>ait,</strong></span> <span class='ocrx_word' id='word_1_580' title='bbox 2925 1609 3090 1666; x_wconf 68' lang='lat' dir='ltr'><strong>0mm</strong></span> <span class='ocrx_word' id='word_1_581' title='bbox 3118 1629 3380 1683; x_wconf 61' lang='lat' dir='ltr'><strong>pacatum</strong></span> 
     </span>
    </p>
   </div>
   <div class='ocr_carea' id='block_1_78' title="bbox 1789 1694 3376 1774">
    <p class='ocr_par' dir='ltr' id='par_1_78' title="bbox 1789 1694 3376 1774">
     <span class='ocr_line' id='line_1_79' title="bbox 1789 1694 3376 1774; baseline 0.008 -30"><span class='ocrx_word' id='word_1_582' title='bbox 1789 1694 2136 1763; x_wconf 70' lang='lat' dir='ltr'><strong>quodcumque</strong></span> <span class='ocrx_word' id='word_1_583' title='bbox 2170 1697 2345 1766; x_wconf 69' lang='lat' dir='ltr'><strong>feret-it</strong></span> <span class='ocrx_word' id='word_1_584' title='bbox 2376 1697 2527 1750; x_wconf 70' lang='lat' dir='ltr'><strong>homo</strong></span> <span class='ocrx_word' id='word_1_585' title='bbox 2560 1712 2577 1750; x_wconf 93' lang='lat'><em>:</em></span> <span class='ocrx_word' id='word_1_586' title='bbox 2607 1709 2789 1768; x_wconf 80' lang='lat' dir='ltr'><strong>postea</strong></span> <span class='ocrx_word' id='word_1_587' title='bbox 2820 1709 3001 1757; x_wconf 76' lang='lat' dir='ltr'><strong>tamen</strong></span> <span class='ocrx_word' id='word_1_588' title='bbox 3027 1708 3234 1774; x_wconf 70' lang='lat' dir='ltr'><strong>excepit</strong></span> <span class='ocrx_word' id='word_1_589' title='bbox 3263 1708 3376 1762; x_wconf 73' lang='lat' dir='ltr'><strong>for.</strong></span> 
     </span>
    </p>
   </div>
   <div class='ocr_carea' id='block_1_79' title="bbox 1790 1784 3376 1862">
    <p class='ocr_par' dir='ltr' id='par_1_79' title="bbox 1790 1784 3376 1862">
     <span class='ocr_line' id='line_1_80' title="bbox 1790 1784 3376 1862; baseline 0.011 -26"><span class='ocrx_word' id='word_1_590' title='bbox 1790 1784 2132 1848; x_wconf 86' lang='lat' dir='ltr'><strong>nicationcm,</strong></span> <span class='ocrx_word' id='word_1_591' title='bbox 2164 1801 2286 1840; x_wconf 91' lang='lat' dir='ltr'><strong>cum</strong></span> <span class='ocrx_word' id='word_1_592' title='bbox 2320 1786 2512 1851; x_wconf 88' lang='lat' dir='ltr'><strong>intulit,</strong></span> <span class='ocrx_word' id='word_1_593' title='bbox 2541 1787 2640 1852; x_wconf 71' lang='lat' dir='ltr'><strong>Qui</strong></span> <span class='ocrx_word' id='word_1_594' title='bbox 2663 1799 2836 1844; x_wconf 64' lang='lat' dir='ltr'><strong>autem</strong></span> <span class='ocrx_word' id='word_1_595' title='bbox 2858 1794 3162 1862; x_wconf 61' lang='lat' dir='ltr'><strong>reuirat&quot;,</strong></span> <span class='ocrx_word' id='word_1_596' title='bbox 3187 1797 3242 1850; x_wconf 75' lang='lat' dir='ltr'><strong>in</strong></span> <span class='ocrx_word' id='word_1_597' title='bbox 3259 1815 3376 1854; x_wconf 66' lang='lat' dir='ltr'><strong>cor.</strong></span> 
     </span>
    </p>
   </div>
   <div class='ocr_carea' id='block_1_80' title="bbox 1788 1877 3369 1953">
    <p class='ocr_par' dir='ltr' id='par_1_80' title="bbox 1788 1877 3369 1953">
     <span class='ocr_line' id='line_1_81' title="bbox 1788 1877 3369 1953; baseline 0.014 -26"><span class='ocrx_word' id='word_1_598' title='bbox 1788 1891 1882 1946; x_wconf 82' lang='lat' dir='ltr'><strong>pus</strong></span> <span class='ocrx_word' id='word_1_599' title='bbox 1918 1877 2184 1946; x_wconf 74' lang='lat' dir='ltr'><strong>proprium</strong></span> <span class='ocrx_word' id='word_1_600' title='bbox 2224 1889 2392 1947; x_wconf 70' lang='lat' dir='ltr'><strong>peccat</strong></span> <span class='ocrx_word' id='word_1_601' title='bbox 2417 1880 2468 1952; x_wconf 92' lang='lat' dir='ltr'><strong>(I</strong></span> <span class='ocrx_word' id='word_1_602' title='bbox 2491 1878 2607 1933; x_wconf 80' lang='lat' dir='ltr'><strong>Cor.</strong></span> <span class='ocrx_word' id='word_1_603' title='bbox 2642 1895 2713 1944; x_wconf 73' lang='lat' dir='ltr'><strong>VI,</strong></span> <span class='ocrx_word' id='word_1_604' title='bbox 2748 1883 2858 1953; x_wconf 66' lang='grc' dir='ltr'><strong>ιε).</strong></span> <span class='ocrx_word' id='word_1_605' title='bbox 2887 1886 3036 1952; x_wconf 76' lang='lat' dir='ltr'><strong>Quod</strong></span> <span class='ocrx_word' id='word_1_606' title='bbox 3076 1891 3369 1949; x_wconf 72' lang='lat' dir='ltr'><strong>secundum</strong></span> 
     </span>
    </p>
   </div>
   <div class='ocr_carea' id='block_1_81' title="bbox 1787 1971 3377 2045">
    <p class='ocr_par' dir='ltr' id='par_1_81' title="bbox 1787 1971 3377 2045">
     <span class='ocr_line' id='line_1_82' title="bbox 1787 1971 3377 2045; baseline 0.014 -23"><span class='ocrx_word' id='word_1_607' title='bbox 1787 1971 2226 2026; x_wconf 83' lang='lat' dir='ltr'><strong>consuetudinem</strong></span> <span class='ocrx_word' id='word_1_608' title='bbox 2249 1984 2446 2027; x_wconf 63' lang='lat' dir='ltr'><strong>nostra:</strong></span> <span class='ocrx_word' id='word_1_609' title='bbox 2470 1973 2754 2031; x_wconf 82' lang='lat' dir='ltr'><strong>locutionis</strong></span> <span class='ocrx_word' id='word_1_610' title='bbox 2775 1979 2842 2032; x_wconf 84' lang='lat' dir='ltr'><strong>ita</strong></span> <span class='ocrx_word' id='word_1_611' title='bbox 2869 1979 3138 2038; x_wconf 71' lang='lat' dir='ltr'><strong>diceretur</strong></span> <span class='ocrx_word' id='word_1_612' title='bbox 3160 2002 3180 2039; x_wconf 90' lang='lat'><strong>:</strong></span> <span class='ocrx_word' id='word_1_613' title='bbox 3199 1986 3377 2045; x_wconf 69' lang='lat' dir='ltr'><strong>Omne</strong></span> 
     </span>
    </p>
   </div>
   <div class='ocr_carea' id='block_1_82' title="bbox 1786 2065 3376 2148">
    <p class='ocr_par' dir='ltr' id='par_1_82' title="bbox 1786 2065 3376 2148">
     <span class='ocr_line' id='line_1_83' title="bbox 1786 2065 3376 2148; baseline 0.014 -34"><span class='ocrx_word' id='word_1_614' title='bbox 1786 2070 2060 2131; x_wconf 69' lang='lat' dir='ltr'><strong>peccatum</strong></span> <span class='ocrx_word' id='word_1_615' title='bbox 2107 2065 2484 2136; x_wconf 84' lang='lat' dir='ltr'><strong>quodcumque</strong></span> <span class='ocrx_word' id='word_1_616' title='bbox 2529 2069 2713 2125; x_wconf 80' lang='lat' dir='ltr'><strong>fecerit</strong></span> <span class='ocrx_word' id='word_1_617' title='bbox 2759 2074 2920 2128; x_wconf 80' lang='lat' dir='ltr'><strong>homo</strong></span> <span class='ocrx_word' id='word_1_618' title='bbox 2954 2088 3176 2148; x_wconf 77' lang='lat' dir='ltr'><strong>excepta</strong></span> <span class='ocrx_word' id='word_1_619' title='bbox 3204 2082 3376 2138; x_wconf 76' lang='lat' dir='ltr'><strong>ﬁumi-</strong></span> 
     </span>
    </p>
   </div>
   <div class='ocr_carea' id='block_1_83' title="bbox 1785 2154 3374 2236">
    <p class='ocr_par' dir='ltr' id='par_1_83' title="bbox 1785 2154 3374 2236">
     <span class='ocr_line' id='line_1_84' title="bbox 1785 2154 3374 2236; baseline 0.014 -28"><span class='ocrx_word' id='word_1_620' title='bbox 1785 2154 2015 2219; x_wconf 85' lang='lat' dir='ltr'><strong>catione,</strong></span> <span class='ocrx_word' id='word_1_621' title='bbox 2050 2166 2198 2211; x_wconf 72' lang='lat' dir='ltr'><strong>extra</strong></span> <span class='ocrx_word' id='word_1_622' title='bbox 2227 2173 2423 2228; x_wconf 75' lang='lat' dir='ltr'><strong>corpus</strong></span> <span class='ocrx_word' id='word_1_623' title='bbox 2448 2169 2566 2224; x_wconf 83' lang='lat' dir='ltr'><strong>est;</strong></span> <span class='ocrx_word' id='word_1_624' title='bbox 2609 2163 2702 2231; x_wconf 74' lang='lat' dir='ltr'><strong>qui</strong></span> <span class='ocrx_word' id='word_1_625' title='bbox 2737 2178 2912 2220; x_wconf 78' lang='lat' dir='ltr'><strong>autem</strong></span> <span class='ocrx_word' id='word_1_626' title='bbox 2954 2167 3269 2236; x_wconf 75' lang='lat' dir='ltr'><strong>fornicatur,</strong></span> <span class='ocrx_word' id='word_1_627' title='bbox 3317 2174 3374 2231; x_wconf 84' lang='lat' dir='ltr'><strong>in</strong></span> 
     </span>
    </p>
   </div>
   <div class='ocr_carea' id='block_1_84' title="bbox 1783 2251 3374 2334">
    <p class='ocr_par' dir='ltr' id='par_1_84' title="bbox 1783 2251 3374 2334">
     <span class='ocr_line' id='line_1_85' title="bbox 1783 2251 3374 2334; baseline 0.013 -33"><span class='ocrx_word' id='word_1_628' title='bbox 1783 2263 1978 2317; x_wconf 83' lang='lat' dir='ltr'><strong>corpus</strong></span> <span class='ocrx_word' id='word_1_629' title='bbox 2006 2251 2276 2318; x_wconf 84' lang='lat' dir='ltr'><strong>proprium</strong></span> <span class='ocrx_word' id='word_1_630' title='bbox 2307 2261 2510 2320; x_wconf 74' lang='lat' dir='ltr'><strong>peccat.</strong></span> <span class='ocrx_word' id='word_1_631' title='bbox 2543 2252 2616 2306; x_wconf 79' lang='lat' dir='ltr'><strong>ha</strong></span> <span class='ocrx_word' id='word_1_632' title='bbox 2636 2265 2690 2309; x_wconf 85' lang='lat' dir='ltr'><strong>et</strong></span> <span class='ocrx_word' id='word_1_633' title='bbox 2713 2255 2820 2321; x_wconf 83' lang='lat' dir='ltr'><strong>hic,</strong></span> <span class='ocrx_word' id='word_1_634' title='bbox 2860 2273 2981 2312; x_wconf 75' lang='lat' dir='ltr'><strong>cum</strong></span> <span class='ocrx_word' id='word_1_635' title='bbox 3027 2262 3172 2330; x_wconf 72' lang='lat' dir='ltr'><strong>prius</strong></span> <span class='ocrx_word' id='word_1_636' title='bbox 3207 2279 3374 2334; x_wconf 76' lang='lat' dir='ltr'><strong>gene-</strong></span> 
     </span>
    </p>
   </div>
   <div class='ocr_carea' id='block_1_85' title="bbox 1782 2339 3374 2427">
    <p class='ocr_par' dir='ltr' id='par_1_85' title="bbox 1782 2339 3374 2427">
     <span class='ocr_line' id='line_1_86' title="bbox 1782 2339 3374 2427; baseline 0.013 -35"><span class='ocrx_word' id='word_1_637' title='bbox 1782 2339 1965 2394; x_wconf 87' lang='lat' dir='ltr'><strong>raliter</strong></span> <span class='ocrx_word' id='word_1_638' title='bbox 1991 2341 2167 2395; x_wconf 82' lang='lat' dir='ltr'><strong>omnia</strong></span> <span class='ocrx_word' id='word_1_639' title='bbox 2211 2342 2520 2411; x_wconf 63' lang='lat' dir='ltr'><strong>ignorantim</strong></span> <span class='ocrx_word' id='word_1_640' title='bbox 2559 2357 2774 2415; x_wconf 68' lang='lat' dir='ltr'><strong>peccttta</strong></span> <span class='ocrx_word' id='word_1_641' title='bbox 2824 2349 3025 2405; x_wconf 80' lang='lat' dir='ltr'><strong>diceret</strong></span> <span class='ocrx_word' id='word_1_642' title='bbox 3067 2352 3208 2420; x_wconf 80' lang='lat' dir='ltr'><strong>illis,</strong></span> <span class='ocrx_word' id='word_1_643' title='bbox 3250 2373 3374 2427; x_wconf 69' lang='lat' dir='ltr'><strong>quae</strong></span> 
     </span>
    </p>
   </div>
   <div class='ocr_carea' id='block_1_86' title="bbox 1781 2435 3370 2514">
    <p class='ocr_par' dir='ltr' id='par_1_86' title="bbox 1781 2435 3370 2514">
     <span class='ocr_line' id='line_1_87' title="bbox 1781 2435 3370 2514; baseline 0.013 -28"><span class='ocrx_word' id='word_1_644' title='bbox 1781 2435 2251 2500; x_wconf 86' lang='lat' dir='ltr'><strong>connueutoravil,</strong></span> <span class='ocrx_word' id='word_1_645' title='bbox 2300 2437 2576 2492; x_wconf 82' lang='lat' dir='ltr'><strong>sacriﬁciis</strong></span> <span class='ocrx_word' id='word_1_646' title='bbox 2624 2442 2916 2510; x_wconf 76' lang='lat' dir='ltr'><strong>expianda;</strong></span> <span class='ocrx_word' id='word_1_647' title='bbox 2965 2455 3148 2514; x_wconf 75' lang='lat' dir='ltr'><strong>postea</strong></span> <span class='ocrx_word' id='word_1_648' title='bbox 3192 2458 3370 2509; x_wconf 80' lang='lat' dir='ltr'><strong>tamen</strong></span> 
     </span>
    </p>
   </div>
   <div class='ocr_carea' id='block_1_87' title="bbox 1781 2524 3365 2606">
    <p class='ocr_par' dir='ltr' id='par_1_87' title="bbox 1781 2524 3365 2606">
     <span class='ocr_line' id='line_1_88' title="bbox 1781 2524 3365 2606; baseline 0.013 -27"><span class='ocrx_word' id='word_1_649' title='bbox 1781 2525 1992 2594; x_wconf 76' lang='lat' dir='ltr'><strong>excepit</strong></span> <span class='ocrx_word' id='word_1_650' title='bbox 2012 2524 2098 2578; x_wconf 90' lang='lat' dir='ltr'><strong>illa</strong></span> <span class='ocrx_word' id='word_1_651' title='bbox 2128 2525 2321 2596; x_wconf 83' lang='lat' dir='ltr'><strong>quibus</strong></span> <span class='ocrx_word' id='word_1_652' title='bbox 2342 2543 2594 2597; x_wconf 81' lang='lat' dir='ltr'><strong>expresse</strong></span> <span class='ocrx_word' id='word_1_653' title='bbox 2610 2541 2659 2586; x_wconf 90' lang='lat' dir='ltr'><strong>et</strong></span> <span class='ocrx_word' id='word_1_654' title='bbox 2683 2532 2932 2589; x_wconf 79' lang='lat' dir='ltr'><strong>distincte</strong></span> <span class='ocrx_word' id='word_1_655' title='bbox 2955 2539 3140 2606; x_wconf 77' lang='lat' dir='ltr'><strong>positis</strong></span> <span class='ocrx_word' id='word_1_656' title='bbox 3163 2551 3365 2600; x_wconf 78' lang='lat' dir='ltr'><strong>certam</strong></span> 
     </span>
    </p>
   </div>
   <div class='ocr_carea' id='block_1_88' title="bbox 1777 2616 3368 2703">
    <p class='ocr_par' dir='ltr' id='par_1_88' title="bbox 1777 2616 3368 2703">
     <span class='ocr_line' id='line_1_89' title="bbox 1777 2616 3368 2703; baseline 0.012 -32"><span class='ocrx_word' id='word_1_657' title='bbox 1777 2616 2158 2672; x_wconf 87' lang='lat' dir='ltr'><strong>sacriﬁciorum</strong></span> <span class='ocrx_word' id='word_1_658' title='bbox 2203 2619 2570 2692; x_wconf 75' lang='lat' dir='ltr'><strong>purgationem</strong></span> <span class='ocrx_word' id='word_1_659' title='bbox 2608 2622 2904 2690; x_wconf 75' lang='lat' dir='ltr'><strong>adhiberet,</strong></span> <span class='ocrx_word' id='word_1_660' title='bbox 2936 2636 2993 2682; x_wconf 91' lang='lat' dir='ltr'><strong>ut</strong></span> <span class='ocrx_word' id='word_1_661' title='bbox 3019 2629 3101 2684; x_wconf 84' lang='lat' dir='ltr'><strong>bis</strong></span> <span class='ocrx_word' id='word_1_662' title='bbox 3126 2635 3368 2703; x_wconf 72' lang='lat' dir='ltr'><strong>exceptis</strong></span> 
     </span>
    </p>
   </div>
   <div class='ocr_carea' id='block_1_89' title="bbox 1777 2712 3362 2791">
    <p class='ocr_par' dir='ltr' id='par_1_89' title="bbox 1777 2712 3362 2791">
     <span class='ocr_line' id='line_1_90' title="bbox 1777 2712 3362 2791; baseline 0.013 -29"><span class='ocrx_word' id='word_1_663' title='bbox 1777 2723 2127 2780; x_wconf 67' lang='lat' dir='ltr'><strong>quotcumque</strong></span> <span class='ocrx_word' id='word_1_664' title='bbox 2173 2712 2374 2782; x_wconf 85' lang='lat' dir='ltr'><strong>reliqua</strong></span> <span class='ocrx_word' id='word_1_665' title='bbox 2415 2723 2632 2781; x_wconf 84' lang='lat' dir='ltr'><strong>essent,</strong></span> <span class='ocrx_word' id='word_1_666' title='bbox 2668 2716 2736 2770; x_wconf 90' lang='lat' dir='ltr'><strong>ad</strong></span> <span class='ocrx_word' id='word_1_667' title='bbox 2783 2715 2930 2772; x_wconf 82' lang='lat' dir='ltr'><strong>illam</strong></span> <span class='ocrx_word' id='word_1_668' title='bbox 2956 2725 3362 2791; x_wconf 76' lang='lat' dir='ltr'><strong>generalitatem</strong></span> 
     </span>
    </p>
   </div>
   <div class='ocr_carea' id='block_1_90' title="bbox 1776 2802 2126 2871">
    <p class='ocr_par' dir='ltr' id='par_1_90' title="bbox 1776 2802 2126 2871">
     <span class='ocr_line' id='line_1_91' title="bbox 1776 2802 2126 2871; baseline -0.003 -16"><span class='ocrx_word' id='word_1_669' title='bbox 1776 2802 2126 2871; x_wconf 69' lang='lat' dir='ltr'><strong>pertinerent.</strong></span> 
     </span>
    </p>
   </div>
   <div class='ocr_carea' id='block_1_91' title="bbox 1847 2893 3368 2970">
    <p class='ocr_par' dir='ltr' id='par_1_91' title="bbox 1847 2893 3368 2970">
     <span class='ocr_line' id='line_1_92' title="bbox 1847 2893 3368 2970; baseline 0.012 -22"><span class='ocrx_word' id='word_1_670' title='bbox 1847 2893 1938 2948; x_wconf 80' lang='lat' dir='ltr'><strong>IX.</strong></span> <span class='ocrx_word' id='word_1_671' title='bbox 1987 2893 2087 2967; x_wconf 86' lang='lat' dir='ltr'><strong>[lb.</strong></span> <span class='ocrx_word' id='word_1_672' title='bbox 2133 2911 2208 2963; x_wconf 70' lang='lat' dir='ltr'><strong>Vl,</strong></span> <span class='ocrx_word' id='word_1_673' title='bbox 2249 2896 2300 2961; x_wconf 85' lang='lat'><strong>6,</strong></span> <span class='ocrx_word' id='word_1_674' title='bbox 2334 2895 2444 2970; x_wconf 68' lang='lat'><strong>10.]</strong></span> <span class='ocrx_word' id='word_1_675' title='bbox 2478 2896 2668 2965; x_wconf 69' lang='lat' dir='ltr'><strong>Offeret</strong></span> <span class='ocrx_word' id='word_1_676' title='bbox 2707 2901 2912 2956; x_wconf 78' lang='lat' dir='ltr'><strong>ariclmt</strong></span> <span class='ocrx_word' id='word_1_677' title='bbox 2953 2905 3018 2959; x_wconf 68' lang='lat' dir='ltr'><strong>ab</strong></span> <span class='ocrx_word' id='word_1_678' title='bbox 3055 2907 3226 2962; x_wconf 63' lang='lat' dir='ltr'><strong>ovibus</strong></span> <span class='ocrx_word' id='word_1_679' title='bbox 3255 2909 3368 2966; x_wconf 75' lang='lat' dir='ltr'><strong>sine</strong></span> 
     </span>
    </p>
   </div>
   <div class='ocr_carea' id='block_1_92' title="bbox 1774 2979 3360 3069">
    <p class='ocr_par' dir='ltr' id='par_1_92' title="bbox 1774 2979 3360 3069">
     <span class='ocr_line' id='line_1_93' title="bbox 1774 2979 3360 3069; baseline 0.012 -30"><span class='ocrx_word' id='word_1_680' title='bbox 1774 2988 1992 3052; x_wconf 85' lang='lat' dir='ltr'><strong>macula,</strong></span> <span class='ocrx_word' id='word_1_681' title='bbox 2017 2989 2198 3058; x_wconf 82' lang='lat' dir='ltr'><strong>pretio,</strong></span> <span class='ocrx_word' id='word_1_682' title='bbox 2220 2988 2272 3041; x_wconf 87' lang='lat' dir='ltr'><strong>in</strong></span> <span class='ocrx_word' id='word_1_683' title='bbox 2294 2979 2428 3061; x_wconf 80' lang='lat' dir='ltr'><strong>quod</strong></span> <span class='ocrx_word' id='word_1_684' title='bbox 2452 2989 2676 3061; x_wconf 78' lang='lat' dir='ltr'><strong>deliquit.</strong></span> <span class='ocrx_word' id='word_1_685' title='bbox 2699 2991 2816 3046; x_wconf 80' lang='lat' dir='ltr'><strong>Non</strong></span> <span class='ocrx_word' id='word_1_686' title='bbox 2839 2994 2910 3048; x_wconf 81' lang='lat' dir='ltr'><strong>ita</strong></span> <span class='ocrx_word' id='word_1_687' title='bbox 2932 2996 3360 3069; x_wconf 80' lang='lat' dir='ltr'><strong>distinguendum</strong></span> 
     </span>
    </p>
   </div>
   <div class='ocr_carea' id='block_1_93' title="bbox 1771 3083 3360 3166">
    <p class='ocr_par' dir='ltr' id='par_1_93' title="bbox 1771 3083 3360 3166">
     <span class='ocr_line' id='line_1_94' title="bbox 1771 3083 3360 3166; baseline 0.009 -30"><span class='ocrx_word' id='word_1_688' title='bbox 1771 3090 1874 3148; x_wconf 88' lang='lat' dir='ltr'><strong>est,</strong></span> <span class='ocrx_word' id='word_1_689' title='bbox 1905 3083 2051 3152; x_wconf 84' lang='lat' dir='ltr'><strong>quasi</strong></span> <span class='ocrx_word' id='word_1_690' title='bbox 2093 3083 2263 3152; x_wconf 89' lang='lat' dir='ltr'><strong>pretio</strong></span> <span class='ocrx_word' id='word_1_691' title='bbox 2299 3083 2350 3137; x_wconf 88' lang='lat' dir='ltr'><strong>itt</strong></span> <span class='ocrx_word' id='word_1_692' title='bbox 2391 3083 2530 3152; x_wconf 89' lang='lat' dir='ltr'><strong>quod</strong></span> <span class='ocrx_word' id='word_1_693' title='bbox 2573 3083 2871 3156; x_wconf 85' lang='lat' dir='ltr'><strong>deliquerit,</strong></span> <span class='ocrx_word' id='word_1_694' title='bbox 2906 3089 2956 3143; x_wconf 87' lang='lat' dir='ltr'><strong>id</strong></span> <span class='ocrx_word' id='word_1_695' title='bbox 3001 3100 3081 3146; x_wconf 84' lang='lat' dir='ltr'><strong>est</strong></span> <span class='ocrx_word' id='word_1_696' title='bbox 3122 3093 3173 3147; x_wconf 86' lang='lat' dir='ltr'><strong>in</strong></span> <span class='ocrx_word' id='word_1_697' title='bbox 3214 3097 3360 3166; x_wconf 80' lang='lat' dir='ltr'><strong>quod</strong></span> 
     </span>
    </p>
   </div>
   <div class='ocr_carea' id='block_1_94' title="bbox 1771 3174 3358 3253">
    <p class='ocr_par' dir='ltr' id='par_1_94' title="bbox 1771 3174 3358 3253">
     <span class='ocr_line' id='line_1_95' title="bbox 1771 3174 3358 3253; baseline 0.008 -25"><span class='ocrx_word' id='word_1_698' title='bbox 1771 3178 2001 3245; x_wconf 87' lang='lat' dir='ltr'><strong>pretium</strong></span> <span class='ocrx_word' id='word_1_699' title='bbox 2031 3174 2288 3245; x_wconf 88' lang='lat' dir='ltr'><strong>deliquit;</strong></span> <span class='ocrx_word' id='word_1_700' title='bbox 2319 3175 2412 3231; x_wconf 88' lang='lat' dir='ltr'><strong>sed</strong></span> <span class='ocrx_word' id='word_1_701' title='bbox 2441 3176 2483 3230; x_wconf 70' lang='lat' dir='ltr'><strong>si</strong></span> <span class='ocrx_word' id='word_1_702' title='bbox 2511 3178 2698 3234; x_wconf 79' lang='lat' dir='ltr'><strong>offeret</strong></span> <span class='ocrx_word' id='word_1_703' title='bbox 2735 3181 2955 3236; x_wconf 87' lang='lat' dir='ltr'><strong>arietcnt</strong></span> <span class='ocrx_word' id='word_1_704' title='bbox 2978 3225 2991 3246; x_wconf 88' lang='lat'><strong>,</strong></span> <span class='ocrx_word' id='word_1_705' title='bbox 3027 3186 3201 3253; x_wconf 85' lang='lat' dir='ltr'><strong>pretio</strong></span> <span class='ocrx_word' id='word_1_706' title='bbox 3227 3188 3358 3244; x_wconf 67' lang='grc' dir='ltr'><strong>υπε-</strong></span> 
     </span>
    </p>
   </div>
   <div class='ocr_carea' id='block_1_95' title="bbox 1769 3266 3362 3336">
    <p class='ocr_par' dir='ltr' id='par_1_95' title="bbox 1769 3266 3362 3336">
     <span class='ocr_line' id='line_1_96' title="bbox 1769 3266 3362 3336; baseline 0.009 -16"><span class='ocrx_word' id='word_1_707' title='bbox 1769 3276 1870 3330; x_wconf 88' lang='lat' dir='ltr'><strong>rat,</strong></span> <span class='ocrx_word' id='word_1_708' title='bbox 1901 3266 1950 3320; x_wconf 89' lang='lat' dir='ltr'><strong>id</strong></span> <span class='ocrx_word' id='word_1_709' title='bbox 1977 3275 2057 3321; x_wconf 78' lang='lat' dir='ltr'><strong>est</strong></span> <span class='ocrx_word' id='word_1_710' title='bbox 2083 3277 2336 3336; x_wconf 86' lang='lat' dir='ltr'><strong>emptum.</strong></span> <span class='ocrx_word' id='word_1_711' title='bbox 2367 3267 2537 3323; x_wconf 82' lang='lat' dir='ltr'><strong>Etiam</strong></span> <span class='ocrx_word' id='word_1_712' title='bbox 2564 3271 2667 3324; x_wconf 83' lang='lat' dir='ltr'><strong>hoc</strong></span> <span class='ocrx_word' id='word_1_713' title='bbox 2690 3273 2830 3326; x_wconf 88' lang='lat' dir='ltr'><strong>enim</strong></span> <span class='ocrx_word' id='word_1_714' title='bbox 2857 3273 3064 3329; x_wconf 81' lang='lat' dir='ltr'><strong>videtur</strong></span> <span class='ocrx_word' id='word_1_715' title='bbox 3084 3277 3150 3331; x_wconf 89' lang='lat' dir='ltr'><strong>ad</strong></span> <span class='ocrx_word' id='word_1_716' title='bbox 3176 3293 3362 3334; x_wconf 81' lang='lat' dir='ltr'><strong>sacra-</strong></span> 
     </span>
    </p>
   </div>
   <div class='ocr_carea' id='block_1_96' title="bbox 1769 3359 3352 3442">
    <p class='ocr_par' dir='ltr' id='par_1_96' title="bbox 1769 3359 3352 3442">
     <span class='ocr_line' id='line_1_97' title="bbox 1769 3359 3352 3442; baseline 0.01 -30"><span class='ocrx_word' id='word_1_717' title='bbox 1769 3369 2006 3412; x_wconf 84' lang='lat' dir='ltr'><strong>mentum</strong></span> <span class='ocrx_word' id='word_1_718' title='bbox 2048 3359 2272 3427; x_wconf 72' lang='lat' dir='ltr'><strong>alieujus</strong></span> <span class='ocrx_word' id='word_1_719' title='bbox 2326 3361 2724 3431; x_wconf 87' lang='lat' dir='ltr'><strong>signiﬁcationis</strong></span> <span class='ocrx_word' id='word_1_720' title='bbox 2769 3366 3035 3433; x_wconf 85' lang='lat' dir='ltr'><strong>pertinere</strong></span> <span class='ocrx_word' id='word_1_721' title='bbox 3082 3370 3352 3442; x_wconf 82' lang='lat' dir='ltr'><strong>voluisse,</strong></span> 
     </span>
    </p>
   </div>
   <div class='ocr_carea' id='block_1_97' title="bbox 1767 3451 3356 3522">
    <p class='ocr_par' dir='ltr' id='par_1_97' title="bbox 1767 3451 3356 3522">
     <span class='ocr_line' id='line_1_98' title="bbox 1767 3451 3356 3522; baseline 0.011 -21"><span class='ocrx_word' id='word_1_722' title='bbox 1767 3451 2017 3522; x_wconf 85' lang='lat' dir='ltr'><strong>quoniam</strong></span> <span class='ocrx_word' id='word_1_723' title='bbox 2061 3453 2286 3521; x_wconf 88' lang='lat' dir='ltr'><strong>pretium</strong></span> <span class='ocrx_word' id='word_1_724' title='bbox 2332 3453 2501 3522; x_wconf 90' lang='lat' dir='ltr'><strong>ipsum</strong></span> <span class='ocrx_word' id='word_1_725' title='bbox 2547 3470 2650 3506; x_wconf 89' lang='lat' dir='ltr'><strong>non</strong></span> <span class='ocrx_word' id='word_1_726' title='bbox 2688 3455 2944 3510; x_wconf 77' lang='lat' dir='ltr'><strong>deﬁnivit.</strong></span> <span class='ocrx_word' id='word_1_727' title='bbox 2975 3459 3106 3513; x_wconf 83' lang='lat' dir='ltr'><strong>Nam</strong></span> <span class='ocrx_word' id='word_1_728' title='bbox 3143 3461 3188 3515; x_wconf 90' lang='lat' dir='ltr'><strong>si</strong></span> <span class='ocrx_word' id='word_1_729' title='bbox 3217 3463 3356 3518; x_wconf 63' lang='lat' dir='ltr'><strong>deﬂe</strong></span> 
     </span>
    </p>
   </div>
   <div class='ocr_carea' id='block_1_98' title="bbox 1765 3543 3356 3622">
    <p class='ocr_par' dir='ltr' id='par_1_98' title="bbox 1765 3543 3356 3622">
     <span class='ocr_line' id='line_1_99' title="bbox 1765 3543 3356 3622; baseline 0.004 -23"><span class='ocrx_word' id='word_1_730' title='bbox 1765 3543 1986 3610; x_wconf 76' lang='lat' dir='ltr'><strong>niis‘sel,</strong></span> <span class='ocrx_word' id='word_1_731' title='bbox 2020 3553 2201 3616; x_wconf 86' lang='lat' dir='ltr'><strong>posset</strong></span> <span class='ocrx_word' id='word_1_732' title='bbox 2237 3545 2402 3600; x_wconf 86' lang='lat' dir='ltr'><strong>videri</strong></span> <span class='ocrx_word' id='word_1_733' title='bbox 2444 3545 2545 3601; x_wconf 88' lang='lat' dir='ltr'><strong>hoc</strong></span> <span class='ocrx_word' id='word_1_734' title='bbox 2585 3547 2929 3616; x_wconf 68' lang='lat' dir='ltr'><strong>pt&#39;:tsCepiSse,</strong></span> <span class='ocrx_word' id='word_1_735' title='bbox 2962 3565 3028 3604; x_wconf 89' lang='lat' dir='ltr'><strong>ne</strong></span> <span class='ocrx_word' id='word_1_736' title='bbox 3064 3552 3164 3605; x_wconf 82' lang='lat' dir='ltr'><strong>vile</strong></span> <span class='ocrx_word' id='word_1_737' title='bbox 3195 3569 3356 3622; x_wconf 81' lang='lat' dir='ltr'><strong>pecus</strong></span> 
     </span>
    </p>
   </div>
   <div class='ocr_carea' id='block_1_99' title="bbox 1765 3635 3354 3712">
    <p class='ocr_par' dir='ltr' id='par_1_99' title="bbox 1765 3635 3354 3712">
     <span class='ocr_line' id='line_1_100' title="bbox 1765 3635 3354 3712; baseline 0.006 -22"><span class='ocrx_word' id='word_1_738' title='bbox 1765 3635 2069 3703; x_wconf 81' lang='lat' dir='ltr'><strong>olferretur,</strong></span> <span class='ocrx_word' id='word_1_739' title='bbox 2104 3647 2160 3691; x_wconf 89' lang='lat' dir='ltr'><strong>ut</strong></span> <span class='ocrx_word' id='word_1_740' title='bbox 2204 3639 2412 3693; x_wconf 88' lang='lat' dir='ltr'><strong>etiamsi</strong></span> <span class='ocrx_word' id='word_1_741' title='bbox 2453 3654 2556 3692; x_wconf 90' lang='lat' dir='ltr'><strong>non</strong></span> <span class='ocrx_word' id='word_1_742' title='bbox 2600 3648 2802 3694; x_wconf 87' lang='lat' dir='ltr'><strong>emeret</strong></span> <span class='ocrx_word' id='word_1_743' title='bbox 2839 3642 2926 3709; x_wconf 92' lang='lat' dir='ltr'><strong>qui</strong></span> <span class='ocrx_word' id='word_1_744' title='bbox 2969 3643 3202 3712; x_wconf 79' lang='lat' dir='ltr'><strong>offerret,</strong></span> <span class='ocrx_word' id='word_1_745' title='bbox 3244 3645 3354 3702; x_wconf 83' lang='lat' dir='ltr'><strong>tale</strong></span> 
     </span>
    </p>
   </div>
   <div class='ocr_carea' id='block_1_100' title="bbox 1763 3729 3348 3800">
    <p class='ocr_par' dir='ltr' id='par_1_100' title="bbox 1763 3729 3348 3800">
     <span class='ocr_line' id='line_1_101' title="bbox 1763 3729 3348 3800; baseline 0.006 -18"><span class='ocrx_word' id='word_1_746' title='bbox 1763 3736 1942 3782; x_wconf 84' lang='lat' dir='ltr'><strong>tamen</strong></span> <span class='ocrx_word' id='word_1_747' title='bbox 1973 3729 2187 3783; x_wconf 82' lang='lat' dir='ltr'><strong>ull&#39;errct</strong></span> <span class='ocrx_word' id='word_1_748' title='bbox 2212 3731 2352 3797; x_wconf 86' lang='lat' dir='ltr'><strong>quod</strong></span> <span class='ocrx_word' id='word_1_749' title='bbox 2385 3729 2515 3783; x_wconf 88' lang='lat' dir='ltr'><strong>tanti</strong></span> <span class='ocrx_word' id='word_1_750' title='bbox 2546 3732 2762 3785; x_wconf 87' lang='lat' dir='ltr'><strong>valeret.</strong></span> <span class='ocrx_word' id='word_1_751' title='bbox 2793 3733 2986 3789; x_wconf 85' lang='lat' dir='ltr'><strong>Addito</strong></span> <span class='ocrx_word' id='word_1_752' title='bbox 3012 3747 3211 3800; x_wconf 89' lang='lat' dir='ltr'><strong>autem,</strong></span> <span class='ocrx_word' id='word_1_753' title='bbox 3241 3755 3348 3792; x_wconf 85' lang='lat' dir='ltr'><strong>non</strong></span> 
     </span>
    </p>
   </div>
   <div class='ocr_carea' id='block_1_101' title="bbox 1762 3821 3348 3901">
    <p class='ocr_par' dir='ltr' id='par_1_101' title="bbox 1762 3821 3348 3901">
     <span class='ocr_line' id='line_1_102' title="bbox 1762 3821 3348 3901; baseline 0.009 -26"><span class='ocrx_word' id='word_1_754' title='bbox 1762 3821 1935 3875; x_wconf 87' lang='lat' dir='ltr'><strong>solum</strong></span> <span class='ocrx_word' id='word_1_755' title='bbox 1967 3823 2148 3892; x_wconf 81' lang='lat' dir='ltr'><strong>pretio,</strong></span> <span class='ocrx_word' id='word_1_756' title='bbox 2175 3835 2229 3877; x_wconf 91' lang='lat' dir='ltr'><strong>ut</strong></span> <span class='ocrx_word' id='word_1_757' title='bbox 2257 3835 2466 3894; x_wconf 82' lang='lat' dir='ltr'><strong>emptus</strong></span> <span class='ocrx_word' id='word_1_758' title='bbox 2495 3827 2634 3882; x_wconf 87' lang='lat' dir='ltr'><strong>aries</strong></span> <span class='ocrx_word' id='word_1_759' title='bbox 2657 3828 2956 3896; x_wconf 66' lang='lat' dir='ltr'><strong>oﬂ‘errctur,</strong></span> <span class='ocrx_word' id='word_1_760' title='bbox 2982 3848 3164 3901; x_wconf 83' lang='lat' dir='ltr'><strong>verum</strong></span> <span class='ocrx_word' id='word_1_761' title='bbox 3190 3836 3348 3890; x_wconf 86' lang='lat' dir='ltr'><strong>etiam</strong></span> 
     </span>
    </p>
   </div>
   <div class='ocr_carea' id='block_1_102' title="bbox 1760 3912 3350 3996">
    <p class='ocr_par' dir='ltr' id='par_1_102' title="bbox 1760 3912 3350 3996">
     <span class='ocr_line' id='line_1_103' title="bbox 1760 3912 3350 3996; baseline 0.006 -28"><span class='ocrx_word' id='word_1_762' title='bbox 1760 3912 2001 3968; x_wconf 72' lang='lat' dir='ltr'><strong>siclorum</strong></span> <span class='ocrx_word' id='word_1_763' title='bbox 2027 3923 2331 3982; x_wconf 83' lang='lat' dir='ltr'><strong>sanctorum,</strong></span> <span class='ocrx_word' id='word_1_764' title='bbox 2360 3917 2426 3971; x_wconf 83' lang='lat' dir='ltr'><strong>ita</strong></span> <span class='ocrx_word' id='word_1_765' title='bbox 2455 3918 2593 3972; x_wconf 88' lang='lat' dir='ltr'><strong>enim</strong></span> <span class='ocrx_word' id='word_1_766' title='bbox 2618 3919 2763 3986; x_wconf 88' lang='lat' dir='ltr'><strong>dicit,</strong></span> <span class='ocrx_word' id='word_1_767' title='bbox 2795 3921 2966 3978; x_wconf 80' lang='lat' dir='ltr'><strong>Pretio</strong></span> <span class='ocrx_word' id='word_1_768' title='bbox 2985 3927 3180 3996; x_wconf 80' lang='lat' dir='ltr'><strong>argenti</strong></span> <span class='ocrx_word' id='word_1_769' title='bbox 3199 3928 3350 3982; x_wconf 73' lang='lat' dir='ltr'><strong>siclo.</strong></span> 
     </span>
    </p>
   </div>
   <div class='ocr_carea' id='block_1_103' title="bbox 1759 4009 3350 4089">
    <p class='ocr_par' dir='ltr' id='par_1_103' title="bbox 1759 4009 3350 4089">
     <span class='ocr_line' id='line_1_104' title="bbox 1759 4009 3350 4089; baseline 0.009 -27"><span class='ocrx_word' id='word_1_770' title='bbox 1759 4024 1876 4062; x_wconf 84' lang='lat' dir='ltr'><strong>rum</strong></span> <span class='ocrx_word' id='word_1_771' title='bbox 1904 4009 2026 4064; x_wconf 80' lang='lat' dir='ltr'><strong>siclo</strong></span> <span class='ocrx_word' id='word_1_772' title='bbox 2051 4020 2222 4064; x_wconf 84' lang='lat' dir='ltr'><strong>sancto</strong></span> <span class='ocrx_word' id='word_1_773' title='bbox 2252 4012 2267 4042; x_wconf 81' lang='grc'>¹</span> <span class='ocrx_word' id='word_1_774' title='bbox 2297 4010 2478 4085; x_wconf 71' lang='lat' dir='ltr'><strong>(Leuit.</strong></span> <span class='ocrx_word' id='word_1_775' title='bbox 2510 4030 2564 4081; x_wconf 81' lang='grc' dir='ltr'><strong>ν,</strong></span> <span class='ocrx_word' id='word_1_776' title='bbox 2589 4015 2700 4084; x_wconf 77' lang='grc'><strong>15),</strong></span> <span class='ocrx_word' id='word_1_777' title='bbox 2724 4018 2923 4089; x_wconf 87' lang='lat' dir='ltr'><strong>aliquot</strong></span> <span class='ocrx_word' id='word_1_778' title='bbox 2946 4020 3090 4076; x_wconf 72' lang='lat' dir='ltr'><strong>Sit‘iis</strong></span> <span class='ocrx_word' id='word_1_779' title='bbox 3121 4033 3175 4077; x_wconf 89' lang='lat' dir='ltr'><strong>ttt</strong></span> <span class='ocrx_word' id='word_1_780' title='bbox 3203 4038 3350 4078; x_wconf 85' lang='lat' dir='ltr'><strong>ema-</strong></span> 
     </span>
    </p>
   </div>
   <div class='ocr_carea' id='block_1_104' title="bbox 1760 4102 3344 4186">
    <p class='ocr_par' dir='ltr' id='par_1_104' title="bbox 1760 4102 3344 4186">
     <span class='ocr_line' id='line_1_105' title="bbox 1760 4102 3344 4186; baseline 0.013 -32"><span class='ocrx_word' id='word_1_781' title='bbox 1760 4108 1848 4155; x_wconf 86' lang='lat' dir='ltr'><strong>tur</strong></span> <span class='ocrx_word' id='word_1_782' title='bbox 1875 4102 2034 4166; x_wconf 89' lang='lat' dir='ltr'><strong>aries,</strong></span> <span class='ocrx_word' id='word_1_783' title='bbox 2065 4119 2168 4157; x_wconf 87' lang='lat' dir='ltr'><strong>non</strong></span> <span class='ocrx_word' id='word_1_784' title='bbox 2201 4121 2304 4158; x_wconf 89' lang='lat' dir='ltr'><strong>uno</strong></span> <span class='ocrx_word' id='word_1_785' title='bbox 2331 4105 2460 4160; x_wconf 90' lang='lat' dir='ltr'><strong>siclu</strong></span> <span class='ocrx_word' id='word_1_786' title='bbox 2490 4108 2674 4162; x_wconf 82' lang='lat' dir='ltr'><strong>voluit.</strong></span> <span class='ocrx_word' id='word_1_787' title='bbox 2705 4111 2839 4175; x_wconf 73' lang='lat' dir='ltr'><strong>Quid</strong></span> <span class='ocrx_word' id='word_1_788' title='bbox 2867 4113 2966 4168; x_wconf 87' lang='lat' dir='ltr'><strong>sibi</strong></span> <span class='ocrx_word' id='word_1_789' title='bbox 2990 4125 3166 4169; x_wconf 87' lang='lat' dir='ltr'><strong>autem</strong></span> <span class='ocrx_word' id='word_1_790' title='bbox 3199 4120 3344 4186; x_wconf 86' lang='lat' dir='ltr'><strong>velit,</strong></span> 
     </span>
    </p>
   </div>
   <div class='ocr_carea' id='block_1_105' title="bbox 1759 4193 3344 4275">
    <p class='ocr_par' dir='ltr' id='par_1_105' title="bbox 1759 4193 3344 4275">
     <span class='ocr_line' id='line_1_106' title="bbox 1759 4193 3344 4275; baseline 0.011 -28"><span class='ocrx_word' id='word_1_791' title='bbox 1759 4193 1948 4248; x_wconf 87' lang='lat' dir='ltr'><strong>siclum</strong></span> <span class='ocrx_word' id='word_1_792' title='bbox 1977 4204 2238 4261; x_wconf 89' lang='lat' dir='ltr'><strong>sanctum,</strong></span> <span class='ocrx_word' id='word_1_793' title='bbox 2261 4196 2370 4266; x_wconf 89' lang='lat' dir='ltr'><strong>jam</strong></span> <span class='ocrx_word' id='word_1_794' title='bbox 2395 4198 2482 4252; x_wconf 89' lang='lat' dir='ltr'><strong>ubi</strong></span> <span class='ocrx_word' id='word_1_795' title='bbox 2509 4200 2676 4254; x_wconf 91' lang='lat' dir='ltr'><strong>visum</strong></span> <span class='ocrx_word' id='word_1_796' title='bbox 2705 4211 2783 4255; x_wconf 83' lang='lat' dir='ltr'><strong>est</strong></span> <span class='ocrx_word' id='word_1_797' title='bbox 2806 4204 3170 4260; x_wconf 87' lang='lat' dir='ltr'><strong>disseruimus.</strong></span> <span class='ocrx_word' id='word_1_798' title='bbox 3194 4210 3344 4275; x_wconf 76' lang='lat' dir='ltr'><strong>Quod</strong></span> 
     </span>
    </p>
   </div>
   <div class='ocr_carea' id='block_1_106' title="bbox 1757 4288 3345 4360">
    <p class='ocr_par' dir='ltr' id='par_1_106' title="bbox 1757 4288 3345 4360">
     <span class='ocr_line' id='line_1_107' title="bbox 1757 4288 3345 4360; baseline 0.01 -21"><span class='ocrx_word' id='word_1_799' title='bbox 1757 4300 1888 4340; x_wconf 84' lang='lat' dir='ltr'><strong>vero</strong></span> <span class='ocrx_word' id='word_1_800' title='bbox 1909 4302 2028 4341; x_wconf 90' lang='lat' dir='ltr'><strong>cum</strong></span> <span class='ocrx_word' id='word_1_801' title='bbox 2051 4288 2290 4356; x_wconf 80' lang='lat' dir='ltr'><strong>dixisset,</strong></span> <span class='ocrx_word' id='word_1_802' title='bbox 2321 4289 2383 4343; x_wconf 74' lang='lat' dir='ltr'><strong>Et</strong></span> <span class='ocrx_word' id='word_1_803' title='bbox 2409 4290 2588 4346; x_wconf 81' lang='lat' dir='ltr'><strong>delecti</strong></span> <span class='ocrx_word' id='word_1_804' title='bbox 2611 4294 2690 4346; x_wconf 85' lang='lat' dir='ltr'><strong>sui</strong></span> <span class='ocrx_word' id='word_1_805' title='bbox 2709 4293 2882 4360; x_wconf 75' lang='lat' dir='ltr'><strong>offeret</strong></span> <span class='ocrx_word' id='word_1_806' title='bbox 2898 4294 3116 4351; x_wconf 87' lang='lat' dir='ltr'><strong>Domino</strong></span> <span class='ocrx_word' id='word_1_807' title='bbox 3140 4302 3345 4355; x_wconf 81' lang='lat' dir='ltr'><strong>arietem</strong></span> 
     </span>
    </p>
   </div>
   <div class='ocr_carea' id='block_1_107' title="bbox 1757 4379 3347 4458">
    <p class='ocr_par' dir='ltr' id='par_1_107' title="bbox 1757 4379 3347 4458">
     <span class='ocr_line' id='line_1_108' title="bbox 1757 4379 3347 4458; baseline 0.009 -26"><span class='ocrx_word' id='word_1_808' title='bbox 1757 4379 1819 4433; x_wconf 86' lang='lat' dir='ltr'><strong>ab</strong></span> <span class='ocrx_word' id='word_1_809' title='bbox 1847 4379 2016 4434; x_wconf 83' lang='lat' dir='ltr'><strong>ovibus</strong></span> <span class='ocrx_word' id='word_1_810' title='bbox 2053 4381 2161 4434; x_wconf 84' lang='lat' dir='ltr'><strong>sine</strong></span> <span class='ocrx_word' id='word_1_811' title='bbox 2195 4384 2390 4435; x_wconf 85' lang='lat' dir='ltr'><strong>macula</strong></span> <span class='ocrx_word' id='word_1_812' title='bbox 2419 4385 2616 4452; x_wconf 81' lang='lat' dir='ltr'><strong>prctia;</strong></span> <span class='ocrx_word' id='word_1_813' title='bbox 2641 4383 2833 4438; x_wconf 88' lang='lat' dir='ltr'><strong>deinde</strong></span> <span class='ocrx_word' id='word_1_814' title='bbox 2876 4387 3095 4454; x_wconf 83' lang='lat' dir='ltr'><strong>addidit,</strong></span> <span class='ocrx_word' id='word_1_815' title='bbox 3125 4390 3176 4444; x_wconf 87' lang='lat' dir='ltr'><strong>in</strong></span> <span class='ocrx_word' id='word_1_816' title='bbox 3213 4393 3347 4458; x_wconf 82' lang='lat' dir='ltr'><strong>quod</strong></span> 
     </span>
    </p>
   </div>
   <div class='ocr_carea' id='block_1_108' title="bbox 1757 4474 3344 4555">
    <p class='ocr_par' dir='ltr' id='par_1_108' title="bbox 1757 4474 3344 4555">
     <span class='ocr_line' id='line_1_109' title="bbox 1757 4474 3344 4555; baseline 0.009 -27"><span class='ocrx_word' id='word_1_817' title='bbox 1757 4474 2006 4543; x_wconf 82' lang='lat' dir='ltr'><strong>deliquit:</strong></span> <span class='ocrx_word' id='word_1_818' title='bbox 2039 4475 2433 4546; x_wconf 85' lang='lat' dir='ltr'><strong>intelligendum</strong></span> <span class='ocrx_word' id='word_1_819' title='bbox 2465 4487 2546 4531; x_wconf 86' lang='lat' dir='ltr'><strong>est</strong></span> <span class='ocrx_word' id='word_1_820' title='bbox 2587 4477 2636 4532; x_wconf 89' lang='lat' dir='ltr'><strong>in</strong></span> <span class='ocrx_word' id='word_1_821' title='bbox 2672 4479 2718 4531; x_wconf 90' lang='lat' dir='ltr'><strong>id</strong></span> <span class='ocrx_word' id='word_1_822' title='bbox 2751 4479 2967 4537; x_wconf 80' lang='lat' dir='ltr'><strong>olTet&#39;t‘ct</strong></span> <span class='ocrx_word' id='word_1_823' title='bbox 3002 4482 3052 4537; x_wconf 88' lang='lat' dir='ltr'><strong>itt</strong></span> <span class='ocrx_word' id='word_1_824' title='bbox 3082 4487 3219 4555; x_wconf 85' lang='lat' dir='ltr'><strong>quod</strong></span> <span class='ocrx_word' id='word_1_825' title='bbox 3252 4487 3344 4543; x_wconf 85' lang='lat' dir='ltr'><strong>de-</strong></span> 
     </span>
    </p>
   </div>
   <div class='ocr_carea' id='block_1_109' title="bbox 1755 4567 3342 4642">
    <p class='ocr_par' dir='ltr' id='par_1_109' title="bbox 1755 4567 3342 4642">
     <span class='ocr_line' id='line_1_110' title="bbox 1755 4567 3342 4642; baseline 0.007 -20"><span class='ocrx_word' id='word_1_826' title='bbox 1755 4567 1945 4638; x_wconf 89' lang='lat' dir='ltr'><strong>liquit;</strong></span> <span class='ocrx_word' id='word_1_827' title='bbox 1976 4567 2024 4622; x_wconf 92' lang='lat' dir='ltr'><strong>id</strong></span> <span class='ocrx_word' id='word_1_828' title='bbox 2053 4577 2162 4633; x_wconf 84' lang='lat' dir='ltr'><strong>est,</strong></span> <span class='ocrx_word' id='word_1_829' title='bbox 2196 4569 2247 4621; x_wconf 89' lang='lat' dir='ltr'><strong>in</strong></span> <span class='ocrx_word' id='word_1_830' title='bbox 2276 4584 2391 4623; x_wconf 90' lang='lat' dir='ltr'><strong>eam</strong></span> <span class='ocrx_word' id='word_1_831' title='bbox 2423 4585 2563 4634; x_wconf 91' lang='lat' dir='ltr'><strong>rem,</strong></span> <span class='ocrx_word' id='word_1_832' title='bbox 2597 4583 2814 4642; x_wconf 81' lang='lat' dir='ltr'><strong>propter</strong></span> <span class='ocrx_word' id='word_1_833' title='bbox 2837 4591 2953 4630; x_wconf 88' lang='lat' dir='ltr'><strong>eam</strong></span> <span class='ocrx_word' id='word_1_834' title='bbox 2982 4591 3112 4632; x_wconf 90' lang='lat' dir='ltr'><strong>rem.</strong></span> <span class='ocrx_word' id='word_1_835' title='bbox 3159 4579 3221 4632; x_wconf 74' lang='lat' dir='ltr'><strong>Et</strong></span> <span class='ocrx_word' id='word_1_836' title='bbox 3247 4597 3342 4632; x_wconf 85' lang='lat' dir='ltr'><strong>au-</strong></span> 
     </span>
    </p>
   </div>
   <div class='ocr_carea' id='block_1_110' title="bbox 1757 4662 3343 4740">
    <p class='ocr_par' dir='ltr' id='par_1_110' title="bbox 1757 4662 3343 4740">
     <span class='ocr_line' id='line_1_111' title="bbox 1757 4662 3343 4740; baseline 0.006 -22"><span class='ocrx_word' id='word_1_837' title='bbox 1757 4666 1882 4733; x_wconf 73' lang='lat' dir='ltr'><strong>feret</strong></span> <span class='ocrx_word' id='word_1_838' title='bbox 1911 4662 2268 4733; x_wconf 74' lang='lat' dir='ltr'><strong>Itolocm&#39;poma</strong></span> <span class='ocrx_word' id='word_1_839' title='bbox 2303 4663 2436 4735; x_wconf 87' lang='lat' dir='ltr'><strong>quod</strong></span> <span class='ocrx_word' id='word_1_840' title='bbox 2461 4667 2821 4737; x_wconf 81' lang='lat' dir='ltr'><strong>consumpserit</strong></span> <span class='ocrx_word' id='word_1_841' title='bbox 2848 4669 2996 4740; x_wconf 75' lang='lat' dir='ltr'><strong>ignis,</strong></span> <span class='ocrx_word' id='word_1_842' title='bbox 3024 4671 3165 4725; x_wconf 80' lang='lat' dir='ltr'><strong>illaut</strong></span> <span class='ocrx_word' id='word_1_843' title='bbox 3196 4673 3343 4728; x_wconf 76' lang='lat' dir='ltr'><strong>Italo-</strong></span> 
     </span>
    </p>
   </div>
   <div class='ocr_carea' id='block_1_111' title="bbox 1755 4754 3344 4833">
    <p class='ocr_par' dir='ltr' id='par_1_111' title="bbox 1755 4754 3344 4833">
     <span class='ocr_line' id='line_1_112' title="bbox 1755 4754 3344 4833; baseline 0.008 -24"><span class='ocrx_word' id='word_1_844' title='bbox 1755 4755 2027 4810; x_wconf 83' lang='lat' dir='ltr'><strong>causlosim</strong></span> <span class='ocrx_word' id='word_1_845' title='bbox 2053 4754 2114 4809; x_wconf 82' lang='lat' dir='ltr'><strong>ab</strong></span> <span class='ocrx_word' id='word_1_846' title='bbox 2144 4756 2311 4810; x_wconf 79' lang='lat' dir='ltr'><strong>altari.</strong></span> <span class='ocrx_word' id='word_1_847' title='bbox 2336 4756 2470 4824; x_wconf 83' lang='lat' dir='ltr'><strong>Quid</strong></span> <span class='ocrx_word' id='word_1_848' title='bbox 2495 4759 2719 4822; x_wconf 86' lang='lat' dir='ltr'><strong>aul&#39;ercl,</strong></span> <span class='ocrx_word' id='word_1_849' title='bbox 2745 4759 2787 4815; x_wconf 88' lang='lat' dir='ltr'><strong>si</strong></span> <span class='ocrx_word' id='word_1_850' title='bbox 2818 4776 3191 4833; x_wconf 85' lang='lat' dir='ltr'><strong>consutupttmt</strong></span> <span class='ocrx_word' id='word_1_851' title='bbox 3220 4778 3295 4822; x_wconf 85' lang='lat' dir='ltr'><strong>est</strong></span> <span class='ocrx_word' id='word_1_852' title='bbox 3321 4768 3344 4821; x_wconf 87' lang='lat'><strong>?</strong></span> 
     </span>
    </p>
   </div>
   <div class='ocr_carea' id='block_1_112' title="bbox 1755 4845 3344 4924">
    <p class='ocr_par' dir='ltr' id='par_1_112' title="bbox 1755 4845 3344 4924">
     <span class='ocr_line' id='line_1_113' title="bbox 1755 4845 3344 4924; baseline 0.008 -22"><span class='ocrx_word' id='word_1_853' title='bbox 1755 4845 1922 4902; x_wconf 83' lang='lat' dir='ltr'><strong>Jussit</strong></span> <span class='ocrx_word' id='word_1_854' title='bbox 1967 4847 2107 4901; x_wconf 87' lang='lat' dir='ltr'><strong>enitn</strong></span> <span class='ocrx_word' id='word_1_855' title='bbox 2157 4849 2488 4904; x_wconf 89' lang='lat' dir='ltr'><strong>sacerdotem</strong></span> <span class='ocrx_word' id='word_1_856' title='bbox 2545 4851 2755 4908; x_wconf 77' lang='lat' dir='ltr'><strong>auferre</strong></span> <span class='ocrx_word' id='word_1_857' title='bbox 2800 4866 2917 4924; x_wconf 89' lang='lat' dir='ltr'><strong>post</strong></span> <span class='ocrx_word' id='word_1_858' title='bbox 2969 4857 3129 4912; x_wconf 86' lang='lat' dir='ltr'><strong>totius</strong></span> <span class='ocrx_word' id='word_1_859' title='bbox 3176 4863 3344 4914; x_wconf 75' lang='lat' dir='ltr'><strong>noctis</strong></span> 
     </span>
    </p>
   </div>
   <div class='ocr_carea' id='block_1_113' title="bbox 1755 4938 3342 5020">
    <p class='ocr_par' dir='ltr' id='par_1_113' title="bbox 1755 4938 3342 5020">
     <span class='ocr_line' id='line_1_114' title="bbox 1755 4938 3342 5020; baseline 0.006 -27"><span class='ocrx_word' id='word_1_860' title='bbox 1755 4938 1930 5019; x_wconf 75' lang='lat' dir='ltr'><strong>ignem</strong></span> <span class='ocrx_word' id='word_1_861' title='bbox 1961 4938 2334 5010; x_wconf 75' lang='lat' dir='ltr'><strong>ilUIUCaI&#39;puttta</strong></span> <span class='ocrx_word' id='word_1_862' title='bbox 2355 4983 2371 5008; x_wconf 94' lang='lat'><strong>,</strong></span> <span class='ocrx_word' id='word_1_863' title='bbox 2409 4942 2459 4996; x_wconf 91' lang='lat' dir='ltr'><strong>id</strong></span> <span class='ocrx_word' id='word_1_864' title='bbox 2489 4952 2572 4997; x_wconf 88' lang='lat' dir='ltr'><strong>est</strong></span> <span class='ocrx_word' id='word_1_865' title='bbox 2592 4984 2605 5008; x_wconf 94' lang='lat'><strong>,</strong></span> <span class='ocrx_word' id='word_1_866' title='bbox 2638 4940 3004 5002; x_wconf 78' lang='lat' dir='ltr'><strong>holocaustum</strong></span> <span class='ocrx_word' id='word_1_867' title='bbox 3033 4949 3172 5018; x_wconf 86' lang='lat' dir='ltr'><strong>quod</strong></span> <span class='ocrx_word' id='word_1_868' title='bbox 3209 4950 3342 5020; x_wconf 79' lang='lat' dir='ltr'><strong>ignis</strong></span> 
     </span>
    </p>
   </div>
   <div class='ocr_carea' id='block_1_114' title="bbox 1753 5033 3342 5112">
    <p class='ocr_par' dir='ltr' id='par_1_114' title="bbox 1753 5033 3342 5112">
     <span class='ocr_line' id='line_1_115' title="bbox 1753 5033 3342 5112; baseline 0.006 -25"><span class='ocrx_word' id='word_1_869' title='bbox 1753 5035 2160 5104; x_wconf 80' lang='lat' dir='ltr'><strong>consumpserit.</strong></span> <span class='ocrx_word' id='word_1_870' title='bbox 2203 5033 2295 5090; x_wconf 75' lang='lat' dir='ltr'><strong>Vel</strong></span> <span class='ocrx_word' id='word_1_871' title='bbox 2345 5035 2470 5106; x_wconf 88' lang='lat' dir='ltr'><strong>quid</strong></span> <span class='ocrx_word' id='word_1_872' title='bbox 2518 5036 2617 5095; x_wconf 85' lang='lat' dir='ltr'><strong>sibi</strong></span> <span class='ocrx_word' id='word_1_873' title='bbox 2665 5039 2778 5093; x_wconf 86' lang='lat' dir='ltr'><strong>vult</strong></span> <span class='ocrx_word' id='word_1_874' title='bbox 2821 5041 2980 5096; x_wconf 89' lang='lat' dir='ltr'><strong>etiam</strong></span> <span class='ocrx_word' id='word_1_875' title='bbox 3027 5042 3152 5096; x_wconf 91' lang='lat' dir='ltr'><strong>illud</strong></span> <span class='ocrx_word' id='word_1_876' title='bbox 3201 5042 3342 5112; x_wconf 89' lang='lat' dir='ltr'><strong>quod</strong></span> 
     </span>
    </p>
   </div>
   <div class='ocr_carea' id='block_1_115' title="bbox 1753 5125 3340 5202">
    <p class='ocr_par' dir='ltr' id='par_1_115' title="bbox 1753 5125 3340 5202">
     <span class='ocr_line' id='line_1_116' title="bbox 1753 5125 3340 5202; baseline 0.004 -22"><span class='ocrx_word' id='word_1_877' title='bbox 1753 5125 1974 5186; x_wconf 82' lang='lat' dir='ltr'><strong>addidit,</strong></span> <span class='ocrx_word' id='word_1_878' title='bbox 2001 5126 2141 5179; x_wconf 82' lang='lat' dir='ltr'><strong>illam</strong></span> <span class='ocrx_word' id='word_1_879' title='bbox 2170 5127 2558 5183; x_wconf 79' lang='lat' dir='ltr'><strong>holocauslosim</strong></span> <span class='ocrx_word' id='word_1_880' title='bbox 2581 5147 2601 5197; x_wconf 88' lang='grc'><em>;</em></span> <span class='ocrx_word' id='word_1_881' title='bbox 2625 5146 2744 5185; x_wconf 89' lang='lat' dir='ltr'><strong>cunt</strong></span> <span class='ocrx_word' id='word_1_882' title='bbox 2776 5131 2875 5186; x_wconf 82' lang='lat' dir='ltr'><strong>hoc</strong></span> <span class='ocrx_word' id='word_1_883' title='bbox 2901 5133 3224 5202; x_wconf 81' lang='lat' dir='ltr'><strong>intelligatur</strong></span> <span class='ocrx_word' id='word_1_884' title='bbox 3247 5134 3340 5186; x_wconf 87' lang='lat' dir='ltr'><strong>ltu-</strong></span> 
     </span>
    </p>
   </div>
   <div class='ocr_carea' id='block_1_116' title="bbox 1753 5217 3337 5289">
    <p class='ocr_par' dir='ltr' id='par_1_116' title="bbox 1753 5217 3337 5289">
     <span class='ocr_line' id='line_1_117' title="bbox 1753 5217 3337 5289; baseline 0.007 -17"><span class='ocrx_word' id='word_1_885' title='bbox 1753 5217 2059 5288; x_wconf 86' lang='lat' dir='ltr'><strong>locarpoma</strong></span> <span class='ocrx_word' id='word_1_886' title='bbox 2101 5220 2240 5289; x_wconf 90' lang='lat' dir='ltr'><strong>quod</strong></span> <span class='ocrx_word' id='word_1_887' title='bbox 2284 5220 2710 5277; x_wconf 66' lang='lat' dir='ltr'><strong>lioloeaustosis?</strong></span> <span class='ocrx_word' id='word_1_888' title='bbox 2748 5223 2859 5278; x_wconf 83' lang='lat' dir='ltr'><strong>Nisi</strong></span> <span class='ocrx_word' id='word_1_889' title='bbox 2907 5223 3040 5278; x_wconf 79' lang='lat' dir='ltr'><strong>forte</strong></span> <span class='ocrx_word' id='word_1_890' title='bbox 3089 5224 3215 5278; x_wconf 88' lang='lat' dir='ltr'><strong>illud</strong></span> <span class='ocrx_word' id='word_1_891' title='bbox 3255 5236 3337 5283; x_wconf 87' lang='lat' dir='ltr'><strong>est</strong></span> 
     </span>
    </p>
   </div>
   <div class='ocr_carea' id='block_1_117' title="bbox 1753 5312 3332 5384">
    <p class='ocr_par' dir='ltr' id='par_1_117' title="bbox 1753 5312 3332 5384">
     <span class='ocr_line' id='line_1_118' title="bbox 1753 5312 3332 5384; baseline 0.007 -22"><span class='ocrx_word' id='word_1_892' title='bbox 1753 5325 1936 5365; x_wconf 82' lang='lat' dir='ltr'><strong>verum</strong></span> <span class='ocrx_word' id='word_1_893' title='bbox 1977 5312 2115 5382; x_wconf 86' lang='lat' dir='ltr'><strong>quod</strong></span> <span class='ocrx_word' id='word_1_894' title='bbox 2145 5313 2194 5366; x_wconf 90' lang='lat' dir='ltr'><strong>in</strong></span> <span class='ocrx_word' id='word_1_895' title='bbox 2226 5314 2452 5382; x_wconf 86' lang='lat' dir='ltr'><strong>quodam</strong></span> <span class='ocrx_word' id='word_1_896' title='bbox 2480 5332 2656 5384; x_wconf 71' lang='lat' dir='ltr'><strong>gneco</strong></span> <span class='ocrx_word' id='word_1_897' title='bbox 2687 5314 3016 5376; x_wconf 81' lang='lat' dir='ltr'><strong>invenimus;</strong></span> <span class='ocrx_word' id='word_1_898' title='bbox 3050 5334 3151 5370; x_wconf 83' lang='lat' dir='ltr'><strong>nou</strong></span> <span class='ocrx_word' id='word_1_899' title='bbox 3189 5321 3332 5374; x_wconf 85' lang='lat' dir='ltr'><strong>enim</strong></span> 
     </span>
    </p>
   </div>
   <div class='ocr_carea' id='block_1_118' title="bbox 1750 5403 3333 5478">
    <p class='ocr_par' dir='ltr' id='par_1_118' title="bbox 1750 5403 3333 5478">
     <span class='ocr_line' id='line_1_119' title="bbox 1750 5403 3333 5478; baseline 0.004 -22"><span class='ocrx_word' id='word_1_900' title='bbox 1750 5403 1846 5467; x_wconf 85' lang='lat' dir='ltr'><strong>ait,</strong></span> <span class='ocrx_word' id='word_1_901' title='bbox 1890 5407 2094 5458; x_wconf 74' lang='lat' dir='ltr'><strong>nuli-ret</strong></span> <span class='ocrx_word' id='word_1_902' title='bbox 2135 5405 2549 5473; x_wconf 67' lang='lat' dir='ltr'><strong>ii()i()t‘:ll&#39;pt).~llll,</strong></span> <span class='ocrx_word' id='word_1_903' title='bbox 2579 5407 2671 5460; x_wconf 87' lang='lat' dir='ltr'><strong>sed</strong></span> <span class='ocrx_word' id='word_1_904' title='bbox 2710 5409 2903 5478; x_wconf 79' lang='lat' dir='ltr'><strong>auferet</strong></span> <span class='ocrx_word' id='word_1_905' title='bbox 2945 5410 3333 5478; x_wconf 78' lang='lat' dir='ltr'><strong>ratncarpost&#39;m,</strong></span> 
     </span>
    </p>
   </div>
   <div class='ocr_carea' id='block_1_119' title="bbox 1818 5494 3343 5558">
    <p class='ocr_par' dir='ltr' id='par_1_119' title="bbox 1818 5494 3343 5558">
     <span class='ocr_line' id='line_1_120' title="bbox 1818 5494 3343 5558; baseline 0.006 -15"><span class='ocrx_word' id='word_1_906' title='bbox 1818 5499 1831 5528; x_wconf 77' lang='grc' dir='ltr'><strong>ι</strong></span> <span class='ocrx_word' id='word_1_907' title='bbox 1858 5503 1904 5544; x_wconf 87' lang='lat' dir='ltr'><strong>In</strong></span> <span class='ocrx_word' id='word_1_908' title='bbox 1932 5498 2142 5558; x_wconf 78' lang='lat' dir='ltr'><strong>excusis,</strong></span> <span class='ocrx_word' id='word_1_909' title='bbox 2169 5495 2356 5558; x_wconf 79' lang='lat' dir='ltr'><strong>argenti</strong></span> <span class='ocrx_word' id='word_1_910' title='bbox 2378 5494 2604 5544; x_wconf 55' lang='lat' dir='ltr'><strong>sicterum</strong></span> <span class='ocrx_word' id='word_1_911' title='bbox 2626 5503 2914 5550; x_wconf 75' lang='lat' dir='ltr'><strong>sanctorum.</strong></span> <span class='ocrx_word' id='word_1_912' title='bbox 2939 5504 2986 5547; x_wconf 78' lang='lat' dir='ltr'><strong>In</strong></span> <span class='ocrx_word' id='word_1_913' title='bbox 3010 5506 3139 5558; x_wconf 73' lang='lat' dir='ltr'><strong>Mss...</strong></span> <span class='ocrx_word' id='word_1_914' title='bbox 3157 5510 3343 5558; x_wconf 71' lang='lat' dir='ltr'><strong>argent:</strong></span> 
     </span>
    </p>
   </div>
   <div class='ocr_carea' id='block_1_120' title="bbox 1753 5555 3341 5626">
    <p class='ocr_par' dir='ltr' id='par_1_120' title="bbox 1753 5555 3341 5626">
     <span class='ocr_line' id='line_1_121' title="bbox 1753 5555 3341 5626; baseline 0.003 -16"><span class='ocrx_word' id='word_1_915' title='bbox 1753 5558 1977 5626; x_wconf 72' lang='lat' dir='ltr'><strong>sicterum</strong></span> <span class='ocrx_word' id='word_1_916' title='bbox 1996 5594 2012 5626; x_wconf 85' lang='lat'><strong>,</strong></span> <span class='ocrx_word' id='word_1_917' title='bbox 2037 5557 2156 5626; x_wconf 64' lang='lat' dir='ltr'><strong>siclu</strong></span> <span class='ocrx_word' id='word_1_918' title='bbox 2191 5555 2540 5626; x_wconf 47' lang='lat' dir='ltr'><strong>sonantum</strong></span> <span class='ocrx_word' id='word_1_919' title='bbox 2570 5560 2695 5626; x_wconf 82' lang='lat' dir='ltr'><strong>apud</strong></span> <span class='ocrx_word' id='word_1_920' title='bbox 2716 5566 2838 5626; x_wconf 61' lang='lat' dir='ltr'><strong>txx</strong></span> <span class='ocrx_word' id='word_1_921' title='bbox 2882 5560 3088 5626; x_wconf 79' lang='lat' dir='ltr'><strong>legitur,</strong></span> <span class='ocrx_word' id='word_1_922' title='bbox 3110 5555 3341 5626; x_wconf 62' lang='lat' dir='ltr'><strong>argui-ian</strong></span> 
     </span>
    </p>
   </div>
   <div class='ocr_carea' id='block_1_121' title="bbox 1751 5619 3340 5689">
    <p class='ocr_par' dir='ltr' id='par_1_121' title="bbox 1751 5619 3340 5689">
     <span class='ocr_line' id='line_1_122' title="bbox 1751 5619 3340 5689; baseline 0.004 -18"><span class='ocrx_word' id='word_1_923' title='bbox 1751 5620 1914 5689; x_wconf 60' lang='lat' dir='ltr'><strong>anetina</strong></span> <span class='ocrx_word' id='word_1_924' title='bbox 1931 5657 1946 5679; x_wconf 84' lang='lat'><strong>,</strong></span> <span class='ocrx_word' id='word_1_925' title='bbox 1972 5625 2016 5672; x_wconf 72' lang='lat' dir='ltr'><strong>to</strong></span> <span class='ocrx_word' id='word_1_926' title='bbox 2030 5620 2161 5689; x_wconf 64' lang='lat' dir='ltr'><strong>surtu</strong></span> <span class='ocrx_word' id='word_1_927' title='bbox 2176 5619 2255 5689; x_wconf 63' lang='lat' dir='ltr'><strong>ten</strong></span> <span class='ocrx_word' id='word_1_928' title='bbox 2277 5619 2490 5689; x_wconf 33' lang='lat' dir='ltr'><strong>turgida;</strong></span> <span class='ocrx_word' id='word_1_929' title='bbox 2508 5622 2555 5676; x_wconf 81' lang='lat' dir='ltr'><strong>in</strong></span> <span class='ocrx_word' id='word_1_930' title='bbox 2576 5619 2824 5674; x_wconf 70' lang='lat' dir='ltr'><strong>culicibus</strong></span> <span class='ocrx_word' id='word_1_931' title='bbox 2845 5619 3009 5677; x_wconf 57' lang='lat' dir='ltr'><strong>multa</strong></span> <span class='ocrx_word' id='word_1_932' title='bbox 3027 5619 3228 5689; x_wconf 66' lang='lat' dir='ltr'><strong>aliquot,</strong></span> <span class='ocrx_word' id='word_1_933' title='bbox 3253 5634 3340 5680; x_wconf 58' lang='lat' dir='ltr'><strong>ﬁo-</strong></span> 
     </span>
    </p>
   </div>
   <div class='ocr_carea' id='block_1_122' title="bbox 1751 5682 2510 5746">
    <p class='ocr_par' dir='ltr' id='par_1_122' title="bbox 1751 5682 2510 5746">
     <span class='ocr_line' id='line_1_123' title="bbox 1751 5682 2510 5746; baseline -0.001 -12"><span class='ocrx_word' id='word_1_934' title='bbox 1751 5684 1867 5735; x_wconf 81' lang='lat' dir='ltr'><strong>b&#39;tlio</strong></span> <span class='ocrx_word' id='word_1_935' title='bbox 1892 5694 2040 5743; x_wconf 74' lang='lat' dir='ltr'><strong>teste,</strong></span> <span class='ocrx_word' id='word_1_936' title='bbox 2063 5685 2110 5734; x_wconf 77' lang='grc' dir='ltr'><strong><em>ιό</em></strong></span> <span class='ocrx_word' id='word_1_937' title='bbox 2130 5683 2262 5734; x_wconf 68' lang='lat' dir='ltr'><strong>suctu</strong></span> <span class='ocrx_word' id='word_1_938' title='bbox 2282 5683 2330 5734; x_wconf 84' lang='grc' dir='ltr'><strong>ιὸ</strong></span> <span class='ocrx_word' id='word_1_939' title='bbox 2342 5682 2510 5746; x_wconf 56' lang='lat' dir='ltr'><strong>itania</strong></span> 
     </span>
    </p>
   </div>
  </div>
