3862 6310
209 216 316 273 681

206 332 601 402 manducanda,
628 348 748 405 quae
775 342 1052 389 remanent
1078 332 1147 391 de
1174 333 1450 391 sacriﬁciis
1478 349 1575 405 pro
1603 350 1795 405 pecca-

206 428 324 484 tis?
370 418 591 501 Propter
631 430 773 503 quod
830 431 1236 503 intelligendum
1286 440 1369 488 εει
1414 431 1530 487 haec
1575 440 1796 502 excepta

203 534 353 588 esse,
393 521 461 578 de
498 538 722 595 quorum
765 525 1022 596 sanguine
1059 526 1289 597 tangitur
1328 525 1457 580 illud
1497 525 1665 580 altare
1708 524 1793 578 in-

206 613 366 669 censi
396 614 447 670 in
480 616 816 673 tabernaculo
844 618 1152 674 testimonii.
1183 618 1294 673 Hoc
1333 617 1473 673 enim
1497 617 1655 686 jussit
1680 615 1795 671 ﬁeri

201 707 454 774 superius
493 707 561 763 de
587 708 753 763 vitulo
774 752 788 777 ,
830 725 987 780 quem
1032 725 1129 780 pro
1159 716 1377 780 peccato
1417 721 1515 763 suo
1544 707 1795 762 sacerdos

198 794 443 865 oﬂerret,
495 807 549 856 et
592 799 660 855 de
702 800 867 856 vitulo
911 816 1068 872 quem
1116 816 1213 871 pro
1259 809 1481 871 peccato
1530 799 1793 853 universa:

198 902 512 960 synagogas,
559 898 616 946 ut
652 906 842 947 carnes
882 908 1002 963 qum
1049 894 1425 958 remanserint,
1469 890 1600 946 foris
1643 896 1792 944 extra

196 988 376 1034 castra
401 981 972 1054 comburantur(Leuit.
1004 999 1078 1051 tv,
1106 981 1352 1055 12ει21)
1378 1000 1392 1037 :
1422 982 1524 1037 hoc
1551 991 1605 1036 et
1632 978 1792 1035 modo

196 1066 439 1130 breviter
462 1074 917 1129 commemoravit.

269 1160 418 1217 XIX.
470 1162 570 1236 [lb.
600 1181 693 1231 vn,
728 1165 805 1240 1.]
829 1165 897 1220 Et
924 1168 1025 1221 ista
1061 1177 1133 1222 est
1158 1168 1242 1222 lca:
1267 1168 1439 1222 arietis
1464 1166 1547 1238 qui
1577 1183 1669 1238 pro
1698 1166 1789 1218 de-

196 1251 318 1307 licto
347 1263 439 1323 est,
466 1266 642 1312 sancta
669 1268 959 1314 sanctorum
985 1270 1102 1315 sunt
1127 1276 1148 1315 :
1176 1260 1229 1315 id
1263 1270 1346 1316 est
1382 1261 1450 1317 ad
1485 1260 1789 1317 sacerdotes

193 1347 473 1414 pertinent
498 1350 886 1407 manducanda.

265 1438 390 1495 XX.
421 1440 521 1515 [lb.
549 1459 641 1513 vn,
667 1443 744 1518 7.]
765 1446 901 1514 Quid
926 1456 1008 1504 est
1033 1448 1175 1519 quod
1190 1448 1257 1505 de
1278 1448 1446 1505 ariete
1474 1463 1574 1521 pro
1592 1449 1788 1505 delicto

191 1547 320 1588 cum
367 1535 627 1606 dixisset,
670 1538 946 1611 legemque
988 1541 1232 1597 sacriﬁcii
1276 1542 1648 1613 exposuisset,
1689 1542 1783 1610 ait,

194 1625 469 1691 Quomodo
497 1629 632 1700 quod
657 1647 749 1701 pro
776 1642 1000 1703 peccato,
1032 1634 1103 1688 ita
1132 1644 1177 1689 et
1203 1636 1257 1688 id
1281 1636 1417 1706 quod
1441 1652 1534 1705 pro
1562 1635 1743 1689 delicto
1766 1651 1786 1689 :

190 1718 279 1770 lex
307 1735 414 1773 una
449 1729 520 1775 est
546 1724 756 1777 eorum?
782 1723 1047 1792 Quaeritur
1082 1727 1221 1781 inter
1249 1737 1523 1796 peccatum
1566 1735 1619 1782 et
1646 1726 1785 1782 deli-

188 1816 343 1863 ctum
390 1827 509 1881 quaa
549 1813 617 1867 sit
661 1804 999 1882 dill'ercntia;
1046 1819 1296 1887 quoniam
1342 1819 1387 1873 si
1432 1819 1576 1872 nulla
1617 1828 1780 1887 esset,

191 1900 346 1954 nullo
378 1902 538 1957 modo
562 1903 844 1972 diceretur,
887 1907 1149 1973 Quomodo
1173 1908 1309 1978 quod
1334 1926 1427 1979 pro
1451 1920 1673 1981 peccato,
1712 1912 1784 1963 ita

191 2002 239 2045 et
269 1995 411 2064 quod
439 2012 531 2066 pro
556 1996 757 2052 delicto.
794 1998 1048 2066 Quamvis
1074 2001 1217 2056 enim
1245 2003 1331 2056 lex
1365 2002 1585 2073 ejusque
1612 2003 1781 2056 sacri-

194 2083 380 2138 ﬁcium
423 2086 555 2141 nihil
594 2087 775 2156 distet,
804 2090 928 2160 quia
964 2091 1048 2145 lex
1087 2107 1190 2145 una
1230 2100 1313 2147 est
1348 2108 1572 2158 eorum;
1603 2102 1781 2148 tamen

190 2174 309 2244 ipsa
340 2175 468 2245 duo,
496 2194 721 2248 quorum
748 2196 910 2235 unum
936 2191 1017 2237 est
1042 2182 1381 2247 sacriﬁcium,
1412 2183 1463 2237 id
1487 2192 1569 2237 est
1595 2198 1783 2253 pecca-

195 2275 310 2321 tum
358 2278 414 2324 et
452 2269 722 2337 delictum,
753 2272 797 2326 si
844 2274 983 2329 inter
1024 2288 1083 2329 se
1124 2275 1254 2329 nihil
1300 2274 1595 2341 diﬁ‘errent,
1634 2286 1688 2331 et
1734 2276 1782 2332 si

190 2360 353 2413 unius
380 2360 458 2416 rei
497 2361 602 2416 duo
631 2364 843 2418 nomina
884 2374 1096 2432 essent,
1139 2382 1245 2420 non
1272 2376 1483 2421 curaret
1510 2366 1780 2436 Scriptura

193 2458 304 2504 tam
330 2451 616 2522 diligenter
642 2455 1019 2511 commendare
1047 2471 1211 2511 unum
1249 2472 1369 2513 esse
1394 2461 1671 2529 utriusque
1697 2473 1783 2513 sa-

191 2542 473 2600 criﬁcium.

264 2634 534 2693 Fortassis
556 2653 681 2709 ergo
701 2649 977 2711 peccatum
1004 2649 1087 2697 est
1114 2643 1439 2713 perpetratio
1468 2643 1613 2708 mali,
1644 2643 1780 2697 deli-

192 2734 337 2780 ctum
365 2737 542 2783 autem
577 2730 811 2787 desertio
838 2733 998 2789 boni:
1025 2744 1085 2789 ut
1112 2733 1557 2806 quemadmodum
1584 2736 1636 2790 in
1662 2738 1780 2790 lau-

193 2816 357 2873 dabili
382 2820 510 2886 vita,
540 2822 681 2877 aliud
719 2832 804 2879 est
838 2825 1107 2882 declinare
1149 2842 1179 2881 a
1210 2827 1370 2895 malo,
1417 2828 1560 2883 aliud
1603 2828 1781 2883 facere

191 2908 414 2979 bonum,
443 2913 584 2983 quod
625 2914 974 2972 admonemur
1007 2917 1216 2973 dicente
1240 2917 1530 2989 Scriptura,
1568 2917 1782 2973 Declina

192 3019 225 3056 α
250 3005 408 3071 malo,
435 3016 480 3059 et
508 3007 591 3075 fac
617 3007 800 3062 bonum
818 3007 989 3077 (Psal.
1013 3025 1206 3075 xxxvr,
1232 3010 1322 3080 27)
1344 3026 1358 3076 ;
1383 3010 1454 3065 ita
1481 3011 1535 3065 in
1557 3010 1783 3065 damna-

106 3084 109 3087 ’
192 3093 307 3160 bili,
332 3096 471 3151 aliud
496 3097 849 3171 sitdcclinare
868 3114 897 3153 a
919 3098 1080 3166 bono,
1106 3099 1249 3155 aliud
1273 3101 1447 3157 facere
1474 3102 1701 3167 malum;
1726 3111 1781 3157 et

194 3182 326 3238 illud
350 3186 618 3253 delictum,
644 3189 746 3245 hoc
772 3200 1047 3261 peccatum
1078 3192 1164 3246 sit.
1188 3191 1319 3246 Nam
1348 3201 1402 3247 et
1430 3193 1601 3262 ipsum
1624 3208 1781 3248 voca-

194 3277 379 3333 bulum
419 3280 464 3334 si
506 3282 835 3349 discutiatur,
867 3285 992 3354 quid
1019 3285 1163 3339 aliud
1188 3292 1345 3340 sonat
1377 3286 1648 3352 delictum,
1678 3286 1780 3341 nisi

193 3369 546 3427 derelictum?
572 3382 626 3428 et
653 3375 778 3444 quid
807 3375 1124 3446 derelinquit
1147 3375 1239 3445 qui
1259 3375 1535 3445 delinquit,
1565 3377 1665 3430 nisi
1688 3377 1784 3432 bo-

195 3461 365 3515 num?
394 3462 564 3519 Grazci
593 3465 753 3520 etiam
780 3465 886 3520 duo
911 3466 1123 3520 nomina
1156 3467 1346 3521 usitata
1372 3466 1497 3521 huic
1525 3467 1660 3537 pesti
1684 3470 1783 3521 im-

192 3565 510 3621 posuerunt.
550 3554 680 3610 Nam
726 3557 975 3612 delictum
1004 3559 1141 3629 apud
1169 3574 1262 3615 eos
1289 3568 1343 3615 et
1366 3566 1671 3630 παράπτωμα
1697 3561 1781 3617 di-

196 3644 336 3699 citur
362 3655 414 3700 et
442 3656 759 3716 πλημμέλιια.
781 3647 886 3704 Isto
902 3649 1018 3720 ipso
1040 3651 1235 3722 quippe
1253 3651 1369 3706 loco
1385 3652 1603 3707 Levitici
1621 3664 1781 3722 πλημ-

198 3744 370 3802 μέλεια
396 3748 495 3796 est.
529 3740 815 3810 Apostolus
843 3750 1019 3797 autem
1037 3743 1127 3799 ubi
1150 3743 1298 3809 dicit,
1322 3745 1383 3800 Si
1403 3755 1784 3816 prwoccupatus

199 3825 351 3893 fuerit
369 3828 517 3883 homo
541 3832 592 3885 in
617 3832 785 3903 aliquo
806 3832 985 3888 delicto
1007 3833 1197 3907 (Galat.
1225 3851 1299 3902 v1,
1324 3836 1400 3906 1),
1426 3844 1782 3895 παίαπτώιιατι

200 3931 407 3986 graecus
450 3919 637 3977 habet:
660 3939 886 3994 quorum
914 3927 1185 3981 nominum
1213 3927 1258 3983 si
1283 3928 1432 3998 origo
1469 3928 1785 3985 discutiatur

202 4008 253 4062 in
282 4022 656 4083 παραπτώματι,
690 4026 938 4088 tanquam
965 4019 1213 4075 decidere
1240 4020 1549 4091 intelligitur
1573 4022 1661 4092 qui
1692 4022 1785 4077 de-

203 4098 409 4171 linquit.
432 4103 584 4160 Unde
609 4105 834 4162 cadaver
854 4108 995 4178 quod
1015 4109 1187 4164 Latini
1208 4126 1238 4165 a
1254 4110 1493 4166 cadendo
1515 4111 1781 4178 dixerunt,

204 4207 373 4260 graece
389 4207 562 4263 πτῶμα
584 4196 799 4265 dicitur,
814 4201 910 4253 ἀπὸ
935 4201 1020 4254 eo?»
1043 4206 1253 4267 πιπτιιν,
1284 4201 1336 4255 id
1364 4210 1445 4256 est
1463 4201 1530 4256 ab
1553 4217 1618 4256 eo
1643 4203 1786 4272 quod

206 4295 284 4340 est
307 4286 518 4343 cadere.
548 4289 647 4356 Qui
671 4306 798 4362 ergo
824 4292 1093 4361 peccando
1122 4293 1319 4347 malum
1348 4292 1492 4359 facit,
1522 4293 1668 4363 prius
1694 4294 1786 4349 de-

208 4376 489 4450 linqnendo
516 4397 546 4436 a
582 4382 723 4440 bono
759 4382 920 4440 cadit.
951 4384 1020 4440 Et
1057 4395 1357 4455 πλημμέλεια
1385 4380 1559 4443 simile
1589 4404 1786 4444 nomen

208 4479 286 4524 est
314 4474 680 4545 negligentia:
706 4491 829 4530 nam
859 4492 1031 4547 grznce
1070 4479 1388 4549 negligentia
1426 4482 1626 4548 ἀμέλεια
1654 4480 1786 4535 dici-

211 4571 311 4634 tur,
342 4568 465 4638 quia
490 4584 630 4623 curae
651 4584 758 4625 non
783 4579 865 4625 est
890 4569 1031 4640 quod
1056 4571 1354 4641 negligitur.
1373 4572 1462 4627 Sic
1485 4573 1626 4628 enim
1653 4589 1786 4644 grae-

212 4666 301 4708 cus
333 4656 479 4726 dicit,
505 4657 621 4714 Non
642 4674 791 4726 curo,
821 4664 878 4714 οὗ
912 4668 1045 4729 μίλιι
1069 4684 1173 4730 μοι.
1205 4660 1466 4717 Particula
1501 4678 1631 4734 ergo
1669 4680 1787 4734 quae

213 4744 419 4802 additur
455 4759 597 4819 πλὴν,
624 4759 683 4807 ut
708 4751 912 4807 dicatur
940 4761 1258 4822 πλημμιλιια,
1287 4764 1480 4823 praeter
1504 4754 1786 4825 signiﬁcat,

214 4840 484 4906 militum
506 4841 649 4910 quod
695 4852 916 4898 vocatur
945 4843 1281 4914 negligentia,
1321 4843 1561 4900 videatur
1598 4859 1790 4901 sonare

216 4927 323 4985 sine
343 4946 502 4997 cura;
543 4941 842 5001 πλημμέλεια
870 4944 1062 5005 praeter
1089 4950 1291 5002 curam,
1328 4936 1468 5007 quod
1496 4952 1632 5008 pene
1669 4946 1790 4994 tan-

217 5022 444 5077 tumdem
471 5032 571 5079 est.
618 5024 753 5080 Hinc
788 5036 842 5081 et
867 5027 1078 5097 quidam
1123 5029 1293 5084 nostri
1322 5037 1643 5099 πλημμέλειαν
1682 5047 1790 5087 non

219 5106 479 5179 delictum,
515 5113 608 5169 sed
636 5115 1004 5185 negligentiam
1027 5119 1364 5187 interpretari
1394 5120 1713 5177 maluerunt.
1733 5121 1791 5177 in

222 5196 377 5255 latina
404 5202 575 5259 autem
606 5204 781 5275 lingua
807 5206 934 5276 quid
972 5207 1116 5263 aliud
1159 5210 1456 5281 negligitur,
1502 5212 1603 5268 nisi
1648 5212 1791 5283 quod

224 5306 319 5346 non
351 5296 560 5365 legitur,
589 5297 643 5351 id
672 5307 753 5353 est
772 5314 879 5353 non
908 5300 1149 5370 eligitur?
1185 5301 1337 5358 Unde
1372 5304 1531 5359 etiam
1564 5305 1734 5375 legem
1760 5320 1791 5361 a

227 5379 461 5453 legendo,
490 5386 540 5442 id
568 5395 649 5442 est
676 5388 743 5442 ab
766 5389 1011 5460 eligendo
1034 5392 1180 5447 latini
1202 5403 1445 5451 auctores
1474 5396 1790 5465 appellatam

228 5484 338 5528 esse
381 5475 647 5532 dixerunt.
693 5478 786 5535 llis
824 5480 1215 5549 quodammodo
1255 5485 1490 5553 vestigiis
1532 5486 1794 5557 colligitur

231 5566 364 5630 Quod
387 5569 477 5625 ille
509 5570 781 5641 delinquit,
822 5572 910 5643 qui
953 5573 1151 5629 bonum
1179 5575 1517 5647 derelinquit,
1547 5585 1600 5632 et
1628 5577 1794 5634 relin-

232 5656 432 5723 quendo
463 5674 492 5712 a
519 5662 657 5716 bono
679 5664 839 5728 cadit,
871 5667 993 5735 quia
1019 5668 1258 5739 negligit,
1300 5668 1355 5726 id
1379 5680 1483 5740 est,
1513 5686 1619 5728 non
1646 5671 1795 5744 legit.

460 5751 686 5815 Sacr.
731 5755 1009 5822 AUGUST.
1046 5758 1158 5819 III.
1474 5756 1498 5762 ⁷’
1586 5804 1603 5821 η
1643 5756 1653 5761 ’
1776 5756 1785 5761 ’

1592 204 1798 270 LIBER
1834 210 2148 271 TERTIUS.

3383 220 3491 280 682

1904 333 2184 389 Peccatum
2225 348 2351 389 vero
2375 336 2515 392 unde
2538 338 2609 393 sit
2640 338 2859 407 dictum,
2903 342 3043 413 quod
3069 358 3243 414 grtece
3271 346 3491 418 ἁμαρτία

1904 425 2114 492 dicitur,
2149 427 2201 480 in
2230 437 2413 481 neutra
2439 428 2612 499 lingua
2639 431 2769 485 mihi
2795 433 3007 488 interim
3035 438 3285 491 occurrit.

1973 515 2153 571 Potest
2171 518 2328 572 etiam
2350 519 2519 574 videri
2548 521 2675 577 illud
2703 537 2821 579 esse
2842 522 3092 580 delictum
3112 527 3253 596 quod
3278 528 3486 598 impru-

1900 606 2107 673 denter,
2156 609 2209 663 id
2247 620 2330 665 est
2372 611 2705 682 ignoranter;
2734 616 2861 671 illud
2907 627 3198 688 peccatum,
3245 621 3386 690 quod
3416 622 3484 677 ab

1899 700 2098 755 sciente
2126 704 2488 759 committitur.
2514 705 2647 763 Huic
2671 707 2984 764 differentia:
3012 712 3259 767 videntur
3283 713 3383 767 ista
3400 723 3479 770 te-

1897 792 2143 850 alimonia
2169 810 2462 853 consonare
2486 798 2659 854 divina
2682 818 2696 855 :
2718 800 2909 855 Delicta
2922 804 3033 875 quis
3053 805 3284 876 intelligit
3302 804 3478 876 (Psal.

1896 898 2050 950 xvm,
2104 886 2231 957 15)?
2279 889 2345 943 Et
2386 890 2533 954 illud,
2568 892 2817 957 Quoniam
2842 904 2896 949 tu
2919 897 3057 950 scisti
3086 898 3480 967 imprudentiam

1895 992 2059 1030 meam
2083 980 2372 1036 :continuo
2408 984 2603 1054 quippe
2632 996 2844 1042 secutus
2882 988 3143 1059 adjunxit,
3190 990 3259 1045 Et
3297 992 3482 1048 delicta

1894 1084 2006 1122 mea
2024 1086 2056 1122 a
2074 1078 2123 1125 te
2143 1087 2244 1125 non
2259 1082 2371 1126 sunt
2395 1072 2685 1128 abscondita
2703 1075 2873 1149 (Psal.
2905 1095 3088 1147 vam,
3106 1080 3164 1150 6)
3182 1099 3196 1148 ;
3216 1084 3359 1138 velut
3374 1084 3480 1139 alio

1893 1159 2054 1215 modo
2081 1171 2328 1231 repetens
2351 1165 2591 1220 eamdem
2610 1168 2943 1224 sententiam.
2963 1170 3074 1226 Nec
3094 1174 3162 1228 ab
3181 1173 3369 1229 eadem
3393 1190 3480 1229 ra-

1893 1251 2039 1305 tione
2080 1251 2348 1309 discordat
2388 1257 2527 1325 quod
2558 1259 2713 1327 paulo
2739 1270 2860 1315 ante
2889 1265 3300 1318 commemoravi
3330 1266 3476 1334 Apo-

1893 1342 2013 1397 stoli
2039 1343 2259 1411 dictum,
2288 1345 2349 1400 Si
2373 1360 2757 1420 prceoccupatus
2776 1352 2927 1421 fuerit
2943 1354 3093 1407 homo
3113 1354 3166 1408 in
3187 1355 3355 1426 aliqua
3383 1356 3476 1411 de-

1893 1431 2011 1487 licto
2032 1450 2051 1487 :
2071 1434 2195 1490 hinc
2223 1439 2362 1491 enim
2388 1440 2527 1508 quod
2558 1452 2985 1513 prmoccupatum
3003 1446 3149 1509 dicit,
3170 1446 3478 1516 impruden-

1892 1532 1976 1579 ter
2000 1525 2201 1597 lapsum
2233 1543 2353 1583 esse
2372 1531 2653 1599 signiﬁcat.
2684 1534 2962 1589 Peccatum
2983 1552 3112 1592 vero
3132 1538 3196 1591 ad
3216 1539 3478 1594 scientem

1894 1617 2157 1686 pertinere
2187 1622 2456 1690 apostolus
2487 1623 2717 1680 Jacobns
2758 1636 3006 1697 tanquam
3056 1630 3315 1686 deﬁniens
3357 1634 3471 1687 ait:

1891 1704 2085 1761 Scienti
2109 1710 2263 1779 igitur
2281 1712 2463 1767 bonum
2483 1714 2667 1783 facere,
2686 1726 2735 1771 et
2758 1734 2857 1771 non
2878 1720 3100 1787 facienti,
3122 1733 3382 1791 peccatum
3403 1734 3476 1777 est

1887 1796 1965 1851 illi
1992 1799 2195 1869 (Jacobi
2218 1818 2293 1869 tv,
2327 1807 2435 1875 17).
2460 1805 2566 1861 Sed
2592 1810 2703 1863 sive
2732 1810 2840 1876 illa,
2872 1813 2985 1866 sive
3014 1812 3132 1876 ista,
3160 1814 3272 1868 sive
3297 1815 3474 1885 aliqua

1887 1889 1988 1943 alia
2015 1891 2311 1949 diﬁ'erentia
2338 1896 2408 1951 sit
2439 1900 2636 1967 peccati
2667 1909 2720 1954 et
2751 1900 2947 1964 delicti,
2981 1903 3083 1957 nisi
3110 1904 3279 1974 aliqua
3307 1915 3469 1974 esset,

1887 1995 1995 2034 non
2020 1980 2291 2053 Scriptura
2319 1986 2388 2041 ita
2412 1988 2716 2058 loqueretur
2737 2000 2793 2045 ut
2812 1992 3030 2058 diceret,
3062 1993 3325 2057 Quomodo
3338 1998 3473 2063 quod

1887 2086 1981 2140 pro
2010 2084 2233 2142 peccato,
2265 2077 2336 2130 ita
2359 2088 2407 2132 et
2430 2081 2563 2150 quod
2590 2098 2681 2151 pro
2708 2083 2887 2137 delicto
2907 2099 2926 2137 :
2953 2086 3035 2138 lea:
3060 2102 3160 2138 una
3181 2096 3251 2139 est
3276 2104 3467 2141 eorum.

1954 2160 2323 2222 lndill‘erenter
2348 2179 2527 2224 autem
2560 2174 2869 2244 plerumque
2896 2175 3163 2243 dicuntur,
3189 2186 3246 2231 ut
3269 2187 3323 2235 et
3344 2195 3470 2248 pec-

1885 2260 2059 2307 catum
2082 2257 2297 2313 nomine
2319 2258 2520 2326 delicti,
2544 2272 2597 2315 et
2619 2262 2869 2318 delictum
2899 2268 3112 2323 nomine
3143 2270 3343 2337 peccati
3371 2284 3469 2339 apo

1885 2344 2127 2412 pelletur.
2150 2347 2334 2418 Neque
2360 2353 2500 2405 enim
2526 2367 2645 2406 cum
2667 2353 2860 2409 dicitur
2885 2355 2935 2409 in
2962 2358 3229 2427 Baptismo
3252 2359 3363 2413 ﬁeri
3387 2375 3470 2414 re-

1885 2434 2073 2490 missio
2100 2448 2459 2506 peccatorum,
2492 2458 2596 2497 non
2623 2445 2680 2497 ﬁt
2706 2446 2864 2500 etiam
2886 2447 3201 2503 delictorum
3225 2468 3237 2503 :
3263 2466 3362 2505 nec
3385 2458 3467 2504 ta-

1885 2541 2008 2582 men
2036 2536 2317 2601 utrumque
2343 2533 2555 2602 dicitur,
2586 2539 2707 2606 quia
2735 2538 2789 2593 in
2818 2540 2910 2595 illo
2947 2542 3161 2596 nomine
3191 2552 3471 2612 utrumque

1884 2618 2210 2692 intelligitur.
2251 2622 2338 2679 Sic
2380 2634 2435 2680 et
2480 2626 2732 2682 Dominus
2774 2631 2867 2697 ait,
2915 2647 3012 2701 pro
3057 2633 3236 2687 multis
3271 2634 3471 2688 eﬁ‘undi

1884 2712 2195 2782 sanguinem
2225 2729 2379 2770 suum
2407 2717 2459 2771 in
2482 2719 2848 2775 remissionem
2891 2732 3229 2792 peccatorum
3256 2724 3470 2796 (Matth.

1885 2815 2028 2867 xxvr,
2058 2802 2149 2875 28)
2174 2824 2186 2859 :
2218 2808 2473 2876 numquid
2502 2810 2752 2878 quoniam
2794 2828 2899 2866 non
2927 2813 3019 2875 ait,
3053 2823 3106 2868 et
3134 2815 3468 2883 delictorum,

1884 2890 2006 2946 ideo
2030 2895 2308 2965 quisquam
2334 2896 2514 2953 dicere
2542 2899 2755 2955 audebit
2780 2902 2834 2955 in
2860 2903 3115 2972 sanguine
3147 2905 3313 2973 ipsius
3334 2905 3467 2961 deli-

1883 2990 2091 3037 ctorum
2121 3000 2225 3039 non
2249 2985 2361 3041 ﬁeri
2388 2990 2759 3044 remissionem
2769 2992 2793 3045 ?
2812 2992 2943 3047 item
2961 2993 3100 3062 quod
3117 2996 3369 3063 scriptum
3388 3005 3473 3050 est

1883 3074 2024 3143 apud
2047 3077 2377 3144 Apostolnm,
2410 3077 2550 3133 Nam
2568 3081 2822 3151 judicium
2844 3084 3045 3153 quidem
3071 3101 3134 3138 ea:
3151 3102 3249 3138 uno
3272 3085 3324 3137 in
3345 3100 3471 3138 con-

1885 3164 2277 3235 demnationem,
2301 3171 2463 3240 gratia
2491 3187 2604 3225 vero
2633 3189 2695 3227 ea:
2721 3174 2889 3228 multis
2915 3176 3107 3230 delictis
3130 3176 3182 3229 in
3219 3176 3470 3245 iustiﬁca-

1886 3256 2071 3311 tionem
2092 3259 2266 3329 (Rom.
2289 3278 2343 3327 v,
2365 3261 2452 3333 16)
2475 3279 2488 3327 ;
2516 3264 2642 3333 quid
2664 3265 2805 3319 aliud
2833 3282 2991 3337 quam
3011 3268 3226 3322 nomine
3245 3266 3465 3322 delicto-

1885 3361 2002 3402 rum
2048 3352 2206 3406 etiam
2236 3363 2450 3423 peccata
2476 3356 2859 3424 comprehensa
2888 3358 3044 3412 sunt?

1956 3440 2015 3494 ln
2044 3440 2142 3497 hac
2167 3459 2377 3515 quoque
2405 3446 2515 3514 ipsa
2541 3445 2813 3516 Scriptura
2834 3448 3072 3517 Levitici,
3097 3465 3197 3519 qua
3228 3452 3469 3521 cogimur

1885 3532 2114 3603 aliquam
2161 3533 2301 3589 inter
2345 3534 2595 3590 delictum
2642 3545 3018 3607 peccatumque
3054 3538 3356 3593 distantiam
3383 3541 3471 3595 vel

1886 3622 2126 3678 invenire
2151 3625 2233 3678 vel
2263 3625 2502 3693 credere,
2528 3627 2598 3680 ita
2630 3627 2839 3696 legitur,
2869 3644 2987 3681 cum
3015 3628 3080 3682 de
3100 3628 3181 3682 his
3205 3630 3329 3698 ipsis
3351 3644 3469 3698 qum

1886 3727 1985 3783 pro
2014 3716 2245 3783 peccatis
2271 3714 2540 3770 otl'erenda
2566 3716 2891 3784 jubebantur
2916 3718 3191 3772 sacriﬁciis
3220 3719 3356 3773 Deus
3384 3721 3467 3773 lo-

1888 3816 2178 3876 queretur:
2204 3809 2264 3863 Si
2306 3819 2473 3864 autem
2511 3813 2692 3880 omnis,
2728 3812 2914 3883 inquit,
2959 3831 3219 3885 synagoga
3244 3816 3471 3885 ﬁliorum

1888 3896 2056 3953 Israel
2081 3900 2395 3970 ignoraverit,
2420 3910 2466 3955 et
2490 3903 2692 3957 latuerit
2708 3903 2909 3957 verbum
2925 3904 2986 3958 ab
3007 3905 3163 3959 oculis
3179 3922 3464 3977 synagogte,

1888 3998 1936 4043 et
1971 3991 2141 4061 fecerit
2166 4008 2323 4045 unum
2351 3993 2413 4045 ab
2439 3993 2669 4048 omnibus
2696 3994 2946 4048 mandatis
2973 3994 3178 4049 Domini
3203 3996 3337 4066 quod
3361 4013 3464 4051 non

1890 4085 1995 4153 ﬁet,
2018 4095 2063 4140 et
2088 4087 2401 4157 deliquerint,
2426 4097 2472 4141 et
2491 4090 2741 4159 cognitum
2760 4089 2861 4143 illis
2884 4088 3034 4158 fuerit
3060 4100 3312 4159 peccatum
3329 4090 3466 4160 quod

1892 4188 2212 4247 peccauerunt
2254 4180 2308 4232 in
2351 4196 2427 4232 eo.
2470 4180 2610 4235 Ecce
2651 4180 2737 4234 ubi
2766 4180 2915 4244 dixit,
2949 4181 3018 4234 Et
3056 4182 3368 4251 deliquerint,
3396 4182 3467 4236 ibi

1890 4270 2139 4323 continuo
2166 4280 2419 4339 peccatum
2437 4271 2570 4341 quod
2592 4280 2915 4339 peccauerunt
2932 4271 3152 4337 addidit,
3178 4271 3277 4326 hoc
3295 4272 3469 4341 ipsum

1891 4360 2070 4429 utique
2090 4359 2229 4429 quod
2256 4360 2608 4429 deliquerunt.
2631 4361 2694 4414 Et
2711 4361 2868 4429 paulo
2895 4370 3043 4429 post:
3070 4362 3310 4416 Siautem
3326 4363 3470 4433 priu-

1892 4467 2026 4521 ceps,
2055 4452 2239 4521 inquit,
2270 4453 2541 4520 peccaverit
2567 4460 2612 4505 et
2635 4453 2806 4522 fecerit
2827 4470 2984 4506 unum
3007 4453 3068 4506 ab
3089 4455 3317 4508 onmibus
3337 4471 3470 4525 prce-

1891 4542 2045 4611 captis
2074 4540 2275 4594 Domini
2295 4540 2392 4595 Dei
2409 4542 2507 4608 sui,
2538 4542 2670 4608 quod
2697 4559 2797 4596 non
2822 4543 2907 4612 ﬁet
2932 4544 3105 4597 nolens
3123 4544 3161 4607 ί,
3186 4553 3230 4597 et
3244 4544 3465 4614 deliquea

1892 4631 1977 4684 rit.
2011 4630 2139 4684 item
2170 4630 2223 4683 in
2250 4631 2727 4700 consequentibus:
2758 4630 2819 4686 Si
2852 4638 3017 4686 autem
3053 4634 3240 4700 animo,
3280 4634 3468 4704 inquit,

1893 4736 1999 4775 una
2026 4722 2295 4790 peccaverit
2321 4721 2514 4787 nolens,
2544 4722 2606 4775 de
2633 4724 2820 4793 popqu
2852 4732 3018 4791 terrae,
3048 4726 3099 4777 in
3122 4742 3177 4778 eo
3195 4725 3328 4791 quod
3348 4727 3472 4795 facit

1893 4813 1956 4866 ab
1971 4811 2199 4867 omnibus
2218 4812 2478 4883 praceptis
2493 4812 2696 4867 Domini
2714 4815 2850 4883 quod
2869 4831 2970 4869 non
2986 4816 3087 4882 fiet,
3114 4824 3161 4869 et
3187 4816 3468 4885 deliquerit,

1895 4914 1940 4959 et
1960 4904 2212 4975 cognitum
2239 4905 2390 4976 fuerit
2410 4904 2453 4958 ei
2478 4915 2733 4976 peccatum
2753 4907 2888 4977 quod
2914 4908 3130 4976 peccavit
3151 4908 3202 4960 in
3218 4908 3327 4987 ipso
3346 4906 3469 4978 (Le-

1894 4998 1981 5051 uit.
2012 5012 2085 5064 tv,
2131 4998 2219 5065 15,
2245 4998 2332 5064 14,
2360 4996 2449 5063 22,
2479 4997 2548 5053 27
2577 5010 2623 5052 et
2642 4998 2754 5070 28).
2787 4998 2917 5055 Item
2945 4999 3100 5053 alibi:
3125 4999 3306 5051 Anima
3331 5013 3472 5067 qua:-

1895 5106 2104 5160 cumque
2122 5090 2369 5160 juravcrit
2398 5090 2706 5162 distinguens
2725 5092 2870 5145 labiis
2890 5090 3186 5160 malefacere
3210 5094 3296 5141 aut
3323 5087 3476 5143 bene-

1895 5182 2078 5252 facere,
2121 5182 2395 5235 secundum
2432 5182 2603 5236 omnia
2641 5197 2961 5252 quaecumque
2998 5180 3280 5233 distinxerit
3323 5182 3472 5234 homo

1895 5287 2010 5324 cum
2038 5272 2397 5343 jurejurando,
2424 5280 2473 5325 et
2500 5271 2701 5325 latuerit
2727 5287 2861 5337 eum,
2897 5279 2944 5323 et
2976 5270 3058 5323 hic
3092 5270 3390 5340 cognoverit,
3430 5278 3480 5323 et

1899 5365 2167 5435 peccauerit
2191 5382 2348 5418 unum
2372 5381 2432 5419 ea:
2452 5365 2529 5418 his
2542 5385 2563 5429 ;
2587 5371 2632 5416 et
2654 5367 2911 5434 confessus
2932 5363 3083 5433 fuerit
3104 5370 3358 5434 peccatum
3385 5380 3478 5433 pro

1897 5474 1995 5528 quo
2026 5458 2244 5529 peccavit
2264 5458 2500 5511 adversus
2526 5456 2715 5527 ipsum,
2744 5465 2790 5509 et
2812 5453 2986 5522 offeret
3006 5471 3097 5525 pro
3126 5455 3196 5508 eis
3216 5471 3329 5526 qua:
3347 5456 3477 5509 deli-

1898 5551 2005 5621 quit
2044 5549 2283 5615 Domino,
2324 5566 2415 5618 pro
2458 5564 2513 5601 eo
2556 5555 2755 5617 peccato
2798 5548 2930 5616 quod
2961 5548 3198 5615 peccavit.
3227 5548 3295 5603 Et
3318 5548 3477 5617 paulo

1966 5684 1983 5713 ¹
2009 5689 2077 5732 tta
2096 5683 2144 5729 in
2166 5688 2270 5731 Mss.
2299 5688 2348 5730 et
2372 5680 2495 5743 apud
2519 5688 2625 5730 Lxx
2668 5690 2722 5732 At
2742 5695 2792 5730 ιιι
2813 5682 2970 5741 editis,
2996 5694 3088 5732 non
3108 5682 3222 5745 fecit
3244 5680 3417 5735 volens.
3478 5744 3482 5753 »

2669 5771 2704 5845 (
2715 5764 3169 5844 Vingt—dettx./
