3862 6312
432 206 542 265 685

419 327 545 390 post
565 334 578 373 :
606 313 674 371 Et
692 313 888 371 locatus
911 319 988 372 est
1005 309 1255 368 Dominus
1273 307 1340 362 ad
1360 305 1573 377 Moysen
1592 303 1784 366 dicens,
1807 299 2012 390 Anima,

423 389 464 466 si
485 407 688 464 latuerit
712 420 826 464 eum
852 403 1119 467 oblivione,
1153 409 1202 460 et
1233 397 1510 471 peccauerit
1547 393 1725 452 nolens
1759 408 1794 446 a
1827 389 2016 448 sanctis

418 501 652 567 Domini,
681 498 855 567 offeret
892 496 1064 554 delicti
1103 495 1181 552 sui
1209 491 1431 552 Domino
1456 489 1661 548 arietem
1685 487 1794 544 sine
1813 483 2015 542 macula

417 595 482 655 de
509 592 696 658 ovibus,
736 589 898 662 pretio
931 586 1128 659 argenti
1152 584 1392 641 sicterum
1417 582 1543 642 sicto
1578 591 1772 646 sancto,
1799 595 1892 652 pro
1916 593 2015 649 quo

417 685 661 754 deliquit;
687 691 733 742 et
761 675 855 756 pro
877 696 976 751 quo
1003 678 1222 750 peccavit
1242 693 1276 730 a
1295 677 1506 740 sanctis,
1535 672 1780 738 restituet,
1803 680 1851 726 et
1867 670 2014 741 quin-

418 786 496 834 tas
519 775 722 845 adjiciat
746 789 903 843 super
926 770 1074 834 illud,
1097 778 1146 826 et
1170 768 1305 822 dabit
1328 766 1458 829 illud
1475 764 1723 827 sacerdoti
1741 779 1760 823 .'
1775 771 1821 820 et
1848 778 2015 820 sacer-

419 869 514 934 dos
553 867 780 928 exorabit
825 881 918 936 pro
945 881 1004 922 eo
1039 865 1092 918 in
1133 862 1289 916 ariete
1316 860 1505 924 delicti,
1535 869 1580 914 et
1607 857 1886 914 remittetur
1914 854 2010 914 illi.

421 960 677 1030 Sequitur
706 957 881 1012 adhuc
904 964 959 1016 ct
983 953 1112 1014 dicit
1133 971 1148 1008 :
1167 952 1350 1008 Anima
1377 965 1698 1021 qutccuntque
1719 946 2009 1017 peccaverit,

421 1063 470 1113 et
496 1052 665 1122 fecerit
692 1066 847 1108 unum
873 1046 935 1106 ob
961 1045 1188 1102 omnibus
1223 1043 1490 1116 prtcceptis
1526 1040 1750 1104 Domini,
1777 1054 1889 1110 quat
1913 1053 2014 1096 non

421 1154 615 1217 oportet
636 1143 766 1213 ﬁeri,
789 1150 836 1196 et
857 1157 958 1196 non
977 1138 1259 1209 cognoverit
1279 1137 1319 1202 ί,
1343 1145 1389 1190 et
1404 1133 1686 1203 deliquerit,
1705 1140 1748 1186 et
1770 1128 2015 1200 acceperit

424 1247 684 1308 peccatum
714 1249 893 1298 suum;
921 1240 969 1288 et
998 1229 1172 1297 o/feret
1199 1228 1408 1286 arietem
1439 1225 1502 1280 de
1530 1223 1701 1278 oribus
1738 1221 1897 1292 pretio
1924 1235 2014 1274 ar-

421 1328 556 1400 genti
585 1327 636 1382 in
664 1326 900 1382 delictum
923 1323 988 1376 ad
1012 1321 1360 1381 sacerrimam:
1382 1316 1707 1388 exorabttque
1725 1329 1816 1384 pro
1841 1329 1900 1368 eo
1929 1328 2018 1370 sa-

419 1417 616 1482 cerdos,
647 1433 739 1486 pro
777 1417 1063 1486 ignorantia
1089 1416 1200 1486 ejus
1228 1427 1380 1483 quant
1412 1409 1682 1480 ignorarit,
1708 1416 1754 1464 et
1779 1407 1887 1478 ipse
1913 1420 2016 1464 non

417 1509 583 1572 scivit,
617 1517 664 1564 et
701 1508 979 1566 remittetur
1015 1504 1113 1565 illi.
1146 1503 1372 1574 Deliquit
1409 1502 1540 1558 enim
1566 1501 1746 1556 delicto
1774 1499 2014 1554 delictum

417 1609 536 1656 ante
564 1598 836 1658 Dominum
859 1595 1046 1667 (Leuit.
1069 1595 1254 1666 v,[4-(i,
1273 1594 1482 1665 14-19).
1504 1593 1568 1649 Et
1584 1592 1757 1647 adhuc
1768 1592 1838 1646 ita
1853 1590 2009 1646 dicit:

421 1688 491 1750 Et
513 1690 705 1744 locutus
726 1698 796 1742 est
824 1687 1071 1746 Dominus
1097 1686 1167 1742 ad
1194 1685 1407 1755 Moysen
1432 1684 1624 1751 dicens,
1659 1683 1846 1740 Anima
1872 1696 2013 1751 qucu-

419 1798 635 1852 cumque
651 1781 921 1852 peccaverit
941 1787 988 1842 et
1015 1778 1291 1850 despiciens
1321 1771 1604 1848 despexerit
1631 1783 1880 1846 pratcepta
1904 1772 2015 1828 Do-

420 1877 573 1940 mini,
609 1886 654 1934 et
685 1875 918 1928 mentitus
939 1873 1089 1946 fuerit
1116 1888 1230 1944 qua:
1251 1882 1368 1930 sunt
1394 1871 1461 1926 ad
1489 1872 1773 1940 proximum
1799 1869 1861 1924 de
1880 1884 2014 1922 com-

417 1965 739 2028 mendatione
758 1973 844 2021 aut
874 1963 934 2020 de
952 1963 1208 2024 societate,
1232 1970 1318 2018 aut
1337 1962 1401 2016 de
1419 1961 1623 2031 rapina,
1653 1971 1740 2014 aut
1773 1959 2013 2030 injuriam

419 2056 590 2128 fecerit
604 2056 822 2124 aliquam
839 2054 1087 2123 proximo,
1103 2064 1190 2108 aut
1206 2054 1446 2108 inuenerit
1462 2053 1809 2123 perditionem,
1825 2061 1869 2107 et
1883 2068 2013 2110 men-

420 2147 540 2208 titus
563 2148 714 2218 [tterit
731 2146 793 2202 de
807 2163 883 2210 eo,
911 2155 955 2202 et
974 2146 1221 2213 juraverit
1247 2146 1428 2216 injuste
1467 2145 1530 2198 de
1566 2161 1667 2199 uno
1698 2144 1759 2198 ab
1784 2145 2014 2200 omnibus

418 2252 740 2305 quacumque
760 2237 930 2306 fecerit
951 2237 1120 2299 Iwmo,
1147 2237 1219 2290 ita
1243 2244 1298 2289 ut
1325 2245 1488 2304 peccet
1510 2235 1561 2291 in
1585 2234 1663 2288 Itis
1683 2249 1701 2288 :
1720 2244 1766 2288 et
1787 2235 1879 2288 erit
1899 2250 2014 2287 cum

421 2329 716 2397 peccaverit,
743 2338 788 2382 et
813 2328 1098 2398 deliquerit,
1125 2336 1170 2381 et
1199 2325 1372 2380 reddet
1398 2325 1629 2396 rapinam
1650 2341 1802 2395 quant
1823 2324 2009 2394 rapuit,

420 2429 507 2476 aut
534 2420 772 2491 injuriant
793 2437 943 2491 quam
966 2420 1154 2483 nocuit,
1179 2428 1264 2472 attt
1283 2416 1686 2474 commendatum
1702 2416 1838 2486 quod
1858 2417 2013 2486 depa-

418 2511 570 2572 situm
585 2523 658 2570 est
685 2512 824 2583 apud
853 2528 986 2576 eum,
1017 2519 1105 2566 aut
1134 2508 1484 2579 perditionem,
1522 2524 1674 2578 quam
1711 2508 1917 2570 invenit,
1948 2506 2012 2562 ab

419 2602 557 2662 omni
581 2617 634 2654 re
647 2601 996 2673 quautjurarit
1019 2616 1111 2670 pro
1139 2615 1196 2656 ea
1217 2599 1432 2669 injuste;
1449 2606 1494 2650 et
1514 2597 1735 2652 restituet
1756 2600 1943 2667 ipsum,
1966 2606 2013 2651 et

418 2694 622 2762 quintae
655 2696 763 2765 ejus
789 2693 990 2764 adjiciat
1015 2692 1082 2745 ad
1108 2690 1257 2753 illud,
1286 2691 1432 2759 cujus
1461 2699 1533 2742 est
1576 2689 1675 2759 ipsi
1713 2689 1921 2754 reddet;
1963 2698 2013 2743 et

418 2802 518 2858 qua
542 2787 624 2840 die
649 2787 902 2840 convictus
922 2785 1070 2856 fuerit
1090 2784 1259 2844 delicti
1280 2785 1360 2838 sui
1378 2785 1420 2850 ³,
1446 2781 1620 2850 o/feret
1648 2783 1865 2839 Domino
1880 2784 2012 2838 arie—

419 2886 518 2940 tem
547 2876 607 2931 ab
637 2877 808 2929 ovibus
832 2875 939 2928 sine
975 2873 1194 2937 macula,
1237 2873 1396 2944 pretio
1439 2874 1492 2928 in
1533 2873 1670 2944 quod
1695 2873 1903 2942 deliquit
1925 2887 1943 2927 :
1963 2881 2012 2926 et

419 2967 643 3031 exorabit
666 2983 759 3035 pro
788 2981 845 3019 eo
874 2964 1108 3019 sacerdos
1133 2974 1249 3022 ante
1267 2964 1560 3027 Dominum,
1580 2973 1625 3018 et
1643 2963 2012 3019 remitteturilli

419 3057 483 3118 de
497 3072 596 3108 uno
613 3057 674 3108 ab
692 3056 921 3110 omnibus
937 3071 1050 3123 qua:
1065 3055 1202 3124 fecit,
1221 3065 1266 3112 et
1285 3055 1493 3126 deliquit
1506 3056 1557 3113 in
1573 3072 1630 3108 eo
1649 3053 1741 3123 (Id
1751 3098 1760 3106 .
1780 3072 1852 3120 Vl,
1881 3057 2008 3126 I-7).

417 3144 566 3210 Penc
587 3162 715 3216 ergo
750 3147 804 3200 in
833 3145 1082 3204 omnibus
1119 3147 1270 3205 Iactis
1309 3163 1428 3216 qum
1465 3146 1594 3202 dicit
1622 3163 1742 3202 csse
1771 3160 2005 3217 peccata,

418 3237 603 3301 eadem
625 3237 782 3296 etiam
815 3236 1008 3298 delicta
1033 3238 1179 3292 dicit.
1207 3237 1544 3308 Quapropter
1566 3248 1621 3294 et
1648 3239 2008 3295 iudill‘crcutor

419 3342 483 3382 ea
510 3327 615 3382 dici
647 3328 980 3390 manifestum
1007 3338 1092 3384 est.
1119 3330 1298 3389 multis
1336 3330 1726 3399 Scripturarum
1760 3330 1920 3395 locis;
1953 3340 2009 3386 et

416 3419 618 3486 habere
644 3419 841 3489 aliquid
870 3420 1182 3482 dillercntite
1204 3420 1478 3489 Scriptura
1511 3428 1753 3483 testatur,
1785 3438 1906 3492 quat
1927 3423 2009 3478 di-

417 3511 510 3577 ait,
542 3510 686 3570 Sicut
711 3511 844 3580 quod
870 3528 959 3590 pro
988 3522 1211 3580 peccato,
1230 3513 1300 3571 ita
1322 3523 1367 3570 et
1393 3513 1527 3580 quod
1553 3529 1645 3580 pro
1669 3513 1869 3567 delicto.

440 3663 443 3665 _
487 3602 628 3665 XXI.
671 3603 769 3676 [1b.
799 3619 892 3667 vu,
923 3603 1134 3676 25925.]
1164 3604 1375 3667 Omnem
1400 3605 1601 3675 adipem
1619 3605 1767 3659 boum
1781 3617 1826 3660 et
1842 3607 2008 3662 ouium

415 3704 464 3756 et
489 3713 760 3766 caprarum
781 3715 881 3754 non
903 3697 1079 3759 edetis,
1103 3707 1149 3752 et
1176 3697 1332 3769 adeps
1362 3699 1740 3752 morticinorum
1762 3710 1810 3753 et
1839 3717 1871 3756 a
1895 3705 2006 3772 fere

414 3797 682 3859 captorum
711 3789 796 3857 [iet
821 3790 874 3844 in
906 3805 1052 3843 omne
1089 3805 1236 3858 aptis,
1266 3801 1313 3844 et
1341 3790 1450 3844 cibo
1477 3808 1576 3845 non
1601 3792 1792 3846 edatur.
1828 3792 2006 3852 Omnis

413 3880 500 3956 qui
520 3881 674 3943 ederit
699 3881 783 3934 adi
788 3897 900 3950 pem
918 3898 949 3936 α
965 3882 1224 3951 pecoribus
1243 3897 1356 3951 quas
1374 3881 1594 3950 o/feretis
1610 3884 1672 3937 ab
1693 3886 1764 3938 eis
1786 3885 2005 3941 Itostimn

411 3970 656 4036 Domino,
684 3971 860 4041 peribit
885 3973 1055 4028 anima
1079 3972 1171 4027 illa
1196 3973 1258 4026 de
1288 3974 1474 4042 populo
1503 3992 1613 4030 suo.
1657 3977 1872 4032 Dixerat
1910 3993 2003 4032 επις

413 4063 616 4134 purius,
645 4062 714 4120 de
739 4063 916 4132 adipe,
963 4063 1140 4122 Omnis
1179 4065 1336 4136 adeps
1369 4065 1590 4122 Domino
1626 4067 1735 4139 (Id.
1769 4086 1845 4138 tu,
1879 4071 2000 4142 td);

418 4165 475 4224 οι
513 4159 892 4227 ιιιιίιξείθηιιιιιιε
932 4167 1107 4214 utrum
1134 4161 1308 4214 omnis
1336 4161 1555 4215 omnino
1583 4164 1792 4231 pecoris
1818 4165 2001 4219 mundi

409 4246 669 4313 duntaxat
685 4248 828 4323 (nam
851 4249 918 4305 de
934 4251 1218 4305 immundis
1243 4253 1384 4308 nulla
1404 4253 1627 4324 quaestio
1649 4256 1749 4326 est)
1769 4273 1784 4320 ;
1806 4267 1860 4311 et
1875 4257 2002 4327 quid

414 4339 485 4402 de
529 4342 684 4412 adipe
712 4344 884 4409 ﬁeret,
913 4357 1072 4411 quem
1102 4343 1268 4398 vetuit
1309 4344 1366 4398 in
1407 4359 1585 4399 escam
1617 4347 1832 4402 venire:
1861 4364 2003 4405 nunc

411 4442 593 4497 autem
621 4435 752 4490 dixit
772 4434 897 4505 quid
923 4434 1077 4490 ﬁeret
1093 4433 1161 4489 de
1187 4434 1343 4504 adipe
1365 4437 1627 4491 morticini
1651 4447 1706 4492 ct
1730 4455 1757 4494 ιι
1786 4438 1895 4493 fera
1915 4457 2005 4496 ca-

413 4526 512 4595 pti,
544 4536 599 4580 ut
619 4527 686 4579 sit
713 4527 764 4581 in
785 4541 944 4581 omne
965 4541 1130 4594 opus;
1157 4542 1314 4582 omne
1339 4542 1491 4596 opus,
1517 4530 1698 4599 utique
1719 4531 1846 4585 illud
1870 4547 2003 4601 opus

414 4615 504 4678 οιιὶ
533 4616 637 4672 tale
665 4615 860 4684 aliquid
884 4616 1240 4670 necessarium
1266 4626 1366 4672 est.
1401 4616 1552 4672 Unde
1575 4621 1832 4676 remansit
1851 4637 2000 4691 quat-

409 4705 538 4774 stio,
569 4705 694 4773 quid
735 4707 826 4761 ﬁat
861 4707 930 4763 de
972 4707 1127 4778 adipe
1163 4719 1478 4764 cancrorum
1520 4711 1850 4779 animalium,
1883 4729 2003 4783 quae

412 4797 651 4858 munda'
676 4807 801 4853 sunt
839 4798 906 4858 ad
945 4800 1287 4857 vescendum.
1330 4801 1436 4857 Sed
1469 4818 1588 4858 cum
1633 4804 1761 4858 dicit
1787 4821 2001 4861 omnem

415 4888 649 4950 animum
675 4889 847 4959 perire
861 4888 928 4945 de
945 4892 1138 4961 populo
1155 4907 1274 4958 suo,
1293 4893 1383 4962 qui
1400 4893 1568 4948 ederit
1584 4893 1792 4964 adipem
1813 4911 1999 4951 eorum

412 4992 691 5048 pecorum,
709 4995 773 5036 ex
796 4980 988 5051 quibus
1009 4981 1234 5038 Domino
1251 4983 1491 5045 oll'crtur,
1510 4984 1717 5040 \‘idcllil‘
1733 4985 2002 5044 delituisse

406 5069 556 5128 illum
587 5082 786 5129 tantum
811 5074 1023 5144 adipem
1047 5075 1116 5130 de
1136 5076 1417 5145 pecoribus
1435 5077 1646 5130 mundis
1673 5079 1997 5146 prohibitum

403 5162 738 5231 manducari,
764 5166 1048 5236 erqnibus
1069 5167 1128 5220 Iit
1150 5167 1464 5230 sacriﬁcium
1487 5186 1501 5222 :
1523 5169 1764 5238 quamvis
1783 5169 1999 5230 iudices

403 5252 736 5316 audierimus
763 5256 964 5312 nullum
991 5255 1210 5314 omnino
1236 5256 1446 5328 adipem
1475 5259 1526 5312 iu
1557 5273 1733 5318 escam
1759 5275 1994 5324 sumere.

465 5387 689 5466 {peerat
721 5399 817 5442 non
852 5389 904 5443 In
947 5393 1179 5455 excusis;
1223 5397 1273 5444 at
1293 5393 1342 5443 in
1363 5399 1471 5446 Mss.
1499 5404 1550 5447 et
1571 5393 1698 5460 apud
1713 5405 1823 5449 Lxx
1843 5412 1996 5466 repe-

400 5450 528 5503 Ihm

464 5486 557 5583 ξιξ.
583 5513 784 5575 habent,
795 5528 891 5583 qua
913 5515 993 5568 die
1013 5516 1254 5572 convictus
1272 5518 1446 5583 fuerit:
1465 5527 1511 5574 et
1529 5519 1695 5576 delicti
1705 5520 1802 5576 sui.
1811 5524 1996 5583 Lectio!»

399 5571 545 5624 IIIEr.
575 5583 626 5626 et
649 5571 1098 5630 lsovfadbrercmus.
1155 5585 1213 5629 nt.

382 5679 397 5701 κ
464 5633 490 5672 ³
503 5636 648 5701 Batti,
669 5636 952 5696 immaniter.
967 5649 1078 5698 Mss.
1099 5643 1318 5702 metiaris
1336 5651 1486 5711 notae,
1500 5645 1702 5701 numda.

1254 188 1720 263 QUESTIONUM
1755 188 1815 247 8.
1853 180 2218 246 Αυιιυετιιιι
2255 181 2322 244 IN
2356 183 2918 243 HEPTATEUCHUM

2125 295 2234 354 Sed
2257 296 2385 368 Quid
2407 295 2677 367 Scriptura
2702 297 2950 366 voluerit,
2973 311 3082 358 non
3101 298 3230 368 quid
3251 299 3326 356 illi
3353 301 3565 372 opinati
3590 301 3694 366 I'uc-

2121 387 2249 455 rint,
2277 387 2679 460 requirendum.
2703 388 2943 466 Denique
2969 402 3079 446 non
3107 389 3380 452 inveniunt.
3407 392 3541 463 quid
3570 406 3698 453 recte

2122 480 2188 540 de
2213 479 2369 554 adipe
2395 479 2613 548 faciant,
2645 481 2787 538 unde
2806 495 2865 539 se
2883 480 3172 548 abstinent,
3203 484 3555 554 etquomodo
3585 503 3697 546 eum

2121 572 2422 648 projiciant,
2463 587 2586 630 cum
2628 572 2828 630 dictum
2857 573 2943 640 sit,
2984 571 3160 630 Omnis
3199 575 3353 644 adeps
3377 575 3637 644 Domino;
3661 581 3699 635 si

2119 665 2458 736 nonadipcm
2503 665 2886 726 sacriﬁciorum
2938 674 3162 734 tantum,
3197 668 3292 728 sed
3335 670 3502 728 etiam
3529 687 3697 730 eorum

2118 757 2427 816 animalium
2455 757 2524 818 dc
2561 759 2755 828 quibus
2794 773 2898 814 non
2943 759 3291 829 sacriﬁcatur,
3335 763 3584 834 quamvis
3610 765 3698 824 im-
3737 827 3740 832 ,

2118 850 2458 913 mundorum,
2493 849 2580 906 hic
2609 851 2795 908 volunt
2827 851 3072 922 intelligi.

2192 940 2360 1000 XXII.
2392 939 2495 1015 [ιιι.
2512 958 2605 1007 vn,
2629 940 2841 1014 29-54.]
2865 942 3000 1008 Quid
3019 943 3119 1000 sibi
3145 943 3260 1000 vult
3285 945 3430 1014 quod
3460 944 3533 1004 de
3555 949 3702 1008 sacri-
3735 947 3750 1005 ι

2119 1033 2250 1090 ﬁciis
2270 1035 2516 1088 salutaris
2549 1033 2742 1089 iterum
2765 1034 3035 1099 admonet,
3055 1044 3111 1094 ct
3134 1036 3282 1105 dicit,
3304 1052 3429 1096 eum
3451 1040 3540 1108 qui
3563 1041 3704 1098 ntlert

2117 1126 2315 1184 donum
2336 1125 2577 1184 sacriﬁcii
2602 1126 2843 1184 salutaris
2858 1127 2962 1196 Sui,
2986 1131 3347 1199 pectusculum
3367 1142 3423 1190 ct
3444 1131 3704 1193 brachium

2117 1218 2485 1280 sacerdotibus
2513 1219 2643 1278 dare
2671 1219 2890 1287 debere,
2920 1221 2988 1278 ita
3019 1227 3224 1284 tamen.
3258 1232 3316 1282 ut
3342 1223 3516 1298 adeps
3549 1236 3707 1294 poclu-

2118 1310 2250 1364 sculi
2279 1309 2532 1364 oll‘cratur
2561 1310 2784 1365 Domino
2810 1310 3114 1380 compinna
3134 1312 3394 1384 jecinoris
3415 1316 3468 1381 ιε
3491 1331 3613 1374 cum
3628 1331 3706 1372 su-

2119 1401 2299 1476 pcrius
2319 1402 2545 1478 loquens
2567 1401 2634 1458 de
2657 1403 2936 1462 sacriﬁciis
2959 1404 3208 1467 Salutaris
3225 1407 3442 1476 pinnam
3467 1409 3708 1478 jecinoris

2118 1509 2239 1554 cum
2267 1495 2422 1565 adipe
2452 1495 2652 1552 ventris
2687 1504 2742 1554 ct
2765 1512 2950 1555 renum
2987 1506 3041 1554 et
3064 1498 3365 1558 lumborum
3395 1489 3584 1560 oﬁ'nrri
3613 1503 3706 1558 Do-

2118 1584 2265 1640 mino
2297 1587 2615 1658 perceperit
2638 1585 2819 1659 (Lavit.
2844 1603 2916 1654 tv,
2937 1585 3016 1661 9),
3039 1590 3261 1646 tacuerit
3282 1599 3463 1646 autem
3483 1590 3551 1654 de
3566 1593 3708 1662 adipe

2117 1677 2446 1749 pectusculi?
2467 1680 2547 1734 An
2569 1679 2708 1752 quod
2729 1679 2798 1736 ibi
2818 1683 3179 1750 praetermisit,
3207 1681 3291 1740 Itic
3307 1686 3708 1743 commemorat?

2117 1766 2442 1851 Quarc‘ergo
2479 1769 2546 1825 de
2587 1769 2746 1846 pinna
2777 1770 3032 1844 jecinoris
3058 1783 3112 1830 ct
3138 1773 3207 1830 ibi
3233 1783 3288 1832 et
3313 1775 3435 1836 hic?
3468 1779 3549 1832 An
3586 1775 3709 1834 forte

2116 1860 2317 1932 aliquid
2359 1861 2585 1924 interest
2626 1863 2768 1936 quod
2817 1866 3062 1933 superius
3090 1866 3159 1925 de
3183 1867 3450 1928 sacriﬁcio
3476 1869 3709 1926 salutaris

2118 1953 2387 2030 prtcccpit.
2415 1954 2502 2012 llic
2521 1963 2697 2014 autent
2729 1955 2931 2014 addidit
2957 1957 3059 2028 sui,
3089 1964 3340 2030 tanquam
3365 1957 3517 2018 aliud
3549 1960 3614 2016 sit
3635 1973 3710 2014 sa-

2118 2045 2322 2108 lutaris,
2355 2044 2498 2102 aliud
2531 2047 2777 2102 salutaris
2806 2047 2924 2102 sui?

2191 2136 2381 2194 XXIII.
2416 2136 2514 2212 [lb.
2546 2153 2599 2194 ιι·
2621 2180 2636 2204 ,
2663 2139 2755 2194 5-7
2777 2178 2792 2204 ,
2821 2146 2876 2198 et
2916 2154 3042 2204 rut,
3068 2137 3139 2206 2,
3174 2139 3258 2202 14,
3294 2140 3392 2206 I5,
3423 2137 3545 2214 28.]
3589 2139 3710 2196 Cum

2115 2229 2373 2286 sacriﬁcia
2416 2244 2513 2300 pro
2553 2229 2783 2298 peccatis
2813 2229 2962 2300 prius
2989 2240 3465 2298 commemoraret,
3500 2231 3708 2288 vitulum

2115 2320 2250 2376 dixit
2295 2319 2625 2376 oﬂ‘ercudmtt
2661 2336 2755 2390 pro
2784 2330 3002 2390 peccato
3032 2321 3322 2380 sacerdotis
3343 2364 3358 2388 ,
3389 2323 3484 2392 qui
3514 2321 3711 2378 fecisset

2116 2411 2368 2482 populum
2393 2427 2633 2481 peccare;
2660 2421 2841 2480 postca
2864 2414 3024 2470 etiam
3043 2414 3256 2484 quando
3298 2416 3536 2474 narravit
3575 2413 3708 2472 Scri-

2118 2512 2292 2574 ptura,
2307 2503 2752 2573 quemadmodum
2771 2519 2833 2558 ea
2858 2522 2975 2573 qtae
2999 2506 3246 2574 pra’ccpit
3273 2506 3552 2571 Dominus,
3569 2513 3708 2576 gesta

2116 2605 2241 2652 Sttlll
2268 2611 2390 2666 erga
2419 2597 2596 2654 Aaron
2624 2607 2676 2651 ct
2705 2597 2841 2654 ﬁlios
2871 2597 3022 2666 ejus,
3047 2597 3243 2654 dicitur
3279 2597 3496 2654 oblatus
3525 2598 3709 2652 vitulus

2117 2701 2216 2758 pro
2253 2699 2509 2758 peccato;
2552 2688 2645 2746 sed
2687 2689 2937 2760 superius
2960 2689 3027 2746 de
3054 2692 3310 2764 sanguine
3335 2692 3489 2747 vituli
3513 2704 3707 2746 cornua

2129 2779 2266 2848 tangi
2295 2780 2545 2848 przrccpit
2569 2779 2751 2840 altaris
2779 2780 2978 2838 incensi
3004 2821 3020 2846 ,
3049 2781 3440 2853 aSpCIgcnduut
3465 2783 3625 2838 etiam
3653 2795 3710 2837 ex

2125 2866 2239 2939 ipso
2280 2870 2534 2940 sanguine
2577 2880 2761 2929 contra
2792 2871 2966 2928 velum
2996 2881 3268 2939 sanctum,
3303 2874 3566 2944 reliquum
3597 2885 3712 2927 vero

2114 2960 2424 3029 sanguinem
2468 2960 2794 3019 fundendum
2835 2961 2902 3020 ad
2944 2961 3114 3022 basim
3156 2964 3339 3022 altaris
3378 2965 3709 3022 Itolocansto-
3824 2983 3825 3046 χ

2113 3063 2314 3112 malum
2355 3069 2367 3107 :
2413 3063 2595 3122 postca
2629 3069 2755 3110 vero
2781 3055 2993 3124 quando
3018 3057 3379 3116 saucdﬁcutur
3405 3058 3586 3116 Aaron
3608 3095 3624 3120 ,
3653 3052 3711 3106 de
3824 3051 3825 3054 “

2113 3146 2424 3226 aspersione
2465 3145 2738 3220 sanguinis
2775 3154 2960 3204 contra
2997 3147 3170 3208 velunt
3213 3147 3342 3206 nihil
3369 3147 3573 3206 dictum
3599 3151 3708 3208 cst;
3824 3167 3825 3216 ι

2112 3234 2181 3296 de
2221 3237 2472 3292 cornibus
2499 3249 2679 3296 autent
2720 3239 2902 3296 altaris
2933 3240 3132 3300 dictum
3165 3249 3248 3298 est
3269 3257 3284 3305 ;
3308 3241 3401 3296 sed
3433 3246 3542 3298 non
3570 3235 3713 3294 addi-

2117 3338 2225 3398 tum
2264 3340 2346 3383 est
2364 3313 2578 3393 incensi;
2600 3331 2838 3388 additum
2864 3341 2944 3385 cst
2965 3341 3165 3398 autem,
3191 3331 3568 3390 effundendum
3592 3341 3712 3382 san-

2111 3405 2331 3491 guinem
2372 3420 2441 3480 ad
2485 3423 2650 3478 basem
2689 3422 2902 3486 altaris;
2939 3437 3042 3476 no:t
3073 3421 3236 3490 dixit,
3265 3420 3330 3476 ad
3362 3422 3545 3476 basem
3567 3418 3708 3492 ejus,

2120 3520 2372 3582 tanquam
2414 3527 2637 3570 necesse
2680 3512 2868 3570 fuisset
2911 3513 3035 3568 illud
3076 3515 3242 3570 altare
3266 3514 3536 3584 accipere.
3567 3507 3711 3579 cuius

2111 3617 2312 3661 Cornua
2353 3593 2608 3673 Sanguine
2632 3603 2891 3674 tetigisset
2918 3622 2930 3658 :
2954 3605 3176 3674 proinde
3198 3604 3437 3674 quunwis
3466 3602 3711 3674 ambigue

2111 3693 2184 3755 sit
2215 3693 2480 3766 positum,
2510 3695 2729 3750 liberum
2759 3702 2841 3748 est
2867 3702 3041 3748 tamen
3070 3695 3137 3748 ita
3170 3693 3466 3761 intelligere
3491 3694 3706 3753 factum,

2112 3794 2166 3841 ut
2191 3784 2360 3840 fuerat
2385 3795 2508 3838 autc
2530 3793 2849 3857 praeceptum
2876 3784 2940 3838 de
2964 3784 3125 3840 vitulo
3149 3799 3243 3854 pro
3271 3790 3507 3851 peccato;
3529 3791 3586 3834 ut
3611 3793 3708 3838 non

2109 3876 2229 3946 ejus
2267 3877 2451 3932 altaris
2486 3890 2686 3930 cornua
2713 3885 2847 3929 tacta
2871 3873 3247 3944 intelligamus,
3271 3871 3333 3926 ad
3355 3871 3507 3944 cujus
3531 3871 3706 3926 basem

2111 3964 2261 4029 fusus
2287 3975 2367 4020 cst
2394 3967 2629 4036 sanguis;
2660 3967 2753 4021 sed
2785 3975 2920 4020 tacta
2949 3980 3144 4028 cornua
3167 3965 3351 4022 altaris
3381 3965 3605 4029 incensi,
3629 3963 3704 4018 ﬁt-

2110 4073 2228 4114 sum
2261 4069 2439 4114 autem
2465 4060 2775 4129 sanguinem
2798 4060 2864 4121 ad
2887 4061 3066 4116 ιιίιδυιιι
3093 4059 3273 4116 altaris
3302 4059 3701 4116 sacriﬁciorum.

2181 4151 2439 4222 Superius
2459 4193 2475 4218 ,
2502 4155 2625 4222 quia
2651 4153 2972 4223 generaliter
3000 4151 3370 4222 praecipiebat,
3394 4150 3436 4204 si
3459 4147 3698 4206 sacerdos

2107 4252 2424 4320 (peccasset,
2470 4242 2642 4314 ipsum
2687 4242 3017 4300 sacerdotem
3048 4252 3262 4298 unctum
3289 4249 3697 4300 ctcousumtna-

2110 4343 2220 4390 tum
2248 4378 2262 4404 ,
2291 4351 2449 4406 quem
2476 4337 2586 4390 Vult
2612 4336 2828 4407 intelligi
2851 4350 3118 4394 sutmnum
3142 4333 3504 4396 sacerdotem,
3538 4327 3695 4385 sacri-

2112 4427 2227 4484 ﬁcia
2257 4428 2531 4497 istajussit
2569 4427 2764 4487 ochrre
2814 4445 2828 4482 :
2872 4443 3012 4486 nunc
3046 4443 3174 4486 vero
3200 4443 3319 4480 cum
3344 4425 3698 4480 sanctiﬁcatur

2109 4519 2288 4575 Aaron
2313 4561 2326 4586 ,
2356 4518 2566 4592 Moyses
2593 4519 2750 4574 oITcrt
2774 4530 2827 4574 et
2856 4519 2969 4594 ipse
2998 4518 3189 4588 accipit
3221 4517 3578 4590 pectusculum
3605 4516 3694 4572 itu-

2110 4610 2387 4682 positionis
2408 4651 2422 4677 ,
2469 4610 2610 4682 quod
2649 4620 2805 4664 antea
2843 4610 3163 4682 prmloeutus
3192 4619 3273 4668 CSt
3299 4608 3558 4670 sacerdoti
3587 4614 3695 4660 esse

2109 4699 2363 4766 dandum.
2407 4699 2534 4756 Inde
2575 4709 2752 4756 autem
2793 4711 2916 4774 puto
2951 4701 3316 4772 pcctusculum
3351 4691 3692 4768 impositiouis

2109 4783 2310 4849 dictum
2337 4835 2351 4864 ,
2380 4795 2502 4871 quia
2531 4793 2902 4864 imponebatur
2929 4793 3047 4848 inde
3071 4792 3236 4863 adeps
3259 4834 3274 4860 ,
3304 4782 3436 4845 sicut
3462 4798 3689 4843 commc-

2110 4887 2340 4946 moravit
2367 4887 2612 4958 superius
2637 4885 2705 4940 de
2736 4884 2997 4948 sacriﬁcio
3026 4884 3295 4940 salutaris.
3325 4882 3455 4940 Cum
3479 4896 3604 4952 ergo
3622 4876 3691 4932 vi-

2109 4969 2294 5030 deatur
2319 4975 2386 5030 ab
2412 4976 2586 5029 Aaron
2614 4974 2841 5046 cmpisse
2871 4989 3138 5034 summum
3162 4975 3549 5040 sacerdotium,
3573 4967 3688 5041 quid

2108 5077 2353 5138 putamus
2395 5065 2554 5120 fuisse
2592 5065 2852 5140 Moysen?
2889 5066 2944 5124 Si
2986 5083 3113 5144 ergo
3150 5067 3403 5122 sacerdos
3429 5083 3533 5126 non
3559 5065 3683 5125 fuit.

2105 5157 2375 5232 quomodo
2417 5174 2511 5230 per
2551 5161 2700 5224 illum
2739 5161 2916 5220 omnia
2954 5161 3040 5224 illa
3061 5161 3492 5237 gerebantur‘tsi
3519 5169 3680 5218 autem

2104 5248 2203 5314 luit
2223 5249 2491 5336 quomodo
2513 5266 2777 5308 summum
2799 5250 3152 5314 sacerdotium
3178 5252 3247 5306 ab
3271 5252 3387 5321 ejus
3407 5251 3566 5313 fratre
3584 5262 3682 5306 ca:-

2103 5336 2247 5414 pisse
2289 5341 2616 5408 deﬁnimus?
2653 5343 2966 5416 Quanquam
3003 5344 3166 5404 etiam
3194 5346 3424 5415 psalmus
3451 5343 3570 5407 ille,
3599 5339 3679 5400 ubi

2103 5434 2301 5500 dictum
2329 5444 2432 5506 est,
2459 5435 2662 5509 Moyses
2691 5446 2736 5492 et
2761 5437 2933 5494 Aaron
2958 5437 3009 5498 in
3028 5435 3369 5498 sacerdotibus
3388 5431 3675 5509 ejus(Psat.

2135 5582 2273 5665 '5‘}?-
2302 5597 2353 5641 οι
2372 5598 2482 5665 μοι
2509 5591 2700 5665 ¹θειιηίν
2716 5606 2880 5664 PM
2897 5589 3092 5663 ,Ιεεονεδ
3112 5603 3129 5652 ;
3151 5598 3215 5665 ,ει
3237 5591 3382 5665 ιξιιιο
3412 5600 3536 5657 post.
3569 5597 3673 5656 per

2098 5658 2429 5716 miscens.
2448 5661 2522 5718 3.,
2539 5658 2953 5720 postumus,
2971 5660 3228 5718 corrupte.
3257 5659 3324 5710 ιι.
