3862 6308
170 314 371 371 scrin,
409 295 467 369 ϐ)
483 336 500 363 ,
524 296 734 357 auferat
756 294 1141 353 dubitationem
1168 295 1308 370 quod
1333 297 1583 355 sacerdos
1610 296 1772 356 fuerit

168 405 228 461 et
267 394 500 463 Moyses.
543 391 759 460 Vestem
800 401 976 446 tamen
1017 390 1161 446 illam
1200 386 1622 462 sacerdotalem,
1650 409 1769 465 qua:

172 501 430 558 magnum
457 484 693 539 continet
721 494 1113 545 socratneutum
1136 526 1150 550 ,
1180 485 1352 539 Aaron
1380 484 1597 554 jubctur
1623 486 1768 540 acci-

173 595 301 649 pere
345 589 398 634 et
442 592 781 635 successores
823 576 938 647 ejus
981 577 1172 631 summi
1218 577 1521 633 sacerdotes
1568 576 1764 646 (Exod.

171 673 393 741 xxviii).
421 670 475 727 In
505 670 687 725 Exodo
716 681 997 740 antequam
1017 669 1231 724 omnino
1248 670 1447 741 aliquid
1479 672 1543 725 de
1572 672 1769 726 sancti-

170 767 394 821 ticandis
424 775 477 820 et
502 764 894 834 quodammodo
917 763 1223 818 ordinaudis
1244 763 1608 818 sacerdotibus
1631 778 1767 833 prte-

170 858 436 926 cipiamr'
484 856 694 927 quam,"
741 855 920 928 M0550
946 855 1264 911 ascendente
1297 856 1350 911 in
1380 866 1613 910 montem
1635 894 1652 922 υ
1676 855 1765 925 lu-

174 950 375 1009 bentnr
406 964 509 1003 non
539 947 829 1003 ascendere
854 947 1161 1011 sacerdotes
1190 945 1298 1015 (Id.
1330 962 1450 1012 nx,
1478 944 1569 1017 Eli)
1590 989 1605 1009 ,
1635 960 1765 1015 quos

165 1040 477 1109 intelligere
506 1040 640 1095 alios
666 1054 770 1093 non
802 1053 1081 1108 possmuns
1112 1037 1213 1091 nisi
1246 1037 1381 1094 filios
1410 1039 1625 1103 Aaron;
1656 1052 1763 1092 non

166 1130 291 1201 quia
332 1129 445 1199 jam
486 1137 677 1196 erant,
717 1128 813 1183 scd
855 1130 977 1200 quia
1009 1126 1169 1182 futuri
1198 1135 1383 1189 erant,
1412 1126 1511 1181 Itoc
1538 1142 1631 1182 eos
1654 1126 1764 1197 jam

164 1229 293 1283 tunc
342 1221 617 1291 Scriptura
664 1220 948 1289 appellavit
984 1235 1080 1292 per
1120 1218 1585 1288 anticipationem,
1629 1219 1767 1274 sicut

162 1323 288 1381 sunt
316 1315 575 1383 pleraque
603 1307 786 1368 taliuin
813 1312 1136 1366 locutionum
1163 1328 1177 1365 :
1202 1326 1324 1365 nam
1355 1318 1409 1365 ct
1432 1310 1571 1365 filius
1593 1308 1762 1376 Nave,

162 1404 321 1471 JesUs
349 1405 650 1476 appellatus
668 1414 750 1463 est
768 1401 881 1472 (Id.
911 1418 1090 1467 χχχιιι,
1128 1401 1377 1474 Il),cum
1404 1402 1556 1473 longe
1582 1411 1765 1475 postea

163 1498 274 1567 Itoc
338 1515 539 1557 nomen
589 1499 637 1555 ei
687 1496 961 1565 Scriptura
1010 1504 1191 1551 narret
1228 1494 1531 1565 impositum
1577 1493 1762 1567 (Nunt.

163 1607 251 1649 xm
272 1629 290 1659 ,
341 1592 453 1661 Π).
496 1588 668 1646 Ambo
702 1602 833 1658 ergo
877 1598 999 1643 tunc
1026 1588 1219 1645 sumini
1249 1587 1549 1643 sacerdotes
1574 1597 1725 1643 crant
1746 1628 1762 1653 ,

158 1679 375 1753 Moyses
406 1690 460 1735 ct
483 1680 701 1746 Aaron;
732 1697 798 1735 an
829 1679 1002 1749 potius
1027 1678 1234 1751 Moyses
1254 1718 1270 1746 ,
1308 1682 1479 1735 Aaron
1514 1695 1640 1733 vero
1667 1680 1765 1733 sub

160 1771 297 1841 illo?
324 1788 394 1827 an
419 1779 473 1826 et
503 1772 616 1840 ipse
642 1785 884 1824 summus
911 1779 1124 1840 propter
1149 1782 1348 1827 vestem
1381 1769 1759 1840 pontificalem,

160 1862 250 1935 illa
297 1878 428 1918 vero
472 1872 687 1933 prepter
725 1862 1067 1917 excellentius
1117 1860 1515 1917 ministerium?
1564 1860 1697 1915 Nam
1734 1876 1764 1914 a

159 1955 426 2032 principio
464 1957 513 2010 ei
555 1956 781 2024 dicitur,
812 1952 931 2026 Ipse
956 1954 1044 2008 tibi
1069 1970 1182 2025 qua:
1203 1954 1271 2010 ad
1298 1953 1541 2026 populant
1560 1996 1576 2022 ,
1604 1964 1659 2008 tu
1690 1952 1767 2009 illi

160 2062 275 2120 qua:
301 2047 372 2101 ad
402 2044 564 2099 Deum
597 2044 790 2116 (Exod.
823 2061 906 2111 tv,
938 2045 1050 2115 I6).

230 2136 411 2203 Qumri
456 2137 614 2189 etiam
661 2144 865 2205 potest,
914 2145 1030 2204 post
1059 2144 1285 2191 mortem
1318 2134 1485 2207 Moysi
1515 2136 1633 2206 quis
1661 2152 1764 2191 nn-

160 2227 319 2309 gebat
357 2242 721 2283 successorem
758 2228 949 2282 summi
989 2226 1320 2297 sacerdotis,
1357 2227 1447 2299 qui
1477 2228 1767 2284 succedere

162 2319 269 2381 nisi
307 2318 563 2377 defuncto
593 2336 697 2375 non
727 2320 907 2391 utique
934 2331 1159 2390 poterat.
1188 2322 1269 2376 An
1298 2322 1417 2393 quia
1441 2321 1551 2390 jam
1579 2334 1768 2377 unems

164 2420 280 2467 erat
330 2412 471 2469 inter
534 2413 796 2469 secundos
839 2412 1144 2475 sacerdotes
1182 2412 1365 2491 (idem
1415 2413 1610 2484 quippe
1668 2411 1767 2468 fuit

171 2502 373 2571 oleum,
430 2520 535 2575 quo
564 2518 618 2561 et
656 2520 893 2569 summus
921 2514 974 2562 ct
1003 2500 1221 2563 secundi
1252 2506 1604 2579 ungebantur)
1624 2550 1638 2573 ,
1673 2523 1763 2562 ve-

162 2604 300 2671 stem
342 2607 548 2654 tantum
575 2598 820 2653 sumebat
848 2598 935 2653 ille
964 2598 1198 2669 pontifex
1221 2640 1236 2663 ,
1264 2614 1365 2668 qua
1398 2599 1513 2667 ejus
1544 2600 1765 2655 suman

164 2696 247 2765 tas
271 2690 599 2760 appareret?
625 2689 691 2744 Et
722 2689 764 2744 si
798 2689 866 2744 ita
899 2700 1015 2757 est,
1050 2700 1223 2744 utrum
1253 2691 1365 2759 ipse
1392 2689 1670 2755 sumebat,
1698 2705 1763 2744 an

163 2793 283 2839 eum
309 2780 447 2835 alius
475 2779 756 2844 induebat,
788 2780 922 2833 sicut
950 2789 1003 2834 et
1030 2789 1148 2849 post
1168 2780 1281 2849 ejus
1304 2788 1532 2834 mortem
1560 2780 1766 2851 Moyses

164 2870 326 2929 lilium
375 2872 552 2927 fratris
594 2872 715 2927 sui?
742 2871 795 2927 Si
825 2888 953 2942 ergo
980 2872 1045 2926 ab
1074 2873 1178 2925 alio
1210 2873 1565 2938 vestiebatur,
1598 2890 1753 2928 nuut-

162 2964 284 3032 quid
333 2981 439 3019 non
480 2974 731 3034 poterata
754 2964 987 3019 secundo
1008 2979 1287 3030 summus;
1319 2967 1611 3034 przescrtim
1638 2966 1759 3036 quia

164 3053 282 3119 talis
311 3067 423 3110 erat
453 3057 617 3111 vestis
637 3097 652 3121 ,
687 3064 742 3110 ιιι
765 3073 886 3112 cum
917 3056 984 3110 ab
1010 3057 1115 3110 alio
1146 3056 1292 3111 indui
1320 3072 1539 3113 necesse
1570 3059 1765 3112 fuerit?

162 3158 229 3219 9n
272 3148 353 3201 sie
393 3147 711 3203 induebatur
751 3149 930 3218 prius,
961 3158 1017 3203 ut
1044 3151 1202 3204 etiam
1229 3159 1409 3219 postea
1433 3149 1455 3203 ?
1480 3148 1594 3204 Non
1622 3151 1763 3204 enim

160 3238 329 3312 semel
370 3240 584 3299 indutus
620 3256 723 3295 nou
754 3258 869 3296 eam
903 3240 1171 3310 ponebat,-
1200 3250 1290 3307 aut
1316 3256 1437 3294 cum
1471 3242 1762 3310 posuisset,

158 3328 269 3401 non
313 3347 431 3389 eam
475 3333 795 3388 resumebat.
847 3332 988 3388 Fieri
1029 3347 1157 3402 ergo
1184 3331 1412 3388 fortasse
1445 3344 1680 3403 poterat,
1709 3343 1767 3388 ut

158 3424 384 3481 secundi
431 3426 685 3481 vestirent
726 3426 989 3496 primum,
1033 3424 1414 3494 obsequendo,
1457 3441 1561 3481 non
1591 3428 1765 3481 excel-

158 3510 344 3584 lendo.
376 3512 527 3569 Unde
552 3524 733 3570 autem
765 3514 1056 3583 apparebat
1081 3514 1325 3584 quisnam
1356 3516 1582 3570 filiorum
1614 3531 1763 3571 sum-

160 3618 250 3685 gno
286 3607 552 3662 sacerdoti
589 3606 877 3662 succedere
903 3606 1166 3663 deberet?
1194 3622 1297 3661 non
1326 3609 1465 3661 enim
1501 3609 1761 3678 primoge-

165 3693 334 3752 nitum
357 3740 373 3763 ,
407 3709 499 3757 aut
529 3699 787 3770 majorem
813 3698 1082 3768 Scriptum
1112 3698 1354 3753 definivit
1387 3716 1400 3753 :
1434 3699 1532 3753 nisi
1565 3700 1763 3754 intelli-

167 3801 357 3861 gamus
386 3792 561 3861 aliquo
583 3791 766 3845 divino
790 3790 985 3845 indicio
1014 3791 1126 3845 fieri
1155 3790 1360 3854 solere,
1389 3791 1501 3846 sive
1524 3807 1615 3858 per
1638 3807 1762 3862 pro-

168 3878 381 3950 pltctam
403 3922 417 3947 ,
440 3883 552 3937 sive
574 3883 810 3949 quolibet
834 3882 939 3936 alio
962 3882 1121 3937 modo
1142 3898 1246 3952 quo
1266 3882 1495 3937 consulit
1518 3882 1657 3939 Deus
1676 3898 1761 3937 so-

176 3968 245 4025 let
277 3989 289 4026 :
319 3987 619 4042 quanquam
648 3988 713 4027 ex
746 3974 1087 4027 contentione
1122 3987 1208 4026 res
1234 3972 1545 4043 provenisse
1577 3973 1759 4027 vidca-

170 4066 282 4124 tur,
314 4071 368 4115 ut
397 4073 579 4134 postea
613 4074 891 4132 pr0ptcrca
923 4062 1117 4117 fuerint
1146 4061 1322 4127 plures
1352 4063 1544 4116 summi
1576 4077 1758 4118 sacer-

170 4148 347 4223 tIOtes,
394 4154 514 4226 quia
559 4154 1001 4208 contendentibus
1041 4154 1535 4217 cxcellentioribus,
1566 4154 1759 4209 Iitisfi-

172 4244 377 4305 menda:
407 4261 564 4299 causa
598 4244 834 4315 pluribus
862 4245 1034 4297 IIOIIOI‘
1060 4244 1171 4313 ipse
1195 4244 1543 4298 tribuebatur.

238 4333 425 4399 XXIV.
460 4332 559 4407 [|b.
594 4351 713 4401 vm,
747 4332 860 4407 55.]
892 4334 1027 4402 Quid
1055 4342 1135 4388 cst
1159 4335 1299 4405 quod
1326 4335 1667 4408 dicitllloyscs
1692 4335 1759 4389 ad

171 4420 340 4491 Aaron
369 4436 425 4482 et
454 4428 591 4482 ftlios
615 4427 767 4495 ejus,
798 4442 919 4480 cum
950 4427 1348 4480 sanctilicantur
1375 4426 1441 4479 ad
1470 4426 1757 4482 ineundum

172 4520 545 4586 “cordolium,
563 4519 643 4575 Ad
669 4520 854 4575 ostium
884 4516 1194 4572 tabernaculi
1221 4518 1503 4571 testimonii
1528 4517 1769 4607 sedeliitisl

174 4620 345 4679 septem
378 4613 485 4666 dies
504 4654 518 4678 ,
550 4612 631 4665 die
656 4620 702 4665 et
728 4620 891 4673 nocte,
918 4626 982 4663 ne
1006 4609 1293 4663 moriamiui
1315 4610 1340 4663 ?
1360 4609 1758 4680 Numquidnam

176 4701 420 4759 credibile
442 4713 524 4760 est
538 4746 553 4769 ,
585 4704 692 4765 situ
722 4701 966 4773 corporis
987 4716 1093 4755 uno
1117 4702 1231 4755 loco
1252 4699 1441 4754 sedere
1462 4709 1759 4770 praeceptos

177 4805 267 4861 per
305 4795 423 4855 dies
466 4804 671 4864 septem
709 4794 795 4850 die
837 4802 893 4850 et
935 4798 1126 4858 nocte,
1162 4789 1302 4845 unde
1325 4805 1384 4845 se
1413 4790 1631 4844 omnino
1655 4805 1759 4846 non

176 4889 606 4945 commoverent?
649 4888 757 4943 Nec
802 4898 978 4943 tamen
1023 4885 1145 4940 hinc
1182 4892 1431 4955 tanquam
1476 4882 1761 4953 allegorice

178 4977 367 5055 aliquid
394 4981 777 5055 significatum,
811 4979 953 5052 quod
979 4995 1085 5035 non
1108 4977 1258 5033 ﬁeret
1277 5020 1292 5044 ,
1315 4974 1409 5033 sed
1439 4976 1759 5046 intelligere-

182 5075 326 5142 tur‘,
368 5075 591 5147 cogendi
630 5089 816 5131 sumus
839 5071 1083 5144 accipere
1108 5088 1123 5139 ;
1155 5069 1249 5127 sed
1280 5071 1452 5140 potius
1472 5085 1760 5141 agnoscere

183 5160 492 5243 locutionem
516 5168 925 5240 -Scripturarum
947 5208 963 5232 ,
993 5165 1080 5220 ubi
1107 5164 1399 5220 sessionem
1432 5181 1528 5235 pro
1555 5164 1760 5218 habita-

185 5256 318 5317 tione
352 5271 407 5317 et
443 5262 864 5317 commoratione
895 5260 1061 5329 ponit.
1090 5258 1207 5313 Non
1234 5258 1375 5314 enim
1407 5258 1528 5329 quia
1559 5257 1759 5311 dictum

185 5359 261 5406 est
300 5353 365 5409 de
405 5354 583 5412 Semei
620 5354 761 5424 quod
803 5352 1001 5407 sederit
1038 5351 1094 5408 in
1129 5351 1421 5407 Jerusalem
1457 5366 1625 5405 annos
1654 5360 1760 5403 tres

192 5439 274 5509 (III
310 5444 430 5517 Reg.
464 5463 532 5511 ιι,
563 5444 693 5515 58),
727 5444 849 5499 ideo
878 5445 1165 5513 putandqu
1196 5451 1281 5498 est
1311 5459 1403 5513 per
1429 5451 1596 5497 totum
1630 5440 1760 5495 illud

192 5536 385 5603 tempus
429 5538 484 5592 in
525 5537 653 5592 sella
691 5535 924 5601 sedisse,
971 5545 1026 5590 et
1052 5549 1155 5591 nou
1188 5535 1512 5589 surrexisse.
1546 5533 1677 5587 Ilinc
1707 5540 1762 5587 et

245 5636 269 5699 ε
285 5665 585 5725 tum
597 5665 1213 5725 Votum.va
1227 5666 1317 5719 sat
1328 5662 1693 5725 ἱιιιιαὶαετειισ.
1705 5672 1764 5716 u.

1564 183 1772 243 LIBER
1804 183 2125 251 TERTIUS.

1874 304 2031 361 sedes
2077 304 2325 363 dicuntur
2353 347 2374 377 ,
2417 308 2507 373 ubi
2556 307 2757 371 habent
2794 319 3275 387 commorationem
3324 336 3463 391 quo-

1876 412 1992 453 rtun
2024 398 2180 455 sedes
2206 408 2330 455 sunt
2358 416 2372 454 :
2396 398 2649 459 habitatio
2677 406 2873 477 quippe
2894 405 2999 463 hoc.
3018 424 3211 473 nomen
3232 413 3458 485 accepit.

1946 488 2111 545 XXV.
2157 488 2256 564 [|b.
2278 508 2328 546 ix
2348 533 2364 557 ,
2408 492 2487 567 1.]
2524 494 2590 549 Et
2616 499 2806 567 factum
2831 508 2932 567 est,
2965 499 3044 553 die
3068 509 3244 559 octaro
3270 484 3464 561 uocauit

1876 580 2079 651 Moyses
2106 584 2306 651 Aaron,
2338 596 2382 641 et
2408 586 2544 656 ﬁlios
2571 588 2712 659 ejus,
2740 600 2787 644 et
2811 602 3041 647 senatum
3080 593 3242 655 Israe.
3291 597 3460 666 Quem

1872 674 2081 744 quidam
2107 678 2272 731 nostri
2291 689 2518 734 senatum
2545 680 2871 753 interpretati
2895 695 3046 753 sunt,
3068 701 3464 761 vlpawiaugl‘li'

1872 781 1965 820 cus
2010 768 2168 823 habet
2205 786 2219 823 :
2262 768 2363 826 hoc
2397 781 2477 827 est
2521 788 2647 844 ergo
2686 785 2900 835 sccntus
2938 779 3232 850 interpres,
3260 785 3381 854 quia
3408 796 3467 843 et

1872 868 2090 915 senatus
2115 876 2143 914 a
2168 862 2321 917 senio
2346 862 2555 919 videtur
2579 864 2771 923 dictus.
2800 867 2914 925 Non
2941 880 3119 927 autem
3147 884 3270 944 apto
3298 875 3351 929 in
3378 875 3465 930 la-

1875 950 1987 1007 tino
2015 952 2317 1017 diceretur,
2352 952 2568 1011 Vocavit
2596 966 2923 1013 senectutem
2956 959 3151 1028 Israel,
3185 978 3279 1032 pro
3308 966 3457 1021 seni-

1874 1040 1973 1096 bus
2018 1042 2106 1099 vel
2135 1043 2437 1101 senioribus
2482 1062 2497 1100 :
2542 1052 2784 1117 quamvis
2811 1050 2995 1105 eadem
3024 1052 3221 1107 locutio
3245 1065 3387 1113 esset
3413 1055 3461 1123 si

1870 1133 2167 1207 diceretur,
2208 1137 2424 1193 Vocavit
2447 1137 2785 1207 juventntcm
2815 1140 2975 1203 Israel
2996 1185 3011 1213 ,
3042 1159 3139 1215 pro
3159 1145 3463 1215 juvenibus.

1869 1224 1977 1283 Sed
2005 1227 2107 1283 hoc
2133 1228 2383 1283 usitatum
2412 1236 2494 1283 est
2515 1229 2567 1284 in
2587 1228 2747 1283 latina
2770 1231 2965 1302 lingua,
2999 1233 3124 1287 illud
3152 1245 3330 1291 autem
3358 1252 3468 1293 non

1870 1327 1972 1372 est.
2017 1318 2147 1373 Nam
2193 1320 2293 1374 lioc
2323 1320 2532 1390 proprie
2556 1319 2823 1379 diceretur
2847 1364 2862 1389 ,
2893 1321 2938 1379 si
2967 1322 3265 1392 diceretur,
3296 1325 3465 1391 Voca-

1870 1409 1944 1479 vit
1966 1420 2293 1465 senectutem
2318 1409 2497 1465 Israel.
2520 1410 2669 1468 Unde
2686 1413 2898 1484 quidam
2918 1414 3203 1473 iuSoIcuter
3222 1426 3467 1487 putantes

1869 1498 2030 1573 ctiam
2054 1511 2281 1555 senatum
2303 1500 2430 1567 diei,
2454 1502 2780 1572 interpretati
2803 1514 2925 1559 sunt
2946 1506 3172 1561 ordinem
3192 1510 3462 1577 seniorum.

1869 1587 2198 1661 Compendio
2239 1601 2417 1647 tamen
2450 1591 2672 1649 forsitan
2703 1594 2895 1649 melius
2919 1594 3217 1665 diceretur,
3249 1596 3466 1655 Vocavit

1869 1683 2110 1739 seniores
2134 1682 2316 1739 Israel.

1940 1795 2129 1853 XXVI.
2154 1794 2254 1870 [lb.
2283 1811 2367 1863 Ix.
2395 1792 2543 1868 24.]
2568 1795 2779 1867 Moyses
2804 1794 2933 1851 dicit
2956 1796 3023 1851 ad
3048 1798 3225 1857 Aaron
3254 1815 3267 1851 :
3300 1797 3365 1853 Et
3380 1814 3463 1855 cc-

1868 1893 2011 1947 natui
2055 1890 2221 1946 Israel
2264 1891 2465 1961 loquere
2510 1890 2680 1944 dicens
2707 1928 2722 1954 ,
2745 1889 2958 1958 accipite
2982 1889 3179 1945 hircum
3205 1907 3267 1946 et:
3290 1893 3458 1962 capris

1868 1998 2025 2038 unum
2052 1999 2144 2055 pro
2172 1991 2405 2046 peccato,
2431 1990 2476 2037 ct
2501 1980 2706 2035 arietem
2731 1990 2778 2035 et
2806 1980 3015 2035 uitulum
3038 1990 3085 2036 et
3108 1998 3298 2052 agnum
3312 1983 3434 2053 armi
3444 2011 3462 2023 —

1868 2073 2038 2128 culam
2064 2074 2117 2126 in
2145 2071 2516 2140 holocarposim
2544 2072 2651 2127 sine
2682 2069 2903 2133 macula,
2925 2082 2970 2125 ct
2991 2071 3203 2125 uitulum
3227 2089 3258 2125 a
3285 2072 3460 2141 bobus,

1869 2173 1917 2219 et
1944 2164 2149 2217 arietem
2178 2164 2237 2216 iu
2253 2163 2562 2230 sacriﬁcium
2585 2163 2823 2217 salutaris
2850 2170 2964 2217 ante
2992 2158 3267 2215 Dominum
3286 2200 3301 2226 ,
3328 2172 3375 2216 et
3393 2162 3465 2215 si-

1869 2254 2043 2309 milam
2067 2270 2387 2325 conspersum
2414 2254 2466 2307 in
2492 2253 2601 2307 oleo
2619 2270 2639 2318 ;
2660 2252 2899 2322 quoniam
2918 2251 3067 2306 hodie
3090 2250 3334 2306 videbitur
3358 2240 3465 2307 Do-

1869 2346 2036 2401 ιιιὶιιιιι
2077 2346 2130 2401 iu
2170 2345 2325 2400 vobis.
2359 2347 2597 2411 Quatuor
2625 2359 2820 2415 genera
2848 2344 3232 2401 sacrificiorum
3256 2342 3323 2401 de
3345 2344 3462 2400 ani-

1869 2437 2095 2493 malibus
2119 2437 2364 2508 superius
2387 2434 2798 2499 commendavit;
2821 2434 3135 2498 boloeausti,
3157 2448 3253 2503 pro
3271 2448 3463 2504 pecca-

1872 2535 1945 2593 to,
1967 2528 2232 2591 salutaris,
2248 2537 2302 2581 et
2336 2524 2812 2579 consummationis
2835 2540 2848 2578 :
2873 2524 2965 2579 sed
2988 2522 3463 2583 consummationis

1868 2618 1937 2673 ad
1949 2618 2236 2673 sacerdotis
2253 2616 2720 2673 Sanetilicatiuuem
2742 2613 3111 2682 perti:.¢t.'I‘ria
3129 2628 3463 2684 ergogeucra

1870 2710 2071 2780 reliqua
2093 2709 2178 2763 hic
2198 2708 2573 2779 prmeij‘iiuntur
2602 2706 2803 2770 offerri,
2835 2704 3096 2760 ctdicitur
3124 2706 3223 2759 IIOC
3240 2703 3463 2759 seniori-

1872 2800 1969 2854 bus
1997 2800 2155 2854 Israel
2172 2810 2225 2853 ut
2244 2800 2497 2869 pertineat
2517 2798 2580 2851 ad
2602 2798 2909 2852 universum
2932 2796 3203 2864 p0pulum.
3220 2794 3325 2850 Sed
3356 2794 3459 2849 hoc

1870 2892 1989 2945 loco
2007 2892 2322 2944 sacrificium
2348 2906 2441 2959 pro
2469 2899 2684 2957 peccato
2706 2888 2864 2942 liabet
2882 2889 2976 2940 tria
2998 2902 3209 2958 pecora;
3230 2885 3457 2953 hircum,

1870 2996 1923 3041 ot
1970 2985 2190 3040 arietem
2210 3022 2226 3050 ,
2251 2994 2305 3037 et
2342 2982 2563 3036 vitulum
2591 2998 2603 3034 :
2632 2980 2696 3034 ad
2744 2980 3111 3035 holocaustqu
3139 2994 3269 3032 vero
3292 2992 3461 3048 agnus

1871 3080 2098 3147 pertinet
2124 3093 2138 3142 ;
2162 3086 2216 3130 et
2235 3075 2298 3128 ad
2320 3072 2635 3127 sacrificium
2657 3072 2937 3137 salutaris,
2977 3071 3174 3126 vitulus
3201 3078 3256 3125 et
3295 3068 3457 3124 aries.

1868 3171 2205 3240 Quapropter
2232 3184 2335 3223 non
2356 3168 2532 3222 estsic
2553 3164 2981 3235 distinguendum
3001 3202 3020 3230 ,
3045 3172 3101 3216 ut
3122 3178 3216 3232 pro
3243 3168 3460 3231 peccato

1866 3277 1973 3317 non
2001 3262 2321 3330 intelligatur
2346 3259 2448 3314 nisi
2477 3258 2653 3312 ltircus
2679 3297 2692 3319 ,
2724 3258 2821 3310 tria
2853 3270 2979 3309 vero
3001 3254 3199 3325 reliqua
3226 3250 3278 3306 itt
3305 3251 3460 3307 bolo-

1867 3363 2107 3409 caustum
2128 3394 2142 3417 ,
2176 3353 2225 3407 id
2256 3360 2371 3419 est,
2403 3352 2572 3414 aries,
2604 3347 2907 3413 ctvitulus,
2936 3356 2986 3405 et
3007 3359 3175 3414 agnus
3207 3362 3220 3396 :
3250 3342 3342 3397 sed
3366 3356 3462 3413 po-

1869 3443 1975 3515 tius
2001 3444 2095 3498 tria
2127 3444 2292 3512 prima
2323 3456 2418 3512 pro
2444 3450 2663 3510 peccato
2682 3479 2698 3503 ,
2728 3437 2779 3491 id
2810 3448 2891 3491 est
2910 3476 2926 3503 ,
2953 3436 3092 3506 quod
3116 3435 3315 3488 dictum
3340 3443 3456 3498 est,

1867 3536 2093 3608 Accipite
2118 3534 2313 3588 hircum
2338 3547 2399 3585 ea:
2424 3530 2591 3600 capris
2618 3545 2773 3582 unum
2800 3543 2891 3597 pro
2919 3536 3124 3595 peccato
3146 3564 3162 3591 ,
3187 3534 3231 3577 ct
3252 3525 3459 3578 arietem

1864 3638 1916 3686 ct
1956 3629 2199 3691 vitulum,
2247 3623 2591 3679 subaudiatur
2629 3637 2723 3690 pro
2763 3628 3019 3690 peccato;
3049 3627 3101 3671 ct
3127 3617 3361 3685 reliquus
3388 3615 3458 3668 sit

1864 3736 2033 3791 agnus
2077 3721 2127 3774 in
2166 3715 2553 3784 ltolocarposiut
2573 3754 2587 3779 ,
2618 3712 2669 3767 id
2698 3720 2779 3766 est
2806 3712 2859 3766 ιιι
2888 3710 3275 3764 holocaustum.
3303 3704 3456 3774 Quod

1868 3814 1987 3871 ideo
2033 3808 2475 3866 commonendum
2519 3822 2549 3860 a
2601 3804 2755 3860 nobis
2799 3802 2930 3861 fuit.
2978 3800 3225 3872 quoniam
3275 3805 3456 3868 posset

1865 3906 2023 3962 etiam
2057 3905 2125 3958 ita
2149 3901 2395 3971 distiugin
2414 3939 2430 3967 ,
2461 3908 2518 3954 ut
2540 3914 2663 3954 cum
2693 3896 2892 3953 dictum
2919 3902 3089 3960 esset,
3113 3892 3455 3964 Accipite/tir-

1864 4013 1978 4053 cum
2003 4013 2065 4051 ex
2085 3994 2251 4065 capris
2280 4010 2436 4047 unum
2463 4009 2553 4061 pro
2576 4000 2775 4063 peccato
2796 4030 2811 4057 ,
2842 3988 3044 4057 reliqtta
3070 3989 3178 4056 jam
3208 3985 3273 4040 ad
3300 3984 3452 4040 holo-

1864 4087 2125 4156 carposim
2168 4086 2431 4154 pertinere
2466 4082 2790 4159 dicerentur.
2840 4078 2991 4146 Quod
3020 4092 3147 4133 vero
3176 4076 3449 4149 adjungit,

1862 4179 1970 4235 sine
1992 4178 2219 4242 macula,
2246 4174 2312 4229 ad
2342 4173 2519 4228 omnia
2544 4172 2727 4228 referri
2755 4179 2946 4241 potest.
2975 4167 3107 4224 Cum
3128 4184 3255 4238 ergo
3276 4168 3447 4221 ambi-

1862 4287 2021 4342 guum
2044 4271 2112 4324 sit
2135 4266 2399 4338 quomodo
2428 4267 2602 4335 aptius
2621 4265 2993 4333 distinguatur,
3020 4262 3105 4315 illa
3130 4277 3214 4317 res
3234 4259 3450 4315 adducit

1864 4371 1922 4421 ut
1965 4364 2062 4417 tria
2103 4360 2379 4429 superiora
2410 4371 2506 4426 pro
2533 4363 2748 4425 peccato
2778 4354 3170 4421 intelligantur,
3197 4350 3446 4420 quoniam

1864 4452 2107 4523 superius
2152 4466 2251 4521 pro
2299 4455 2518 4518 peccato
2550 4443 2800 4513 principis
2840 4441 3046 4497 hircum
3088 4443 3246 4511 jussit
3269 4440 3445 4497 oﬂ‘erri

1864 4543 2047 4614 (Leuit.
2081 4558 2158 4605 tv,
2188 4538 2316 4611 25);
2346 4545 2401 4592 et
2422 4552 2516 4608 pro
2539 4546 2757 4606 peccato
2781 4534 3037 4605 cujusque.
3065 4534 3298 4604 proprio,
3323 4550 3445 4589 cum

1864 4641 2048 4705 peccat
2068 4643 2191 4687 ante
2218 4631 2497 4684 Dominum
2517 4668 2532 4694 ,
2556 4625 2801 4681 faciendo
2826 4642 2983 4680 unum
3011 4642 3075 4681 ex
3100 4625 3182 4681 liis
3202 4642 3320 4696 qtae
3342 4642 3446 4681 non

1865 4733 2105 4795 oportet,
2153 4721 2405 4792 praecepit
2442 4719 2661 4773 arietem
2701 4716 2813 4789 (Id.
2844 4732 2877 4770 v
2898 4757 2913 4784 ,
2948 4714 3034 4789 18)
3062 4732 3077 4782 ;
3107 4731 3204 4787 pro
3232 4726 3449 4787 peccato

1864 4832 1993 4872 vero
2019 4816 2281 4870 universa:
2317 4827 2598 4884 synagoga:
2624 4810 2843 4864 vitulum
2875 4807 2984 4882 (Id.
3016 4824 3099 4879 tv,
3137 4806 3243 4878 14).
3275 4805 3448 4877 Opor-

1866 4909 2009 4975 tebat
2050 4922 2177 4977 ergo
2226 4913 2283 4961 ut
2309 4920 2427 4958 cum
2455 4902 2660 4957 senatui
2692 4902 2998 4972 loqueretur
3020 4899 3145 4971 quid
3174 4896 3451 4953 universus

1866 5000 2093 5072 populus
2139 4998 2333 5053 ofl'erre
2381 4995 2605 5062 debeat,
2654 5002 2710 5050 et
2756 4992 2936 5048 bircus
2959 4992 3206 5061 jubeatur
3235 4999 3452 5058 propter

1866 5091 2167 5164 principes,
2216 5097 2269 5144 et
2313 5086 2455 5142 aries
2496 5094 2714 5157 propter
2740 5083 3011 5154 proprium
3039 5078 3450 5149 uniuscujusque

1866 5193 2161 5255 peceatum,
2183 5190 2238 5237 et
2267 5179 2464 5233 vitulus
2490 5186 2708 5250 propter
2733 5182 3009 5247 peccatum
3040 5169 3298 5225 universae
3325 5186 3453 5241 ενι-

1865 5294 2063 5349 agogze.
2096 5274 2251 5331 Aliud
2275 5285 2355 5329 est
2381 5274 2520 5329 cnim
2554 5270 2695 5342 quod
2745 5272 2797 5325 iu
2829 5265 3024 5340 pepulo
3048 5264 3207 5318 liabet
3227 5265 3453 5335 quisque

1868 5378 2141 5443 peccatum
2183 5382 2336 5423 suum
2383 5364 2686 5434 proprium,
2716 5370 2769 5414 ct
2794 5366 3014 5428 possunt
3044 5355 3240 5410 habere
3265 5372 3453 5412 omnes

1867 5464 2077 5536 pr0pria
2096 5503 2111 5525 ,
2141 5459 2283 5513 aliud
2316 5455 2528 5527 quando
2552 5466 2837 5509 commune
2862 5460 3137 5522 peccatum
3165 5458 3247 5502 est
3267 5489 3281 5512 ,
3313 5446 3455 5519 quod

1867 5576 1974 5616 uno
1994 5559 2173 5615 animo
2204 5555 2259 5607 fit
2279 5594 2293 5620 ,
2318 5559 2370 5605 et
2391 5565 2491 5605 una
2514 5548 2785 5605 voluntate
2807 5544 2878 5603 ad
2896 5542 3099 5617 aliquid
3116 5541 3462 5601 multitudine

1868 5658 2173 5715 comparata
2200 5641 2573 5703 committitur.
