3862 6308
441 209 546 269 687

513 320 667 392 Quod
709 334 836 377 vero
877 315 1136 375 sacriﬁcia
1182 315 1430 372 salutaris
1473 315 1694 368 vitulum
1734 319 1786 365 et
1815 310 2034 364 arietem

439 414 629 488 jubet,
674 413 790 468 hinc
819 411 972 483 jubet
996 426 1114 482 qua:
1142 408 1408 480 prarcipua
1435 415 1557 462 sunt
1587 425 1600 460 :
1638 403 1870 460 universi
1898 403 2040 457 enim

441 505 626 578 populi
651 520 812 562 causa
831 510 932 560 est.
956 501 1278 572 Prmcipicns
1307 507 1482 555 autem
1505 505 1660 552 antea
1682 495 1748 551 de
1768 494 2041 550 sacriﬁciis

443 598 711 662 salutaris,
736 595 1005 652 undelibet
1021 593 1182 665 jussit
1207 591 1407 658 offerri,
1436 591 1549 645 sive
1572 589 1868 644 masculum
1889 629 1904 653 ,
1929 587 2043 642 sive

446 687 701 745 feminam
725 706 738 742 :
758 688 885 746 dum
906 695 1083 742 tamen
1101 684 1313 740 nonnisi
1329 682 1397 738 de
1416 681 1588 738 bobus
1606 689 1661 737 et
1683 680 1751 736 de
1776 679 1968 736 ovibus
1990 686 2044 734 et

447 781 627 852 capris
651 781 970 837 offerrentur
991 777 1175 852 (Leuit.
1207 773 1307 848 ιιι).
1334 774 1390 830 Si
1408 783 1584 829 autem
1606 772 1862 844 quaeritur
1879 785 2046 843 quare

447 871 556 928 duo
605 873 895 943 prmeepit,
935 870 1156 925 vitulum
1183 876 1237 923 et
1261 867 1512 930 arietem,
1545 863 1761 920 difﬁcile
1789 872 1871 920 est
1896 863 2046 918 inve-

447 965 566 1022 nire
607 983 620 1019 :
664 965 766 1020 nisi
808 963 948 1020 forte
989 963 1212 1018 vitulum
1251 961 1420 1016 voluit
1451 961 1769 1016 sacriﬁcium
1797 957 2045 1015 salutaris

448 1056 685 1112 universi
733 1055 948 1126 populi;
989 1054 1210 1109 arietem
1246 1061 1424 1108 autem
1455 1068 1552 1123 pro
1579 1067 1900 1123 unoquoque
1930 1060 2046 1105 tan-

449 1163 610 1218 quam
636 1162 732 1219 pro
758 1147 980 1218 singulis
1001 1145 1304 1217 quibusque
1329 1163 1342 1198 :
1376 1144 1498 1216 quia
1528 1143 1740 1198 videtur
1767 1143 1926 1198 etiam
1956 1157 2046 1196 su-

448 1240 628 1310 perius
652 1239 801 1309 quasi
819 1237 928 1293 duo
946 1253 1145 1309 genera
1167 1236 1414 1292 salutaris
1428 1235 1674 1292 sacriﬁcii
1698 1234 2043 1306 praecepisse;

448 1345 614 1385 unum
640 1329 782 1401 quod
808 1330 952 1384 velut
975 1329 1346 1385 universorum
1370 1337 1544 1395 esset,
1574 1327 1859 1397 appellavit
1884 1326 2048 1380 sacri-

446 1420 625 1476 ﬁcium
655 1420 942 1486 salutaris;
970 1420 1196 1476 alterum
1224 1427 1402 1474 autem
1433 1419 1523 1473 ubi
1551 1417 1716 1484 dixit,
1751 1417 1812 1472 Si
1839 1417 2050 1486 quisque

449 1513 682 1566 obtulerit
720 1513 1028 1582 sacriﬁcium
1068 1511 1310 1566 salutaris
1349 1511 1449 1565 sui.
1481 1510 1580 1567 Ubi
1607 1511 1766 1566 etiam
1795 1509 2049 1565 differen-

446 1605 577 1660 tiam
605 1606 1005 1675 reperiebamus
1025 1646 1040 1669 ,
1065 1604 1190 1674 quia
1220 1604 1274 1658 in
1307 1603 1399 1658 illo
1425 1601 1567 1673 quod
1592 1601 1877 1672 appellavit
1905 1601 2050 1655 salu-

448 1698 581 1751 taris
603 1737 618 1762 ,
663 1713 770 1752 non
806 1699 1243 1752 commemoravit
1266 1696 1480 1766 adipem
1508 1697 1798 1766 peetusculi
1825 1695 2050 1750 otl‘ercn-

451 1787 582 1843 dum
613 1788 872 1855 Domino,
905 1798 1065 1860 atque
1096 1789 1270 1859 ipsum
1303 1789 1668 1860 peclusculum
1697 1797 1752 1843 et
1778 1787 2051 1843 brachium

452 1880 702 1936 dextrum
742 1879 915 1935 danda
957 1880 1222 1936 sacerdoti
1253 1898 1266 1934 :
1300 1880 1394 1936 sed
1422 1881 1475 1935 in
1507 1880 1597 1934 illo
1625 1879 1726 1934 hoc
1757 1880 1869 1934 ﬁeri
1894 1880 2055 1950 jussit

451 1971 593 2043 quod
640 1981 826 2044 postea
870 1973 1000 2028 dicit
1039 1973 1361 2028 sacriﬁcium
1407 1972 1655 2027 salutaris
1696 1973 1775 2026 sui
1815 1973 2050 2046 (Supra,

451 2071 634 2133 quiest.
681 2061 818 2132 22);
863 2063 1006 2132 quod
1049 2063 1186 2118 forte
1224 2062 1538 2132 intelligitur
1563 2061 1890 2132 singulorum
1919 2079 2055 2134 quo-

453 2170 680 2224 rumque
723 2157 1013 2225 privatum,
1062 2171 1169 2211 non
1199 2155 1472 2226 publicum
1502 2142 1894 2213 univﬁ‘sorum.
1921 2156 2057 2213 Nam

455 2255 510 2299 et
547 2245 754 2317 Moyses
795 2246 990 2301 obtulit
1026 2247 1285 2301 sacrilicia
1313 2247 1562 2302 salutaris
1582 2289 1596 2313 ,
1625 2263 1724 2303 nec
1750 2249 1948 2304 dictum
1975 2256 2058 2304 est

455 2337 552 2405 ibi,
578 2339 828 2392 salutaris
847 2337 965 2404 sui;
989 2339 1170 2404 credo,
1197 2339 1449 2410 quoniam
1473 2356 1570 2411 pro
1594 2341 1787 2411 papqu
1808 2344 2059 2399 universo

456 2428 670 2484 obtulit.
719 2428 815 2484 Ubi
855 2439 1034 2485 autem
1077 2431 1344 2498 universi,
1388 2431 1458 2486 ibi
1497 2442 1549 2486 et
1573 2433 1807 2502 singuli;
1838 2451 1942 2488 non
1965 2450 2060 2490 au-

457 2532 566 2580 tem
611 2523 702 2579 ubi
747 2524 977 2595 singuli,
1009 2526 1261 2580 continuo
1287 2525 1360 2580 ibi
1386 2525 1640 2581 universi.
1671 2527 1890 2598 Singula
1915 2529 2060 2584 enim

454 2625 685 2687 possunt
712 2633 831 2673 esse
860 2619 979 2675 sine
1005 2619 1256 2673 universo
1280 2635 1295 2685 ;
1329 2619 1564 2675 universi
1593 2628 1772 2674 autem
1800 2636 1907 2674 non
1937 2637 2061 2691 pos-

457 2718 585 2764 sunt
609 2710 708 2764 nisi
729 2726 794 2766 ex
818 2711 1041 2783 singulis
1063 2712 1487 2782 quibuscumque
1507 2722 1774 2768 constare.
1796 2713 1926 2767 Nam
1950 2715 2060 2770 sin-

457 2801 568 2870 guli
611 2803 806 2873 quique
850 2804 1152 2874 congregati
1195 2803 1282 2858 vel
1313 2803 1366 2858 in
1393 2819 1655 2860 summam
1685 2807 1913 2876 reputati
1935 2849 1950 2873 ,
1985 2807 2060 2862 fa-

459 2892 610 2948 ciunt
632 2895 930 2949 universos.

531 2982 833 3039 Notandum
880 2994 963 3040 est
1007 2999 1157 3051 sane,
1197 2999 1318 3040 cum
1370 3001 1468 3057 pro
1513 2987 1709 3056 populo
1766 2987 2061 3044 oll'eruntur

463 3073 744 3138 sacrilicia,
776 3083 830 3128 et
858 3090 954 3144 pro
981 3084 1198 3144 peccato
1221 3076 1480 3131 sacriﬁcia
1501 3077 1648 3146 jussa
1691 3092 1811 3132 esse
1844 3077 2056 3148 olferri,

462 3175 519 3220 et
540 3164 928 3230 holocaustum,
959 3174 1014 3220 et
1038 3164 1298 3222 sacriﬁcia
1328 3166 1605 3232 salutaris;
1649 3183 1745 3236 pro
1781 3168 2061 3226 saecrdote

462 3267 640 3312 autem
657 3257 892 3313 oblatum
914 3258 1078 3316 fuisse
1105 3275 1198 3329 pro
1227 3268 1466 3331 peccato,
1489 3270 1544 3316 et
1581 3261 1972 3330 holocaustum,
2004 3271 2060 3320 et

463 3351 958 3415 consummationis,
1002 3367 1108 3407 non
1146 3363 1324 3408 autem
1364 3353 1608 3409 salutaris
1639 3373 1651 3408 :
1681 3355 1773 3410 sed
1803 3371 2059 3412 consum-

462 3443 713 3500 mationis
742 3452 869 3500 tunc
895 3444 1134 3501 oblatum
1165 3455 1269 3512 est,
1297 3446 1510 3516 quando
1535 3448 1837 3503 sacerdotes
1861 3451 2060 3506 sancti-

462 3535 605 3588 ﬁcati
634 3543 758 3590 sunt
801 3543 857 3590 ut
883 3535 1184 3591 sacerdotio
1231 3536 1598 3607 fungerentur,
1629 3549 1682 3594 et
1722 3541 1837 3596 hanc
1865 3543 2059 3598 obtulit

464 3623 674 3696 Moyses
702 3641 799 3696 pro
842 3628 1021 3682 Aaron
1063 3637 1119 3683 et
1163 3628 1285 3683 ﬁliis
1332 3629 1450 3698 ejus
1477 3628 1663 3698 (Leuit.
1692 3631 1807 3702 vui)
1833 3649 1847 3696 ;
1874 3646 2058 3703 postea

464 3729 593 3770 vero
630 3717 806 3773 Aaron
832 3718 946 3787 ipse
973 3718 1086 3788 jam
1111 3717 1472 3776 sanctiﬁcatus
1510 3731 1565 3776 et
1608 3723 1907 3778 sacerdotio
1933 3723 2058 3779 fun-

463 3821 614 3875 gens,
647 3806 840 3863 oﬂ‘erre
877 3823 975 3878 pro
1019 3823 1080 3864 se
1117 3811 1300 3878 jussus
1328 3819 1415 3865 est
1442 3811 1664 3866 vitulum
1693 3829 1787 3882 pro
1815 3824 2055 3883 peccato,

463 3905 517 3950 et
542 3897 762 3951 arietem
789 3898 841 3951 in
867 3896 1258 3954 holocaustum.
1287 3899 1405 3955 Non
1431 3911 1606 3956 autem
1631 3903 1812 3972 jussus
1850 3914 1932 3960 est
1962 3921 2058 3975 pro

465 4002 526 4041 se
565 3985 758 4042 offerre
794 3988 1289 4056 consummationis,
1323 3991 1445 4060 quia
1486 3999 1612 4046 tunc
1659 3992 1778 4048 ideo
1817 3994 2055 4050 oblatum

465 4085 571 4142 est,
602 4086 662 4131 ut
704 4087 1166 4134 consummaretur
1189 4080 1628 4150 sanctiﬁcatione,
1662 4093 1716 4138 et
1758 4085 2058 4142 sacerdotio

464 4165 613 4239 fungi
634 4178 834 4238 posset,
867 4185 972 4240 quo
995 4169 1105 4240 jam
1131 4172 1381 4241 quoniam
1423 4172 1760 4246 fungebatur,
1785 4193 1890 4232 non
1920 4191 2057 4247 opus

463 4269 580 4315 erat
601 4275 725 4317 eum
753 4261 945 4317 iterum
975 4265 1357 4320 consummari.

533 4373 749 4430 XXVII.
799 4373 899 4449 [lb.
927 4391 1002 4443 rx,
1055 4374 1236 4448 7-21.]
1288 4376 1355 4430 Et
1401 4377 1475 4430 ait
1517 4377 1720 4449 Moyses
1747 4379 1816 4432 ad
1857 4380 2052 4448 Aaron,

465 4466 659 4522 Accede
681 4467 750 4520 ad
777 4468 956 4534 altare,
985 4477 1032 4522 et
1071 4472 1154 4539 fac
1173 4467 1308 4538 quod
1345 4485 1436 4540 pro
1477 4480 1678 4538 peccato
1705 4481 1812 4538 tuo,
1842 4481 1887 4525 et
1910 4472 2057 4527 holo-

462 4565 692 4610 caustum
721 4567 897 4613 tuum:
924 4567 971 4612 et
997 4573 1150 4612 exora
1178 4575 1270 4630 pro
1291 4568 1338 4613 te
1361 4570 1405 4614 et
1430 4560 1579 4614 domo
1606 4570 1712 4614 tua.
1747 4562 1934 4618 Mirum
1973 4573 2057 4620 est

462 4644 733 4714 quomodo
776 4645 924 4715 prius
967 4645 1110 4704 dicat
1148 4646 1449 4704 faciendum
1500 4650 1640 4719 quod
1685 4666 1781 4721 pro
1810 4661 2052 4724 peccato,

460 4735 656 4792 deinde
701 4737 1087 4804 holocaustum.
1121 4757 1241 4797 cum
1283 4744 1538 4799 sacriﬁcia
1568 4761 1663 4814 pro
1709 4748 1937 4815 peccatis
1963 4764 2056 4804 su-

462 4843 559 4898 per
601 4826 908 4885 holocausta
938 4833 1181 4902 superius
1215 4833 1400 4903 jubeat
1438 4836 1634 4906 imponi
1665 4834 1773 4907 (Id.
1823 4854 1894 4903 Iv,
1934 4839 2052 4909 55),

459 4929 685 4990 excepto
709 4921 850 4991 quod
895 4922 960 4978 de
1005 4923 1192 4978 avibus
1235 4927 1485 4995 praecepit
1525 4925 1632 4996 (Id.
1669 4941 1723 4993 v,
1757 4928 1936 5002 8-10).
1968 4931 2053 4985 An

461 5011 599 5068 forte
629 5013 715 5069 hic
734 5014 874 5085 quod
900 5017 1047 5086 prius
1068 5016 1246 5082 ﬁebat,
1272 5018 1320 5072 id
1352 5030 1432 5074 est
1463 5022 1848 5087 holocaustum,
1874 5034 2054 5093 poste-

457 5105 572 5158 rius
615 5109 1088 5164 commemoravit?
1116 5109 1232 5166 Non
1279 5112 1442 5177 enim,
1492 5112 1937 5181 quemadmodum
1983 5116 2053 5172 de

459 5197 668 5265 avibus,
698 5197 850 5267 dixit,
882 5199 990 5256 Fac
1011 5200 1160 5272 prius
1190 5201 1315 5255 illud
1346 5211 1399 5256 et
1425 5213 1605 5272 postea
1633 5203 1797 5270 illud;
1822 5206 1934 5273 sed,
1967 5207 2052 5264 fac

457 5289 589 5344 illud
632 5298 789 5362 atque
828 5292 958 5349 illud
989 5311 1003 5348 :
1030 5293 1157 5364 quid
1196 5304 1374 5349 autem
1414 5294 1560 5364 prius
1602 5295 1903 5353 faciendum
1943 5302 2047 5370 sit,

456 5383 659 5439 indicat
683 5387 926 5455 superius
969 5387 1211 5457 exposita
1256 5388 1556 5456 instructio,
1590 5389 1679 5445 ubi
1717 5389 1847 5445 dicit
1887 5407 2051 5463 super

455 5475 828 5533 holocaustum
856 5478 1056 5549 imponi
1083 5479 1403 5536 sacriﬁcium
1448 5497 1545 5552 pro
1584 5483 1836 5553 peccatis.
1863 5484 2048 5551 Quan-

453 5581 614 5636 quam
662 5567 817 5624 valde
854 5579 1066 5624 moveat
1087 5570 1228 5640 quod
1257 5572 1415 5627 etiam
1445 5572 1515 5628 ita
1555 5563 1736 5630 narrat
1772 5574 2048 5647 Scriptura

455 5655 647 5716 meisse
695 5659 871 5717 Aaron
917 5658 1062 5730 quod
1104 5659 1324 5733 audivit;
1375 5671 1433 5720 ut
1479 5664 1625 5736 prius
1662 5678 2052 5728 commemoret

1230 194 1699 269 QUASSTIONUM
1736 194 1794 250 S.
1836 188 2202 249 AUGUSTINI
2243 189 2312 248 IN
2349 189 2914 250 HEPTATEUCHUM

2145 323 2265 365 eum
2296 307 2472 365 facere
2500 325 2598 380 pro
2641 318 2879 379 peccato,
2926 307 3116 364 deinde
3156 306 3558 366 holocaustum.
3586 311 3731 382 Quod

2145 410 2318 456 utrum
2348 412 2399 456 et
2432 401 2544 471 ipse
2590 402 2736 471 prius
2780 400 2984 466 fecerit,
3011 415 3080 454 an.
3117 401 3264 472 prius
3308 401 3410 457 hoc
3461 402 3731 474 Scriptura

2145 495 2444 550 narraverit
2482 494 2620 564 quod
2665 505 2846 565 postea
2893 493 3087 549 factum
3137 504 3240 560 est,
3273 495 3410 550 sicut
3462 495 3521 550 in
3564 496 3733 552 multis

2146 587 2322 643 lacere
2347 587 2506 654 solet,
2535 587 2819 642 haberetur
2862 587 3143 654 incertum,
3187 585 3292 642 nisi
3339 587 3486 658 quod
3516 587 3627 644 dixi
3654 605 3732 645 su-

2146 682 2326 753 perius
2371 681 2656 751 legeretur,
2702 695 2823 735 cum
2879 687 3060 750 ageret
3083 680 3150 735 de
3185 678 3448 736 sacriﬁcio
3479 695 3581 752 pro
3619 695 3732 750 pec-

2147 783 2286 829 cato.
2337 773 2411 828 lta
2456 773 2598 828 enim
2625 773 2858 843 legitur:
2890 771 2957 826 Et
2999 781 3302 846 superponet
3329 772 3466 827 illud
3509 774 3735 828 sacerdos

2147 882 2299 938 super
2335 864 2497 919 altare
2547 880 2699 935 super
2742 863 3119 918 Itoloraustoma
3163 861 3392 932 Domini,
3421 874 3473 918 et
3520 865 3736 919 exorabit

2149 975 2244 1031 pro
2271 976 2328 1013 eo
2375 957 2608 1013 sacerdos
2629 974 2721 1029 pro
2748 967 2949 1027 peccato
2973 957 3111 1029 quod
3139 959 3378 1030 peccavit,
3423 969 3478 1014 et
3518 960 3736 1014 dimitte-

2151 1059 2234 1103 tur
2254 1049 2330 1104 illi
2359 1048 2540 1120 (Levit.
2564 1064 2638 1115 tv,
2667 1047 2779 1120 35).
2801 1048 3078 1117 Quomodo
3101 1064 3230 1120 ergo
3254 1059 3436 1120 posset
3459 1053 3568 1105 hoc
3593 1066 3740 1122 super

2152 1136 2549 1198 holoeatfstoma
2575 1141 2796 1212 imponi,
2825 1139 2926 1196 nisi
2957 1141 3357 1197 holocaustoma
3388 1141 3546 1211 prius
3576 1143 3740 1213 impo-

2151 1231 2712 1302 neretur‘tLPrtecepit
2755 1242 2932 1287 autem
2973 1231 3076 1289 hoc
3107 1241 3162 1288 et
3203 1232 3272 1289 de
3295 1232 3570 1289 sacriﬁcio
3609 1233 3741 1288 salu-

2155 1324 2304 1389 taris,
2336 1331 2394 1378 ut
2421 1337 2582 1393 super
2607 1315 3003 1378 holocaustoma
3030 1323 3396 1394 imponeretur
3427 1339 3445 1379 :
3491 1323 3592 1379 scd
3629 1325 3743 1394 quia

2153 1416 2256 1472 hoc
2286 1432 2392 1472 non
2423 1416 2614 1486 ubique
2637 1415 2783 1482 dicit,
2815 1431 2920 1471 non
2948 1431 3044 1486 per
3073 1417 3250 1472 omnia
3295 1416 3566 1472 sacriﬁcia
3607 1416 3743 1472 salu-

2155 1509 2306 1576 taris,
2335 1525 2433 1564 nec
2458 1525 2553 1580 per
2587 1507 2766 1564 omnia
2818 1507 3076 1563 sacriﬁcia
3130 1523 3228 1578 pro
3278 1518 3528 1578 peccato,
3581 1516 3745 1578 potest

2155 1600 2377 1657 forsitan
2405 1602 2510 1658 dici
2548 1618 2653 1656 non
2703 1600 2806 1655 hoc
2832 1601 3146 1672 regulariter
3175 1599 3340 1658 fuisse
3363 1583 3702 1674 'przeceptum
3730 1620 3742 1655 :

2156 1695 2248 1751 sed
2281 1697 2388 1750 illic
2433 1696 2798 1750 tantummodo
2827 1705 2884 1751 ut
2933 1696 3083 1751 ﬁeret
3121 1694 3323 1750 dictum
3353 1706 3458 1763 est,
3495 1695 3550 1751 id
3575 1703 3661 1768 est
3695 1695 3744 1750 in

2158 1789 2420 1843 sacriﬁcio
2449 1789 2713 1855 salutaris,
2763 1803 2883 1842 cum
2927 1787 2994 1842 sit
3045 1786 3112 1842 de
3152 1787 3346 1850 bobus,
3391 1787 3469 1843 ibi
3519 1787 3663 1842 enim
3700 1785 3745 1841 id

2161 1883 2446 1951 praecepit;
2477 1891 2531 1936 et
2561 1882 2613 1936 in
2663 1881 2924 1936 sacriﬁcio
2967 1895 3066 1953 pro
3116 1892 3354 1951 peccato,
3382 1897 3513 1938 cum
3542 1883 3603 1937 ﬁt
3632 1883 3649 1914 ⁸
3687 1880 3746 1937 de

2160 1972 2358 2028 femina
2401 1989 2466 2029 ex
2509 1974 2737 2029 ovibus:
2771 1985 2963 2030 cattera
3007 1989 3134 2029 vero
3175 1974 3290 2031 sive
3331 1973 3441 2030 sint
3483 1975 3745 2040 salutaris,

2162 2063 2276 2119 sive
2304 2080 2398 2133 pro
2429 2073 2668 2134 peccato,
2698 2079 2804 2120 non
2854 2078 2974 2121 esse
3020 2080 3240 2122 necesse
3285 2075 3345 2122 ut
3395 2081 3567 2138 super
3611 2066 3747 2122 holo-

2162 2164 2346 2211 causta
2377 2155 2733 2227 imponantur.

2235 2249 2410 2305 Movet
2434 2251 2595 2305 etiam
2621 2249 2760 2320 quod
2788 2261 2914 2304 cum‘
2934 2249 3134 2306 faceret
3172 2251 3349 2306 Aaron
3389 2250 3535 2308 dona
3559 2251 3744 2322 populi,

2164 2357 2282 2412 qnte
2308 2357 2469 2410 supra
2497 2339 2963 2409 commemoravit,
2992 2356 3098 2396 non
3129 2342 3305 2396 omnia
3335 2351 3748 2396 commemorata

2165 2442 2290 2489 sum
2329 2433 2621 2498 immolata,
2665 2447 2782 2503 quae
2832 2431 3043 2488 fuerant
3084 2433 3366 2503 pranlicta;
3419 2432 3523 2489 sed
3561 2441 3748 2486 tantum

2166 2525 2345 2580 hircus
2371 2539 2468 2596 pro
2504 2535 2724 2596 peccato
2752 2532 2808 2580 et
2836 2523 3202 2579 holocaustum
3222 2565 3238 2590 ,
3271 2524 3358 2580 ubi
3388 2532 3575 2580 tamen
3615 2522 3748 2577 illum

2165 2633 2359 2688 agnum
2387 2633 2492 2672 non
2527 2615 2790 2686 expressit
2823 2632 2837 2668 :
2867 2615 2975 2671 duo
3001 2630 3128 2671 vero
3167 2615 3290 2680 alia,
3319 2630 3440 2686 qua:
3483 2615 3554 2670 ad
3596 2612 3747 2670 sacri-

2168 2709 2285 2764 ﬁcia
2313 2725 2411 2779 pro
2443 2717 2659 2779 peccato
2704 2709 2879 2779 potius
2919 2724 3076 2780 quam
3123 2707 3189 2765 ad
3233 2708 3608 2764 holocaustum
3640 2720 3748 2776 per-

2168 2801 2338 2856 tinere
2378 2799 2630 2867 diximus,
2664 2801 2846 2868 tacuit,
2898 2799 2948 2855 id
2995 2809 3078 2856 est
3116 2801 3336 2856 arietem
3389 2810 3445 2856 et
3499 2799 3744 2862 vitulum;

2168 2893 2269 2948 nisi
2297 2892 2432 2949 forte
2456 2909 2487 2948 a
2517 2903 2665 2964 parte
2689 2902 2856 2948 totum
2882 2893 3099 2962 intelligi
3131 2891 3293 2947 voluit
3313 2932 3330 2957 ,
3363 2899 3421 2946 ut
3447 2891 3571 2947 solo
3603 2899 3749 2960 capro

2168 2995 2585 3040 commemorato
2612 2986 2772 3040 etiam
2801 2986 2888 3039 illa
2913 2985 3194 3040 subsecuta
3216 2985 3606 3055 acciperemus.

2238 3075 2371 3131 Cum
2397 3075 2464 3130 de
2508 3075 2781 3130 sacriﬁciis
2802 3075 3049 3130 salutaris
3072 3075 3252 3146 pepuli
3276 3086 3545 3142 narraret,
3577 3086 3750 3145 quem-

2166 3165 2452 3221 admodum
2505 3181 2569 3222 ea
2611 3166 2796 3222 fecerit
2835 3167 3034 3232 Aaron,
3066 3166 3133 3222 de
3163 3167 3325 3222 vitulo
3367 3176 3419 3222 et
3447 3168 3618 3223 ariete
3645 3163 3744 3218 ait:

2167 3256 2236 3311 Et
2259 3259 2442 3312 occidit
2464 3258 2677 3313 uitulum
2706 3270 2753 3315 et
2778 3260 2981 3313 arietem
3006 3259 3245 3328 sacrificii
3281 3258 3524 3314 salutaris
3565 3252 3746 3328 populi,

2167 3361 2215 3406 et
2260 3352 2544 3407 obtulerunt
2581 3353 2676 3423 ﬁlii
2707 3352 2878 3406 Aaron
2921 3351 3214 3422 sanguinem
3251 3350 3318 3404 ad
3343 3367 3475 3417 eum,
3505 3360 3553 3404 et
3581 3345 3748 3414 alludit

2167 3443 2237 3497 ad
2261 3445 2424 3498 altare
2447 3443 2499 3498 in
2528 3444 2758 3508 circuitu,
2782 3453 2828 3497 et
2853 3443 3056 3514 adipem
3081 3443 3166 3512 qui
3192 3457 3223 3494 a
3249 3441 3427 3506 vitulo,
3451 3450 3498 3494 et
3528 3439 3592 3492 ab
3613 3438 3749 3490 ariete

2168 3535 2415 3602 lumbum,
2465 3542 2511 3588 et
2560 3536 2761 3604 adipem
2808 3543 3052 3603 tegentem
3096 3548 3249 3602 super
3286 3541 3530 3597 uentrem,
3559 3540 3606 3584 et
3636 3528 3747 3581 duos

2166 3645 2331 3694 renes,
2359 3638 2407 3682 et
2453 3629 2656 3697 adipem
2701 3626 2786 3696 qui
2828 3642 2982 3695 super
3009 3626 3146 3694 ipsos
3172 3633 3266 3690 est,
3313 3634 3357 3678 et
3403 3625 3618 3693 pinnam
3653 3631 3746 3688 qua

2165 3732 2240 3777 est
2283 3722 2334 3774 in
2373 3721 2636 3791 jecinore;
2667 3729 2712 3773 et
2741 3718 2908 3788 posuit
2935 3717 3137 3785 adipem
3175 3731 3327 3787 super
3371 3713 3684 3784 pectusculo,
3709 3716 3745 3760 et

2166 3811 2404 3881 imposuit
2432 3809 2608 3877 adipes
2635 3808 2704 3861 ad
2730 3809 2890 3861 altare
2922 3823 2939 3861 .'
2974 3816 3020 3861 et
3048 3805 3391 3878 peclusculum
3415 3814 3464 3859 et
3493 3803 3744 3857 brachium

2167 3899 2399 3955 dextrum
2447 3900 2654 3954 abstulit
2699 3900 2889 3965 Aaron,
2941 3897 3242 3952 oblationem
3285 3907 3403 3951 ante
3447 3894 3741 3957 Dominum,

2163 3991 2415 4062 quomodo
2429 3991 2663 4062 praecepit
2688 3991 2935 4045 Dominus
2956 3989 3122 4061 Moysi
3144 3991 3184 4042 '.
3213 3989 3363 4044 Nunc
3391 3986 3737 4058 singulariter,

2164 4101 2306 4140 nunc
2333 4085 2607 4155 pluraliter
2638 4085 2888 4155 loquitur,
2934 4099 3054 4139 cum
3099 4084 3165 4138 de
3202 4082 3409 4138 duobus
3437 4078 3740 4137 animalibus

2164 4179 2433 4250 loquatur,
2467 4177 2633 4234 vitulo
2657 4187 2710 4232 et
2738 4177 2924 4231 ariete.
2956 4175 3109 4244 Quod
3128 4190 3255 4244 ergo
3279 4175 3408 4229 dicit
3435 4174 3564 4227 duos
3593 4184 3734 4229 renes,

2165 4271 2234 4326 ab
2281 4279 2506 4340 utroque
2557 4269 2824 4323 animante
2877 4267 3276 4336 intelligendum
3327 4274 3428 4331 est,
3477 4273 3634 4332 atque
3680 4259 3737 4311 ita

2165 4370 2395 4432 quatuor
2434 4360 2594 4426 ﬁunt;
2625 4359 2695 4413 ita
2725 4367 2780 4413 et
2816 4368 3028 4412 caetera.
3061 4356 3214 4425 Quod
3262 4371 3392 4411 vero
3439 4356 3534 4421 ait,
3565 4353 3627 4406 Et
3655 4364 3733 4422 po-

2164 4453 2264 4506 suit
2288 4453 2462 4522 adipes
2495 4467 2646 4521 super
2674 4447 2982 4520 pectuscula,
3015 4464 3135 4502 cum
3163 4448 3274 4517 ipsa
3317 4445 3616 4518 pectuscula
3648 4453 3734 4494 non

2164 4542 2477 4615 imposuerit
2519 4541 2696 4610 altari,
2749 4541 3014 4596 sacerdoti
3058 4541 3198 4595 enim
3247 4538 3581 4594 debebantur
3629 4545 3733 4588 eum

2163 4636 2396 4692 brachiis
2447 4636 2680 4701 dextris;
2731 4633 2855 4705 quid
2904 4633 3003 4688 sibi
3032 4632 3178 4686 vult?
3222 4631 3302 4686 An
3353 4624 3770 4706 intelligendum.

2164 4739 2265 4795 est,
2293 4730 2363 4786 Et
2383 4730 2560 4800 posuit
2583 4727 2768 4798 adipes
2792 4726 2883 4797 qui
2904 4734 3027 4780 sunt
3047 4739 3208 4796 super
3237 4724 3540 4794 pectuscula
3559 4720 3581 4774 ?
3601 4719 3730 4786 ipsos

2163 4827 2308 4884 enim
2355 4825 2570 4895 posuit,
2617 4838 2751 4892 quos
2799 4821 3097 4890 imponeret
3147 4819 3298 4875 altari
3347 4833 3378 4873 a
3430 4807 3730 4887 pectusculis

2162 4920 2428 4987 demptos.
2457 4915 2589 4970 Nam
2619 4915 2688 4967 ita
2731 4921 2785 4968 et
2829 4912 3076 4982 superius
3115 4919 3459 4987 praeceperat.
3513 4903 3726 4970 Denique

2161 4983 2422 5080 sequitur,
2450 5005 2518 5060 Et
2562 5005 2799 5076 imposuit
2827 5003 3001 5074 adipes
3031 4983 3184 5074 super
3201 5004 3383 5069 altare,
3415 5009 3461 5054 et
3492 5006 3725 5070 pectuscu-

2161 5105 2267 5158 lum
2291 5110 2335 5155 el
2363 5098 2623 5154 brae/tium
2647 5097 2878 5151 dextrum
2899 5096 3102 5150 abstulit
3121 5095 3294 5148 Aaron
3313 5093 3611 5148 oblationem
3627 5087 3724 5136 ante

2160 5197 2434 5250 Dominum
2465 5209 2482 5248 :
2508 5191 2668 5247 modo
2703 5189 3044 5258 singulariter
3081 5187 3420 5254 inferens,‘et
3465 5191 3722 5256 pectuscu-

2159 5289 2268 5343 lum
2297 5287 2501 5352 dicens,
2533 5283 2713 5354 utique
2761 5291 3044 5352 utrumque
3071 5296 3136 5337 ex
3185 5291 3410 5350 utroque
3453 5276 3716 5332 animante,

2159 5395 2278 5451 qua:
2309 5377 2609 5449 pectuscula
2634 5376 2860 5430 dixerat.

2223 5555 2239 5586 ί
2267 5561 2315 5602 In
2345 5557 2420 5600 Fr.
2445 5549 2591 5611 Lugd.
2612 5555 2730 5597 Ven.
2751 5554 2878 5607 Lov.,
2905 5559 3015 5611 cum
3035 5545 3113 5598 sit.
3137 5553 3194 5595 Μ.
3236 5594 3241 5599 ,

2221 5618 2241 5647 ²
2265 5623 2364 5663 ltuc
2385 5620 2488 5662 tres
2510 5605 2771 5672 Scripturze
2783 5605 3045 5672 versiculos
3067 5611 3115 5658 in
3138 5615 3252 5658 ante
3281 5610 3474 5659 excusis
3509 5605 3711 5672 rejeomi

2080 5743 2099 5757 κ
2155 5677 2344 5733 scilicet
2358 5709 2374 5741 ,
2398 5680 2454 5731 Et
2476 5669 2668 5736 adipem
2689 5669 2804 5736 quia
2825 5669 2996 5736 vitulo,
3022 5679 3136 5736 etc.,
3161 5674 3494 5725 remeavimus
3510 5681 3569 5720 ex
3589 5669 3680 5714 Its.
