3862 6336
176 336 298 397 689

176 462 181 495 ξ
256 451 516 510 XXVIII.
544 451 645 526 [lb.
675 466 750 520 Ix,
913 449 1051 518 Quid
1077 455 1162 506 est
1190 446 1331 519 quod
1358 447 1451 507 ait.
1492 446 1620 503 Cum
1654 458 1800 501 extu-

181 546 335 601 lisset
382 546 561 600 Aaron
602 560 781 598 manus
821 559 973 615 super
1003 543 1268 614 populum,
1316 541 1563 595 benedixit
1608 556 1711 606 eos,
1755 548 1800 593 et

179 636 487 699 descendit,
514 653 629 690 cum
669 635 866 706 fecisset
897 634 1031 705 quod
1073 650 1164 706 pro
1223 644 1447 704 peccato,
1480 640 1527 686 et
1556 631 1800 685 holocau-

178 739 513 798 stomata,et
550 746 664 797 qua:
704 728 985 784 salutaris?
1012 729 1110 785 Ubi
1150 736 1328 783 autem
1370 727 1468 781 ista
1512 726 1655 791 fecit,
1699 723 1800 780 nisi

177 838 360 894 super
378 823 575 891 alme,
605 822 654 877 id
671 830 771 888 est,
788 821 854 876 ad
884 822 1051 877 altare
1081 830 1229 877 stans
1265 821 1420 892 eique
1449 818 1800 875 deserviens?

178 914 323 970 Inde
372 930 509 986 ergo
551 913 825 969 descendit
863 913 951 967 ubi
977 913 1169 968 stabat.
1198 912 1456 967 Nimirum
1490 912 1626 965 illius
1650 912 1797 966 soln-

174 1006 261 1064 tio
294 1008 621 1079 qttzestionis
658 1007 895 1078 adjuvari
948 1006 1052 1063 ltoc
1093 1006 1397 1062 testimonio
1444 1006 1673 1073 videtur,
1710 1005 1798 1060 tibi

177 1100 589 1170 qumsieramus
636 1100 687 1155 in
720 1099 907 1155 Exodo
935 1098 1204 1170 quomodo
1230 1098 1417 1153 serviri
1466 1098 1695 1167 potuerit
1731 1096 1797 1152 ad

177 1193 384 1260 altare,
460 1192 601 1264 quod
665 1201 780 1249 erat
841 1193 1007 1247 altum
1069 1192 1262 1247 cubitis
1305 1173 1796 1246 tribus?'Gradum

176 1284 398 1354 quippe
432 1284 537 1340 illic
582 1284 881 1354 intelligere
930 1283 1364 1353 proltibebamur,
1408 1283 1527 1353 quia
1576 1282 1628 1337 id
1660 1284 1800 1337 Deus

180 1384 470 1443 vetuerat,
502 1390 569 1430 ne
602 1390 763 1444 super
788 1376 956 1429 altare
986 1373 1229 1443 pudenda
1251 1373 1424 1429 virilia
1451 1373 1799 1429 ministrantis

174 1467 588 1533 revelarentur,
635 1466 779 1537 quod
808 1467 986 1536 utique
1010 1465 1182 1531 ﬁeret,
1213 1466 1255 1520 si
1293 1480 1414 1535 pars
1455 1464 1638 1519 altaris
1675 1480 1799 1535 gra-

176 1557 287 1613 dus
316 1569 494 1623 esset,
536 1559 588 1614 id
632 1570 733 1622 est,
761 1559 806 1612 si
835 1566 1143 1628 compactus
1166 1556 1467 1611 adluereret
1496 1555 1595 1630 (In
1626 1555 1795 1610 Exod.

177 1659 375 1719 quiest.
415 1651 562 1721 115).
617 1650 853 1721 Denique
898 1648 973 1704 ibi
1018 1649 1119 1704 hoc
1158 1648 1344 1715 vetuit,
1398 1648 1488 1703 ubi
1532 1647 1599 1703 de
1643 1647 1798 1701 altari

177 1742 430 1796 structili
479 1742 813 1813 loquebatur,
856 1758 1016 1796 unum
1072 1742 1403 1796 enim‘esset
1450 1741 1620 1795 altare
1675 1756 1796 1795 cum

178 1833 360 1903 gradu
384 1834 540 1902 cujus
566 1850 686 1902 pars
706 1842 848 1889 esset
866 1834 1081 1904 gradus,
1105 1842 1158 1888 et
1179 1834 1295 1887 ideo
1319 1834 1538 1889 vetitum
1566 1842 1677 1899 est;
1712 1833 1798 1889 hic

177 1939 321 1981 vero
357 1926 450 1980 ubi
481 1927 663 1982 altaris
695 1935 837 1981 tanta
868 1927 1035 1981 fuerat
1060 1926 1301 1990 altitudo,
1334 1934 1392 1981 ut
1417 1927 1520 1980 nisi
1542 1927 1798 1983 sacerdos

180 2030 355 2086 super
382 2016 583 2087 aliquid
606 2026 793 2082 staret,
816 2026 937 2088 apte
963 2018 1267 2073 ministrare
1288 2033 1394 2071 non
1419 2030 1617 2087 posset,
1638 2018 1796 2075 intel—

179 2106 472 2177 ligendum
495 2116 598 2173 est,
618 2108 873 2178 quidquid
893 2108 1017 2162 illttd
1037 2117 1170 2175 erat,
1190 2108 1330 2178 quod
1348 2110 1411 2162 ad
1436 2110 1619 2164 horam
1644 2110 1798 2165 mini-

178 2199 475 2253 strationis
501 2199 796 2268 ponebatur
817 2208 869 2254 et
912 2198 1270 2267 auferebatur,
1302 2215 1406 2253 non
1431 2199 1595 2255 fuisse
1616 2200 1798 2257 altaris

178 2300 430 2362 partem,
472 2301 525 2346 et
563 2291 683 2346 ideo
727 2306 831 2346 non
874 2290 1037 2345 fuisse
1075 2302 1259 2345 contra
1302 2302 1654 2361 prmceptum,
1691 2306 1797 2361 quo

178 2383 423 2454 gradum
457 2382 653 2438 habere
675 2382 998 2452 prohibitum
1022 2392 1103 2437 est
1126 2400 1139 2435 :
1166 2382 1267 2438 lioc
1286 2393 1463 2437 autem
1488 2382 1798 2453 qualecum-

179 2488 290 2544 que
322 2473 515 2539 fuerit,
537 2474 695 2527 tacuit
715 2473 1011 2543 Scriptura,
1034 2483 1087 2529 et
1117 2473 1239 2529 ideo
1266 2475 1492 2544 quaestio
1520 2474 1657 2528 facta
1692 2483 1795 2529 est.

178 2566 287 2624 Sed
323 2584 477 2623 nunc
499 2584 617 2623 cum
637 2568 765 2621 dicit
784 2567 1054 2638 Scriptura
1071 2567 1425 2631 sacerdotem,
1444 2582 1563 2622 cum
1588 2567 1799 2623 fecisset

182 2649 481 2725 sacriﬁcia,
523 2658 885 2724 descendisse,
919 2658 1021 2713 hoc
1051 2667 1133 2713 est
1161 2673 1281 2712 cum
1328 2659 1597 2712 immolata
1630 2659 1798 2727 impo-

183 2751 389 2805 suisset
417 2750 594 2815 altari,
641 2750 826 2819 utique
861 2749 1162 2804 manifestat
1199 2749 1391 2803 alicubi
1432 2765 1553 2804 cum
1586 2749 1797 2804 stetisse

186 2840 335 2895 unde
364 2839 726 2895 descenderet
762 2856 774 2892 :
822 2848 878 2895 et
923 2840 1044 2909 quia
1076 2839 1147 2894 ibi
1198 2847 1438 2905 steterat,
1486 2838 1608 2894 ideo
1639 2838 1795 2894 trium

185 2929 501 2985 cubitorum
529 2930 681 2984 altari
710 2930 1062 2985 ministrando
1086 2930 1359 2985 deservire.
1386 2931 1640 2999 potuisse.

260 3021 463 3076 XXIX.
495 3020 593 3095 [1b.
616 3020 826 3094 1:34.]
860 3021 923 3075 Et
943 3021 1063 3075 vidit
1094 3021 1254 3075 omnis
1286 3022 1522 3092 populus,
1551 3032 1597 3075 et
1624 3039 1797 3077 amens

187 3118 363 3184 factus
409 3124 500 3168 est.
556 3112 709 3182 Quod
759 3113 848 3167 alii
892 3116 1212 3184 interpretes
1249 3115 1532 3182 dixerunt,
1573 3118 1793 3189 expavit,

186 3217 455 3263 conantes
487 3204 781 3262 transferre
804 3206 872 3262 de
898 3223 1073 3278 grzeco
1093 3207 1233 3278 quod
1261 3207 1459 3263 dictum
1482 3218 1582 3275 est,
1609 3218 1794 3279 ἐξέστη,

186 3297 342 3352 unde
388 3306 599 3361 ἔκστασις
616 3298 840 3367 dicitur,
881 3300 971 3369 qui
1014 3313 1159 3369 saepe
1197 3300 1250 3355 in
1294 3300 1584 3371 Scripturis
1621 3303 1799 3360 latinis

187 3389 397 3461 legitur
418 3392 613 3447 mentis
638 3408 914 3449 excessus.

265 3480 446 3537 XXX.
474 3480 573 3554 [Ib.
604 3499 679 3550 ix,
702 3482 818 3555 9.4.]
851 3482 917 3536 Et
954 3484 1072 3537 exiit
1094 3484 1225 3555 ignis
1245 3501 1276 3537 ιι
1300 3484 1539 3551 Domino,
1574 3495 1619 3539 et
1646 3487 1797 3542 devo-

189 3575 330 3628 ravi:
360 3591 472 3645 qua:
491 3586 633 3629 erant
658 3592 811 3646 super
837 3576 1016 3642 altare,
1050 3578 1499 3644 italocaustomata,
1528 3589 1574 3633 et
1602 3581 1797 3653 adipes.

190 3666 340 3734 Quid
395 3668 667 3732 dixerit,n
708 3667 951 3734 Domino,
1000 3670 1167 3739 qtttet'i
1222 3680 1396 3740 potest
1448 3682 1623 3727 utrum
1676 3674 1801 3744 quia

114 3800 119 3803 ι
195 3769 337 3814 nutu
363 3766 420 3815 et
463 3761 738 3816 voluntate
780 3760 988 3815 Domini
1040 3760 1235 3816 factum
1278 3771 1379 3831 est,
1407 3780 1474 3818 an
1504 3765 1571 3819 ab
1591 3780 1656 3819 co
1684 3765 1802 3822 loco

196 3850 341 3922 ignis
371 3851 497 3907 exiit
518 3852 607 3908 ubi
634 3860 747 3907 erat
769 3866 892 3906 arca
927 3852 1237 3908 testimonii.
1268 3854 1382 3908 Non
1413 3856 1555 3910 enim
1598 3856 1653 3910 in
1683 3856 1801 3912 loco

199 3943 384 4013 aliquo
414 3944 487 3997 ita
507 3952 591 4000 est.
623 3944 897 4011 Dominus,
927 3945 1075 4016 quasi
1104 3946 1229 4000 alibi
1258 3961 1362 4000 non
1393 3948 1480 4001 sit.

272 4034 473 4089 XXXI.
518 4034 615 4107 [1b.
642 4051 700 4100 x,
748 4034 887 4110 1-5.]
936 4038 1287 4107 Posteaquam
1331 4048 1558 4093 exeunte
1603 4039 1723 4109 igne
1770 4053 1801 4093 a

201 4126 454 4193 Domino,
483 4127 687 4184 incensi
730 4137 785 4184 et
826 4130 1023 4184 mortui
1068 4137 1193 4184 sunt
1222 4130 1313 4184 11111
1341 4131 1539 4198 Aaron,
1571 4131 1662 4201 qui
1687 4130 1802 4186 ausi

204 4228 329 4272 sunt
379 4219 435 4274 in
480 4218 679 4274 batillis
722 4220 831 4274 suis
875 4219 1113 4275 adhibito
1154 4220 1275 4290 igne
1313 4221 1489 4277 alieno
1528 4221 1802 4278 incensum

204 4308 485 4379 imponere
523 4312 778 4378 Domino;
810 4312 951 4382 quod
996 4312 1117 4367 ideo
1165 4326 1274 4367 non
1312 4313 1525 4378 licebat,
1571 4314 1693 4383 quia
1734 4329 1802 4370 ex

205 4400 299 4457 illo
328 4403 453 4472 igne
491 4403 580 4472 qui
610 4402 860 4458 divinitus
890 4404 942 4458 in
987 4404 1156 4460 altare
1183 4416 1401 4460 venerat
1431 4404 1683 4475 deinceps
1711 4423 1802 4462 cu-

206 4493 427 4560 stodito,
452 4496 628 4547 omnia
663 4503 816 4548 erant
852 4494 1188 4550 accendenda
1228 4512 1346 4566 qua:
1372 4496 1423 4549 in
1465 4496 1802 4553 tabernaculo

204 4586 427 4642 accendi
466 4587 745 4656 oportebat
795 4604 808 4640 :
859 4587 1083 4640 mortuis
1124 4603 1251 4656 ergo
1297 4588 1399 4642 illis
1451 4590 1523 4643 ait
1574 4589 1799 4660 Moyses,

211 4673 321 4729 Hoc
375 4687 445 4731 est
488 4677 624 4748 quod
674 4678 801 4732 dixit
853 4676 1102 4732 Dominus
1145 4679 1335 4745 dicens,
1369 4677 1435 4732 In
1469 4681 1538 4733 eis
1566 4682 1652 4750 qui
1681 4680 1804 4734 milii

208 4770 621 4841 appropinquant
646 4769 1023 4839 sancti/icabor,
1048 4779 1095 4825 et
1119 4771 1171 4825 in
1198 4771 1334 4824 omni
1360 4788 1617 4842 synagoga
1644 4772 1802 4841 glori-

214 4861 402 4928 ficabor
429 4876 561 4928 :,eos
608 4863 1037 4933 apprOpinquare
1062 4863 1285 4917 Domino
1320 4862 1503 4917 volens
1544 4862 1797 4932 intelligi,

214 4955 299 5023 qui
348 4957 401 5010 in
454 4955 795 5011 tabernacqu
841 4955 1142 5011 sacerdotio
1182 4954 1570 5025 fungebantur;
1603 4956 1796 5011 sancti-

214 5046 357 5102 licari
399 5057 575 5103 autem
621 5049 674 5102 in
722 5048 800 5103 eis
844 5048 1003 5104 etiam
1044 5048 1382 5114 vindicando,
1424 5049 1557 5102 sicut
1607 5050 1801 5104 factum

215 5148 312 5194 est.
337 5139 531 5221 Utrum
551 5149 609 5195 ut
628 5141 753 5196 hinc
780 5142 1009 5197 sciretur
1036 5157 1193 5212 quam
1221 5141 1395 5195 minus
1429 5140 1550 5195 aliis
1598 5149 1799 5211 parcat,

216 5231 258 5285 si
288 5231 538 5289 illis‘non
570 5236 739 5306 parcit
784 5252 797 5288 :
839 5250 945 5306 quo
987 5251 1144 5291 sensu
1189 5235 1384 5290 dictum
1424 5245 1525 5299 est,
1556 5236 1618 5292 Si
1631 5239 1803 5307 justus

218 5323 298 5377 vis:
318 5325 489 5381 salvus
518 5330 629 5391 erit,
661 5336 891 5397 peccator
914 5336 962 5381 et
986 5327 1170 5396 impius
1198 5326 1281 5380 ubi
1308 5328 1552 5395 parebunt
1574 5326 1627 5400 (1
1660 5327 1799 5382 Petr.

220 5428 287 5480 tv,
310 5417 443 5490 18)?
472 5420 555 5473 An
591 5418 771 5489 potius
815 5418 1105 5475 secundum
1162 5417 1311 5483 illud,
1343 5417 1434 5471 Cui
1488 5420 1603 5487 plus
1628 5417 1799 5485 datur,

224 5506 329 5572 plus
352 5509 569 5580 exigitur
593 5510 656 5564 ab
681 5510 777 5565 eo?
802 5520 856 5567 et
880 5510 1029 5575 illud,
1073 5510 1261 5565 Servus
1300 5510 1385 5578 qui
1434 5527 1533 5564 non
1577 5511 1804 5580 cognovit

224 5597 517 5655 voluntatem
546 5601 736 5655 domini
760 5602 860 5669 sui,
901 5611 947 5656 et
977 5602 1099 5673 facit
1136 5601 1291 5672 digna
1336 5600 1520 5671 plagis,
1551 5601 1805 5671 vapulabit

226 5702 382 5755 pauca
418 5708 437 5747 :
477 5708 647 5748 servus
679 5703 848 5749 autem
874 5695 961 5765 qui
997 5694 1225 5763 cognovit
1270 5692 1578 5748 voluntatem
1612 5694 1805 5749 domini

226 5779 318 5847 sui,
348 5791 397 5837 et
446 5784 564 5839 facit
610 5784 766 5858 digna
802 5784 1002 5862 plagis,
1035 5785 1293 5857 vapulabit
1338 5786 1496 5842 multa
1522 5784 1674 5859 (Luc.
1705 5802 1802 5854 xu,

1582 330 1787 385 LIBER
1824 327 2143 388 TERTIUS.

3396 342 3503 402 69’.)

1908 449 1996 504 48.
2026 447 2157 518 47)?
2195 456 2248 503 et
2289 448 2441 515 illud,
2476 449 2675 523 Exiguo
2720 450 2854 506 enim
2881 451 3177 508 concedetur
3208 454 3498 512 misericor-

1906 541 2024 605 dia;
2079 550 2302 611 potentes
2355 550 2521 595 autent
2592 543 2873 612 potentiora
2925 554 3172 600 tormenta
3242 548 3501 617 patientur

1910 632 2064 706 (Sep.
2098 649 2174 697 va,
2203 634 2295 703 ηεξ
2344 633 2451 689 Sed
2498 633 2590 689 ubi
2636 634 2739 691 ltoc
2780 636 2973 692 dixerit
3028 637 3304 707 Dominus,
3353 642 3501 710 quod

1905 739 2026 780 eum
2081 723 2281 780 dixisse
2322 724 2534 797 Moyses
2586 728 3043 793 commemoravit,
3102 729 3156 783 ia
3222 729 3500 799 Scriptura

1904 834 2022 889 quae
2043 828 2187 873 retro
2207 827 2288 874 est
2312 834 2415 873 non
2451 818 2735 875 invenitur.
2761 820 2887 875 Tale
2914 836 3043 892 ergo
3074 832 3151 877 est
3194 820 3315 889 hoc,
3342 824 3501 894 quale

1904 912 1958 966 in
1989 912 2195 980 Exodo,
2246 911 2336 966 tibi
2374 911 2504 966 dicit
2547 912 2792 980 Domino,
2831 912 2905 967 Tu
2930 914 3125 979 dixisti,
3157 914 3278 969 Scio
3308 924 3356 969 te
3392 931 3501 986 prta

1904 1006 2135 1059 omnibus
2162 1004 2361 1075 (Exod.
2397 1020 2593 1069 χχχιιι,
2628 1004 2753 1077 19.);
2784 1009 2924 1075 quod
2977 1006 3243 1061 invenitur
3280 1006 3499 1078 quidem

1904 1098 2161 1153 Dominus
2203 1098 2252 1153 ei
2293 1097 2513 1165 dixisse,
2538 1097 2633 1153 sed
2662 1108 2842 1167 postea
2878 1117 2892 1154 :
2924 1098 3016 1154 sed
3058 1101 3306 1169 quoniam
3350 1115 3500 1157 nien-

1903 1190 2108 1245 dacitcr
2145 1205 2412 1261 nunquam
2444 1191 2547 1245 hoc
2584 1190 2793 1261 Moyses
2837 1189 3059 1251 diceret,
3108 1192 3416 1263 intelligitur
3444 1192 3501 1247 id

1903 1281 1952 1336 ei
1982 1282 2139 1336 etiam
2169 1291 2295 1337 ante
2338 1281 2558 1348 dixisse,
2595 1282 2837 1349 quamvis
2866 1281 3121 1352 scriptum
3161 1298 3263 1337 non
3305 1283 3496 1349 fuerit;

1905 1373 1978 1429 ita
2003 1382 2059 1429 et
2086 1375 2205 1429 hoc.
2234 1373 2388 1431 Unde
2417 1384 2636 1446 apparot
2665 1390 2770 1431 non
2797 1376 2976 1430 omnia
3015 1376 3209 1445 scripta
3236 1392 3357 1431 esse
3378 1391 3499 1438 niue

1904 1467 2045 1521 Deus
2074 1466 2282 1521 locutus
2315 1475 2399 1523 est
2425 1468 2524 1534 eis,
2552 1483 2648 1538 per
2670 1484 2803 1538 quos
2823 1468 2977 1523 nobis
3006 1478 3187 1523 sancta
3223 1468 3497 1538 Scriptura

1904 1557 2021 1627 ejus
2050 1559 2345 1612 ministrata
2371 1567 2476 1613 est.

1974 1649 2189 1703 XXXII.
2220 1649 2317 1721 [lb.
2350 1666 2406 1712 x,
2430 1650 2481 1715 6,
2511 1648 2590 1721 7.]
2619 1650 2752 1718 Quid
2778 1658 2859 1705 est
2902 1649 3044 1720 quod
3081 1651 3257 1705 Aaron
3285 1658 3340 1706 et
3371 1651 3502 1707 reli-

1903 1754 2038 1808 quos
2066 1741 2201 1794 filios
2226 1740 2341 1809 ejus
2369 1749 2593 1795 mortem
2620 1741 2829 1795 illorum
2852 1741 3075 1795 duorum
3100 1743 3279 1811 lugere
3314 1743 3501 1812 prohi-

1901 1832 2034 1886 bens
2062 1832 2209 1898 dicit,
2242 1830 2405 1900 Caput
2443 1841 2661 1886 vestrum
2690 1832 2864 1886 cidara
2907 1849 3006 1886 non
3035 1832 3372 1899 denudabitis,
3405 1832 3497 1888 ubi

1901 1932 2046 1980 certe
2075 1924 2309 1979 ostendit
2357 1924 2565 1979 cidaras
2603 1926 2833 1995 tegmina
2882 1928 3112 1997 capitum
3164 1926 3357 1992 fuisse;
3391 1928 3496 1983 nisi

1901 2017 2022 2087 quia
2048 2018 2133 2071 illa
2166 2017 2429 2072 faciebant
2450 2018 2712 2087 lugentes,
2735 2034 2852 2088 qua:
2876 2019 3245 2074 consuetudini
3274 2030 3495 2075 ornatus

1901 2118 2082 2164 essent
2106 2109 2411 2163 contraria?
2437 2110 2587 2164 Sicut
2610 2110 2751 2164 enim
2784 2110 2835 2163 in
2863 2120 3045 2165 nostra
3083 2111 3490 2177 consuetudine,

1901 2201 2025 2270 quia
2046 2210 2206 2269 caput
2232 2209 2473 2271 apertum
2500 2202 2666 2272 magis
2697 2202 2940 2268 habetur,
2968 2203 3209 2273 operitur
3236 2204 3288 2258 in
3315 2203 3493 2271 luctu;

1901 2292 1979 2346 sic
2005 2294 2126 2363 quia
2158 2293 2231 2346 illi
2278 2294 2612 2361 operimento
2662 2294 2850 2365 capitis
2893 2296 3239 2362 ornabantur,
3286 2296 3495 2350 nudan-

1901 2381 2027 2435 dum
2058 2392 2170 2437 erat
2211 2382 2532 2452 lugentibus.
2574 2382 2726 2450 Quod
2775 2383 2896 2440 ideo
2944 2386 3209 2454 prohibet,
3241 2401 3308 2441 ne
3351 2387 3499 2455 Iuge-

1901 2483 2022 2528 rent
2044 2488 2137 2528 eos
2167 2474 2217 2526 in
2258 2490 2483 2543 quorum
2523 2490 2680 2545 paena
2711 2477 3074 2532 sanctificatus
3103 2486 3186 2531 est
3215 2478 3495 2544 Dominus,

1902 2564 1956 2618 id
1987 2573 2070 2618 est
2097 2565 2499 2619 commendatus
2543 2574 2627 2621 est
2678 2566 2836 2620 timor
2881 2570 3017 2636 ejus.
3049 2568 3158 2622 Nec
3206 2568 3326 2623 ideo
3372 2569 3499 2639 quia

1901 2654 2117 2725 lugendi
2143 2671 2247 2710 non
2292 2665 2465 2721 erant,
2497 2671 2619 2711 nam
2661 2657 2921 2728 permittit
2957 2658 3090 2713 alios
3119 2659 3298 2729 lugere
3324 2660 3446 2714 illos
3480 2678 3495 2715 :

1902 2747 1997 2801 sed
2046 2747 2168 2816 quia
2222 2747 2298 2802 illi
2338 2748 2519 2818 lugere
2559 2756 2687 2803 tunc
2729 2764 2836 2803 non
2891 2749 3175 2816 debebant,
3207 2765 3330 2805 cum
3378 2751 3498 2807 dies

1902 2842 2337 2897 sanctificationis
2379 2858 2567 2897 eorum
2603 2853 2907 2913 agerentur,
2939 2842 3172 2898 nondum
3214 2844 3498 2913 completis

1901 2945 2129 3005 septem,
2194 2934 2384 3005 quibus
2427 2950 2522 2990 cos
2578 2935 2831 3005 praecepit
2885 2936 2951 2991 de
2995 2935 3338 2991 tabernaculo
3388 2950 3498 2990 non

1901 3028 2212 3083 abscedere.
2261 3027 2574 3098 Quanquam
2623 3028 2792 3099 possit
2832 3028 3024 3095 videri,
3069 3028 3193 3099 quia
3242 3028 3337 3083 illo
3377 3028 3498 3084 oleo

1902 3118 2111 3174 fuerant
2136 3120 2472 3184 sanctificati,
2507 3119 2609 3175 hoc
2646 3119 2845 3175 dictum
2888 3134 3009 3175 esse
3052 3119 3194 3190 quod
3224 3134 3495 3189 nunquam

1901 3226 2222 3281 quemquam
2267 3211 2449 3281 lugere
2488 3210 2766 3266 deberent.
2807 3210 2886 3264 Ita
2914 3210 3055 3266 enim
3083 3208 3213 3265 dicit
3240 3224 3255 3264 :
3287 3208 3498 3264 Fratres

1902 3313 2067 3356 autem
2088 3303 2254 3369 vestri,
2280 3302 2443 3357 omnis
2464 3302 2642 3356 domus
2668 3301 2857 3367 Israel,
2877 3300 3146 3373 plorabant
3184 3301 3492 3370 incendium,

1902 3412 2000 3464 quo
2024 3396 2214 3448 incensi
2241 3405 2355 3449 sunt
2374 3413 2404 3448 a
2426 3394 2668 3449 Domino.
2695 3395 2760 3449 Et
2781 3394 2842 3449 ab
2867 3396 2995 3449 ostio
3025 3395 3332 3450 tabernaculi
3359 3396 3499 3449 testi-

1904 3486 2062 3540 monii
2098 3503 2200 3540 non
2230 3487 2448 3551 exibitis,
2480 3503 2543 3540 ne
2575 3487 2863 3539 moriamini
2894 3502 2913 3539 :
2938 3486 3104 3541 oleum
3142 3488 3276 3540 enim
3301 3487 3498 3540 unctio—

1904 3579 2003 3641 nis,
2026 3578 2162 3648 quod
2182 3586 2255 3631 est
2276 3595 2307 3630 a
2335 3577 2573 3640 Domino,
2603 3593 2754 3645 super
2776 3593 2861 3630 vos
2884 3585 2977 3631 est.

1975 3669 2217 3724 XXXIII.
2249 3667 2347 3740 [lb.
2384 3684 2447 3732 Χ,
2475 3666 2655 3738 9-11.]
2698 3667 2765 3719 Et
2800 3666 2997 3720 locutus
3026 3674 3100 3721 est
3136 3666 3389 3721 Dominus
3430 3670 3503 3721 nd

1904 3759 2076 3813 Aaron
2114 3759 2285 3812 dicens
2315 3773 2333 3810 :
2366 3756 2551 3809 Vinum
2577 3766 2622 3809 et
2659 3757 2870 3811 siceram
2908 3773 3009 3811 non
3045 3755 3215 3811 bibelt's
3250 3766 3303 3809 tu
3332 3765 3377 3809 et
3404 3757 3503 3825 ﬁlii

1907 3853 1982 3906 tui
2011 3862 2193 3916 tecum,
2230 3867 2344 3903 cum
2384 3849 2632 3903 intrabilis
2668 3850 2721 3903 in
2766 3847 3142 3903 tabernaculum
3188 3849 3497 3914 testimonii,

1906 3954 1994 3999 aut
2021 3962 2135 3998 cum
2160 3941 2404 3997 accedetis
2432 3942 2501 3995 ad
2526 3943 2705 4007 altare,
2729 3949 2776 3994 et
2799 3958 2901 3996 non
2936 3942 3237 3996 moriemini.
3269 3940 3498 4009 Quando

1906 4051 2034 4106 ergo
2059 4035 2137 4089 eis
2165 4033 2348 4089 bibere
2377 4034 2586 4100 licebat,
2615 4033 3044 4103 quandoquidem
3085 4033 3139 4087 in
3174 4034 3496 4089 tabernacu-

1907 4127 2015 4181 lum
2039 4127 2119 4181 eis
2149 4124 2383 4195 quotidie
2424 4140 2644 4180 necesse
2678 4134 2795 4179 erat
2822 4126 3042 4181 introire
3067 4134 3122 4180 et
3145 4125 3401 4182 accedere.
3429 4126 3501 4181 ad

1906 4219 2073 4275 altare
2094 4261 2108 4286 ,
2136 4227 2354 4288 propter
2382 4218 2686 4271 continuam
2712 4217 3055 4272 servitutem?
3081 4216 3234 4282 Quod
3269 4217 3314 4271 si
3349 4216 3499 4286 quis-

1907 4326 2065 4381 quam
2092 4311 2255 4375 dicit,
2298 4324 2402 4363 non
2433 4310 2578 4362 omni
2622 4310 2709 4363 die
2749 4308 3011 4363 sacrificia
3054 4307 3255 4377 imponi
3283 4307 3495 4372 solere,

1907 4403 2033 4476 quid
2060 4403 2203 4458 dicet
2247 4402 2312 4455 de
2340 4402 2582 4470 ingressu
2625 4401 2677 4453 in
2724 4399 3156 4467 tabernaculum,
3186 4400 3275 4469 qui
3319 4400 3497 4471 quoti-

1907 4496 2096 4550 dianus
2121 4503 2235 4547 erat
2264 4502 2480 4561 propter
2503 4490 2879 4546 candelabrum
2907 4499 2959 4546 et
2989 4504 3155 4560 panes
3180 4491 3499 4560 propositio--

1908 4588 1991 4642 nis
2014 4601 2173 4655 super
2202 4600 2440 4638 mensam
2482 4582 2795 4652 ponendos?
2825 4582 2883 4637 Si
2910 4591 3088 4637 autem
3119 4581 3495 4651 respondetur,

1907 4678 1960 4731 in
1990 4673 2367 4729 tabernaculum
2400 4673 2671 4727 testimonii
2711 4686 2853 4726 nunc
2893 4671 3036 4742 quod
3072 4672 3180 4739 ait,
3212 4671 3343 4727 illud
3376 4686 3501 4727 esse

1908 4767 2308 4837 intelligendum
2354 4765 2440 4819 ubi
2485 4773 2602 4820 erat
2639 4779 2761 4819 arca
2804 4763 3128 4828 testimonii;
3174 4763 3335 4818 etiam
3373 4762 3499 4817 illuc

1908 4874 2132 4916 necesse
2155 4868 2271 4913 erat
2296 4859 2495 4911 intrare
2524 4870 2789 4910 summum
2816 4855 3145 4910 sacerdotem
3172 4863 3387 4924 pr0pter
3406 4855 3495 4907 iit-

1907 4966 2127 5009 censum
2156 4947 2587 5003 continuationis.
2626 4945 2743 5002 Non
2776 4946 2917 5001 enim
2948 4945 3115 5000 semel
3143 4945 3197 4997 in
3240 4958 3381 4997 anno
3408 4943 3496 4996 in-

1909 5045 2113 5109 trabat;
2170 5040 2265 5096 sed
2312 5054 2433 5094 cum
2482 5041 2738 5109 sanguine
2789 5032 3170 5106 purificationis
3223 5033 3389 5089 semel
3440 5032 3496 5087 in

1907 5152 2081 5203 anno,
2115 5142 2332 5205 propter
2370 5133 2644 5187 incensum
2684 5138 2859 5185 autem
2887 5126 3141 5197 quotidie.
3170 5127 3254 5180 An
3296 5125 3500 5181 intelli-

1907 5228 2135 5300 gendum
2174 5236 2256 5281 est
2279 5226 2445 5281 Deum
2482 5218 3363 5304 praecepisse‘utnvinum.omnino
3388 5232 3499 5272 non

1907 5321 2189 5379 biberent?
2218 5318 2322 5374 Cur
2344 5330 2471 5387 ergo
2503 5330 2606 5369 non
2642 5313 2711 5368 ita
2741 5310 2992 5381 prtecepit
3017 5310 3191 5381 potius
3224 5317 3283 5364 ut
3312 5309 3494 5364 brevi-

1909 5426 1991 5470 ter
2009 5413 2229 5476 diceret,
2262 5408 2450 5462 Vinum
2470 5422 2571 5460 non
2592 5403 2798 5468 bibatis;
2824 5401 2920 5457 sed
2943 5401 3165 5467 addidit,
3193 5417 3307 5455 cum
3331 5401 3499 5454 intra-

1909 5508 2022 5561 bitis
2046 5508 2099 5561 in
2128 5501 2538 5565 tabernaculum,
2568 5508 2655 5551 aut
2680 5513 2794 5549 cum
2815 5494 3063 5549 accedetis
3089 5494 3158 5547 ad
3182 5495 3383 5549 altare?
3413 5494 3495 5547 An

1909 5599 2032 5670 quia
2070 5610 2228 5650 causa
2268 5608 2376 5647 non
2413 5589 2626 5645 bibendi
2673 5587 2893 5643 tacenda
2935 5602 3040 5642 non
3079 5595 3221 5653 erat,
3262 5587 3494 5641 maxime

1910 5690 2032 5761 quia
2071 5688 2209 5741 Deus
2237 5682 2490 5754 prmscius
2533 5689 2647 5735 erat
2683 5678 2889 5735 futuros
2932 5686 3114 5749 postea
3154 5686 3262 5732 tam
3300 5676 3499 5731 multos

1913 5784 2073 5839 etiam
2112 5789 2346 5834 summos
2374 5772 2677 5829 sacerdotes
2714 5786 2821 5827 uno
2864 5778 3131 5839 tempore.
3166 5767 3220 5824 id
3262 5776 3343 5823 est
3383 5782 3489 5832 non
