3862 6304
395 458 495 517 per
541 437 968 507 successionem,
1013 433 1101 509 qui
1145 435 1489 490 tabernaculo
1533 441 1587 488 et
1618 431 1892 488 sacrificiis
1935 438 1990 485 et

401 536 624 592 incenso
663 542 718 590 et
757 532 1006 588 universo
1054 529 1126 585 illi
1166 527 1462 584 ministerio
1507 526 1710 582 vicibus
1755 523 1992 582 deservi-

407 637 560 688 reut;
590 625 800 702 quando
829 625 1006 696 utique
1037 623 1111 679 illi
1143 638 1247 676 non
1282 620 1560 686 bibebant,
1589 635 1810 690 quorum
1843 621 1990 673 locus

408 733 521 776 crat
547 718 878 775 deserviendi
898 761 911 782 ,
941 718 1028 772 alii
1059 727 1232 772 autem
1263 713 1556 770 bibebant?
1586 714 1666 768 Au
1695 709 1816 783 quid
1848 710 1990 767 aliud

409 815 510 878 hoc
555 813 672 870 iuro
701 809 1096 882 intelligendum
1137 808 1256 863 est?
1285 807 1542 876 Quoniam
1579 823 1696 862 cum
1729 808 1906 860 vinum
1937 815 1992 861 et

401 905 630 959 siceram
675 904 980 959 sacerdotes
1019 903 1198 956 bibere
1244 901 1584 972 prohiberet,
1623 912 1836 955 secutus
1879 901 1985 962 a’t,

406 991 710 1068 Legitintunt
749 1005 990 1047 wternum
1020 992 1070 1045 in
1111 992 1372 1064 progenies
1412 1000 1597 1045 vestras
1633 1007 1650 1046 :
1681 992 1986 1061 ambiguum

404 1098 484 1144 est
516 1075 704 1142 'utrnnt
749 1083 1007 1152 superiori
1048 1086 1222 1137 st-nsni
1265 1092 1633 1147 connectatur,
1678 1083 1728 1136 id
1767 1092 1877 1146 est,
1919 1081 1985 1138 ad

405 1176 583 1231 viuum
621 1179 726 1229 non
771 1173 1052 1228 bibendum
1094 1175 1380 1244 pertint-at;
1412 1189 1477 1226 an
1515 1172 1748 1227 inferiori
1785 1173 1871 1228 ubi
1909 1187 1994 1230 se;

404 1269 600 1339 quitur,
637 1267 950 1338 Distinguere
979 1267 1109 1319 inter
1153 1267 1371 1318 medium
1414 1276 1701 1319 sanctorum
1744 1274 1790 1318 et
1819 1275 1994 1320 conta-

403 1360 731 1425 minatorum,
763 1369 809 1413 et
851 1359 980 1412 inter
1027 1358 1245 1411 medium
1285 1357 1590 1411 mundorum
1626 1365 1673 1412 cl
1710 1359 1996 1412 itnntttntl‘o-

403 1467 551 1514 runt;
595 1459 640 1504 et
690 1452 938 1504 instruere
981 1449 1114 1516 ﬁlios
1169 1447 1334 1502 Israel
1385 1449 1555 1502 omnia
1613 1449 1836 1518 legitima
1884 1463 1996 1518 qua:

407 1541 603 1602 locutus
629 1551 702 1594 est
735 1539 980 1593 Dominus
1006 1540 1073 1593 ad
1095 1557 1174 1594 eos
1203 1557 1517 1612 permanant
1561 1539 1769 1612 Moysi:
1802 1550 1857 1595 ιιι
1894 1540 1996 1597 hoc

408 1630 478 1687 sit
505 1632 681 1687 oflieio
707 1632 1043 1685 sacerdotum
1080 1631 1369 1702 legitimum
1410 1641 1666 1686 astcrnum
1701 1632 1750 1684 in
1796 1645 1994 1702 proge-

410 1723 527 1782 nies
569 1737 777 1777 eorum.
819 1722 1098 1791 Quomodo
1139 1735 1311 1776 autem
1361 1722 1504 1776 dirat
1559 1733 1840 1786 a'ternum,
1883 1722 1994 1794 jam

408 1823 551 1882 εωρο
593 1810 844 1870 diximus.
905 1813 1015 1868 iloc
1061 1831 1272 1884 quoque
1323 1816 1567 1886 ambigue
1623 1814 1853 1884 positum
1913 1823 1998 1869 est

407 1903 549 1976 quod
575 1903 668 1968 ait,
695 1901 1016 1972 Distingnere
1040 1906 1166 1958 inter
1187 1905 1400 1958 tiu-(limit
1422 1915 1712 1958 sanctorum
1739 1914 1788 1958 et
1817 1913 1997 1958 conta-

408 1995 746 2059 minatorum,
783 2005 829 2049 et
869 1995 998 2048 inter
1035 1996 1248 2049 medium
1286 1997 1584 2050 mutulorum
1618 2006 1664 2050 et
1709 1998 1992 2052 immundo-

405 2101 557 2151 runt;
587 2097 761 2141 utrum
792 2085 859 2140 ab
902 2103 967 2142 eo
996 2089 1135 2156 quod
1174 2101 1294 2142 sunt
1334 2101 1513 2143 saneta
1547 2098 1600 2143 et
1636 2089 1832 2146 munda
1855 2131 1868 2154 ,
1912 2091 1995 2146 vel

406 2175 677 2244 inquinata
707 2184 759 2229 et
796 2177 1098 2244 immunda;
1130 2194 1195 2231 an
1235 2179 1300 2229 ab
1330 2195 1392 2232 eo
1417 2180 1557 2250 quod
1585 2189 1710 2235 sunt
1744 2182 1909 2235 sancti
1941 2189 1997 2238 et

407 2267 612 2334 mundi,
644 2267 728 2323 vel
762 2269 1017 2339 inquinati
1047 2279 1098 2324 et
1125 2270 1380 2324 immundi
1414 2289 1426 2324 :
1461 2271 1512 2325 id
1543 2282 1624 2326 est
1653 2284 1825 2327 utrum
1856 2274 1996 2330 inter

408 2355 496 2412 illa
532 2359 641 2428 ipsa
678 2374 856 2427 sacra,
883 2377 1000 2434 qum.
1030 2363 1128 2414 rite
1158 2363 1238 2415 vel
1269 2378 1371 2416 non
1417 2365 1516 2418 rite
1544 2364 1767 2432 ﬁerent,
1806 2365 1996 2420 distin-

415 2463 577 2520 gucre
608 2449 771 2505 voluit
802 2452 1138 2518 sacerdotes;
1170 2469 1235 2508 au
1268 2455 1565 2525 inter-ipsos
1598 2457 1843 2512 homines
1869 2474 1995 2528 pro-

411 2538 613 2596 bandos
645 2544 723 2596 vel
763 2543 1168 2613 improimndos;
1198 2561 1263 2600 an
1295 2550 1468 2617 potius
1499 2549 1563 2603 ad
1595 2559 1880 2622 utrumque
1910 2565 1996 2607 rc-

406 2630 679 2689 fereudum
708 2642 807 2700 est,
833 2636 949 2691 sive
978 2636 1250 2706 homines,
1275 2640 1386 2694 sive
1409 2655 1580 2695 sacra.

475 2721 838 2799 XXXI\'.[ib.
882 2745 950 2794 χ,
997 2727 1110 2801 is]
1156 2729 1503 2787 Pectusculum
1538 2736 1896 2806 srgregationis
1946 2734 1996 2792 et

403 2814 662 2869 brachium
687 2820 954 2874 oblationis
982 2823 1348 2877 matulurabitis
1366 2825 1416 2880 In
1444 2825 1552 2880 loco
1579 2839 1773 2881 sancto.
1797 2831 1994 2892 Quam-

404 2905 482 2959 vis
513 2907 715 2980 singula
747 2911 967 2979 singulis
999 2911 1115 2966 data
1143 2914 1270 2978 sint,
1305 2918 1553 2970 nimirum
1583 2929 1759 2973 tamen
1790 2930 1994 2976 utrum-

403 3011 505 3066 que
535 3011 712 3064 posset
743 2999 845 3054 dici
865 3004 1266 3071 segregallouis,
1287 3007 1407 3076 quia
1431 3019 1711 3078 utrumque
1729 3011 1992 3068 sacerdoti

401 3097 712 3154 separatur;
752 3099 805 3143 et
842 3101 1123 3162 utrumque
1168 3093 1450 3150 ablationis
1496 3100 1607 3154 sive
1647 3100 1988 3170 deruptiouis,

402 3175 541 3244 quod
578 3187 750 3246 grtnce
779 3177 1262 3254 (1ἰρίιιπά;αίρεμςι,
1285 3188 1406 3256 quia
1445 3200 1724 3260 utrumque
1762 3192 1994 3251 demitur

401 3273 455 3319 ct
479 3264 716 3321 aufertur
742 3269 818 3324 eis
844 3285 936 3339 pro
963 3273 1155 3342 quibus
1182 3275 1420 3340 offertur,
1446 3289 1498 3334 ιιι
1524 3280 1678 3336 detur
1703 3283 1986 3340 sacerdoti.

402 3353 771 3414 Pectnsculum
821 3377 950 3418 sane
991 3365 1342 3434 impositiouis
1378 3373 1620 3441 superius
1650 3374 1871 3445 legimus
1893 3418 1906 3438 ,
1937 3385 1990 3432 et

401 3445 676 3502 brachium
698 3450 1011 3521 ablationis;
1033 3458 1152 3527 quia
1176 3457 1242 3514 de
1271 3459 1489 3516 brachio
1519 3464 1650 3519 nihil
1680 3469 1988 3535 imponeba-

405 3545 491 3590 tur
527 3539 698 3603 altari,
731 3543 897 3614 adeps
935 3556 1113 3602 autem
1151 3547 1220 3604 de
1257 3554 1560 3620 pectusculo
1595 3556 1985 3626 impetu-batur.

473 3626 689 3683 XXXV.
719 3629 818 3705 [ib.
845 3643 902 3700 Χ,
932 3635 1066 3709 Η.].
1093 3639 1229 3705 Quid
1259 3650 1341 3696 est
1368 3645 1507 3712 quod
1535 3645 1681 3711 dicit,
1717 3647 1794 3702 De
1831 3654 1991 3705 sacri-

403 3719 529 3787 ﬁciis
554 3722 876 3790 salutarium,
899 3743 1018 3782 cum
1051 3745 1113 3785 ea
1138 3731 1277 3787 dicat
1296 3749 1411 3806 quae
1435 3737 1558 3792 alibi
1586 3737 1715 3794 dixit
1736 3744 1989 3811 sacri/icio

403 3811 679 3879 salutaris;
701 3826 757 3871 et
781 3833 902 3872 cum
927 3820 1182 3890 singulari
1209 3839 1433 3881 numero
1456 3827 1505 3882 id
1525 3830 1658 3886 dixit
1681 3837 1986 3903 sacri/icium

403 3903 662 3970 salutaris,
693 3921 811 3960 cum
841 3908 908 3964 de
935 3912 1120 3967 eadem
1147 3929 1206 3970 re
1228 3916 1491 3973 diceretur
1521 3921 1580 3975 ‘?
1612 3927 1689 3978 An
1722 3924 1856 3983 forte
1887 3928 1986 3983 hoc

404 3993 524 4047 loco
567 3995 656 4050 ubi
701 3999 794 4062 ait,
822 3999 867 4054 Α
905 4003 1171 4073 sacriﬁciis
1201 4009 1519 4079 salutarium,
1559 4018 1842 4073 sanitatum
1881 4022 1986 4077 dici

402 4083 618 4140 debuit?
642 4086 773 4144 Nam
803 4089 853 4145 in
881 4092 971 4148 illo
999 4096 1204 4165 psalmo
1238 4100 1326 4154 ubi
1365 4102 1565 4159 dictum
1619 4116 1735 4176 est,
1780 4109 1988 4167 Exaudi

403 4190 495 4230 nos
517 4218 532 4242 ,
572 4176 710 4234 Deus
745 4183 1016 4240 sanitatum
1061 4198 1346 4247 nostrarum
1372 4192 1538 4265 (Psal.
1570 4214 1724 4264 LXIV,
1749 4203 1838 4272 6),
1883 4202 1985 4259 hoc

404 4269 626 4326 verbum
678 4273 837 4330 habet
879 4291 1087 4348 grzecus
1123 4282 1262 4351 quod
1293 4286 1450 4341 etiam
1492 4287 1593 4345 hoc
1629 4269 1861 4358 loco,“
1901 4301 1984 4351 est

400 4375 656 4434 ammplam-1‘
711 4367 799 4437 qtti
821 4371 1082 4439 genitivus
1100 4375 1317 4444 pluralis
1343 4380 1393 4434 in
1418 4396 1588 4452 graeca
1616 4385 1787 4458 lingua
1815 4389 1986 4444 ambi-

403 4466 538 4522 guus
562 4465 663 4519 est,
693 4467 869 4513 utrum
896 4476 924 4514 a
949 4463 1150 4530 salute,
1181 4483 1245 4520 an
1277 4481 1307 4523 a
1340 4472 1554 4529 salutari
1586 4493 1777 4533 nomen
1817 4480 1984 4535 decli-

403 4552 582 4597 natum
613 4545 681 4600 sit
712 4564 726 4601 :
751 4555 998 4620 quoniam
1025 4571 1234 4628 σωτηρία
1261 4559 1455 4616 dicitur
1477 4566 1621 4623 salus
1649 4569 1734 4622 vel
1762 4573 1978 4638 sanitas,

402 4637 545 4693 unde
576 4637 636 4692 fit
667 4644 933 4711 genitivus
971 4648 1192 4718 pluralis
1216 4665 1306 4708 τῶν
1344 4672 1598 4730 σωτηριῶν·
1630 4663 1860 4718 salutare
1889 4637 1984 4720 an?

399 4736 508 4783 tem
540 4745 766 4803 σωτήριον
798 4735 1022 4805 dicitur,
1050 4752 1103 4798 et
1129 4742 1250 4800 inde
1285 4749 1546 4817 genitivus
1585 4753 1800 4821 pluralis
1842 4755 1978 4813 idem

399 4819 515 4891 ipse
541 4831 640 4877 est.
672 4823 727 4880 Si
769 4841 896 4898 ergo
924 4841 1068 4888 recte
1095 4846 1271 4906 potest
1315 4839 1533 4911 intelligi
1573 4819 1732 4897 etiam
1772 4849 1979 4903 saerili-

399 4909 538 4966 cium
579 4915 766 4972 salutis
793 4921 932 4989 quod
962 4932 1044 4977 est
1078 4927 1395 4985 sacrificium
1426 4933 1704 5000 salutaris,
1732 4940 1979 5007 quoniam

333 4991 353 5050 _'
398 5017 428 5055 a
457 5004 668 5060 salutari
691 5008 835 5063 salus
861 5011 1037 5081 datur,
1071 5025 1124 5071 et
1150 5019 1276 5073 illttd
1302 5030 1386 5076 est
1420 5023 1647 5080 salutare
1670 5029 1809 5086 unde
1839 5031 1982 5087 salus

397 5098 687 5166 accipitur:
719 5117 824 5157 non
849 5117 930 5159 est
963 5123 1184 5167 necesse
1212 5121 1268 5167 ιιι
1292 5123 1538 5186 tanquam
1565 5121 1850 5179 multorum
1891 5141 1980 5181 sa-

327 5233 345 5277 i.
398 5184 651 5244 intortum
696 5195 955 5251 sacrificia
1001 5197 1087 5256 hic
1129 5184 1505 5277 intelligamus,
1550 5212 1637 5268 tibi
1678 5215 1873 5272 dictum
1900 5229 1983 5275 est

395 5281 660 5349 sacriﬁciis
698 5285 1034 5356 salutarium,
1076 5294 1172 5349 sed
1212 5298 1494 5356 multarum
1521 5302 1742 5362 forsitan
1785 5311 1982 5365 sanita-

334 5372 349 5393 ι’
399 5375 533 5436 ιυπι,
565 5387 683 5442 qua:
717 5386 892 5434 tamen
921 5381 990 5437 ab
1028 5399 1136 5439 uno
1179 5387 1397 5444 salutari
1437 5395 1786 5465 accipiuntur.
1829 5399 1980 5466 Quod

460 5464 1134 5548 itgnchtitrasimtmutata
1167 5464 1599 5548 interpunctione,
1644 5489 1795 5543 hocce
1838 5464 1982 5546 modo

615 5521 1981 5621 ϊέίὲξξιὲνῗὲἶᾶἕέῑὶ“ἓὲῗῖἓὶἱεότίὲὶίοἴιηίὲ

396 5585 601 5662 οτῖβτϋξ
619 5585 902 5665 salutaria"!
926 5585 944 5658 ξ
963 5585 1158 5666 alia};
1172 5585 1982 5683 211-25;"inﬁtiatri‘i‘aiiﬁiii

396 5645 624 5697 ululans
645 5656 880 5697 nnnnlnn'
902 5674 1101 5697 numam
1141 5666 1193 5697 διε
1219 5670 1399 5697 Λιμηε.
1423 5675 1710 5697 -,.-..έι;.ι.η--
1739 5695 1750 5697 _
1770 5681 1818 5697 _.,
1845 5690 1858 5697 -
1924 5684 1936 5697 .

394 5645 624 5704 salutaris
645 5645 1720 5742 singularinunteroﬁd
1738 5645 1836 5671 oue:
1850 5645 1975 5697 ιιιςια

395 5714 1152 5780 “tamtum;
1239 5739 1300 5781 η,
1732 5681 1975 5747 “dum”,

1211 318 1676 390 QUESTIONUBI
1712 315 1770 373 S.
1813 309 2174 372 AUGUSTIN!
2209 311 2278 370 ΙΝ
2313 311 2874 382 HEPTATEUCHUM

2095 430 2165 484 sit
2189 439 2366 486 autem
2395 432 2626 491 salutare
2666 433 2797 504 Dei,
2830 437 2896 493 de
2935 453 3042 509 quo
3083 435 3282 497 dictum
3309 450 3432 510 est,
3463 443 3679 505 Calicem

2093 522 2331 576 salutaris
2358 525 2604 596 accipiant
2625 524 2797 597 (Psal.
2829 543 2952 593 ειν,
2980 530 3070 600 15)
3095 573 3110 596 ,
3135 542 3187 588 et
3210 532 3277 589 de
3316 552 3428 605 quo
3464 523 3680 600 Simcnt't

2095 614 2219 670 dicit
2248 617 2298 670 in
2331 613 2637 688 Evangelia.
2670 622 2920 686 Quoniam
2943 623 3173 678 uiderunt
3221 626 3353 682 Oculi
3406 631 3511 684 mei
3547 635 3683 687 saltss

2096 716 2364 761 taretnum
2390 707 2542 779 (an.
2575 726 2635 777 tt,
2663 711 2792 781 30);
2831 711 2963 768 fides
3001 714 3285 773 christiana
3329 721 3502 775 novit.
3553 723 3680 778 1³09-

2095 808 2217 852 sunt
2244 815 2372 853 sane
2401 815 2505 854 non
2528 801 2756 857 absurde
2784 804 2999 876 intelligi
3032 806 3118 860 vel
3157 803 3262 863 diei
3286 810 3451 866 ctitm
3483 813 3684 870 sacril-

2099 903 2179 944 cta
2212 891 2480 953 salutaria,
2511 907 2630 962 qua!
2656 881 3068 950 suntsalutaris.

2165 980 2404 1036 xxxvr.
2450 981 2553 1056 [Ib.
2582 998 2652 1050 κ,
2683 984 2908 1059 tisse]
2941 973 3005 1040 ει
3028 988 3122 1042 erit
3147 989 3238 1043 tibi
3254 999 3302 1043 et
3347 991 3474 1062 ﬁliis
3509 994 3610 1049 luis
3645 1001 3688 1051 et

2096 1073 2296 1144 ﬁliabus
2337 1075 2434 1128 tuis
2479 1076 2760 1146 legitimum
2803 1079 3183 1149 sentpiternum.
3210 1083 3326 1137 Non
3371 1084 3571 1142 frustra
3614 1092 3689 1144 est

2097 1166 2332 1220 additum
2356 1209 2368 1232 ,
2401 1166 2635 1235 ﬁliabus;
2665 1171 2912 1240 quoniam
2939 1173 3182 1243 qtttcdam
3225 1175 3291 1229 ad
3332 1189 3492 1231 escas
3531 1180 3687 1248 perti-

2097 1258 2276 1313 nentia
2325 1259 2660 1316 sacerdotum
2704 1261 2948 1332 prohibet
2983 1278 3015 1318 a
3052 1263 3266 1322 feminis
3305 1269 3514 1341 accipi,
3542 1272 3635 1328 sed
3660 1288 3686 1328 a

2099 1350 2348 1403 masculis
2366 1350 2538 1418 jubet.

2177 1441 2310 1494 Cum
2338 1442 2617 1512 qtuesisset
2645 1442 2851 1516 Moyses
2874 1459 3090 1516 caprum
3119 1447 3356 1505 oblatum
3385 1467 3489 1522 pro
3520 1455 3688 1525 populi

2098 1534 2352 1604 peccatis,
2381 1548 2433 1592 et
2456 1551 2560 1590 non
2592 1537 2901 1606 invenisset,
2930 1542 3180 1610 quoniam
3212 1543 3386 1599 fuerat
3417 1547 3684 1615 incensus,

2098 1630 2154 1678 et
2200 1624 2364 1678 iratus
2409 1636 2586 1692 esset,
2615 1628 2756 1696 quod
2798 1643 2859 1684 ea
2899 1647 3017 1700 qua:
3048 1646 3144 1701 pro
3184 1645 3403 1702 peccato
3429 1651 3460 1690 a
3495 1639 3685 1708 populo

2099 1715 2436 1785 offerrentur,
2465 1721 2737 1774 constituit
2771 1721 3024 1778 Dominus
3052 1726 3424 1782 sacerdotibus
3454 1729 3682 1796 edenda,

2099 1808 2290 1863 oblatis
2330 1810 2452 1865 inde.
2478 1812 2721 1881 adipibus
2765 1822 2821 1869 ct
2855 1817 3101 1881 renibus;
3144 1817 3308 1872 iratus
3335 1829 3520 1875 autem
3549 1829 3685 1876 esset

2099 1914 2205 1954 non
2233 1900 2381 1956 fratri
2407 1917 2525 1969 suo,
2553 1905 2649 1960 sed
2683 1906 2805 1960 filiis
2828 1908 2966 1975 ejus,
2995 1907 3157 1964 credo
3189 1910 3330 1979 quod
3359 1911 3426 1965 ad
3455 1928 3552 1967 eos
3577 1921 3690 1984 sttgo

2097 1992 2316 2062 gerendi
2355 1994 2705 2049 ministerium
2739 1999 3032 2066 pertineret
3060 2017 3073 2053 :
3103 2002 3374 2070 respondit
3412 2003 3491 2056 illi
3521 2006 3688 2060 Aaron

2097 2090 2154 2138 et
2183 2083 2277 2149 ait,
2303 2083 2364 2139 Si
2385 2085 2533 2139 hodie
2557 2087 2843 2142 obtulerunt
2886 2106 2946 2143 ea
2978 2106 3094 2160 gnte
3130 2107 3224 2163 pro
3259 2106 3470 2164 peccato
3493 2095 3689 2149 illorum

2099 2183 2240 2241 sunt,
2272 2183 2320 2228 et
2357 2175 2648 2232 holocausta
2669 2195 2761 2232 sua
2797 2189 2914 2234 ante
2959 2180 3229 2236 Dominum
3249 2225 3262 2246 ,
3295 2193 3341 2237 et
3375 2187 3693 2256 contigerunt

2099 2267 2221 2320 mihi
2247 2267 2388 2328 (alia,
2409 2279 2456 2323 et
2475 2271 2732 2325 comedam
2762 2274 2898 2342 quod
2917 2283 2988 2328 est
3013 2287 3106 2346 pro
3131 2285 3333 2344 peccato
3350 2280 3526 2344 hodie,
3550 2297 3690 2334 naut-

2097 2358 2223 2427 quid
2247 2361 2490 2428 placitum
2521 2363 2612 2417 erit
2639 2364 2894 2421 Domino?
2922 2367 2986 2421 Et
3021 2369 3212 2424 audivit
3239 2371 3468 2442 Moyses,
3502 2383 3552 2428 et
3579 2374 3688 2444 plac

2098 2453 2201 2504 cuit
2226 2453 2323 2506 illi.
2355 2453 2466 2509 lloc
2491 2455 2698 2511 videtur
2717 2455 2915 2512 dixisse
2944 2459 3143 2524 Aaron,
3166 2462 3306 2530 quod
3335 2463 3461 2534 ipso
3481 2463 3569 2520 die
3589 2475 3690 2535 qm

2101 2542 2334 2612 primum
2372 2545 2674 2601 obtulerant
2701 2549 2791 2602 lilii
2829 2549 2992 2604 Israel
3034 2565 3129 2619 pro
3167 2561 3386 2622 peccato
3411 2570 3554 2622 suo,
3587 2545 3689 2610 non

2100 2632 2286 2688 debuit
2311 2651 2341 2690 ιι
2368 2637 2736 2693 sacerdotibus
2765 2641 3072 2695 manducari
3095 2683 3110 2707 ,
3139 2644 3230 2698 sed
3257 2655 3425 2699 totum
3455 2646 3685 2712 incendi,

2097 2735 2203 2777 non
2234 2724 2355 2782 inde
2395 2730 2628 2798 regulam
2675 2728 2872 2784 faciens
2909 2731 2975 2786 ad
3011 2742 3236 2798 ezrtera;
3276 2751 3397 2790 nam
3437 2736 3688 2808 deinceps

2097 2817 2359 2873 sacriﬁcia
2400 2835 2498 2889 pro
2538 2823 2769 2888 peccatis
2811 2822 2912 2893 ipsi
2955 2823 3183 2880 edebant
3220 2843 3234 2878 :
3279 2827 3374 2882 sed
3419 2829 3546 2899 quia
3593 2830 3688 2884 hoc

2097 2909 2324 2978 printuut
2370 2910 2469 2965 fuit
2501 2913 2616 2982 ipso
2647 2915 2816 2984 primo
2844 2916 2930 2971 die
2971 2918 3217 2986 primitus
3255 2919 3535 2985 oblatum,
3577 2936 3686 2975 cre-

2097 3000 2326 3057 dendum
2349 3014 2431 3059 est
2461 3006 2637 3061 Aaron
2661 3007 2990 3064 sacerdotem
3020 3010 3119 3065 hec
3139 3011 3314 3065 divina
3338 3013 3685 3082 inspiratittne

2097 3090 2301 3148 dixisse
2327 3094 2364 3158 ',
2399 3103 2456 3149 ttt
2477 3106 2529 3150 et
2555 3096 2681 3150 illud
2708 3098 2848 3151 circa
2879 3099 3185 3154 sacerdotes
3216 3101 3472 3173 deinceps
3507 3115 3683 3157 serva-

2098 3192 2247 3237 retur
2277 3187 2416 3254 qttod
2447 3197 2773 3258 prmcepcrat
2804 3189 3056 3244 Dominus
3083 3190 3284 3264 Moysi,
3312 3203 3366 3248 et
3405 3194 3511 3250 hoc
3549 3191 3686 3265 quod

2095 3273 2274 3328 Aaron
2301 3276 2431 3331 dixit
2457 3285 2706 3348 tauquam
2741 3279 2998 3338 divinitus
3025 3273 3224 3337 dictum
3253 3284 3462 3356 Moyses
3489 3298 3680 3354 πυρί-οε

2096 3367 2265 3424 baret.
2299 3371 2434 3438 Quid
2457 3388 2583 3442 ergo
2597 3374 2664 3428 de
2683 3377 2896 3431 caeteris
2913 3377 3148 3446 ejusdem
3170 3378 3276 3435 diei
3307 3380 3608 3446 sacrificiis,
3635 3377 3683 3434 id

2095 3470 2177 3516 est
2195 3461 2265 3516 de
2282 3466 2446 3518 ariete
2465 3475 2518 3521 ct
2538 3466 2722 3532 vitulo,
2744 3483 2862 3537 qua:
2880 3469 3108 3526 diximus
3133 3474 3290 3526 etiam
3315 3475 3424 3543 ipsa
3448 3489 3548 3542 pro
3572 3487 3684 3543 pec-

2093 3562 2215 3609 eote
2230 3555 2404 3610 oblata
2431 3556 2626 3611 debere
2655 3559 2916 3629 intelligi?
2945 3563 3024 3614 An
3046 3563 3116 3616 de
3142 3563 3306 3618 vitulo
3341 3567 3485 3620 nulla
3525 3580 3674 3636 quze-

2092 3647 2199 3703 stio
2227 3655 2309 3702 est
2327 3689 2342 3712 ,
2367 3649 2612 3717 quoniam
2643 3651 2925 3718 oportebat
2945 3653 3025 3706 sic
3052 3653 3163 3707 ﬁeri
3186 3696 3200 3720 ,
3229 3666 3287 3708 ttt
3307 3656 3374 3709 de
3404 3658 3524 3725 ejus
3551 3671 3669 3711 san-

2090 3739 2254 3808 guine
2282 3739 2724 3806 quemadmodum
2753 3749 3076 3811 prteceptum
3104 3743 3271 3799 fuerat
3297 3747 3682 3801 intromittereo
3822 3753 3823 3818 l

2087 3835 2196 3894 tur,
2239 3831 2380 3884 unde
2424 3838 2478 3886 et
2520 3840 2864 3902 tangerentur
2905 3849 3104 3892 cornua
3147 3838 3330 3892 altaris
3371 3839 3602 3906 incensi,
3631 3844 3682 3894 et

2091 3934 2426 3989 consequens
2443 3929 2559 3977 erat
2585 3933 2642 3976 ut
2659 3931 2802 3978 totus
2827 3924 3072 3980 arderet?
3089 3926 3224 3993 Quid
3243 3913 3370 3999 ergo
3396 3929 3463 3985 de
3481 3928 3681 3986 ariete?

2089 4010 2172 4064 An
2201 4011 2446 4081 quoniam
2489 4013 2715 4083 primum
2745 4027 2964 4085 caprum
2991 4018 3236 4085 quaesivit
3266 4021 3504 4090 Moyses,
3530 4017 3667 4090 quod

2089 4099 2160 4157 de
2186 4117 2350 4172 capro
2375 4105 2450 4158 illi
2479 4121 2793 4176 respoth
2828 4115 2928 4168 est,
2957 4107 3059 4162 hoc
3087 4110 3236 4166 etde
3269 4113 3438 4167 ariete
3474 4112 3670 4167 intelli-

2089 4195 2319 4266 gendum
2345 4206 2457 4262 est,
2485 4215 2647 4269 quem
2677 4215 2740 4255 ex
2768 4201 2958 4255 ordine
2989 4201 3163 4256 fuerat
3190 4204 3512 4273 quaesiturus
3531 4246 3545 4269 ,
3579 4202 3671 4257 nisi

2086 4287 2219 4343 illud
2261 4304 2575 4359 reSponsum
2615 4292 2915 4348 sacerdotis
2955 4294 3004 4348 ei
3049 4293 3367 4362 placuisset?
3402 4297 3478 4351 De
3515 4293 3671 4350 vitulo

2085 4386 2266 4434 autem
2317 4381 2441 4450 quid
2488 4389 2772 4450 quaereret,
2807 4396 2936 4446 eum,
2982 4397 3047 4438 ea
3095 4384 3213 4455 iege
3261 4386 3372 4442 fieri
3425 4383 3667 4457 potuerit.

2083 4481 2247 4539 quam
2275 4468 2343 4523 de
2369 4470 2531 4524 vitulo
2552 4485 2648 4540 pro
2668 4481 2888 4540 peccato
2916 4471 3178 4529 unitrersaa
3217 4489 3498 4547 synagogte
3537 4489 3668 4546 prae.

2085 4569 2302 4627 ceperat
2325 4560 2482 4623 Deus,
2504 4560 2639 4616 sicut
2665 4561 2733 4617 de
2755 4563 3036 4633 vitutopro
3059 4576 3275 4635 peccato
3286 4565 3594 4626 sacerdotis.
3617 4563 3662 4618 id

2086 4659 2170 4704 est
2198 4659 2256 4704 ut
2277 4659 2417 4705 totus
2439 4651 2649 4707 arderet
2667 4663 2817 4709 extra
2843 4666 3014 4709 casm:
3037 4653 3220 4720 (Leuit.
3257 4671 3328 4724 tv,
3357 4658 3421 4714 12
3442 4670 3491 4712 et
3511 4655 3636 4726 2|)!

2085 4741 2216 4797 ﬂmc
2243 4744 2384 4797 enim
2415 4753 2538 4799 sunt
2564 4745 2724 4800 verba
2751 4745 3030 4801 irascentis
3051 4747 3216 4820 Moysi
3237 4751 3302 4804 ad
3335 4750 3472 4806 ﬁlios
3501 4746 3666 4805 fratris

2083 4833 2192 4898 sui,
2223 4850 2345 4889 cum
2378 4837 2580 4890 hircum
2617 4851 2714 4905 pro
2737 4847 2954 4905 peccato
2978 4842 3259 4909 quaesitum
3296 4856 3402 4896 non
3435 4841 3664 4897 invenis-

2087 4933 2190 4988 set,
2218 4926 2340 4994 quia
2373 4925 2545 4979 fuerat
2577 4934 2721 4980 totus
2748 4927 2994 4984 incensus
3023 4946 3036 4983 :
3065 4930 3232 4996 Quare
3268 4947 3367 4988 non
3391 4929 3664 4989 contulistis

2085 5014 2218 5069 illud
2253 5015 2390 5084 quod
2431 5017 2525 5086 fuit
2555 5032 2646 5085 pro
2691 5027 2895 5088 peccato
2931 5020 2983 5073 in
3026 5021 3137 5075 loco
3179 5026 3393 5098 sancto?
3421 5024 3662 5091 Quoniam

2083 5107 2221 5162 enim
2258 5117 2434 5164 sancta
2461 5117 2750 5162 sanctorum
2777 5119 2929 5179 sunt,
2961 5112 3056 5168 hoc
3079 5113 3216 5169 vobis
3245 5115 3381 5170 dedit
3417 5119 3585 5180 edere,
3616 5120 3661 5166 ιιι

2086 5200 2329 5267 κίοι-σιὰ
2376 5211 2632 5270 peccatum
2666 5219 2969 5275 synagogas,
3001 5215 3048 5262 at
3081 5209 3301 5264 exercitis
3339 5224 3433 5278 pro
3466 5226 3521 5264 eo
3555 5214 3660 5259 atate

2089 5292 2381 5348 Dominum.
2416 5291 2536 5347 Non
2557 5294 2688 5348 enim
2715 5296 2910 5350 illatum
2937 5307 3008 5353 est
3026 5315 3058 5352 a
3080 5303 3324 5372 sanguine
3343 5304 3454 5368 eius
3479 5303 3529 5356 in
3551 5314 3658 5354 san‘

2081 5393 2224 5438 etum
2261 5395 2379 5440 ante
2414 5386 2596 5457 facient
2636 5387 2792 5443 intus.
2825 5387 3001 5445 Edam
3043 5391 3177 5446 illud
3217 5393 3274 5454 in
3321 5394 3435 5448 loco
3475 5400 3655 5452 sancte,

2087 5476 2337 5542 quomodo
2371 5477 2494 5530 mihi
2516 5479 2778 5533 constituit
2814 5477 3082 5536 Dominus.
3124 5481 3318 5554 Utique
3356 5495 3486 5546 eum
3518 5480 3652 5542 dicit.

2091 5565 2212 5621 Non
2236 5569 2367 5622 enim
2404 5568 2602 5624 illatum
2627 5579 2703 5626 est
2741 5587 2774 5623 η
2800 5573 3049 5644 sanguine
3081 5575 3190 5644 ejus
3213 5577 3266 5630 in
3291 5589 3519 5632 structum
3551 5579 3655 5625 σιω

2087 5659 2269 5730 faciem
2290 5661 2444 5724 intus,
2475 5663 2658 5729 procul
2685 5663 2846 5721 dubio
2881 5665 3138 5722 discernit
3165 5668 3295 5723 illud
3325 5670 3466 5739 quod
3493 5670 3562 5724 ita
3599 5663 3650 5722 fit

2149 5750 3507 5822 ‘Nasuiomnestocdiuhsz
