3862 6298
461 193 566 254 695

460 315 642 374 naret,
673 323 794 363 cum
839 317 1120 381 perageret
1146 310 1265 367 illos
1297 312 1436 366 dies.
1465 313 1572 369 Hos
1616 315 1731 370 dies
1759 316 2047 372 immundi-

413 424 423 472 τ
459 401 547 455 tia:
589 400 736 469 ejus,
791 402 834 457 si
878 401 1127 456 feminam
1175 413 1417 473 pareret,
1459 404 1568 460 Lex
1611 405 1946 476 duplicabat,
1991 417 2047 464 et

395 469 424 546 τέ
457 491 862 561 quatuordecim
902 491 1128 548 faciebat
1150 469 1442 565 z—reliquus
1467 504 1643 551 autem
1673 498 1866 566 quibus
1885 498 2043 554 sede-

456 582 550 637 bat
573 584 625 638 in
653 586 908 654 sanguine
933 585 1131 640 mundo
1155 601 1280 650 suo,
1309 589 1466 641 etiam
1494 587 1638 658 ipsos
1669 588 1905 660 duplices
1926 590 2046 660 jus-

455 686 600 730 scrat
627 676 929 744 observari,
959 678 1011 731 id
1041 687 1122 732 est
1145 680 1415 749 sexaginta
1437 694 1550 745 sex,
1576 689 1635 736 ut
1653 697 1840 739 omnes
1861 693 2042 740 essent

455 765 511 820 in
540 777 691 837 partu
731 769 952 825 masculi
981 771 1365 842 quadraginta,
1399 772 1452 827 in
1491 770 1704 829 feminae
1745 775 2035 846 octoginta.

454 860 634 930 Aliqui
660 872 837 916 autem
877 863 1087 918 codices
1116 866 1272 934 graeci
1305 882 1408 919 non
1451 864 1675 932 habent,
1703 867 1755 921 in
1796 869 2041 938 sanguine

453 953 643 1008 mundo
672 969 797 1018 suo;
825 955 920 1010 sed
942 997 956 1020 ,
989 955 1041 1009 in
1069 956 1315 1025 sanguine
1341 957 1602 1012 immundo
1627 976 1739 1014 suo.

525 1044 590 1097 Et
616 1062 731 1098 cum
758 1046 1020 1116 adimpleti
1047 1047 1232 1117 fuerint
1262 1050 1368 1104 dies
1391 1053 1704 1123 purgationis
1731 1055 1860 1124 ejus,
1883 1071 2038 1122 super

451 1136 559 1202 ﬁlio
583 1147 667 1189 aut
692 1153 843 1206 super
866 1139 976 1206 ﬁlia
992 1138 1164 1205 offeret
1181 1158 1368 1212 agnum
1388 1144 1682 1198 anniculam
1708 1146 1814 1200 sine
1835 1148 2036 1202 macula

449 1228 499 1279 in
531 1229 894 1293 holocaustum,
928 1240 975 1283 et
999 1232 1196 1302 pullum
1224 1234 1564 1287 columbinum
1595 1246 1680 1288 aut
1708 1247 1949 1291 turturem
1981 1239 2030 1305 ¹,

449 1335 539 1388 pro
563 1330 794 1388 peccato,
829 1322 898 1374 ad
921 1323 1102 1376 ostium
1131 1325 1440 1378 tabernaculi
1461 1329 1728 1382 testimonii
1757 1330 1826 1382 ad
1862 1324 2032 1386 sacer-

448 1409 614 1463 dotem
640 1426 656 1463 :
682 1421 726 1464 et
753 1411 926 1478 offeret
957 1430 1070 1466 eum
1111 1426 1226 1468 ante
1253 1415 1523 1470 Dominum
1546 1460 1561 1484 ,
1598 1428 1644 1472 et
1684 1422 1909 1474 exorabit
1939 1439 2032 1490 pro

444 1518 504 1553 ea
525 1503 779 1568 sacerdos,
808 1516 854 1558 et
885 1507 1116 1576 purgabit
1136 1525 1245 1561 eam
1267 1525 1297 1560 a
1323 1513 1463 1579 fonte
1487 1511 1747 1582 sanguinis
1772 1514 1898 1583 ejus.
1921 1512 2032 1569 Ista

443 1591 527 1644 lex
552 1594 660 1664 ejus
697 1611 808 1663 qua:
835 1595 1026 1666 peperit
1052 1599 1331 1651 masculum
1360 1611 1446 1652 aut
1472 1600 1731 1670 feminam.
1765 1602 1826 1658 Si
1862 1613 2030 1658 autem

441 1701 545 1738 non
581 1687 818 1740 invenerit
863 1705 1039 1742 manus
1077 1691 1185 1760 ejus
1224 1693 1358 1762 quod
1385 1695 1506 1747 satis
1547 1704 1618 1749 est
1641 1695 1694 1748 in
1735 1712 1953 1766 agnum,
1984 1704 2029 1750 et

441 1778 652 1845 accipiet
703 1780 832 1834 duos
871 1791 1122 1848 turtures,
1165 1795 1252 1837 aut
1297 1784 1426 1839 duos
1471 1787 1638 1857 pullos
1681 1789 2027 1852 columbinos;

441 1884 599 1922 unum
628 1870 680 1924 in
709 1871 1085 1940 holocaustum,
1110 1885 1156 1928 et
1185 1892 1341 1929 unum
1371 1895 1462 1946 pro
1494 1888 1694 1947 peccato
1720 1897 1732 1932 :
1765 1890 1812 1934 et
1841 1897 2023 1936 exora-

437 1959 506 2012 bit
529 1979 618 2031 pro
648 1979 704 2016 ea
723 1964 984 2028 sacerdos,
1017 1976 1062 2020 et
1092 1969 1406 2039 purgabitur.
1437 1970 1600 2026 Recte
1624 1988 1752 2042 ergo
1783 1976 2025 2044 superius

436 2065 542 2104 non
575 2053 848 2122 lugendum
877 2064 982 2121 est,
1022 2057 1210 2124 Offeret
1240 2077 1428 2130 agnum
1458 2063 1748 2118 anniculam
1777 2065 1886 2119 sine
1907 2083 2018 2120 ma-

433 2144 551 2195 cula
577 2145 628 2197 in
658 2145 1006 2202 holocaustum
1029 2189 1043 2212 ,
1068 2159 1157 2202 aut
1188 2151 1385 2220 pullum
1413 2154 1754 2210 columbinum
1792 2169 1877 2210 aut
1909 2168 2019 2212 tur-

435 2239 596 2285 tarem
652 2251 742 2303 pro
787 2248 1019 2305 peccato,
1076 2240 1212 2293 sicut
1265 2243 1503 2296 nonnulli
1544 2246 1757 2300 codices
1791 2247 2016 2314 habent;

432 2321 527 2375 sed
555 2322 689 2377 sicut
715 2325 911 2382 dictum
943 2340 1054 2392 est,
1096 2341 1140 2382 et
1172 2331 1365 2399 pullum
1400 2335 1738 2390 columbinum
1779 2350 1868 2406 aut
1912 2350 2020 2392 tur-

430 2421 591 2467 turem
619 2433 710 2486 pro
759 2429 960 2487 peccato
987 2437 1006 2475 .'
1049 2424 1475 2494 quandoquidem
1527 2438 1709 2498 postea
1751 2431 1908 2500 dicit,
1956 2433 2018 2489 Si

429 2523 530 2560 non
559 2509 797 2564 invenerit
827 2529 1004 2567 manus
1042 2516 1151 2584 ejus
1175 2519 1308 2586 quod
1342 2519 1466 2574 satis
1490 2530 1562 2574 est
1595 2522 1664 2574 ad
1705 2540 1924 2593 agnum,
1969 2535 2017 2580 et

427 2600 638 2669 accipiet
675 2600 800 2657 duos
829 2614 1043 2659 turtures
1067 2623 1086 2660 :
1139 2608 1223 2662 ubi
1277 2611 1394 2679 plus
1443 2612 1650 2667 videtur
1688 2613 1885 2670 habere
1921 2625 2013 2682 et;

426 2704 548 2743 nam
577 2707 636 2747 ea
662 2695 1035 2765 conjunctione
1064 2699 1331 2768 detracta,
1359 2703 1561 2774 integre
1583 2706 1844 2774 sequitur,
1877 2709 2012 2760 acci-

426 2781 526 2848 piet
560 2785 687 2838 duos
732 2796 951 2842 turtures
983 2801 1070 2841 aut
1109 2791 1236 2844 duos
1273 2793 1438 2861 pullos
1469 2795 1809 2863 columbinos,
1851 2812 2010 2852 unam

422 2886 574 2927 avem
620 2876 823 2930 scilicet
846 2878 898 2931 in
940 2877 1342 2946 holocaustum,
1374 2885 1596 2939 alteram
1633 2901 1727 2954 pro
1763 2899 2006 2958 peccato.

493 2963 597 3018 Sed
644 2983 751 3036 quo
802 2972 1059 3037 peccato?
1099 2972 1362 3043 Numquid
1421 2977 1690 3045 peperisse
1734 2989 2008 3047 peccatum

420 3057 537 3109 cst?
568 3058 648 3111 An
682 3060 766 3113 hic
810 3063 1106 3118 ostenditur
1135 3066 1221 3118 illa
1253 3082 1484 3138 propago
1519 3085 1583 3124 ex
1628 3071 1827 3136 Adam,
1868 3075 2008 3131 unde

419 3147 709 3214 Apostolus
741 3149 901 3216 dicit,
936 3150 1017 3206 Ex
1050 3170 1150 3207 uno
1181 3156 1233 3208 in
1263 3157 1762 3228 condemnationem;
1791 3173 1843 3218 et
1885 3166 2006 3235 quia

419 3254 509 3306 per
538 3255 693 3292 unum
745 3241 994 3297 hominem
1034 3255 1290 3314 peccatum
1329 3249 1529 3304 intrarit
1558 3253 1610 3306 in
1645 3257 1888 3310 mundum
1911 3299 1925 3322 ,
1958 3269 2006 3312 et

417 3344 509 3397 per
538 3341 794 3398 peccatum
821 3350 955 3389 mors
973 3377 988 3402 ,
1019 3345 1066 3390 et
1093 3338 1162 3390 ita
1184 3339 1236 3394 in
1263 3356 1434 3395 onmes
1461 3343 1685 3400 homines
1716 3351 2006 3416 pertransiit

417 3417 594 3486 (Rom.
629 3437 695 3488 v,
725 3422 820 3491 16,
854 3426 986 3497 12)?
1019 3428 1084 3482 Et
1125 3430 1210 3485 hic
1239 3436 1368 3487 satis
1394 3445 1614 3504 apparet
1651 3440 2003 3507 quemadmo-

414 3509 539 3565 dum
569 3513 765 3569 dictum
807 3517 909 3583 sit,
954 3517 1063 3590 Ego
1088 3522 1221 3574 enim
1256 3524 1308 3577 in
1353 3526 1696 3594 iniquitatibus
1730 3543 2004 3604 conceptus

411 3619 557 3670 sum,
604 3615 651 3659 et
698 3607 749 3660 in
817 3613 1030 3678 peccatis
1085 3623 1242 3668 mater
1292 3633 1402 3670 mea
1452 3619 1505 3672 in
1557 3629 1694 3675 utero
1741 3639 1820 3677 me
1875 3625 2002 3679 aluit

412 3691 586 3762 (Psal.
616 3713 672 3762 ι,
702 3699 777 3769 7).
811 3699 916 3755 Cur
942 3718 1068 3773 ergo
1095 3720 1198 3760 non
1226 3706 1350 3760 illud
1388 3709 1527 3776 quod
1559 3721 1738 3766 natum
1770 3722 1852 3770 est
1872 3730 2000 3784 pur-

410 3787 524 3855 gari
554 3787 682 3842 dicit
715 3789 981 3860 Scriptura
1014 3811 1110 3865 per
1141 3797 1240 3852 hoc
1293 3800 1646 3870 sacrificium,
1688 3805 1783 3861 sed
1829 3807 1998 3877 ipsam

409 3892 529 3945 qua:
567 3882 808 3948 peperit?
839 3883 923 3936 An
963 3885 1029 3938 ad
1068 3886 1236 3955 ipsam
1265 3889 1478 3958 quidem
1498 3932 1513 3958 ,
1542 3893 1684 3948 unde
1732 3895 1821 3950 illa
1850 3899 1999 3971 origo

411 3971 739 4038 trahebatur,
769 3976 928 4030 relata
960 3982 1198 4049 purgatio
1227 3992 1308 4036 cst
1335 3995 1549 4054 propter
1575 3988 1846 4058 sanguinis
1877 3989 1996 4046 fon-

410 4067 550 4124 tem;
583 4079 686 4118 non
729 4077 936 4135 poterat
968 4080 1144 4126 tamen
1174 4074 1289 4128 sine
1321 4076 1486 4144 ipsius
1516 4077 1652 4134 fetus
1684 4084 1996 4153 purgatione

409 4151 525 4206 ﬁeri
542 4195 557 4220 ,
581 4156 668 4224 qui
699 4172 762 4211 ex
796 4158 912 4228 ipso
937 4165 1192 4232 sanguine
1220 4177 1438 4222 exortus
1464 4171 1582 4224 est?
1604 4171 1734 4226 Nam
1758 4189 1861 4242 quo
1878 4190 1996 4243 per-

407 4242 544 4297 tinet
563 4247 702 4315 quod
729 4251 971 4319 superius
999 4252 1272 4324 ait,Super
1286 4256 1396 4326 ﬁlio
1416 4269 1502 4312 aut
1523 4276 1676 4332 super
1689 4262 1799 4331 [ilia
1819 4242 1995 4330 offeret

404 4350 595 4403 agnum
625 4340 918 4394 anniculam
941 4343 1050 4397 sine
1075 4346 1276 4400 macula
1305 4347 1358 4401 in
1389 4348 1768 4420 holocaustum,
1803 4362 1849 4407 et
1877 4356 1995 4425 pul-

403 4427 513 4480 lum
535 4430 872 4486 columbinum
900 4443 987 4488 aut
1017 4445 1260 4492 turturem
1286 4455 1378 4510 pro
1405 4452 1641 4512 peccato,
1675 4444 1718 4498 si
1741 4445 1870 4499 nihil
1893 4461 1990 4516 per

399 4517 506 4572 hoc
533 4521 849 4576 sacrificium
878 4525 1035 4580 fiebat
1065 4543 1159 4596 pro
1187 4529 1263 4584 eis
1285 4531 1371 4600 qui
1401 4533 1795 4588 nascebantur?

385 4603 388 4605 Α
473 4611 622 4677 Quod
662 4615 706 4666 si
759 4616 1040 4686 quisquam
1086 4621 1155 4676 ita
1212 4623 1538 4695 distinguere
1575 4628 1880 4697 conabitur,
1931 4640 1989 4686 ut

397 4701 543 4756 dicat
567 4718 670 4758 non
706 4721 824 4761 esse
849 4708 1172 4780 jungendum
1194 4756 1209 4781 ,
1240 4715 1408 4785 Super
1444 4718 1553 4786 [ilio
1583 4727 1669 4771 aut
1697 4736 1850 4790 super
1875 4721 1986 4788 ﬁlia

394 4797 593 4855 oﬂ'crrc
617 4818 804 4874 agnum
833 4806 1123 4862 anniculam
1152 4810 1260 4864 sine
1287 4811 1488 4877 macula
1520 4813 1572 4866 in
1594 4812 1980 4882 holocaustum,

395 4900 444 4943 et
473 4892 670 4962 pullum
697 4897 1038 4952 columbinum
1077 4919 1168 4970 pro
1198 4913 1399 4972 peccato
1417 4919 1439 4968 ;
1463 4904 1555 4958 sed
1587 4905 1656 4959 ita
1689 4907 1863 4976 potius
1901 4907 1982 4962 le—

391 4983 657 5052 gendum,
705 4987 774 5041 Et
815 5006 930 5043 cum
978 4991 1239 5061 adimpleti
1283 4995 1468 5065 fuerint
1517 4997 1622 5051 dies
1667 4998 1980 5068 purgationis

391 5075 504 5146 ejus
529 5094 681 5146 super
708 5080 816 5147 filio
843 5092 930 5134 aut
952 5099 1104 5153 super
1132 5085 1242 5153 filia
1262 5127 1277 5152 ,
1310 5087 1359 5139 id
1399 5095 1481 5141 est
1509 5087 1623 5142 dies
1652 5089 1982 5158 purgationis

389 5166 594 5237 impleti
623 5170 818 5226 fuerint
845 5188 1007 5244 super
1041 5175 1131 5230 illo
1161 5187 1250 5232 aut
1281 5193 1441 5248 super
1485 5180 1603 5245 illa,
1637 5180 1746 5237 lilio
1777 5183 1981 5240 scilicet

454 5285 612 5356 ‘_Ed_iti
637 5285 901 5356 pluresque
921 5299 1023 5341 Mss.
1044 5292 1122 5342 hic
1138 5298 1190 5342 et
1211 5293 1331 5343 intra
1355 5297 1499 5346 tertio
1519 5295 1640 5356 loco,
1658 5302 1704 5347 et
1724 5301 1978 5351 turturem.

384 5346 703 5418 perbiaieuSig
730 5346 884 5400 oodcx
910 5361 962 5404 et
982 5366 1110 5403 unus
1135 5367 1165 5404 e
1198 5356 1464 5418 Vaticanis,
1495 5366 1579 5409 aut
1612 5346 1864 5410 turturem.
1886 5346 1978 5412 ’ὀιιῖ

385 5405 585 5484 lectioni
602 5409 927 5484 suffragantur
944 5422 1050 5484 ιλιι
1071 5423 1123 5484 et
1140 5405 1299 5484 versio
1311 5405 1886 5484 vutgém'i‘iiédué'pbi-i-‘o
1900 5405 1979 5472 ad;

385 5477 612 5541 versatur
632 5475 941 5545 Augustinus,
958 5482 1027 5526 uti
1045 5478 1227 5530 Nobilio
1243 5475 1506 5591 εθτνβῖ-ειω
1524 5475 1795 5534 videbatur.
1809 5491 1977 5556 Postea

385 5541 566 5591 tuippe
601 5534 794 5584 codices
816 5537 1071 5589 nonnullos
1093 5555 1241 5591 reare
1279 5543 1413 5591 endit
1433 5550 1475 5591 S.
1498 5551 1670 5591 Doctor
1687 5579 1701 5591 .
1726 5558 1821 5591 non
1843 5557 1973 5591 allia.

383 5532 566 5607 Euippe
585 5532 794 5607 codices
816 5532 1071 5607 nonnullos
1093 5532 1413 5607 reprehendit
1433 5550 1484 5607 8.Δ
1498 5532 1670 5607 Ductor
1687 5532 1716 5604 ,⁷
1726 5558 1821 5593 non
1843 5532 1973 5607 quia,

386 5598 761 5670 gutl_tv_irturem,
786 5599 1042 5670 θεᾷ-φύε,
1075 5598 1166 5654 aut
1187 5603 1374 5666 pullum
1409 5598 1752 5666 columbinum,
1790 5598 1905 5670 prd.
1930 5598 1974 5658 et

384 5649 584 5714 pullum,
615 5662 712 5707 etc.
725 5649 1076 5718 (exhiberem.

1229 197 1722 266 'QUA'SSTIONUM
1759 202 1816 259 S.
1859 202 2225 262 AUGUSTIN!
2263 206 2331 264 IN
2366 208 2922 274 HEPTATEUCHUM
3444 267 3448 270 .
3619 237 3702 297 696

2156 322 2238 375 vel
2265 321 2405 391 filia;
2437 335 2498 381 ut
2533 328 2724 387 deinde
2769 333 2838 389 ab
2864 334 2972 391 alio
2999 349 3160 395 sensu
3201 352 3454 413 sequatur
3475 389 3490 414 ,
3538 350 3700 420 Olferet

2152 427 2340 483 agnum
2362 418 2652 476 anniculam
2679 423 2788 478 sine
2812 428 3011 482 macula
3047 430 3101 484 in
3127 431 3504 506 holocaustum,
3540 418 3700 514 etipul.

2151 503 2255 558 lum
2284 506 2621 566 columbinum
2643 531 2734 585 pro
2758 528 2990 588 peccato,
3020 522 3072 577 id
3097 533 3179 580 est
3195 565 3211 592 ,
3240 531 3335 598 pro
3362 503 3576 600 peccato
3601 503 3696 609 suo,

2148 609 2268 651 cum
2293 603 2540 672 completi
2571 604 2769 663 fuerint
2791 610 2905 668 dies
2934 618 3260 687 purgationis
3287 624 3404 694 ejus
3431 643 3587 698 super
3611 603 3698 694 lilio

2147 697 2238 742 aut
2261 705 2421 761 super
2445 695 2583 751 lilia:
2616 700 2856 771 quisquis
2875 718 3003 776 ergo
3025 707 3096 762 ita
3121 695 3548 784 distinguendum
3573 736 3686 793 puta-

2145 782 2315 849 verit,
2341 800 2407 840 ex
2434 786 2721 860 Evangelio
2744 796 3108 869 convincetur,
3133 804 3224 860 ubi
3249 821 3370 862 cum
3394 813 3497 868 tale
3519 782 3692 888 aliquid

2143 887 2269 932 nato
2295 893 2360 935 ex
2388 881 2591 954 virgine
2619 887 2842 946 Domino
2861 891 3124 971 facerent,
3155 902 3322 973 magis
3353 918 3567 978 propter
3589 881 3694 968 eon-

2143 971 2477 1028 suetudinem
2521 975 2710 1049 Legis,
2751 998 2909 1052 quam
2955 999 3174 1059 propter
3213 971 3580 1056 necessitatem
3614 1005 3691 1059 ali-

2141 1061 2293 1166 cujus
2319 1065 2372 1119 in
2401 1082 2466 1122 eo
2495 1072 2740 1140 expiandi
2762 1081 3126 1152 purgandique
3153 1091 3384 1158 peccati,
3409 1093 3486 1149 sic
3510 1095 3691 1166 legitur,

2146 1151 2214 1206 Et
2241 1170 2355 1210 cum
2374 1159 2663 1218 inducerent
2695 1183 2904 1236 puerum
2930 1151 3105 1228 Jesum
3126 1151 3356 1247 parentes
3369 1151 3493 1254 'ejus
3510 1227 3525 1251 ,
3555 1151 3605 1241 iit
3627 1151 3696 1258 fa:

2146 1257 2310 1300 cerent
2361 1253 2632 1308 secundum
2683 1265 3090 1320 consuetudinem
3135 1266 3285 1341 Legis
3327 1253 3420 1344 pro
3476 1293 3532 1331 eo
3566 1253 3691 1351 (Lac.

2138 1353 2198 1403 ιι,
2219 1338 2312 1408 27)
2343 1358 2358 1395 :
2412 1345 2715 1402 nondictum
2745 1361 2827 1406 est
2844 1393 2859 1416 ,
2879 1369 2975 1424 pro
2999 1368 3168 1414 matre
3197 1338 3342 1431 eius;
3368 1365 3484 1428 sed.
3506 1338 3592 1437 pro
3614 1387 3692 1438 eo;

2136 1433 2377 1499 quamvis
2405 1449 2466 1489 ea
2506 1437 2695 1496 ﬁerent
2729 1459 2848 1514 qua:
2885 1446 2986 1504 hoc
3029 1449 3149 1506 loco
3179 1465 3443 1527 praecepta
3484 1433 3602 1516 sunt
3639 1433 3694 1518 de

2135 1522 2341 1581 duobus
2368 1531 2660 1588 turturibus
2694 1546 2786 1592 aut
2821 1539 3031 1598 duobus
3060 1522 3217 1614 pullis
3249 1522 3584 1608 coldmbinis.
3621 1555 3694 1611 Sic

2134 1616 2276 1670 enim
2328 1618 2583 1689 baptizari
2635 1626 2749 1697 ipse
2805 1632 2964 1689 etiam
3019 1635 3266 1708 dignatus
3317 1655 3402 1700 est
3452 1646 3692 1718 baptismo

2132 1704 2387 1772 Joannis,
2433 1713 2522 1782 qui
2568 1727 2684 1772 erat
2724 1720 3018 1791 haptismus
3062 1704 3389 1797 pendentia:
3425 1736 3479 1791 in
3522 1704 3690 1796 iemis-

2131 1798 2332 1895 sionem
2352 1815 2684 1872 peccatorum
2701 1810 2910 1882 (Matth.
2925 1833 3000 1884 Ill,
3020 1820 3105 1886 i5,
3125 1822 3233 1895 Η),
3250 1828 3496 1895 quamvis
3513 1832 3690 1888 nullum

2131 1887 2352 1947 haberet
2381 1895 2470 1950 ille
2501 1911 2793 1967 peccatum.
2825 1905 3010 1963 Merito
3037 1926 3165 1982 ergo
3191 1887 3416 1984 quidam
3447 1890 3608 1976 nostri
3631 1924 3690 1978 ita

2127 1977 2460 2053 interpretati
2499 1999 2622 2043 sunt
2666 1993 2825 2048 etiam
2858 1997 3015 2053 istum
3046 1977 3364 2062 in'Levitico
3395 2011 3566 2066 locum
3589 2055 3603 2081 ,
3642 2025 3689 2070 ut

2127 2088 2233 2128 non
2261 2075 2498 2133 dicerent
2515 2121 2529 2141 .
2561 2099 2712 2152 super
2737 2086 2846 2154 ﬁlio
2873 2100 2960 2144 aut
2980 2109 3130 2164 super
3153 2097 3294 2164 ﬁlia;
3325 2101 3421 2157 scd
3443 2146 3457 2168 ,
3487 2122 3575 2176 pro
3589 2075 3687 2175 filio

2126 2175 2214 2218 aut
2240 2183 2331 2236 pro
2351 2169 2480 2236 filia.
2511 2171 2658 2228 lianc
2686 2177 2828 2232 enim
2860 2181 2964 2235 vim
2991 2183 3147 2253 hujus
3173 2169 3564 2260 praepositionis
3587 2169 3689 2253 esse

2125 2256 2497 2317 intellexerunt
2523 2264 2625 2320 hoc
2652 2267 2804 2338 loco,
2841 2273 2927 2327 ubi
2953 2291 3156 2344 grtecus
3179 2256 3301 2348 ait,
3335 2286 3406 2356 ἐφ’
3436 2295 3522 2356 υἱῲ
3561 2299 3590 2350 ἥ
3622 2295 3688 2343 ἐπὶ

2122 2356 2331 2422 θυγατρί.
2368 2351 2508 2409 Sane
2535 2356 2916 2417 advertendum
2939 2375 3198 2439 estquam
3225 2351 3431 2444 pauper
3457 2351 3689 2435 Dominus

2121 2441 2266 2495 nasci
2310 2443 2566 2511 voluerit,
2617 2457 2672 2502 ut
2721 2466 2825 2506 non
2858 2468 2956 2523 pro
2986 2456 3077 2511 illo
3118 2441 3405 2520 offerret—ur
3444 2482 3607 2538 agnus
3643 2477 3686 2524 et

2119 2532 2298 2600 pullus
2334 2536 2666 2596 columbinus
2689 2554 2781 2597 aut
2815 2554 3016 2612 turtur,
3047 2550 3140 2605 sed
3175 2567 3273 2623 par
3308 2532 3570 2613 turturum
3609 2565 3688 2614 aut

2117 2623 2224 2679 duo
2251 2626 2378 2696 pulli
2406 2629 2730 2700 columbini,
2759 2636 2896 2691 sicut
2926 2638 2978 2692 in
3009 2640 3296 2714 Evangelia
3327 2648 3522 2719 legitur
3550 2649 3682 2723 (Luc.

2118 2732 2184 2783 ιι,
2216 2718 2340 2789 Si);
2369 2723 2510 2791 quod
2536 2725 2806 2797 Scriptura
2839 2730 3055 2788 Levitici
3083 2744 3207 2792 tunc
3227 2718 3398 2809 jussit
3413 2718 3616 2810 offerri,
3645 2746 3682 2800 si

2115 2823 2223 2864 non
2281 2812 2527 2871 habuerit
2582 2833 2769 2876 manus
2819 2823 3093 2882 offerentis
3141 2833 3282 2899 quod
3332 2838 3466 2892 satis
3513 2847 3592 2893 est
3635 2838 3680 2891 in

2113 2913 2328 2972 agnum.

2185 2994 2318 3050 XLI.
2348 2995 2446 3069 [1b.
2476 3015 2601 3067 xm,
2629 3002 2741 3077 20].
2771 3005 2985 3063 Homini
3005 3011 3050 3065 si
3069 3013 3154 3066 cui
3176 3017 3312 3086 facta
3337 3019 3492 3089 fuerit
3517 3019 3568 3073 in
3586 3027 3684 3072 cute

2111 3090 2337 3159 corporis
2357 3093 2466 3161 ejus
2494 3094 2705 3152 cicatrix
2727 3099 2862 3170 signi
2889 3101 3059 3157 lucida
3077 3147 3092 3170 ,
3130 3115 3177 3160 et
3201 3107 3353 3178 fuerit
3379 3111 3434 3166 in
3459 3121 3567 3166 cute
3601 3128 3679 3166 σου

2112 3176 2235 3232 loris
2263 3181 2370 3250 ejus
2397 3191 2560 3240 tactus
2592 3186 2763 3258 leprte.
2803 3191 2960 3249 Velut
2985 3176 3300 3266 exponendo
3336 3201 3475 3258 dixit
3515 3212 3678 3273 postc—

2110 3269 2250 3338 rius,
2275 3273 2416 3330 unde
2439 3277 2578 3345 quod
2607 3281 2835 3348 primum
2867 3283 3076 3343 dixerat
3113 3269 3532 3361 intelligeretur,
3559 3310 3678 3365 quo-

2107 3362 2249 3416 niam
2300 3364 2545 3436 dixerat,
2598 3370 2810 3428 llomini
2859 3376 2904 3430 si
2953 3379 3035 3432 cui
3084 3383 3218 3450 facta
3269 3383 3420 3452 fuerit
3475 3386 3525 3439 in
3576 3362 3679 3438 cute

2107 3456 2332 3525 corporis
2371 3459 2478 3527 ejus
2519 3461 2730 3518 cicatrix
2757 3466 2889 3536 signi
2913 3469 3116 3538 lucida,
3161 3488 3228 3528 ne
3260 3474 3561 3531 cicatricem
3609 3473 3676 3528 sic

2104 3543 2552 3618 intelligeremus,
2593 3558 2862 3622 quomodo
2900 3559 3036 3614 solet
3063 3576 3184 3616 esse
3211 3566 3491 3635 vestigium
3522 3563 3674 3620 sanati

2105 3639 2372 3706 vulneris,
2409 3643 2614 3711 aperuit
2648 3644 2750 3699 hoc
2789 3661 2847 3701 se
2874 3649 2940 3702 de
2977 3651 3157 3706 colore
3185 3653 3392 3720 dicere,
3425 3673 3549 3712 cum
3587 3655 3672 3711 ad-

2099 3725 2300 3797 juuxit,
2347 3732 2412 3785 Et
2450 3734 2603 3802 fuerit
2663 3737 2716 3788 in
2757 3748 2867 3791 cute
2913 3743 3094 3795 coloris
3141 3751 3250 3813 ejus
3294 3757 3460 3802 tactus
3515 3756 3669 3819 lepra.

2103 3822 2369 3892 Quidquid
2410 3841 2538 3896 ergo
2581 3827 2710 3883 illud
2754 3839 2869 3896 est,
2910 3835 3106 3889 coloris
3154 3836 3341 3892 vitium
3381 3850 3499 3907 est,
3547 3838 3671 3909 quod

2100 3914 2318 3970 nomine
2369 3917 2630 3973 cicatricis
2676 3922 2926 3990 appellat.
2986 3923 3138 3990 Quod
3189 3943 3316 3982 vero
3368 3930 3474 3996 ait,
3526 3939 3672 3983 tactus

2102 4003 2287 4074 leprie,
2330 4022 2437 4063 non
2466 4011 2608 4079 quod
2637 4020 2781 4067 tactu
2816 4015 2966 4069 color
2993 4018 3285 4087 sentiatur;
3324 4022 3417 4076 sed
3448 4023 3520 4077 ita
3557 4019 3672 4076 dicit

2099 4103 2296 4152 tactum
2326 4098 2520 4170 leprre,
2573 4113 2819 4174 tanquam
2851 4106 2966 4176 ipse
3006 4109 3165 4166 homo
3203 4111 3284 4166 vel
3331 4128 3529 4185 corpus
3567 4112 3670 4181 ejus

2097 4184 2246 4257 lepra
2271 4190 2340 4244 sit
2365 4198 2561 4246 tactum
2579 4234 2591 4257 ,
2624 4194 2726 4249 hoc
2754 4204 2838 4252 est
2863 4199 3180 4255 maculatum
3210 4210 3369 4272 atque
3396 4184 3626 4260 vitiatum
3655 4217 3666 4254 :

2097 4277 2234 4332 sicut
2259 4280 2359 4335 dici
2389 4283 2553 4351 solet,
2605 4285 2797 4355 Tetigit
2842 4303 2998 4356 eum,
3031 4291 3115 4346 vel
3141 4306 3248 4346 non
3289 4294 3460 4365 tetigit
3497 4294 3663 4350 febris.

2096 4368 2335 4440 Denique
2351 4373 2518 4441 ipsam
2537 4377 2820 4442 maculam,
2846 4386 3043 4435 tactum
3059 4394 3232 4447 vocat,
3259 4393 3315 4439 et
3331 4400 3450 4441 eam
3468 4398 3666 4454 semper

2095 4460 2196 4515 i510
2221 4463 2435 4518 nomine
2450 4466 2696 4534 appellat.
2723 4467 2872 4524 Unde
2890 4472 3128 4526 nonnulli
3151 4475 3317 4530 nostri
3337 4492 3443 4532 non
3469 4485 3660 4535 tactum.

2093 4553 2189 4608 sed
2213 4555 2468 4610 maculam
2496 4557 2831 4630 interpretati
2856 4573 3020 4619 sunt:
3061 4581 3169 4636 quo
3204 4570 3422 4625 nomine
3464 4568 3661 4640 quidem

2093 4648 2303 4716 planius
2332 4651 2603 4708 videretur
2631 4669 2824 4711 sonare
2860 4657 3003 4726 quod
3033 4659 3262 4729 legitur;
3292 4663 3386 4717 sed
3427 4661 3592 4733 potuit
3614 4666 3663 4711 et

2096 4755 2304 4810 graecus
2329 4758 2434 4798 non
2462 4745 2642 4800 dicere
2665 4753 2814 4818 ὅῳὴν,
2845 4747 2896 4801 id
2925 4759 3007 4805 est
3031 4759 3246 4818 tactum,
3277 4753 3370 4808 sed
3398 4765 3585 4822 μῶμσν,
3614 4748 3659 4804 id

2095 4841 2178 4887 est
2202 4835 2451 4889 maculam
2469 4877 2484 4902 ,
2514 4837 2653 4892 unde
2679 4844 2875 4906 ἄμωμον
2893 4839 3021 4894 dicit
3050 4841 3476 4901 immaculatum:
3507 4858 3660 4916 quau-

2089 4939 2248 4994 quam
2274 4941 2381 4980 non
2410 4928 2477 4982 ab
2514 4928 2604 4982 illo
2638 4930 2754 4983 solo
2777 4929 2922 5000 quod
2949 4932 3001 4986 in
3030 4934 3208 4991 colore
3244 4938 3532 5009 contingit,
3574 4932 3656 4990 sed

2087 5014 2156 5069 ab
2183 5016 2327 5069 omni
2370 5017 2498 5071 vitio
2535 5033 2723 5088 purum
2749 5021 2888 5077 solet
2919 5022 3191 5094 Scriptura
3219 5034 3415 5097 ἄμωμον
3452 5029 3654 5086 dicere;

2088 5107 2229 5163 unde
2252 5122 2357 5163 non
2398 5111 2658 5166 maculam
2701 5114 2933 5181 coloris,
2985 5117 3081 5172 sed
3118 5120 3292 5174 omnis
3335 5122 3444 5175 vitii
3492 5128 3654 5174 notam

2085 5200 2198 5253 vult
2228 5199 2484 5271 intelligi,
2515 5203 2656 5272 quod
2684 5216 2848 5273 μῶμον
2871 5208 3122 5276 appellat.
3153 5209 3344 5267 Posset
3379 5228 3504 5284 ergo
3528 5206 3653 5280 quod

2083 5290 2150 5344 ad
2192 5291 2366 5346 solum
2410 5293 2646 5350 colorem
2683 5297 2874 5354 attinet
2905 5308 3067 5354 σπίλον
3104 5299 3314 5371 dicere;
3361 5318 3465 5373 quo
3507 5301 3654 5353 Verbo

2083 5396 2213 5436 usus
2236 5389 2321 5437 est
2348 5384 2666 5454 Apostolus,
2697 5387 2784 5442 ubi
2811 5389 2885 5443 ait
2917 5388 2986 5444 de
3021 5391 3259 5457 Ecclesia
3279 5434 3293 5455 ,
3328 5392 3451 5448 Non
3484 5390 3653 5446 haben-

2082 5484 2179 5530 tem
2207 5478 2462 5532 maculam
2501 5489 2589 5533 aut
2614 5497 2791 5549 rugam
2835 5480 3068 5554 (Ep/tes.
3101 5499 3164 5551 v,
3193 5484 3322 5556 27).
3365 5486 3471 5542 Nec
3504 5493 3652 5552 μῶμον

2081 5576 2290 5635 autem,
2343 5586 2439 5626 nec
2479 5581 2640 5626 σπίολον
2681 5572 2840 5641 dixit,
2875 5575 2967 5629 sed
3005 5581 3156 5648 ἁφὴν,
3213 5578 3266 5633 id
3297 5587 3379 5634 est
3422 5586 3648 5633 tactum:

2081 5661 2224 5730 quod
2251 5670 2304 5718 et
2322 5662 2374 5719 in
2394 5679 2566 5733 graeca
2587 5665 3037 5736 lingua'inusitate
3059 5671 3255 5738 dicitur
3275 5673 3328 5728 in
3354 5668 3609 5737 coloribus
3627 5703 3642 5730 ι
