3862 6306
144 261 262 320 €97
987 268 995 293 τ
1086 267 1115 313 .;
1198 267 1228 316 7.

142 384 203 431 et
222 383 412 433 tamen
435 373 538 429 hoc
555 371 894 444 Septuaginta
914 371 1231 441 interpretes
1251 380 1357 423 non
1376 366 1546 439 piguit
1563 378 1737 436 graece

142 468 373 534 dicere;
399 483 494 523 cur
519 481 646 537 ergo
668 466 856 521 latinos
877 462 1142 535 piguerit?
1165 460 1318 530 Quod
1344 468 1520 515 autem
1548 459 1743 513 dicitur

142 559 372 616 cicatrix
394 560 543 631 signi,
572 559 653 613 vel
685 557 803 612 ideo
826 556 1039 623 dicitur,
1062 553 1203 626 quod
1228 553 1488 624 signiticet
1512 550 1739 621 aliquid;

141 650 233 705 vel
260 650 391 705 ideo
416 650 618 719 potius,
648 648 789 718 quod
821 647 990 716 ipsum
1032 644 1302 699 hominem
1330 644 1482 713 signo
1508 641 1738 713 quodam

141 741 413 797 discernit
440 757 467 793 a
498 740 708 794 creteris
730 780 746 804 ,
775 740 875 792 hoc
903 746 1018 803 est,
1051 735 1336 791 notabilem
1365 733 1561 789 reddit.

217 833 391 888 XLII.
423 831 519 905 [lb.
547 848 663 896 xm,
691 830 769 904 5.]
798 830 932 898 Quid
961 828 1201 900 estquod
1230 828 1329 892 ait,
1361 827 1428 881 Et
1453 827 1633 881 videbit
1657 844 1743 881 sa-

142 928 331 982 cerdos
352 969 366 991 ,
397 936 443 980 et
467 926 743 996 inquinabit
768 925 923 980 eum?
948 923 1015 978 ad
1043 938 1202 993 quem
1230 921 1407 977 veniet
1433 930 1489 975 ut
1518 919 1742 975 munde-

142 1026 253 1072 tur.
308 1019 417 1075 Sed
461 1017 740 1088 inquinabit
777 1017 975 1071 dictum
1005 1024 1121 1080 est,
1154 1013 1482 1083 inquinatum
1513 1027 1746 1082 pronun-

141 1109 339 1175 tiabit,
374 1109 417 1163 si
453 1108 566 1162 haec
605 1107 658 1161 in
698 1122 764 1162 eo
799 1105 1023 1173 viderit,
1069 1119 1192 1175 quae
1215 1103 1486 1173 Scriptura
1515 1104 1640 1158 dicit
1677 1103 1744 1158 de

140 1200 361 1254 macula
392 1201 571 1267 leprae.

213 1290 410 1345 XLIII.
446 1289 545 1363 [lb.
574 1306 691 1356 xm,
722 1290 776 1355 4,
808 1291 861 1356 7,
889 1288 969 1362 2.]
988 1288 1047 1345 Si
1073 1297 1239 1342 autem
1265 1288 1460 1342 lucidus
1481 1287 1626 1341 albus
1652 1288 1745 1341 erit

138 1384 194 1437 in
219 1394 339 1437 cute
364 1386 546 1439 coloris
574 1386 682 1455 ejus
709 1386 749 1451 ί,
779 1394 825 1437 et
853 1383 1058 1437 Immitis
1082 1399 1182 1437 non
1206 1382 1359 1454 fuerit
1382 1390 1611 1450 aspectus
1634 1381 1745 1450 ejus

138 1495 171 1529 ιι
197 1487 336 1532 cute.
381 1478 603 1532 Lucidus
631 1477 774 1532 albus
802 1477 1116 1533 subauditur
1157 1486 1363 1540 tactus,
1408 1474 1459 1528 id
1501 1482 1620 1541 est,
1654 1472 1742 1526 illa

138 1570 359 1626 macula
382 1572 599 1636 coloris,
626 1585 729 1623 non
753 1570 907 1639 pilus.
937 1569 1088 1637 Quod
1113 1577 1298 1639 postea
1324 1566 1471 1631 dicit,
1497 1565 1559 1621 Si
1578 1574 1743 1618 autent

137 1679 390 1717 conversa
418 1672 608 1717 mutata
647 1663 797 1735 fuerit
837 1662 1136 1733 signiﬁcatio
1174 1660 1228 1713 in
1261 1668 1407 1723 cute;
1452 1656 1589 1711 hanc
1616 1655 1744 1710 dicit

137 1754 593 1825 significationem
611 1795 625 1818 ,
655 1752 794 1823 quod
824 1752 1067 1823 superius
1092 1752 1292 1821 signum
1320 1749 1372 1803 in
1413 1746 1576 1803 latino
1612 1746 1749 1815 legi-

138 1856 246 1901 tur.
277 1847 419 1902 Nam
446 1862 654 1918 graecus
679 1858 733 1901 et
755 1862 916 1917 supra
943 1856 997 1901 et
1020 1845 1106 1900 hic
1132 1860 1236 1900 uno
1257 1842 1551 1914 eodemque
1576 1842 1740 1899 verbo

135 1954 271 1993 usus
303 1948 412 2005 est,
441 1950 676 2007 σημασίαν
700 1938 902 1992 dicens.

209 2030 407 2085 XLIV.
440 2030 537 2102 [lb.
565 2046 689 2097 xm,
718 2030 814 2085 5et
837 2029 915 2101 6.]
946 2028 1014 2083 Et
1040 2027 1315 2099 segregabit
1335 2028 1477 2081 illum
1509 2026 1742 2081 sacerdos

137 2132 336 2194 septem
365 2123 538 2176 diebus
566 2124 617 2175 in
646 2121 898 2186 secundo;
926 2130 973 2174 et
1010 2120 1192 2173 videbit
1229 2120 1375 2173 illum
1403 2118 1635 2173 sacerdos
1663 2119 1743 2171 die

138 2214 362 2284 septimo
388 2214 439 2267 in
464 2213 682 2268 secundo
708 2228 728 2267 :
753 2222 799 2266 et
824 2229 935 2266 ecce
957 2211 1193 2265 obscurus
1214 2220 1377 2263 tactus
1398 2225 1497 2263 non
1525 2218 1598 2263 est
1622 2226 1742 2262 con-

140 2320 317 2359 versus
344 2314 506 2359 tactus
532 2305 586 2358 in
611 2311 761 2371 cute;
789 2313 835 2357 et
861 2304 1091 2375 purgavit
1113 2318 1225 2356 eum
1247 2301 1479 2355 sacerdos
1503 2314 1522 2353 :
1541 2300 1741 2370 signum

139 2396 275 2448 enim
304 2405 380 2450 est
406 2395 545 2450 :hoc
571 2403 682 2461 est,
713 2403 990 2464 purgatum
1018 2409 1173 2459 eum,
1207 2391 1601 2463 pronuntiabit;
1632 2405 1740 2444 non

140 2486 289 2541 enim
319 2494 404 2542 est
431 2487 576 2557 lepra
596 2528 610 2550 ,
644 2486 735 2540 sed
762 2487 992 2555 signum.

210 2576 379 2631 XLV.
405 2576 504 2649 [lb.
533 2592 648 2643 χιιι,
674 2575 817 2649 4ο7.]
850 2576 910 2631 Si
929 2586 1094 2630 autem
1113 2592 1349 2630 conversa
1375 2586 1567 2630 mutata
1591 2576 1745 2647 fuerit

140 2668 454 2739 signiﬁcatio
492 2670 546 2721 in
584 2676 723 2734 cute,
758 2678 1083 2740 posteaquam
1111 2668 1233 2722 vidit
1255 2668 1402 2721 illum
1427 2668 1662 2723 sacerdos
1692 2676 1746 2721 ut

143 2769 328 2830 purget
357 2775 375 2812 :
402 2769 448 2812 et
489 2760 622 2814 visus
657 2761 808 2831 fuerit
848 2760 1011 2814 denuo
1045 2759 1325 2826 sacerdoti,
1358 2768 1402 2813 et
1426 2759 1603 2813 viderit
1632 2776 1745 2813 eum

142 2851 414 2916 sacerdos,
447 2859 495 2904 et
520 2866 631 2904 ecce
657 2860 965 2904 commutata
1002 2851 1303 2922 signiﬁcatio
1332 2852 1385 2904 in
1414 2860 1561 2914 cute;
1586 2861 1632 2904 et
1660 2852 1743 2905 in-

142 2940 378 3006 quinabit
404 2957 520 2995 eum
542 2941 776 2996 sacerdos
808 2957 827 2996 :
852 2942 993 3012 lepra
1018 2951 1109 2995 est.
1145 2941 1317 2995 Etiam
1347 2940 1436 2995 hic
1464 2940 1745 3012 inquinabit

143 3030 301 3097 dixit,
334 3032 663 3102 inquinatum
693 3031 1061 3103 pronuntiabit
1087 3050 1099 3085 :
1132 3040 1178 3087 et
1205 3041 1383 3087 autem
1413 3032 1533 3102 plus
1561 3032 1740 3097 habet,

144 3136 211 3176 ex
256 3138 411 3178 more
458 3124 738 3178 locutionis
782 3122 1091 3194 Scriptum.
1142 3124 1254 3179 Hoc
1306 3124 1483 3193 itaque
1534 3124 1745 3178 videtur

145 3213 499 3270 admonuisse
518 3257 533 3280 ,
566 3225 623 3269 ut
646 3230 766 3270 cum
795 3217 940 3271 visus
971 3217 1127 3270 fuerit
1156 3217 1300 3269 solus
1328 3216 1475 3269 color
1513 3217 1663 3269 albus
1691 3224 1746 3270 et

140 3306 381 3371 lucidus,
410 3306 643 3361 discolor
667 3321 800 3360 sano
824 3306 1009 3369 colori,
1037 3306 1215 3360 adhuc
1240 3306 1490 3374 probetur
1512 3321 1542 3359 a
1568 3321 1746 3361 sacer-

138 3397 299 3462 dote,
331 3398 460 3451 utsi
486 3397 678 3451 viderit
706 3398 866 3451 etiam
892 3397 1055 3466 pilum
1081 3405 1341 3450 mutatum
1372 3396 1423 3449 in
1451 3396 1629 3451 album
1655 3412 1746 3451 co-

139 3490 346 3554 lorem,
374 3497 427 3543 et
455 3488 795 3543 humiliorem
825 3486 1021 3543 factum
1048 3486 1188 3542 cutis
1210 3487 1384 3542 locum
1403 3529 1418 3553 ,
1451 3488 1502 3541 in
1532 3503 1636 3558 quo
1665 3497 1746 3544 est

141 3578 304 3632 albus
334 3580 503 3645 color,
536 3587 663 3633 tunc
692 3577 995 3648 pronuntiet
1021 3578 1255 3648 Iepram,
1288 3577 1339 3633 id
1365 3587 1473 3643 εει,
1506 3579 1744 3648 inquinet

144 3671 423 3726 hominem
456 3672 848 3741 pronuntiando
880 3670 1170 3740 leprosum.
1215 3671 1276 3726 Si
1318 3681 1517 3738 autem,
1551 3672 1739 3744 inquit,

146 3763 348 3816 lucidus
371 3763 518 3817 albas
543 3764 693 3835 fuerit
724 3765 778 3817 in
800 3772 913 3817 cute
934 3763 1119 3818 coloris
1147 3764 1285 3833 ejus,
1316 3764 1367 3819 id
1394 3772 1476 3820 est
1493 3806 1509 3832 ,
1536 3765 1744 3821 lucidus

146 3852 299 3907 albus
323 3852 481 3908 fuerit
506 3854 595 3909 ille
619 3863 819 3920 tactus;
846 3868 953 3923 quo
975 3854 1189 3909 nomine
1210 3855 1452 3910 eamdem
1475 3857 1739 3911 maculam

148 3943 379 4011 appellat
409 3962 421 3998 :
450 3954 496 3997 et
526 3944 728 3999 humilis
757 3961 857 3999 non
883 3945 1033 4014 fuerit
1061 3955 1293 4015 aspectus
1320 3948 1430 4017 ejus
1458 3964 1490 3999 a
1518 3958 1665 4013 cute;
1694 3957 1742 4002 et

150 4035 283 4103 pilas
312 4054 412 4091 non
446 4037 537 4090 erit
565 4054 828 4092 conversus
858 4039 914 4091 in
943 4037 1141 4103 album,
1188 4039 1297 4108 ipse
1339 4048 1505 4091 autem
1546 4049 1617 4093 est
1654 4040 1742 4093 ob-

149 4144 347 4195 scurus,
376 4129 428 4184 id
457 4140 538 4185 est
568 4132 680 4200 ipse
704 4131 859 4200 pilus,
888 4131 1011 4200 quia
1037 4146 1143 4185 non
1168 4140 1250 4186 est
1275 4131 1429 4185 albus
1456 4148 1469 4183 ε
1498 4142 1544 4185 et
1569 4148 1738 4200 segre-

149 4222 283 4290 gabit
322 4222 555 4276 sacerdos
585 4232 771 4276 tactum
800 4232 987 4293 septem
1015 4223 1158 4288 dies;
1199 4232 1247 4276 et
1286 4223 1466 4276 videbit
1508 4224 1740 4279 sacerdos

153 4318 337 4365 tactum
363 4312 443 4365 die
460 4312 690 4381 septimo,
719 4311 773 4367 id
794 4321 875 4367 est
896 4312 1040 4367 illam
1063 4313 1323 4367 maculam
1348 4330 1362 4366 :
1388 4322 1432 4367 et
1452 4330 1561 4367 ecce
1581 4322 1740 4369 tactus

153 4415 314 4456 manet
342 4413 458 4458 ante
477 4420 629 4469 eum;
660 4419 759 4458 non
792 4414 1128 4459 commutatus
1156 4414 1227 4459 est
1254 4414 1414 4461 tactus
1438 4407 1490 4460 in
1515 4417 1656 4471 cute,
1686 4407 1739 4461 id

153 4500 263 4557 est,
298 4510 407 4548 non
450 4502 534 4549 est
574 4494 805 4549 discolor
845 4503 902 4551 et
937 4495 1211 4551 dissimilis
1255 4496 1497 4552 inventus
1535 4512 1565 4551 a
1594 4506 1735 4554 cute.

154 4580 290 4653 Ergo
319 4592 562 4640 sanatum
596 4593 679 4639 est
704 4584 847 4656 quod
876 4585 1124 4639 vitiosum
1154 4595 1269 4641 erat
1296 4604 1311 4640 :
1338 4587 1432 4641 sed
1456 4587 1629 4642 adhuc
1654 4591 1739 4655 ju-

154 4669 241 4727 bet
268 4676 482 4744 probari
507 4677 749 4732 eamdem
784 4677 1063 4733 sanitatem
1092 4693 1188 4748 per
1210 4679 1345 4733 alios
1370 4690 1571 4749 septem
1598 4681 1733 4748 dies,

155 4771 309 4834 atque
338 4766 459 4821 ideo
484 4768 723 4838 sequitur
750 4778 806 4823 et
830 4767 978 4833 dicit,
1007 4767 1075 4821 Et
1094 4769 1369 4840 segregabit
1399 4769 1543 4823 illum
1570 4787 1737 4825 sacer-

155 4854 242 4910 dos
266 4868 455 4927 septcm
495 4860 600 4913 dies
642 4860 696 4913 in
732 4860 981 4926 secundo,
1010 4860 1060 4914 id
1088 4869 1171 4915 est
1198 4867 1402 4930 septem
1428 4861 1560 4915 alios
1585 4862 1733 4930 dies;

159 4956 201 4998 et
224 4949 401 5004 videbit
424 4951 570 5006 illum
594 4951 825 5006 sacerdos
851 4952 933 5006 die
957 4954 1168 5024 septimo
1194 4953 1247 5006 in
1272 4953 1491 5007 secundo
1515 4969 1533 5006 :
1559 4962 1607 5007 et
1626 4971 1739 5009 ecce

157 5036 389 5096 obscurus
416 5052 577 5097 tactus
596 5084 612 5110 ,
646 5044 699 5098 id
725 5052 840 5111 est,
866 5046 989 5114 quia
1019 5061 1121 5099 non
1152 5044 1305 5099 albus
1329 5054 1383 5099 et
1408 5046 1612 5100 lucidus
1631 5089 1646 5113 ,
1674 5063 1737 5102 ac

160 5139 251 5195 per
277 5130 379 5187 hoc
401 5134 652 5188 concolor
686 5148 819 5188 sano
842 5134 1040 5200 colori;
1069 5150 1169 5187 non
1204 5144 1276 5188 est
1305 5144 1523 5189 mutatus
1550 5145 1731 5200 tactus,

163 5217 214 5272 in
237 5234 386 5291 cute,
418 5225 555 5281 sicut
596 5234 650 5280 et
690 5226 850 5296 paulo
890 5234 1015 5280 ante
1056 5226 1220 5292 dixit,
1252 5226 1353 5282 hoc
1394 5236 1479 5283 est
1518 5237 1735 5284 nonest

164 5309 424 5372 dissimilis
451 5333 482 5372 a
506 5328 699 5374 cratera
725 5330 846 5374 cute
873 5337 886 5372 :
916 5329 961 5374 et
986 5320 1217 5392 purgabit
1241 5336 1355 5375 eum
1383 5323 1614 5376 sacerdos
1634 5363 1648 5388 ,
1680 5321 1733 5377 id

164 5417 267 5475 est,
299 5421 572 5483 purgatum
608 5414 968 5484 pronuntiabit
994 5430 1022 5467 a
1054 5415 1354 5484 suspicione
1392 5416 1586 5485 leprrc;
1626 5430 1730 5469 non

165 5501 296 5565 quod
320 5502 562 5560 habuerit
591 5506 809 5575 lepram,
838 5522 993 5576 quam
1017 5506 1125 5576 jam
1150 5522 1256 5561 non
1286 5506 1463 5569 habet,
1489 5506 1581 5561 sed
1602 5522 1733 5576 quo-

267 5640 360 5704 Am.
382 5643 458 5684 Er.
487 5644 538 5687 et
558 5644 689 5695 Lov.,
712 5636 765 5687 in
799 5643 905 5704 cute
941 5637 1071 5689 color
1092 5639 1213 5701 ejus.
1252 5647 1349 5690 nat.
1379 5654 1495 5690 vero
1532 5648 1583 5692 et
1602 5649 1730 5704 Mss.,

166 5690 339 5745 coloris.
367 5705 416 5747 tu
439 5711 597 5761 graeco
621 5690 713 5750 est.
740 5704 817 5749 tou
838 5700 1022 5752 chrotos
1044 5690 1202 5751 auiou.

1530 247 1733 308 LIBER
1768 241 2080 307 TERTIUS.

1851 362 1990 418 niam
2018 365 2162 437 lepra
2190 379 2293 422 non
2318 366 2436 435 fuit,
2464 367 2604 439 quod
2628 367 2681 424 in
2704 367 2797 424 illo
2819 367 2996 423 lucido
3025 373 3081 424 et
3104 368 3225 425 albo
3248 367 3433 425 colore

1852 465 2042 524 tactus,
2071 457 2123 511 id
2149 466 2229 513 est
2256 459 2479 513 maculae
2508 460 2645 516 illius
2672 476 2793 531 quae
2816 470 3162 531 apparuerat,
3191 475 3313 517 cum
3342 477 3437 518 ex.

1852 560 2178 621 spectaretur
2203 560 2377 607 utrum
2408 553 2654 607 humilior
2679 552 2829 608 ﬂeret
2864 554 3010 609 locus
3032 596 3047 618 ,
3078 562 3134 609 et
3160 554 3299 624 pilus
3326 554 3436 613 illic

1853 640 1904 694 in
1931 640 2107 695 album
2139 650 2535 699 converteretur
2554 684 2568 708 ,
2601 659 2706 699 non
2737 644 2991 714 contigit,
3023 644 3117 701 sed
3146 646 3321 715 potius
3347 643 3436 702 ille

1852 739 2026 786 tactus
2046 732 2133 802 qui
2162 733 2257 789 fuit
2276 743 2400 789 ante
2426 735 2628 790 lucidus
2648 745 2701 790 et
2720 736 2888 801 albus,
2913 736 3170 791 obscurus
3190 737 3437 794 inventus

1852 832 1953 889 est,
1983 824 2034 880 id
2061 834 2143 882 est
2166 826 2350 881 similis
2365 836 2558 883 czetero
2573 828 2758 894 colori,
2792 844 2895 884 non
2923 828 3125 885 lucidus
3150 848 3164 885 :
3192 846 3297 885 non
3321 838 3439 885 erat

1851 932 1979 989 ergo
1998 918 2165 989 lepra,
2193 919 2391 989 signum
2411 930 2484 973 est
2504 920 2657 985 enim,
2687 935 2792 975 non
2816 920 2986 991 lepra,
3011 920 3151 990 quod
3172 921 3251 977 sic
3268 936 3437 993 appa-

1850 1009 2016 1064 ruerit
2039 1028 2052 1063 :
2078 1019 2252 1064 tamen
2272 1010 2430 1065 etiam
2453 1020 2671 1081 propter
2692 1010 2792 1066 hoc
2812 1019 3063 1083 purgatus
3082 1028 3112 1067 a
3132 1014 3435 1083 suspicione

1850 1100 2033 1170 lepra},
2068 1100 2250 1155 levabit
2281 1102 2566 1155 vestimenta
2586 1119 2715 1167 sua;
2741 1104 2864 1173 quia
2889 1114 2943 1158 et
2968 1104 3019 1158 in
3048 1104 3138 1159 illo
3167 1106 3318 1176 signo
3338 1104 3437 1162 ali-

1850 1192 1974 1262 quid
2002 1192 2132 1257 fuit,
2166 1202 2381 1263 propter
2417 1194 2557 1265 quod
2593 1194 2813 1249 lavanda
2843 1194 3053 1250 fuerant
3080 1198 3431 1265 vestimenta;

1850 1294 1896 1338 et
1923 1286 2138 1339 mundus
2163 1286 2272 1338 erit.

1921 1375 2103 1431 XLVI.
2139 1375 2238 1449 [lb.
2266 1392 2393 1442 xm,
2423 1378 2454 1431 7
2474 1419 2489 1445 ,
2518 1376 2598 1449 8.]
2641 1377 2839 1433 Deinde
2860 1380 3131 1450 sequitur,
3173 1380 3235 1436 Si
3269 1390 3437 1437 autem

1849 1483 2083 1523 conversa
2110 1478 2301 1523 mutata
2339 1470 2487 1539 fuerit
2526 1470 2829 1540 signiﬁcatio
2866 1471 2917 1524 in
2942 1480 3081 1537 cute,
3111 1482 3436 1544 posteaquam

1848 1561 1972 1614 vidit
2000 1562 2145 1615 illum
2168 1562 2402 1617 sacerdos
2440 1572 2495 1615 ut
2528 1573 2764 1634 purgaret
2792 1564 2939 1617 illum
2956 1579 2976 1628 ;
3005 1564 3058 1618 id
3082 1573 3165 1619 est
3184 1605 3197 1629 ,
3229 1575 3439 1634 postea-

1849 1666 2004 1720 quam
2035 1650 2166 1706 vidit
2200 1666 2323 1707 eum
2367 1652 2618 1708 sacerdos
2646 1654 2871 1723 septimo
2909 1654 2995 1709 die
3038 1655 3185 1724 prius
3222 1671 3433 1723 sanum,

1849 1751 1905 1795 ut
1932 1752 2181 1814 purgaret
2207 1744 2352 1798 illum
2374 1784 2390 1809 ,
2434 1752 2634 1799 mutata
2661 1754 2745 1801 est
2770 1746 2858 1802 illa
2888 1747 3204 1818 significatio
3223 1790 3239 1815 ,
3272 1747 3325 1803 id
3353 1755 3440 1805 est

1846 1834 1975 1889 illud
2007 1834 2213 1906 signum
2246 1836 2296 1889 in
2324 1844 2445 1892 cute
2476 1854 2488 1890 :
2520 1847 2566 1891 et
2600 1838 2732 1891 visus
2766 1838 2914 1909 fuerit
2942 1838 2995 1892 in
3018 1839 3237 1892 secundo
3264 1856 3437 1894 sacer-

1846 1926 1953 1980 doti
1970 1970 1984 1993 ,
2018 1926 2070 1981 id
2106 1936 2189 1982 est
2215 1937 2333 1996 post
2361 1928 2493 1982 alios
2518 1937 2721 1999 septem
2749 1928 2863 1984 dies
2892 1947 2904 1983 :
2934 1938 2979 1983 et
3006 1928 3185 1983 viderit
3214 1946 3327 1983 cum
3353 1947 3439 1985 sa-

1845 2019 2041 2086 cerdos,
2074 2029 2120 2073 et
2146 2036 2256 2074 ecce
2276 2030 2580 2073 commutata
2608 2031 2680 2074 est
2700 2021 3003 2091 signiﬁcatio
3027 2021 3079 2074 in
3103 2030 3233 2085 cute,
3259 2021 3310 2075 id
3331 2031 3433 2089 est,

1846 2127 1954 2165 non
1998 2112 2144 2166 stetit
2191 2112 2243 2165 in
2288 2112 2374 2165 illa
2414 2112 2673 2178 sanitate,
2708 2112 2760 2165 in
2789 2127 2891 2181 qua
2931 2126 3052 2167 eum
3085 2111 3289 2167 viderat
3318 2121 3439 2182 post

1846 2203 2047 2273 primos
2091 2213 2294 2274 septem
2339 2205 2470 2260 dies.
2524 2205 2591 2259 Et
2636 2204 2914 2276 inquinabit
2966 2204 3111 2259 illam
3163 2205 3440 2260 sacerdos:

1848 2295 1989 2364 lepra
2018 2305 2109 2350 est.
2153 2296 2269 2349 Jam
2301 2296 2386 2350 hic
2427 2297 2673 2366 quoniam
2712 2296 2839 2351 illud
2877 2296 3017 2368 quod
3054 2297 3224 2351 visum
3266 2297 3441 2352 fuerat

1851 2395 1973 2455 post
1999 2387 2198 2455 primos
2225 2398 2428 2457 septem
2456 2388 2567 2442 dies
2596 2404 2803 2456 sanum,
2830 2403 2935 2443 non
2957 2389 3103 2443 stetit
3127 2389 3178 2443 in
3201 2403 3319 2455 suo,
3344 2389 3438 2444 sed

1848 2485 2106 2531 mutatum
2134 2486 2216 2533 est
2242 2479 2294 2532 in
2321 2479 2599 2548 pristinum
2628 2479 2831 2545 vitium,
2865 2479 3010 2547 lepra
3036 2480 3435 2549 pronuntiatur;

1851 2568 1925 2623 ita
1956 2578 2013 2623 ut
2049 2584 2155 2623 non
2202 2569 2309 2623 illic
2350 2578 2687 2638 exspectetur
2728 2570 2809 2623 vel
2853 2569 3001 2625 locus
3041 2569 3317 2635 humilior,
3352 2570 3438 2626 vel

1852 2661 1988 2731 pilus
2026 2661 2080 2715 in
2120 2660 2300 2715 album
2344 2676 2655 2716 conversus.
2700 2661 2831 2718 Cum
2874 2662 3016 2716 enim
3057 2662 3202 2729 lepra
3232 2678 3337 2717 non
3370 2663 3442 2718 sit

1848 2752 2099 2807 notabilis
2126 2762 2286 2823 atque
2323 2754 2510 2809 vitiosa
2533 2795 2546 2819 ,
2580 2753 2681 2809 nisi
2720 2753 2985 2820 varietas;
3028 2754 3129 2808 hoc
3171 2752 3346 2823 ipsum
3373 2754 3441 2809 de

1850 2842 2044 2898 vitioso
2068 2844 2249 2899 colore
2276 2844 2452 2900 redire
2489 2844 2554 2899 ad
2586 2860 2805 2910 sanum,
2839 2853 2895 2900 et
2918 2844 2985 2899 de
3012 2859 3144 2899 sano
3174 2843 3349 2899 redire
3373 2844 3440 2900 ad

1849 2936 2119 3002 vitiosum,
2148 2937 2221 2989 ita
2249 2937 2479 2991 notabile
2504 2946 2606 3002 est,
2637 2946 2693 2990 ut
2719 2951 2824 2992 non
2854 2936 2925 2991 ibi
2952 2935 3107 2991 fuerit
3129 2944 3442 3005 exspectan-

1849 3026 1996 3089 dum,
2028 3026 2167 3096 quod
2195 3028 2246 3082 in
2274 3028 2445 3099 primo
2474 3028 2771 3097 exspectari
2800 3036 3145 3099 prteceperat,
3176 3026 3243 3083 de
3269 3028 3441 3083 humi-

1849 3118 1966 3174 liori
1997 3120 2113 3175 loco
2142 3128 2197 3174 et
2223 3120 2313 3190 pili
2337 3120 2591 3187 candore,
2618 3120 2711 3175 sed
2738 3120 2848 3190 jam
2873 3121 3032 3175 etiam
3060 3120 3159 3177 ista
3184 3120 3441 3177 varietate

1848 3212 1965 3267 sine
1992 3212 2321 3268 dubitatione
2350 3214 2418 3268 sit
2449 3214 2612 3284 lepra.

1920 3303 2127 3359 XLVII.
2157 3304 2257 3377 [lb.
2288 3320 2379 3358 xm
2400 3345 2415 3369 ,
2441 3304 2620 3376 9-I7.]
2652 3304 2850 3360 Deinde
2880 3304 3115 3375 sequitur
3143 3324 3157 3361 :
3186 3304 3256 3359 Et
3279 3314 3440 3363 tactus

1849 3394 2004 3465 lepra'
2049 3398 2092 3449 si
2136 3398 2287 3466 fuerit
2331 3398 2382 3451 in
2429 3398 2661 3461 homine,
2701 3398 2859 3451 veniet
2902 3398 2969 3451 ad
3011 3399 3317 3453 sacerdotem
3346 3414 3364 3453 :
3392 3408 3440 3454 et

1848 3488 2032 3544 videbit
2050 3490 2316 3555 sacerdos;
2337 3500 2383 3543 et
2404 3506 2513 3545 ecce
2533 3489 2743 3544 cicatrix
2761 3489 2875 3544 alba
2896 3491 2949 3543 in
2969 3499 3080 3543 cute
3097 3506 3116 3554 ;
3136 3500 3182 3544 et
3204 3492 3309 3545 Itan:
3330 3508 3439 3545 mu-

1848 3580 1967 3633 tavit
1995 3582 2236 3650 capillum
2263 3581 2453 3647 album,
2482 3592 2530 3635 et
2558 3598 2589 3634 a
2614 3597 2739 3635 sano
2764 3583 2931 3635 carnis
2957 3583 3079 3636 viva:
3104 3583 3157 3636 in
3182 3583 3432 3636 cicatrice.

1848 3671 1983 3727 Hinc
2010 3673 2055 3726 si
2084 3673 2460 3727 subtrahamus
2488 3682 2568 3739 et,
2612 3686 2761 3728 more
2802 3673 2942 3729 enim
2981 3673 3265 3728 locutionis
3289 3673 3435 3729 Scri-

1847 3772 2121 3832 pturarum
2158 3765 2388 3834 positum
2418 3772 2532 3831 est,
2582 3765 2683 3820 iste
2726 3765 2829 3821 erit
2867 3779 3057 3821 sensus
3097 3784 3108 3819 :
3151 3765 3217 3819 Et
3256 3765 3437 3820 videbit

1844 3854 2114 3921 sacerdos;
2146 3865 2192 3910 et
2229 3872 2340 3909 ecce
2376 3857 2585 3911 cicatrix
2612 3855 2728 3911 alba
2754 3857 2808 3911 in
2836 3865 2976 3922 cute;
3003 3866 3046 3910 et
3085 3857 3191 3911 Itazc
3228 3857 3436 3911 mutavit

1846 3947 2091 4016 capillum
2118 3948 2290 4001 album
2328 3965 2360 4001 a
2400 3964 2524 4002 sano
2562 3949 2728 4002 carnis
2769 3949 2892 4003 viva:
2926 3948 2980 4002 in
3015 3948 3262 4011 cicatrice.
3291 3946 3435 4004 Ordo

1845 4048 1928 4091 est
1958 4057 1971 4092 :
2000 4037 2215 4093 Mutavit
2252 4039 2496 4111 capillum
2519 4040 2688 4094 album
2714 4040 2766 4093 in
2794 4040 3023 4095 cicatrice
3048 4057 3079 4092 a
3106 4056 3229 4094 sano
3266 4042 3435 4095 carnis

1846 4128 2002 4193 vivae;
2029 4129 2080 4183 id
2109 4139 2217 4195 est,
2247 4146 2368 4185 cum
2401 4146 2531 4186 caro
2570 4130 2688 4184 viva
2718 4138 2773 4186 et
2799 4145 2926 4185 sana
2959 4130 3149 4185 habeat
3184 4131 3431 4200 capillum

1844 4220 2127 4276 obscurum
2152 4264 2166 4288 ,
2212 4223 2297 4277 vel
2342 4223 2585 4293 nigrum,
2629 4222 2744 4278 haec
2783 4224 3005 4278 cicatrix
3042 4223 3217 4277 album
3249 4223 3429 4279 habet.

1843 4314 2011 4383 Lepra
2037 4323 2345 4367 veterascens
2383 4322 2455 4367 est
2479 4313 2533 4367 in
2557 4322 2668 4366 cute
2691 4313 2875 4368 coloris
2902 4314 3013 4385 ejus
3037 4328 3055 4365 :
3079 4323 3124 4366 et
3153 4314 3430 4382 inquinabit

1843 4421 1955 4459 eum
1993 4404 2256 4467 sacerdos,
2290 4403 2343 4457 id
2380 4410 2497 4469 est,
2528 4403 2854 4472 inquinatum
2886 4402 3263 4472 pronuntiabit.
3311 4402 3429 4458 Non

1842 4497 2115 4567 segregabit
2136 4512 2268 4561 eum,
2291 4496 2410 4565 quia
2432 4496 2721 4549 immundus
2741 4504 2814 4549 est
2837 4510 2856 4549 :
2877 4494 2979 4550 hoc
3003 4495 3210 4550 videtur
3228 4495 3424 4560 dicere,

1842 4588 1965 4658 quia
1994 4587 2084 4643 ubi
2111 4587 2355 4642 inventus
2383 4586 2545 4642 fuerit
2572 4586 2709 4656 pilus
2738 4587 2789 4641 in
2829 4586 3008 4641 album
3041 4595 3274 4641 mutatus
3301 4602 3427 4642 con-

1842 4680 1991 4736 color
2015 4680 2137 4734 albo
2165 4680 2293 4733 vitio
2317 4679 2454 4733 cutis
2474 4722 2487 4744 ,
2516 4678 2624 4749 jam
2654 4694 2759 4733 non
2789 4689 3113 4749 segregatur,
3144 4688 3203 4733 ut
3233 4678 3424 4748 probe-

1841 4782 1963 4839 tur;
1993 4788 2093 4829 ncc
2117 4780 2454 4842 exspectatur
2480 4780 2655 4826 utrum
2679 4770 2837 4825 etiam
2865 4770 3112 4825 humilior
3134 4770 3222 4823 liat
3243 4769 3423 4837 locus;

1840 4868 1933 4924 sed
1962 4883 2030 4924 ex
2068 4869 2168 4923 hoc
2198 4877 2400 4921 tantum
2431 4866 2571 4937 quod
2612 4865 2732 4919 alba
2765 4872 2846 4919 est
2874 4865 3010 4920 cutis
3046 4863 3280 4919 discolor
3316 4878 3424 4916 cac-

1840 4969 2001 5027 terze,
2043 4969 2099 5015 et
2139 4959 2316 5013 album
2353 4958 2511 5013 habet
2550 4957 2715 5028 pilum
2750 4956 3065 5012 discolorem
3097 4954 3304 5008 czeteris
3333 4955 3420 5023 qui

1838 5061 1963 5107 sunt
1991 5051 2043 5105 in
2074 5067 2231 5105 carne
2260 5050 2380 5105 viva
2406 5058 2459 5104 et
2480 5064 2629 5115 sana,
2662 5048 2808 5119 lepra
2830 5055 3167 5102 veterascens
3189 5059 3421 5113 pronun-

1838 5145 2000 5198 tiatur
2027 5161 2040 5197 :
2070 5144 2189 5197 ideo
2221 5152 2592 5207 veterascens,
2622 5140 2743 5211 quia
2764 5139 2873 5208 jam
2900 5153 3007 5192 non
3032 5145 3115 5192 est
3149 5136 3419 5205 probanda

1838 5237 1941 5291 illis
1967 5236 2048 5291 bis
2070 5246 2272 5306 septem
2302 5236 2507 5290 diebus.
2541 5234 2603 5288 Si
2630 5243 2797 5286 autem
2824 5230 3081 5283 restitutus
3107 5229 3261 5300 fuerit
3281 5229 3421 5281 color

1836 5344 2012 5391 sanus,
2034 5336 2078 5381 et
2097 5342 2362 5382 conversus
2384 5326 2533 5394 fuerit
2553 5323 2697 5379 albus
2720 5339 2738 5377 :
2756 5321 3005 5392 quoniam
3026 5320 3232 5376 dixerat
3254 5328 3418 5377 totum

1836 5422 2013 5479 album
2039 5422 2233 5477 factum
2265 5436 2360 5490 per
2388 5428 2549 5474 totam
2575 5426 2770 5482 cutem,
2798 5430 2863 5471 eo
2890 5415 3005 5485 ipso
3024 5414 3131 5485 jam
3161 5413 3417 5468 mundum

1835 5529 1989 5579 esse;
2021 5514 2141 5584 quia
2171 5512 2399 5566 varietas
2428 5509 2499 5564 ibi
2523 5509 2633 5578 jam
2662 5522 2767 5561 non
2793 5514 2953 5561 esset.
2982 5504 3183 5559 Deinde
3204 5504 3310 5567 ait,
3355 5503 3419 5556 Et

1835 5620 2150 5677 quacumque
2177 5602 2259 5655 die
2295 5602 2429 5655 visus
2457 5600 2606 5672 fuerit
2634 5599 2688 5653 in
2725 5615 2783 5653 eo
2820 5597 2958 5652 color
2985 5597 3147 5662 vivus,
3179 5594 3416 5665 inquina-

1840 5697 1971 5750 bitur
1999 5708 2018 5748 :
2044 5693 2129 5749 ubi
2154 5694 2282 5747 satis
2306 5690 2539 5747 ostendit
2558 5690 2866 5747 varietatem
2889 5686 3199 5760 improbari.
3224 5688 3301 5741 Ac
3325 5700 3419 5757 per
