3862 6300
454 235 560 295 699

451 348 556 405 hoc
582 345 723 420 quod
752 345 914 402 modo
940 344 1111 415 dixit,
1150 346 1213 403 Si
1249 346 1702 402 antemorestitutus
1728 346 1882 417 fuerit
1906 346 2047 401 color

448 455 627 507 sanus,
652 451 697 495 ct
722 455 989 495 convenas
1008 438 1163 512 [imit
1181 440 1341 505 albus,
1370 446 1417 493 et
1441 440 1597 494 veniet
1619 438 1687 491 ad
1706 438 2046 501 sacerdotem;

452 544 501 593 et
526 535 709 593 videbit
738 534 972 591 sacerdos
1002 549 1022 590 :
1049 543 1095 589 et
1132 550 1243 589 ecce
1268 546 1533 589 conversus
1563 542 1728 588 tactus
1755 534 1809 587 in
1836 532 2045 598 album;

451 637 502 686 et
540 628 771 702 pnrgabit
811 627 1047 684 sacerdos
1077 637 1302 693 tactum;
1330 626 1548 681 mundus
1588 635 1677 681 est.
1724 626 2043 680 Restitutum

453 723 687 779 colorem
714 736 900 777 sanum
930 737 1034 777 non
1061 721 1315 777 debemus
1345 721 1607 790 accipere.
1638 726 1695 774 ut
1717 722 1865 774 color
1884 730 2047 774 sanus

453 823 630 879 esset;
663 814 860 869 ctenim
892 812 1005 884 ipse
1044 822 1159 868 erat
1198 826 1293 882 per
1325 826 1482 883 quem
1529 822 1703 866 tamen
1746 809 1905 866 fiebat
1943 811 2044 864 im-

455 906 688 961 mundus
736 914 955 977 propter
997 905 1329 959 varietatem.
1376 903 1696 957 Restitutum
1740 915 1870 972 ergo
1914 901 2047 956 dixit

456 997 691 1051 colorem
716 1010 934 1061 sanum,
967 1000 1027 1052 ut
1050 994 1179 1049 illud
1210 1004 1351 1049 esset
1378 994 1520 1064 quod
1547 994 1743 1057 fuerat,
1775 992 1830 1047 id
1853 999 1937 1048 est
1963 992 2044 1046 al-

459 1086 561 1142 bus
585 1100 716 1143 sano
746 1096 1021 1159 pereunte.
1062 1086 1214 1142 Tunc
1250 1088 1391 1141 enim
1433 1098 1619 1139 rursus
1657 1082 1883 1139 mundus
1920 1083 2042 1149 erit,

455 1189 577 1232 cum
620 1184 761 1231 totus
804 1177 957 1231 albus
996 1177 1189 1242 fuerit,
1222 1178 1341 1248 quia
1378 1178 1518 1231 nulla
1559 1176 1628 1229 ibi
1667 1176 1893 1230 varietas
1921 1175 2043 1229 crit.

458 1268 562 1325 Sed
592 1271 892 1325 restitutum
921 1285 1015 1339 pro
1040 1279 1294 1339 pereunte
1318 1271 1590 1341 accipere,
1622 1269 1777 1322 nimis
1801 1270 2046 1322 inusitata

454 1360 651 1415 locutio
680 1370 782 1417 est.
826 1361 991 1432 Magis
1031 1362 1173 1417 enim
1211 1352 1633 1416 videtur‘dicere
1671 1358 1951 1423 debuisse,
1992 1358 2046 1416 Si

457 1461 633 1507 autem
676 1454 956 1508 restitutus
995 1451 1155 1507 fuerit
1196 1452 1345 1507 color
1372 1452 1524 1507 albus
1558 1471 1570 1506 :
1615 1467 1756 1507 nunc
1789 1467 1915 1507 vero
1950 1453 2043 1519 ait,

457 1544 718 1598 restitutus
761 1560 946 1610 sanus,
981 1553 1029 1598 ct
1068 1560 1335 1599 conversus
1377 1545 1528 1616 fuerit
1570 1545 1752 1611 albus;
1798 1554 2046 1614 tanquam

456 1634 681 1700 diceret,
715 1635 889 1691 Sanus
918 1636 1067 1690 color
1095 1635 1139 1690 si
1169 1636 1444 1691 restitutus
1474 1634 1632 1689 fuerit
1659 1636 1708 1689 in
1736 1635 1938 1689 album.

530 1724 759 1782 XLVIII.
789 1726 889 1800 [Ib.
911 1743 1027 1791 xut,
1057 1726 1173 1801 50.]
1202 1726 1337 1796 Quid
1364 1737 1466 1793 εει,
1492 1727 1632 1797 quod
1656 1742 1775 1782 cum
1804 1728 1872 1783 de
1902 1728 2047 1797 lepra

458 1819 647 1889 capitis
687 1818 1009 1890 loqueretur,
1029 1835 1146 1876 eam
1168 1822 1326 1874 etiam
1349 1822 1739 1890 quassationcm
1765 1818 1845 1891 (ιι)
1869 1820 2049 1889 appel-

459 1908 619 1974 lavit,
648 1926 767 1965 cum
798 1910 853 1966 in
880 1912 995 1967 solo
1022 1913 1202 1965 colore
1252 1911 1341 1965 llat
1360 1952 1374 1975 ,
1406 1909 1491 1965 vel
1540 1910 1675 1965 cutis
1704 1910 1789 1964 vel
1818 1911 2046 1978 capillo-

358 2006 369 2025 ‘
458 2016 610 2067 mm,
651 2012 707 2056 et
748 2003 889 2072 quod
935 2002 1187 2057 humilior
1224 2010 1469 2072 aspectus
1497 2000 1615 2070 ejus
1641 2016 1671 2056 a
1698 2011 1889 2057 czetcra
1926 2009 2049 2057 cntc

458 2102 733 2165 appareat,
753 2096 869 2152 sine
892 2096 1077 2151 dolore
1106 2106 1281 2151 tamen
1298 2104 1352 2151 et
1382 2095 1497 2149 sine
1515 2096 1620 2149 ulla
1638 2095 1948 2149 vexatione?
1967 2095 2045 2149 An

459 2186 561 2243 hoc
606 2189 747 2258 quod
798 2188 1127 2244 immundum
1171 2197 1255 2245 cst
1295 2189 1687 2260 quassationem
1739 2188 1906 2241 voluit
1953 2199 2049 2259 ap-

459 2278 662 2349 pellare
693 2295 788 2349 pro
825 2280 973 2351 plaga
995 2323 1011 2349 ,
1052 2280 1197 2336 velut
1226 2283 1324 2335 hac
1359 2280 1691 2335 immunditia
1728 2279 1889 2335 homo
1928 2293 2050 2349 per»

459 2378 647 2425 eussus
676 2371 783 2425 sit?

529 2459 715 2516 XLIX.
745 2460 846 2534 [Ib.
874 2476 994 2527 xm,
1014 2462 1082 2516 47
1099 2470 1147 2516 et
1160 2459 1274 2535 48.]
1301 2460 1437 2529 Quid
1465 2462 1564 2517 sibi
1592 2460 1733 2527 vult,
1756 2461 1897 2533 quod
1923 2474 2048 2517 cum

457 2550 655 2607 diceret
683 2553 749 2607 de
774 2553 921 2623 lepra
950 2553 1387 2608 vestimentorum
1422 2555 1749 2625 aliarumque
1778 2570 1952 2609 rerum
1981 2555 2048 2609 ad

456 2656 586 2698 usus
631 2644 904 2699 hominum
951 2646 1361 2715 pertinentium,
1406 2647 1506 2710 ait,
1552 2646 1653 2699 Aut
1680 2647 1733 2699 in
1759 2648 2048 2701 vestimento

456 2735 631 2799 laneo,
663 2747 753 2790 aut
790 2738 844 2791 in
878 2740 1164 2793 vestimento
1200 2749 1443 2810 stuppeo,
1473 2751 1563 2792 aut
1598 2739 1652 2792 in
1690 2739 1933 2805 stamine,
1961 2747 2051 2793 aut

452 2827 507 2881 in
533 2829 686 2893 lana,
718 2840 804 2882 aut
834 2830 887 2883 in
916 2831 1093 2897 lineis,
1133 2839 1223 2884 aut
1258 2832 1311 2884 in
1352 2831 1547 2895 lancis;
1585 2846 1705 2886 cum
1740 2831 1849 2901 jam
1890 2846 2048 2901 supra

456 2920 695 2985 dixisset,
719 2922 771 2975 in
792 2922 1081 2976 vestimento
1108 2924 1273 2989 laneo,
1303 2932 1389 2975 aut
1415 2925 1466 2977 in
1492 2924 1777 2977 vestimento
1799 2926 2049 2993 stuppeo?

458 3012 588 3069 Nam
617 3023 898 3086 stuppeum
925 3024 1009 3070 est
1032 3015 1215 3085 utique
1243 3016 1462 3069 liueum.
1496 3018 1575 3069 An
1603 3014 1712 3069 illic
1734 3017 2047 3072 vestimenta

454 3105 675 3178 intelligi
706 3107 908 3171 voluit;
940 3106 1027 3163 hic
1052 3117 1228 3162 autem
1257 3106 1531 3177 quodlibet
1559 3107 1767 3161 laneum
1800 3116 1853 3161 et
1881 3108 2048 3177 quod-

452 3198 584 3253 libet
630 3199 870 3254 lineum?
910 3199 1023 3253 Non
1067 3198 1208 3252 enim
1257 3198 1572 3253 vestimenta
1622 3208 1745 3252 sunt
1789 3200 2045 3253 Stramina

446 3288 848 3359 iumentorum,
890 3304 1011 3344 cum
1051 3291 1159 3345 sint
1204 3289 1389 3353 lanea;
1433 3298 1525 3343 aut
1564 3290 1878 3343 vestimenta
1922 3298 2047 3344 sunt

449 3381 605 3443 retia,
638 3396 759 3435 cum
793 3381 899 3435 sint
934 3381 1093 3437 linea.
1129 3380 1283 3435 Prius
1316 3394 1444 3449 ergo
1473 3380 1777 3449 specialiter
1794 3380 1861 3435 de
1880 3380 2045 3436 vesti-

451 3474 665 3539 mentis,
693 3472 887 3528 dcindc
911 3473 1232 3543 generaliter
1254 3471 1323 3527 de
1346 3473 1593 3527 omnibus
1617 3472 1778 3526 rebus
1800 3473 1967 3527 laneis
1990 3481 2044 3528 et

453 3564 607 3620 lineis
632 3565 814 3621 dicere
834 3566 1020 3621 voluit.

519 3657 580 3714 L.
612 3658 718 3733 [Ih.
742 3675 859 3727 xm,
883 3658 997 3733 48.]
1013 3659 1280 3727 Qumritur
1296 3660 1419 3730 quid
1444 3658 1655 3727 dixerit,
1679 3658 1747 3714 In
1769 3661 1907 3715 omni
1924 3677 2043 3731 ope-

448 3750 588 3804 raria
617 3750 782 3820 pelle;
812 3750 951 3821 quod
980 3751 1221 3805 nonnulli
1248 3751 1574 3821 interpretati
1602 3760 1727 3805 sunt
1746 3793 1760 3817 ,
1806 3750 1873 3806 In
1907 3754 2043 3808 οι)ιηὶ

449 3844 679 3912 confecta
708 3842 861 3911 pelle.
902 3840 1009 3897 Sed
1038 3850 1147 3895 non
1175 3842 1247 3894 ait
1274 3855 1481 3911 grteeus
1504 3847 1766 3913 ἐργασμένῳ
1796 3848 1993 3915 δέρματι
2021 3862 2037 3877 ·

448 3930 525 3984 ait
551 3940 725 3983 autem
756 3936 1010 4002 ἔργασιμῳ,
1041 3931 1184 4002 quod
1212 3932 1432 3986 verbum
1459 3934 1621 3986 etiam
1652 3934 1701 3987 iu
1734 3934 2040 4005 Regnorum

448 4020 590 4075 libro
609 4022 834 4090 positum
853 4030 951 4085 est,
973 4024 1063 4077 ubi
1084 4023 1346 4078 Jonathan
1372 4024 1605 4095 loquitur
1624 4026 1688 4079 ad
1712 4027 1897 4093 David,
1919 4028 2040 4083 Esto

447 4112 502 4166 in
530 4128 654 4184 agro
680 4113 733 4166 in
762 4114 843 4166 die
870 4114 1105 4183 operaria
1130 4114 1171 4183 (I
1204 4114 1333 4186 Reg.
1366 4130 1460 4181 xx,
1494 4116 1621 4186 I9),
1653 4116 1701 4170 id
1732 4126 1839 4181 est,
1872 4120 1924 4173 in
1954 4118 2041 4175 die

447 4218 550 4273 qua
578 4204 637 4258 lit
664 4218 819 4273 Opus.
860 4206 938 4259 Ac
966 4219 1060 4275 per
1086 4205 1189 4261 hoc
1214 4208 1377 4262 etiam
1409 4207 1493 4262 hic
1521 4208 1711 4277 pellem
1743 4212 2038 4277 operariam

446 4294 501 4348 in
531 4308 631 4365 qua
663 4294 721 4348 lit
749 4309 882 4365 opus
908 4295 1166 4353 debemus
1195 4298 1468 4368 accipere,
1512 4299 1563 4353 id
1592 4306 1678 4353 est
1705 4300 1857 4354 alicui
1888 4304 2037 4371 operi

445 4388 922 4442 accommodatam.
965 4389 1101 4444 Sunt
1131 4388 1272 4444 enim
1310 4391 1476 4459 pelles
1514 4406 1633 4461 qua:
1672 4393 2037 4447 tantummodo

446 4478 512 4535 ad
537 4491 909 4535 ornamentum
934 4481 1215 4546 habentur,
1245 4497 1349 4536 non
1378 4482 1443 4536 ad
1468 4496 1625 4552 Opus.

515 4569 599 4623 LI.
635 4568 733 4643 [11).
761 4588 885 4637 xui,
918 4572 1031 4642 I8.|
1059 4573 1193 4639 Quid
1228 4583 1314 4629 est
1351 4574 1490 4643 quod
1525 4574 1631 4640 ait,
1664 4572 1731 4627 In
1763 4576 1901 4629 omni
1924 4592 2036 4632 vase

446 4662 676 4731 operario
703 4662 885 4732 pellis;
911 4663 1012 4717 nisi
1038 4665 1177 4733 quod
1206 4675 1287 4720 est
1313 4681 1376 4719 ex
1408 4667 1544 4735 pelle
1566 4666 1759 4721 factum
1781 4708 1795 4731 ,
1830 4670 1931 4723 hoc
1955 4679 2037 4724 est

444 4752 497 4807 in
523 4752 669 4805 omni
699 4766 821 4808 vase
846 4755 1107 4824 pellicco?
1137 4756 1249 4812 Iloc
1272 4767 1449 4813 autem
1484 4759 1585 4813 isto
1611 4759 1731 4813 loco
1763 4774 1856 4814 vas
1883 4760 2032 4827 dicit,

441 4842 583 4915 quod
606 4842 776 4899 Cra-ci
799 4846 1067 4916 appellant
1084 4859 1241 4910 σκεῦος
1263 4866 1276 4879 ·
1296 4847 1397 4904 hoc
1415 4851 1556 4905 enim
1576 4865 1768 4905 nomen
1786 4853 2036 4921 generale

441 4944 523 4991 est
549 4937 784 4991 onminm
809 4939 1135 4994 utensilium.
1164 4940 1317 4995 Aliud
1341 4949 1419 4995 est
1442 4950 1617 4995 autem
1640 4942 1781 5011 quod
1802 4945 2035 5013 appella-

441 5034 527 5082 tur
545 5030 729 5095 ἁγ-ιιιον
755 5046 771 5061 ο
802 5044 928 5085 nam
958 5038 1013 5086 et
1039 5030 1142 5086 hoc
1166 5032 1325 5085 latina
1354 5032 1527 5103 lingua
1554 5048 1647 5087 vas
1668 5034 1860 5089 dicitur
1891 5053 1905 5089 :
1939 5037 2032 5093 sed

438 5122 640 5187 ἀγγεῖον,
661 5120 787 5175 illud
806 5123 973 5192 magis
990 5123 1306 5195 intelligitur
1321 5139 1415 5178 ras
1433 5124 1570 5195 quod
1594 5125 1851 5196 liquorem
1869 5129 2029 5198 capit.

510 5210 620 5266 LII.
651 5210 753 5285 [lb.
776 5226 865 5276 xv,
902 5212 1016 5287 ΗΓ]
1044 5214 1181 5283 Quid
1198 5224 1279 5270 est
1304 5215 1445 5287 quod
1467 5217 1561 5284 ait,
1586 5216 1653 5272 Et
1671 5235 2033 5292 quemcumque

438 5304 687 5375 tetigerit‘
710 5305 797 5376 qui
817 5306 1031 5375 ﬂuerent
1050 5308 1255 5363 seminis
1278 5310 1487 5379 patitur,
1514 5321 1560 5365 et
1584 5326 1765 5368 manus
1786 5330 1904 5368 suas
1929 5330 2031 5370 non

438 5394 559 5449 lavit
588 5408 757 5465 aqua,
790 5397 972 5452 Iuvabit
996 5401 1325 5468 vestimenta,
1362 5410 1410 5456 et
1447 5403 1632 5457 lasabit
1664 5420 1849 5475 corpus
1881 5422 2032 5462 suum

502 5577 522 5650 ξ
544 5583 601 5652 In
618 5576 783 5652 edim,
805 5576 1095 5652 quiest-mue
1114 5580 1322 5647 tetith
1346 5595 1365 5633 :
1388 5589 1441 5634 et
1461 5582 1604 5643 Infra,
1627 5585 1912 5652 animatque
1938 5600 2033 5652 tum

437 5633 563 5690 latis.
589 5646 636 5689 tn
658 5633 1475 5711 uss.'dmstattt.er,queiucumque.
1509 5633 2014 5713 mandatiin

502 5716 577 5777 (α)
606 5719 883 5772 πιναιιηιια.

1250 233 1719 303 QUASSTIONUM
1752 233 1813 290 S.
1853 230 2219 291 AUGUSTINI
2259 231 2325 289 IN
2359 232 2920 296 IIEPTATEUCIIUM

2150 358 2316 415 aqua,
2355 354 2405 400 et
2434 345 2724 402 humandas
2756 352 2848 405 erit
2875 365 3032 422 usque
3063 348 3120 404 in
3151 351 3446 421 vesperam!
3476 351 3730 424 Ambigua

2149 437 2344 507 quippe
2383 438 2611 507 positum
2651 448 2734 495 est
2770 442 2912 512 quod
2951 443 3060 507 ait,
3103 458 3283 498 manus
3317 459 3441 497 snas
3478 460 3575 498 non
3606 444 3733 500 lau't

2150 529 2489 604 aquatrelut
2519 537 2861 602 posteaquam
2904 533 3155 603 tetigerit.
3194 532 3299 589 Sed
3333 534 3730 605 intelligendum

2149 628 2267 683 est,
2309 633 2697 690 quemcumque
2735 636 2841 676 non
2884 623 3007 676 lotis
3042 624 3286 679 manibus
3320 626 3585 695 tetigerit,
3620 626 3731 697 ipso

2149 724 2306 780 quem
2340 713 2590 782 tetigerit,
2622 714 2816 768 lavabit
2840 715 3173 781 vestimenta,
3203 726 3312 774 etc.
3724 736 3725 743 ‘

2220 800 2350 856 LIII.
2383 801 2482 875 [lb.
2526 819 2613 859 xvt
2633 844 2647 869 ,
2682 806 2770 869 Ili,
2802 805 2914 881 I9.]
2940 808 3073 876 Quid
3100 816 3201 874 est,
3230 807 3371 879 quod
3398 822 3521 865 cum
3548 812 3732 879 pmi-

2151 903 2301 962 pcret
2333 894 2603 963 quomodo
2635 896 2831 952 intrare
2868 898 3092 954 deberet
3122 898 3376 956 sacerdos
3410 914 3653 957 summus
3683 904 3733 959 in

2150 994 2421 1052 sanctum,
2450 987 2591 1058 quod
2619 998 2706 1045 est
2732 990 2869 1045 intra
2899 991 3073 1046 velum
3094 1032 3111 1058 ,
3143 993 3216 1047 ait
3244 994 3383 1048 inter
3409 1003 3602 1049 αππιαιή
3624 1036 3639 1057 ,
3672 994 3733 1049 Et

2151 1078 2374 1131 exorabit
2401 1094 2493 1148 pro
2526 1081 2714 1135 sanctis
2742 1080 2804 1135 ab
2832 1083 3166 1139 immunditiis
3200 1084 3424 1153 ﬁliorum
3460 1083 3661 1152 Israel,
3692 1096 3734 1141 et

2151 1170 2213 1224 ab
2234 1172 2493 1241 injustitiis
2516 1190 2708 1238 eorum,
2731 1184 2776 1228 et
2796 1175 2858 1229 de
2877 1177 3106 1231 omnibus
3129 1178 3344 1248 peccatis
3367 1180 3581 1232 eorum!
3599 1180 3739 1245 Quo-

2151 1266 2312 1319 modo
2352 1281 2482 1335 crgo
2518 1282 2615 1335 pro
2656 1270 2892 1333 sanctis,
2937 1270 2983 1323 si
3018 1270 3086 1324 ab
3122 1270 3469 1326 immunditiis
3508 1270 3736 1326 ﬁliorum

2153 1356 2313 1411 Israel
2338 1367 2389 1411 et
2415 1358 2484 1413 ab
2514 1358 2787 1427 injustitiis
2810 1376 2996 1417 eorum
3020 1362 3088 1417 de
3112 1365 3360 1419 omnibus
3389 1366 3622 1434 peccatis
3647 1382 3737 1421 co-

2154 1448 2309 1501 rum?
2328 1448 2407 1503 An
2431 1450 2550 1518 quia
2577 1466 2681 1504 non
2705 1453 2798 1515 ait,
2821 1469 2917 1522 pro
2938 1454 3284 1509 immunditiis
3305 1457 3533 1512 iiliorum
3560 1458 3735 1523 Israel,

2150 1538 2245 1594 sed
2262 1541 2325 1593 ab
2360 1541 2711 1610 inmmnditiis,
2736 1544 2834 1599 hoc
2853 1546 3245 1614 intelligendum
3263 1557 3364 1614 est,
3386 1549 3631 1604 [iurabit
3651 1568 3738 1617 pro

2120 1654 2126 1663 ~
2150 1632 2336 1683 sanctis
2354 1631 2417 1685 ab
2439 1633 2769 1688 immunditiis
2794 1636 3015 1705 ﬁliorum
3038 1636 3223 1703 Israel,
3254 1639 3303 1693 id
3330 1650 3413 1695 est
3438 1656 3534 1710 pro
3554 1644 3636 1701 eis
3652 1643 3739 1713 qui

2136 1721 2320 1775 sancti
2350 1730 2473 1776 sunt
2499 1724 2566 1778 ab
2596 1726 2941 1781 immunditiis
2966 1728 3191 1783 liliomm
3222 1729 3421 1794 Israel,
3462 1747 3572 1786 non
3612 1748 3739 1787 con-

2152 1813 2445 1868 sentientes
2486 1815 2835 1873 immunditiis
2874 1834 3058 1874 corqu
3104 1838 3117 1875 :
3158 1836 3262 1876 non
3304 1822 3427 1891 quia
3470 1838 3573 1893 pro
3615 1824 3740 1893 ipsis

2154 1912 2353 1957 tantum
2383 1907 2709 1961 exorandum
2737 1920 2845 1963 erat
2865 1953 2879 1975 ,
2908 1911 3001 1965 sed
3024 1915 3148 1982 quia
3177 1914 3338 1968 etiam
3366 1928 3461 1982 pro
3486 1915 3649 1983 ipsis,
3677 1929 3741 1971 nc

2152 1995 2430 2065 quisquam
2472 2007 2681 2067 putaret
2722 2000 2795 2054 ita
2834 2002 2996 2056 fuisse
3032 2012 3278 2067 sanctos,
3323 2014 3378 2059 ut
3422 2005 3558 2059 nihil
3600 2014 3743 2061 esset

2154 2087 2294 2142 unde
2322 2102 2418 2156 pro
2445 2090 2524 2144 eis
2550 2102 2881 2153 exoraretur,
2918 2095 3161 2163 quamvis
3194 2104 3377 2152 essent
3403 2096 3473 2151 ab
3508 2097 3739 2152 immun-

2152 2178 2299 2235 ditiis
2322 2182 2550 2236 liliorum
2585 2183 2745 2239 Israel
2768 2195 2821 2239 et
2846 2185 2915 2239 ab
2944 2187 3211 2255 injustitiis
3232 2202 3417 2245 eorum
3442 2188 3642 2244 alieni?
3667 2190 3741 2247 De

2152 2272 2383 2327 omnibus
2408 2276 2624 2345 peccatis
2653 2292 2824 2330 eorum
2843 2318 2858 2342 ,
2893 2277 2944 2332 id
2973 2289 3085 2343 est,
3114 2294 3234 2348 qua:
3258 2279 3531 2349 iniustitia:
3555 2282 3741 2338 venies

2154 2361 2283 2417 bant
2308 2364 2375 2418 de
2399 2367 2648 2421 onmibus
2676 2367 2908 2435 peccatis
2929 2384 3135 2424 eet-tun.

2226 2456 2409 2512 Potest
2436 2467 2487 2512 et
2520 2460 2616 2513 iste
2647 2475 2765 2515 esse
2793 2475 2983 2516 sensus
3003 2502 3017 2525 ,
3058 2463 3304 2519 Exorabit
3338 2480 3431 2533 pro
3460 2467 3656 2521 sanctis
3681 2468 3740 2523 ab

2150 2549 2483 2603 immunditiis
2513 2552 2736 2619 ﬁliorum
2782 2551 2983 2618 Israel;
3024 2554 3075 2609 id
3115 2565 3231 2621 cst,
3276 2566 3337 2611 ut
3370 2556 3473 2613 hoc
3510 2573 3613 2627 pro
3643 2561 3741 2615 illis

2152 2642 2360 2695 exorari
2389 2642 2734 2713 intelligatur,
2765 2654 2825 2699 ut
2851 2646 2921 2700 ab
2946 2646 3294 2704 immunditiis
3320 2648 3551 2705 ﬁliorum
3583 2651 3739 2709 Israel

2154 2735 2248 2789 tuti
2276 2744 2476 2790 essent.
2508 2736 2613 2791 Sed
2642 2738 2866 2792 exorabit
2895 2754 2997 2794 non
3028 2750 3199 2808 potest
3226 2743 3392 2813 accipi
3417 2784 3431 2805 ,
3464 2745 3566 2799 nisi
3597 2746 3737 2815 quod

2152 2828 2258 2882 alio
2286 2830 2450 2884 verbo
2470 2830 2684 2897 dicitur,
2713 2832 3039 2902 prepitiabit.
3065 2826 3216 2890 Unde
3239 2844 3294 2890 et
3317 2838 3739 2906 propitiatoriutl

2154 2930 2393 2985 vocatur,
2414 2922 2555 2991 quod
2572 2923 2661 2977 alii
2679 2926 3034 2980 exoratorium
3054 2927 3382 2997 interpretati
3397 2938 3521 2984 sum
3537 2946 3550 2982 :
3566 2945 3743 3001 graec

2150 3020 2325 3067 autem
2350 3014 2546 3069 dicitur
2563 3023 2852 3087 ἱλαστήριον.
2879 3018 2946 3072 Ει
2972 3019 3113 3089 quod
3142 3018 3243 3075 hoc
3268 3021 3387 3077 loco
3415 3021 3614 3076 latinus
3642 3023 3738 3088 ait,

2153 3104 2402 3161 Exorabit
2447 3124 2541 3177 pro
2586 3110 2802 3177 sanctis,
2832 3125 3040 3181 grmcns
3082 3112 3241 3167 habet
3279 3118 3576 3180 ἔειλάσεται,
3603 3114 3742 3185 quod

2151 3212 2256 3250 non
2273 3198 2582 3269 intelligitur
2604 3199 2705 3253 nisi
2728 3215 2825 3269 pro
2845 3202 3094 3272 peccatis.
3128 3202 3277 3259 Unde
3301 3204 3557 3274 scriptum
3580 3208 3741 3263 estin

2150 3287 2397 3355 Psalmo,
2446 3288 2548 3354 Qui
2587 3292 2834 3361 prepitius
2874 3293 2934 3361 lit
2973 3293 3206 3348 omnibus
3244 3294 3595 3365 iniquitatibus
3646 3299 3741 3353 tuis

2151 3378 2324 3449 (Psal.
2352 3396 2441 3446 cn,
2474 3380 2551 3453 5).
2588 3384 2683 3437 llic
2707 3398 2835 3453 ergo
2859 3386 3033 3455 aptior
3050 3401 3240 3442 sensus
3264 3398 3366 3453 est,
3391 3398 3453 3443 ut
3477 3389 3740 3461 intelliga-

2152 3480 2235 3524 tur
2255 3472 2505 3527 saecrdos
2523 3474 2682 3529 etiam
2705 3490 2801 3543 pro
2824 3475 2905 3529 his
2926 3477 3216 3548 propitiare
3242 3479 3428 3542 Deum,
3451 3482 3542 3551 qui
3569 3483 3738 3538 sancti

2148 3569 2273 3616 sunt
2300 3562 2368 3616 ab
2398 3564 2746 3619 immunditiis
2777 3565 3005 3622 ﬁliorum
3040 3570 3235 3636 Israel;
3272 3581 3329 3628 et
3363 3573 3484 3643 quia
3515 3574 3648 3630 licet
3675 3577 3738 3629 ita

2148 3658 2317 3712 sancti
2348 3660 2455 3713 sint
2479 3668 2538 3713 ut
2566 3660 2915 3717 immunditiis
2942 3663 3171 3719 ﬁliorum
3200 3665 3362 3723 Israel
3386 3676 3440 3723 et
3468 3668 3739 3737 iniustitiis

2145 3762 2256 3804 non
2283 3750 2623 3806 consentiant
2644 3792 2658 3815 ,
2688 3752 2891 3809 habent
2916 3762 3096 3811 tamen
3126 3756 3326 3829 aliquid
3352 3767 3573 3829 propter
3595 3759 3737 3830 quod

2147 3846 2227 3898 eis
2255 3844 2552 3899 necessaria
2581 3846 2649 3900 sit
2674 3849 2978 3917 propitiatio
3014 3850 3127 3906 Dei.

2212 3934 2355 3990 Sane
2380 3936 2430 3990 in
2461 3937 2689 4007 quodam
2722 3954 2898 4009 grzeeo
2927 3943 3243 4008 invenimus,
3276 3944 3343 3999 Et
3364 3945 3590 4001 exorabit
3616 3964 3737 4001 san-

2145 4036 2313 4093 etum;
2337 4042 2441 4084 non
2464 4072 2477 4095 ,
2508 4048 2600 4101 pro
2624 4034 2812 4088 sanctis
2839 4050 2857 4088 :
2881 4044 2935 4089 et
2960 4036 3089 4089 illud
3116 4038 3328 4107 quidem
3354 4050 3584 4094 sane-him
3601 4081 3619 4107 ,
3650 4056 3738 4111 ge.

2143 4138 2276 4179 nere
2298 4135 2507 4189 neutro,
2542 4126 2591 4180 id
2625 4137 2707 4181 est
2728 4137 2781 4183 τὸ
2807 4131 2960 4195 ἅγιον.
2990 4130 3120 4184 Nam
3152 4141 3331 4200 posset
3360 4132 3605 4204 intelligi,
3642 4150 3735 4189 ex-

2143 4216 2317 4270 orabit
2342 4226 2583 4271 sanctum
2615 4217 2781 4273 Deum
2803 4261 2819 4285 ,
2860 4227 2913 4274 et
2948 4222 3090 4275 nulla
3133 4232 3275 4277 esset
3303 4224 3526 4293 quaestio
3555 4244 3568 4280 :
3596 4242 3733 4295 qua-

2142 4307 2303 4360 modo
2338 4318 2515 4363 autem
2559 4312 2725 4377 possit
2766 4310 3023 4381 intelligi,
3069 4314 3295 4368 exorabit
3335 4316 3431 4369 hoc
3466 4326 3731 4381 sanctam,

2141 4399 2357 4454 dil‘licile
2383 4408 2465 4455 est
2494 4400 2675 4457 dicere
2694 4444 2710 4467 ,
2754 4402 2854 4457 nisi
2885 4403 3021 4459 forte
3051 4406 3177 4460 illud
3207 4416 3450 4463 sanctum
3478 4409 3734 4479 quidquid

2141 4499 2226 4546 est
2272 4492 2411 4562 quod
2464 4493 2605 4548 Deus
2640 4503 2756 4559 est;
2803 4496 2922 4563 quia
2960 4504 3016 4552 et
3060 4498 3290 4568 Spiritus
3336 4508 3588 4561 sanctus.
3646 4500 3733 4571 qui

2142 4586 2322 4654 utique
2372 4584 2513 4639 Deus
2558 4593 2675 4651 est,
2729 4600 2919 4643 neutro
2966 4604 3165 4659 genere
3211 4604 3385 4658 graece
3431 4590 3630 4645 dicitur
3683 4598 3733 4645 τὸ

2140 4682 2329 4744 Πνεῦμα
2359 4685 2412 4731 τὸ
2440 4680 2593 4741 ἄνων.
2628 4679 2693 4732 Et
2725 4678 2861 4733 forte
2886 4680 2990 4734 hoc
3008 4689 3124 4748 est,
3164 4682 3211 4736 εἰ
3241 4690 3417 4737 tamen
3447 4682 3535 4737 ille
3560 4683 3731 4738 COdCX

2140 4770 2317 4825 verior
2354 4778 2469 4835 est,
2513 4772 2601 4841 qui
2646 4772 2983 4827 cmendatior
3022 4774 3318 4839 videbatur,
3364 4782 3637 4841 ἰξιὶάσιται
3682 4786 3733 4832 τὸ

2138 4863 2293 4927 ἅγιον,
2323 4860 2427 4914 hoc
2454 4870 2565 4926 (Si,
2607 4865 2659 4915 τὸ
2690 4869 2878 4929 Πνεῦμα
2904 4872 2957 4917 τὸ
2983 4865 3145 4931 ἅγιον,
3185 4866 3324 4935 quod
3352 4867 3513 4921 latine
3533 4882 3733 4938 genere

2141 4962 2328 5007 neutro
2348 4951 2451 5007 dici
2474 4968 2582 5006 non
2606 4962 2798 5024 potest.
2824 4953 3081 5021 Quamvis
3102 4965 3155 5012 et
3175 4958 3231 5013 in
3256 4958 3425 5013 trilms
3445 4959 3561 5015 aliis
3583 4960 3732 5015 codi-

2139 5043 2308 5109 cibus,
2342 5060 2448 5098 nuo
2472 5060 2646 5113 εγωσο
2670 5055 2723 5102 ct
2747 5047 2955 5105 duobus
2981 5049 3178 5116 latinis,
3210 5068 3313 5106 non
3342 5052 3727 5117 invenerimus,
3785 5040 3791 5057 “

2140 5135 2240 5191 nisi
2270 5135 2409 5206 quod
2438 5152 2595 5206 supra
2626 5137 2892 5206 diximus,
2932 5140 3173 5198 Eroraln’t
3203 5160 3295 5215 pro
3323 5145 3529 5198 sanctis.
3573 5144 3731 5213 Quud

2138 5237 2316 5301 potest
2334 5240 2389 5285 et
2411 5230 2489 5285 sic
2508 5230 2701 5303 accipi,
2728 5240 2788 5287 ut
2808 5250 2912 5288 non
2940 5249 3036 5305 pro
3056 5237 3253 5292 sanctis
3280 5236 3604 5303 hominibus,
3632 5240 3729 5295 sed

2137 5334 2237 5391 pro
2259 5321 2324 5375 iis
2346 5336 2466 5391 qua:
2486 5334 2665 5378 sancta
2693 5333 2817 5379 sunt
2840 5324 3181 5396 intelligatur.
3209 5328 3259 5382 id
3280 5337 3361 5384 est
3383 5328 3729 5386 tabernaculo

2139 5412 2273 5481 ipso,
2299 5420 2352 5467 et
2372 5426 2720 5484 quacumque
2743 5415 2794 5470 in
2814 5417 2893 5472 eis
2914 5425 3095 5473 essent
3120 5418 3440 5475 sanctiﬁcata
3464 5420 3693 5475 Domino
3717 5436 3732 5473 :

2137 5516 2195 5559 ut
2222 5506 2322 5559 hoc
2348 5508 2435 5572 sit,
2466 5505 2711 5562 Exorabit
2737 5526 2829 5579 pro
2855 5513 3040 5565 sanctis
3062 5510 3124 5565 ab
3150 5513 3474 5567 immunditiis
3500 5512 3724 5583 ﬁliorum

2136 5616 2288 5726 gitur,
2311 5614 2454 5667 hostia
2478 5632 2567 5669 ean
2590 5618 2821 5683 Itapsétai,
2835 5634 3147 5687 quarumque
3169 5620 3397 5690 tcﬁgerit;
3416 5626 3538 5676 t'orte
3562 5641 3653 5690 per
3676 5626 3728 5679 li-

2174 5688 2325 5726 I‘GI‘IOS
2347 5678 2489 5726 1108011
2514 5689 2748 5726 mutatum
2771 5694 2849 5726 Psl
2862 5687 2910 5726 in
2934 5684 3095 5726 lum'n.
3128 5687 3311 5726 animm
3338 5686 3542 5726 ﬁniant:
3564 5702 3728 5726 [Am

2174 5680 2325 5751 rarius
2342 5678 2489 5751 [iason
2514 5678 2749 5751 mutatum
2771 5678 2913 5751 estin
2934 5678 3095 5736 Ιιωᾱί.
3128 5678 3311 5750 Quippe
3338 5678 3544 5751 τωεω
3564 5678 3729 5741 ἔρειο

2140 5738 2306 5788 habet.
2328 5740 2491 5789 atmiis
2509 5754 2648 5790 auem
2666 5742 2885 5794 tetiasrit.
