3862 6310
161 356 265 421 τοι

160 470 365 540 Israel,
393 473 699 543 propitiabit
720 472 885 526 Deum
911 484 1011 542 pro
1035 470 1100 525 iis
1125 485 1245 542 quae
1270 470 1594 528 sanctificata
1620 480 1749 527 sunt

160 562 431 629 Domino,
464 565 531 621 sit
552 563 906 620 immunditiis
933 564 1159 617 Iiliunnn
1190 561 1378 629 Israel;
1410 564 1531 633 quia
1564 568 1615 618 in
1644 579 1758 621 me-

156 654 250 713 dio
296 670 485 711 eorum
521 665 635 710 erat
677 655 1095 710 tabernaculum.
1142 654 1231 710 Sic
1277 655 1419 709 enim
1470 656 1753 725 sequitur:

157 763 282 803 nam
310 762 434 803 cum
454 746 698 809 dixisset,
729 744 971 801 Exorabit
1000 763 1091 816 pro
1125 746 1313 800 sanctis
1331 745 1396 799 ab
1422 746 1755 801 immunditiis

155 841 387 911 ﬁliorum
413 839 601 906 Israel,
626 849 673 894 et
697 840 762 893 ab
786 840 1044 910 iujastitiis
1072 854 1266 903 eorum,
1295 839 1361 892 de
1382 839 1612 894 oumibus
1639 852 1754 908 pec-

153 937 283 989 catis
309 950 483 988 eorum
505 950 524 997 ;
549 935 805 989 continuo
821 933 1067 1002 subjecit,
1090 931 1153 986 Et
1175 933 1246 986 ita
1265 932 1413 1001 faciet
1430 930 1752 986 tabernaculo

150 1027 428 1081 testimonii
449 1027 586 1097 quod
606 1036 829 1081 creatum
848 1036 922 1079 est
946 1026 998 1080 iu
1022 1025 1095 1080 eis
1113 1065 1129 1090 ,
1151 1025 1204 1079 in
1227 1024 1390 1079 medio
1418 1025 1753 1079 immtmditite

150 1135 327 1175 eorum
356 1134 378 1174 :
408 1130 465 1174 ut
499 1120 565 1173 ad
597 1119 697 1174 hoc
724 1120 1025 1175 necessaria
1055 1117 1296 1171 videatur
1325 1116 1413 1171 illa
1442 1116 1749 1187 proiiitiatio

150 1225 246 1281 pro
267 1212 493 1277 sanctis,
523 1212 571 1265 id
601 1221 684 1266 cst
710 1226 808 1281 pro
834 1208 1179 1265 tabernaculo
1205 1216 1261 1263 ct
1279 1207 1529 1261 omnibus
1553 1222 1671 1275 qua:
1692 1204 1748 1262 in

148 1316 214 1358 eo
248 1312 436 1359 sancta
477 1304 745 1358 dicuntur.
782 1300 913 1356 Nam
952 1310 1005 1355 ct
1046 1300 1203 1369 paulo
1242 1306 1363 1368 post
1394 1298 1496 1354 hoc
1520 1296 1748 1353 dicitde

149 1393 306 1448 altari
324 1434 341 1456 ,
386 1392 527 1462 qttod
553 1394 863 1461 nupersione
889 1391 1163 1460 sanguinis
1192 1388 1474 1443 mundaret
1499 1388 1625 1442 illttd
1654 1402 1744 1442 sa-

147 1484 363 1541 cerdos.
388 1494 444 1539 et
462 1486 822 1540 sttnctilicarct
844 1485 911 1536 ah
937 1480 1287 1535 immunditiis
1310 1480 1537 1535 ﬁliorum
1559 1479 1742 1534 Israel.

205 1578 270 1633 LI
283 1579 342 1631 γ.
364 1578 470 1650 μιν.
489 1593 597 1639 an,
613 1575 731 1649 20.]
748 1576 810 1629 Et
827 1576 1047 1646 perﬁciet
1065 1591 1279 1631 exorans
1293 1584 1539 1628 sanctum.
1554 1571 1742 1628 Utrtun

145 1671 397 1741 perﬁciet
424 1668 700 1725 sanctum?
726 1684 793 1723 an
824 1682 1055 1722 exorans
1079 1676 1345 1730 sanctum,
1367 1665 1659 1721 secundum
1689 1663 1743 1721 id

142 1761 285 1831 quod
313 1776 478 1827 supra
503 1759 776 1815 diximus?
804 1774 924 1815 nam
947 1769 1000 1813 et
1030 1757 1116 1813 hic
1140 1768 1329 1812 neutro
1352 1770 1549 1827 genere
1568 1769 1743 1819 grzcce

140 1853 342 1907 dictum
388 1861 471 1906 est
509 1859 565 1907 τό
597 1854 755 1917 ἅγιον.
794 1848 982 1907 Utrum
1017 1864 1148 1919 ergo
1187 1864 1414 1903 cxomns
1456 1847 1740 1901 Dominum

143 1944 389 2013 [ICI'IIClt‘l
409 1954 674 2005 sanctum.
699 1943 749 1996 id
772 1952 855 1997 est
882 1941 1115 2011 perfecte
1132 1939 1426 1994 sanctificat
1447 1939 1589 2009 quod
1613 1954 1739 1992 san-

142 2036 341 2090 ctilieat
357 2036 382 2088 ?
406 2052 472 2089 an
501 2035 745 2104 perﬁciet,
766 2034 907 2105 quod
932 2037 1026 2099 ait,
1049 2049 1264 2088 exorans
1281 2040 1533 2098 sanctum,
1557 2031 1609 2085 id
1629 2040 1734 2097 est,

141 2127 265 2182 ilnd
294 2140 541 2183 sanctum
567 2128 707 2197 quod
736 2138 818 2181 est
844 2137 896 2183 ca
922 2135 1110 2194 ηιεῦμα
1134 2135 1189 2180 τὸ
1213 2129 1380 2192 a‘tyto-a;

210 2220 321 2276 LV.
356 2220 463 2294 [lb.
489 2237 599 2287 xw,
625 2221 717 2281 80,
742 2219 834 2285 27,
863 2219 1172 2290 99,555.]De
1196 2218 1401 2272 duobus
1428 2216 1609 2281 hircis,
1628 2228 1736 2270 uno

143 2311 507 2377 immolando,
547 2322 605 2368 et
639 2312 746 2366 alio
780 2313 831 2366 in
869 2312 1139 2369 desertum
1180 2307 1534 2372 dimittenda,
1575 2323 1734 2377 quem

139 2403 481 2469 ἄποπομπαιω
517 2412 710 2457 vacant
746 2401 821 2474 (ιι)
844 2445 859 2468 ,
898 2402 1045 2456 solet
1080 2415 1201 2457 csse
1235 2399 1551 2469 disceptatio
1581 2416 1595 2452 :
1627 2406 1683 2453 et
1704 2414 1735 2454 ιι

137 2493 454 2562 quibusdam
485 2494 575 2549 ille
600 2493 955 2548 immolandas
980 2496 1035 2545 in
1057 2492 1199 2546 bono
1223 2490 1500 2558 accipitur,
1529 2489 1619 2545 ille
1639 2505 1737 2544 au-o

140 2592 243 2640 tem
270 2586 623 2642 dimittendus
645 2588 695 2641 in
725 2586 883 2640 malo.
916 2584 1030 2640 Non
1060 2594 1239 2639 tamen
1268 2584 1367 2638 iste
1394 2596 1589 2638 sensus
1615 2581 1733 2637 ideo

139 2677 542 2732 ooutirmandus
554 2684 660 2743 est,
676 2676 798 2746 quia
816 2674 979 2730 homo
996 2675 1049 2730 in
1070 2674 1219 2743 cujus
1239 2689 1396 2728 manu
1418 2672 1470 2727 in
1493 2687 1731 2728 creatum

137 2770 317 2828 hircus
338 2771 644 2837 dimittitur,
677 2785 799 2825 eum
831 2768 1081 2833 redierit,
1118 2767 1297 2822 lavare
1325 2766 1506 2835 jussus
1530 2772 1614 2822 est
1638 2781 1732 2820 ve-

136 2865 386 2919 stimenta
416 2876 512 2918 sua
541 2872 595 2918 et
620 2877 814 2932 corpus
847 2876 1000 2916 suum
1027 2874 1160 2929 aqua
1183 2901 1199 2925 ,
1240 2866 1296 2913 et
1328 2858 1406 2913 sic
1443 2857 1645 2929 ingredi
1676 2857 1730 2912 in

134 2968 345 3017 castra;
384 2965 634 3024 tanquam
664 2963 718 3009 et
748 2952 850 3008 hoc
884 2952 955 3008 sit
991 2950 1241 3008 indicium
1279 2964 1375 3004 cur
1409 2948 1462 3003 ia
1491 2948 1633 3003 malo
1656 2948 1731 3005 sit

136 3044 223 3100 ille
251 3046 436 3100 hircus
465 3043 837 3113 accipiendas,
864 3058 894 3097 ει
923 3041 1076 3111 cujus
1100 3040 1414 3110 contagione
1445 3034 1727 3095 homovub-

134 3132 363 3191 tuendus
393 3143 494 3193 cst.
524 3134 614 3190 Sic
636 3134 780 3191 enim
808 3134 935 3188 dicit
959 3130 1281 3189 abluendum
1309 3138 1363 3186 et
1387 3129 1478 3199 qui
1504 3128 1726 3186 alterius

135 3225 263 3282 hirci
296 3226 556 3295 vitulique
582 3226 847 3293 acceperit
872 3239 1083 3287 carnes,
1113 3233 1168 3278 et
1194 3232 1342 3279 extra
1370 3230 1545 3278 castra
1569 3236 1725 3278 com-

130 3316 403 3382 busserit;
439 3319 562 3387 quia
596 3318 666 3371 ita
705 3315 773 3373 de
812 3316 905 3373 illo
931 3314 1080 3371 etde
1112 3314 1278 3369 vitulo
1306 3314 1418 3368 licri
1444 3314 1625 3382 jubet,
1658 3314 1727 3370 de

128 3425 361 3479 quorum
406 3408 799 3464 immolatarum
838 3407 1095 3476 sanguine
1122 3406 1179 3459 lit
1208 3404 1480 3473 aSpcrsio,
1520 3414 1574 3460 ct
1601 3413 1726 3459 sunt

128 3516 229 3569 pro
246 3501 486 3568 peccatis
511 3518 524 3554 :
545 3514 610 3554 ac
633 3513 728 3567 per
746 3497 847 3553 hoc
867 3512 973 3559 non
996 3497 1326 3567 negligenter
1348 3496 1567 3555 istorum
1592 3496 1726 3552 duo-

129 3606 246 3646 rum
292 3590 563 3647 hircorum
601 3589 875 3646 distinctio
914 3588 970 3642 in
1010 3588 1294 3657 allegorica
1337 3588 1725 3657 signiﬁcatione

134 3680 409 3736 tractanda
438 3690 539 3736 est.
582 3680 713 3736 Item
742 3695 863 3737 cum
893 3680 1259 3737 constituisset
1286 3678 1425 3733 diem
1456 3678 1722 3736 decimum

133 3775 342 3844 septimi
374 3774 576 3829 mensis
607 3773 623 3807 ί
652 3773 874 3829 sabbato
902 3772 1244 3830 sabbatorum
1264 3812 1283 3839 ,
1318 3786 1427 3842 quo
1455 3770 1605 3827 ﬁeret
1634 3788 1724 3829 su-

135 3864 368 3934 pradicta
407 3866 652 3936 purgatio
679 3879 710 3917 a
740 3862 1020 3921 sacerdote
1051 3863 1141 3919 illo
1169 3878 1276 3919 uno
1302 3864 1392 3933 qui
1427 3864 1561 3931 patri
1597 3880 1721 3920 suco

136 3957 294 4025 cedit,
324 3958 550 4029 loquens
575 3958 644 4013 de
669 3956 859 4013 eodem
888 3955 1169 4015 sacerdote
1195 3955 1292 4017 ait,
1320 3952 1570 4009 Exorabit
1596 3972 1721 4010 sau-

137 4060 267 4103 cium
292 4051 455 4107 sancti
482 4065 502 4105 :
520 4049 667 4121 quod
692 4048 803 4119 jam
832 4048 1012 4105 nescio
1046 4056 1223 4105 utrum
1260 4046 1416 4103 aliter
1456 4048 1722 4117 accipien-

139 4140 257 4195 dum
294 4142 398 4208 ait,
443 4154 624 4212 quam,
647 4140 900 4199 Exombit
934 4138 987 4195 in
1022 4147 1209 4197 sancto
1242 4138 1448 4203 sancti,
1490 4137 1721 4207 quodam

139 4246 326 4299 genere
349 4232 662 4296 locutionis;
690 4231 746 4286 in
768 4230 855 4285 illo
872 4230 1079 4289 scilicet
1102 4238 1287 4284 sancto
1308 4244 1414 4298 quo
1439 4228 1587 4285 solus
1608 4228 1722 4299 ipse

141 4337 373 4381 summus
392 4322 656 4381 sacerdos
685 4321 934 4385 intrabat,
964 4319 1108 4390 quod
1134 4329 1219 4377 est
1245 4320 1383 4375 intra
1406 4319 1603 4385 velum,
1631 4319 1721 4378 ubi

140 4425 253 4465 arca
280 4422 397 4471 erat
424 4411 715 4468 testimonii
740 4418 795 4467 et
817 4412 984 4469 altare
1010 4408 1232 4466 incensi.
1261 4410 1375 4465 Non
1401 4410 1545 4465 cnim
1572 4425 1722 4475 cunt—

141 4501 257 4559 dem
284 4506 464 4561 locum
494 4514 741 4572 tanquam
768 4502 936 4563 Deum
958 4501 1221 4562 exorabit,
1253 4500 1347 4557 sed
1372 4501 1496 4571 quia
1522 4500 1592 4555 ibi
1623 4516 1720 4557 ett-

142 4594 303 4649 orabit
324 4596 513 4659 Deum,
538 4595 609 4649 ita
632 4593 861 4663 positum
885 4600 990 4657 est.
1018 4589 1263 4649 Exorabit
1282 4600 1515 4645 sanctum
1535 4591 1717 4649 sancti.

142 4682 263 4741 Nam
290 4696 345 4743 et
374 4688 481 4743 hoc
511 4701 709 4758 genere
742 4694 932 4745 neutro
960 4683 1014 4738 in
1041 4696 1216 4754 graeco
1244 4682 1476 4753 positum
1511 4691 1627 4748 est,
1666 4692 1723 4739 τὸ

143 4779 266 4844 ἅγιον
288 4792 370 4841 τοῦ
388 4786 556 4845 ἄνεω.
584 4781 665 4839 An
686 4779 822 4834 forte
841 4777 1097 4847 Spiritum
1125 4785 1368 4833 sanctum
1407 4775 1575 4830 sancti
1600 4776 1719 4842 Dei,

145 4866 237 4925 hoc
259 4882 358 4937 est,
385 4881 443 4931 τό
468 4874 603 4938 ἅγιον
626 4878 815 4933 autem
846 4880 932 4927 τοῦ
956 4871 1092 4935 ὤθεον
1117 4865 1268 4933 Θειῧς
1296 4867 1378 4922 An
1410 4867 1585 4937 potius
1608 4866 1721 4924 Ea:-

145 4959 293 5014 orabit
315 4962 516 5023 dictum
537 4970 640 5027 est,
676 4960 960 5021 Exorando
990 4958 1267 5030 purgauit?
1295 4957 1426 5013 Nam
1453 4957 1532 5013 sic
1560 4959 1722 5015 verba

146 5059 368 5114 contexit
394 5077 407 5113 :
440 5058 507 5113 Et
534 5057 761 5119 exorabit
782 5066 1018 5112 sanctum
1043 5054 1241 5121 sancti,
1269 5063 1314 5109 et
1343 5052 1724 5110 tabernaculum

149 5146 398 5205 testimonii
414 5152 457 5214 ³,
479 5158 527 5209 σι
553 5149 717 5207 altare
740 5147 984 5212 exorabit,
1013 5156 1061 5205 st
1090 5162 1181 5216 pro
1206 5144 1548 5200 sacerdotibus
1565 5155 1610 5199 et
1630 5162 1726 5215 pro

206 5258 223 5292 ί
243 5262 375 5326 Editi,
398 5262 532 5315 diem
553 5260 795 5315 decium
814 5258 1067 5326 septimm
1087 5256 1280 5326 mensis,
1307 5265 1363 5311 At
1382 5266 1513 5318 Mss,
1533 5256 1727 5325 septimi

335 5320 559 5390 (verius.
582 5333 636 5381 ιιι
658 5332 794 5390 tutel
812 5320 877 5381 ex"
902 5331 1011 5390 t-XX
1036 5331 1167 5390 91¢!
1195 5320 1329 5390 νυιεο

150 5381 398 5493 ωέῂξιιῶἱίὶ
419 5381 777 5439 tuberimctitum'
813 5383 1202 5437 testimoniorum.
1238 5381 1349 5432 uss.
1373 5394 1485 5433 cum
1527 5394 1688 5446 graeco
1705 5418 1721 5443 ,

229 5456 273 5492 tn

208 5458 459 5583 {gallinacius
494 5511 772 5569 emissaries
800 5518 969 5621 gnere
1004 5502 1366 5581 amgqmpaios,
1403 5504 1577 5582 dicitur
1599 5506 1722 5567 apud

208 5570 270 5621 ιι.
300 5574 441 5621 Lex-tt.
466 5584 571 5621 mn.
598 5573 675 5621 ιϐ.
698 5588 778 5621 vv.
849 5580 899 5621 et
922 5570 1011 5621 to:
1050 5565 1235 5621 scilicet
1266 5574 1407 5621 iuxta
1446 5564 1722 5617 tlteodoretl

151 5564 270 5635 ιῖίΧζ
300 5564 448 5623 Lavit.
466 5564 571 5635 ain.
598 5573 675 5632 ιϐ,
698 5588 778 5625 xv.
800 5564 899 5623 get
922 5570 1011 5631 l0;
1035 5564 1235 5635 scilicet
1266 5564 1407 5633 juxta
1436 5564 1725 5635 Theodoreti

154 5624 536 5701 99se”r\:a‘tiottctii'
562 5635 611 5685 in
630 5624 808 5701 licvit"
830 5624 1009 5701 qurest.’
1026 5628 1109 5701 ἑξ,
1141 5632 1192 5685 es
1214 5624 1635 5701 apopcmpomcnos
1657 5626 1727 5681 as

153 5691 445 5760 ζέιξρνᾲιιιοη,
473 5705 528 5753 ut
560 5698 642 5760 qui
668 5691 914 5760 emittatur
938 5697 986 5746 in
1008 5691 1262 5760 desertum
1285 5691 1316 5742 τ’
1339 5691 1608 5760 uincente:
1644 5702 1671 5760 τι

156 5704 223 5743 κη
242 5704 445 5760 "Clitae,
473 5705 528 5753 ut
629 5704 642 5746 i
668 5704 914 5759 emittatur
938 5704 986 5746 in
1008 5704 1262 5746 desertum
1285 5706 1299 5742 :
1339 5704 1451 5743 tunc
1478 5704 1608 5741 enim
1644 5704 1671 5740 a

156 5747 505 5828 νέὶιὲίιξξη.ε·δεθ
527 5711 710 5828 (³0(ᾚὶθῇ
732 5758 792 5814 iis
824 5769 889 5813 ex
923 5758 1090 5828 verbis
1120 5758 1297 5823 terit.
1317 5765 1426 5821 at»
1453 5753 1530 5819 16.
1554 5767 1604 5803 ν.
1646 5704 1728 5813 18:

154 5816 382 5870 σφοδιείιώ
403 5828 546 5872 auten
566 5816 735 5871 εἰςτιὲιι
757 5816 1067 5882 apopompéu.

1508 355 1713 415 LIBER
1746 350 2060 417 TERTIUS.

1869 476 2010 528 omni
2028 490 2287 549 synagoga
2305 479 2547 535 exorabit.
2568 480 2849 550 Quomodo
2867 497 2995 555 ergo
3013 486 3253 544 exorabit
3275 487 3451 547 taber-

1862 566 2109 622 naculum
2136 579 2189 623 et
2214 569 2415 637 altare,
2448 574 2546 628 nisi
2568 616 2585 644 ,
2615 586 2675 631 ut
2693 575 2891 632 dictum
2915 586 3026 646 est,
3052 570 3444 659 intelligamus,
3478 620 3486 630 ι

1861 659 2133 714 exorando
2166 662 2409 733 purgabit
2425 665 2452 719 ?
3386 656 3405 666 ﬂ

1930 750 2061 807 LVI.
2094 752 2193 828 [lb.
2216 770 2349 823 xvu,
2368 758 2420 822 5,
2445 754 2524 831 4.]
2549 757 2676 813 Illud
2697 759 2835 831 quod
2857 758 3006 828 dicit,
3030 760 3342 836 Quicumque
3361 774 3446 820 ot:-

1855 845 2031 899 cidcrit
2051 847 2281 913 vitulum,
2309 860 2399 902 aut
2423 865 2581 912 orem.
2611 860 2699 905 aut
2726 868 2931 923 capram
2959 853 3010 908 lu
3035 856 3231 921 castris,
3263 865 3309 910 et
3332 858 3447 923 qui-

1856 951 2068 1009 cumque
2091 940 2328 995 occiderit
2352 951 2492 996 extra
2518 953 2684 998 castra
2700 984 2717 1009 ,
2759 956 2804 999 et
2839 945 2908 1009 ad
2929 948 3109 1000 ostium
3136 947 3444 1009 tabernaculi

1857 1031 2123 1084 testimonii
2151 1048 2250 1085 non
2278 1034 2522 1101 attulerit,
2550 1042 2605 1089 et
2633 1035 2683 1089 in
2716 1035 2816 1090 hoc
2840 1039 3112 1091 constituit
3143 1049 3439 1111 peccatum,

1853 1128 1907 1175 et
1932 1122 2289 1178 comminatur
2313 1122 2560 1191 facienti;
2588 1138 2693 1181 non
2720 1126 2786 1182 de
2815 1128 2877 1181 iis
2898 1128 3024 1182 dicit
3047 1145 3164 1199 qum
3191 1114 3443 1187 occidun-

1854 1217 1945 1264 tur
1968 1212 2033 1265 ad
2058 1228 2212 1267 usum
2242 1214 2514 1281 vescendi,
2542 1214 2629 1271 vel
2655 1217 2699 1271 si
2724 1216 2847 1288 quid
2870 1216 3030 1283 aliud,
3062 1219 3154 1273 sed
3176 1220 3243 1275 de
3270 1222 3441 1276 sacri-

1853 1300 2006 1356 ficiis.
2033 1302 2309 1359 Prohibuit
2335 1304 2476 1362 enim
2509 1306 2711 1377 privata
2739 1310 2996 1377 sacriﬁcia
3018 1351 3032 1374 ,
3063 1326 3132 1367 ne
3160 1313 3258 1367 sibi
3290 1314 3439 1383 quis-

1850 1409 1953 1465 que
1978 1395 2370 1469 quodammodo
2398 1400 2647 1457 sacerdos
2675 1416 2793 1459 esse
2819 1404 3043 1470 audeat;
3076 1406 3168 1461 sed
3206 1408 3329 1463 illuc
3356 1408 3440 1472 af-

1850 1484 2017 1552 ferat,
2055 1488 2143 1542 ubi
2188 1504 2282 1558 per
2314 1490 2645 1548 sacerdotem
2681 1494 2973 1561 offerantur
3006 1497 3135 1552 Deo.
3179 1496 3438 1557 Ita.cnim

1849 1591 1949 1631 nee
1972 1580 2123 1633 vanis
2151 1578 2529 1637 sacriﬁcabant
2559 1600 2572 1635 :
2606 1598 2727 1639 nam
2757 1592 2810 1640 et
2838 1585 2940 1642 hoc
2971 1587 3021 1641 in
3054 1604 3115 1643 ea
3145 1570 3437 1657 consuetu;

1845 1666 1970 1724 dine
1999 1671 2293 1726 cavendum
2325 1676 2663 1743 przentonuil.
2694 1677 2827 1732 Cum
2854 1694 2984 1750 ergo
3010 1695 3114 1735 non
3143 1680 3329 1738 liceret
3355 1684 3436 1738 oi-

1842 1758 1970 1815 fcrri
1993 1762 2249 1818 sacriﬁcia
2280 1765 2378 1819 nisi
2405 1765 2457 1819 in
2483 1766 2843 1833 tabernaculo,
2866 1770 2948 1825 cui
2972 1772 3223 1842 templum
3253 1785 3435 1845 postea

1844 1854 2134 1921 successit;
2177 1855 2317 1911 unde
2346 1864 2400 1911 et
2424 1872 2515 1912 rex
2542 1858 2705 1915 Israel
2732 1859 3017 1917 Jeroboam
3048 1872 3233 1919 vaccas
3263 1850 3436 1923 facere

1843 1956 2007 1997 ausus
2031 1952 2114 2000 est
2131 1988 2144 2009 ,
2161 1946 2365 2015 quibus
2396 1950 2621 2019 populus
2646 1940 2971 2008 sacriﬁcaret
2988 1996 3003 2021 ,
3028 1969 3095 2009 ne
3124 1956 3279 2026 hujus
3303 1940 3434 2030 legis

1843 2036 2161 2090 necessitate
2200 2037 2584 2095 seducereutur
2626 2042 2692 2097 ab
2732 2058 2799 2097 eo
2839 2045 2928 2115 qui
2970 2046 3070 2100 sub
3112 2062 3278 2117 regno
3320 2051 3435 2117 ejus

1841 2135 2028 2193 erant,
2080 2129 2207 2185 dttm
2248 2142 2533 2203 pergerent
2565 2133 2861 2189 Jerusalem
2907 2146 2965 2190 ut
3005 2138 3055 2191 in
3100 2141 3297 2209 templo
3341 2118 3433 2211 Dei

1841 2218 2095 2276 oll'erreut
2121 2223 2381 2279 sacriﬁcia
2410 2240 2523 2289 sua,
2553 2227 2603 2280 in
2635 2244 2741 2295 quo
2766 2228 2905 2283 facto
2928 2246 2956 2283 a
2984 2230 3208 2285 Domino
3233 2231 3431 2288 conde-

1838 2319 2053 2367 mnatus
2069 2322 2148 2366 cst
2168 2312 2257 2384 (Ill
2288 2314 2412 2387 Reg.
2440 2330 2529 2378 xu,
2545 2316 2739 2389 28-50)
2771 2336 2785 2373 :
2810 2320 3000 2375 merito
3020 2320 3275 2391 quaeritur
3299 2338 3431 2392 quo-

1840 2403 2000 2459 modo
2033 2405 2174 2461 licite
2208 2408 2590 2463 sacrificaverit
2634 2412 2789 2467 Elias‘
2817 2420 2964 2466 extra
3006 2414 3259 2485 templum
3305 2415 3429 2482 Dei,

1838 2494 2051 2563 quando
2090 2506 2143 2550 et
2181 2496 2356 2567 ignem
2394 2496 2463 2552 de
2500 2498 2637 2554 coelo
2676 2501 3013 2571 impetravit,
3052 2512 3105 2558 et
3145 2504 3432 2574 prophetas

1836 2586 2220 2643 dmmoniorum
2248 2592 2477 2645 convicit
2513 2590 2623 2662 (Id.
2652 2604 2816 2659 XVIII,
2853 2594 2924 2651 56
2952 2595 3066 2665 59).
3107 2595 3259 2663 Quod
3301 2598 3430 2657 mihi

1836 2694 1942 2733 non
1972 2680 2181 2735 videtur
2214 2681 2316 2735 alia
2356 2683 2561 2738 ratione
2586 2682 2803 2740 defcndi
2824 2726 2838 2747 ,
2877 2701 3034 2755 quam
3068 2687 3155 2751 illa
3196 2703 3296 2756 qua
3328 2688 3426 2743 (Ια-

1835 2769 2070 2826 [θιιάἰιιιι-
2096 2780 2151 2827 et
2180 2772 2408 2829 Abralea:
2440 2774 2636 2831 factum
2657 2817 2675 2844 ,
2716 2775 2855 2845 quod
2900 2778 3067 2832 {ilium
3112 2779 3221 2833 Deo
3245 2780 3429 2850 jussus

1832 2861 1998 2916 voluit
2026 2863 2302 2919 immolare
2339 2864 2491 2939 (Gen.
2529 2855 2680 2934 xxn,
2718 2866 2894 2940 ’5-10).
2928 2868 3057 2924 Cum
3099 2869 3241 2925 enim
3279 2870 3430 2938 jubet

1832 2955 1922 3011 iilc
1959 2958 2046 3026 qui
2084 2956 2256 3029 legem
2293 2960 2604 3026 Constituit,
2640 2944 2839 3032 aliquid
2880 2961 2991 3025 ﬁeri
3032 2961 3174 3032 quod
3217 2962 3268 3015 in
3311 2962 3428 3033 lege

1831 3048 2102 3118 prohibuit
2121 3090 2136 3114 ,
2162 3050 2332 3119 jussio
2359 3051 2470 3119 ipsa
2503 3068 2600 3121 pro
2630 3053 2747 3123 lege
2777 3052 3019 3115 habetur,
3053 3053 3303 3124 quoniam
3331 3069 3429 3109 au-

1829 3148 1946 3197 ctor
1974 3152 2055 3197 est
2083 3143 2231 3213 legis.
2265 3142 2381 3198 Non
2406 3144 2549 3199 enim
2577 3144 2767 3201 deesse
2796 3154 3015 3215 possent
3040 3146 3290 3201 miracula
3317 3146 3422 3202 alia

1829 3242 2028 3302 prartcr
2058 3235 2375 3289 sacriﬁcium
2399 3277 2414 3302 ,
2453 3236 2645 3305 quibus
2670 3247 3049 3305 superarentur
3066 3246 3119 3292 et
3142 3238 3425 3293 convince-

1828 3331 2015 3377 rentur
2040 3324 2317 3393 proplietm
2342 3324 2583 3380 lucorum
2610 3343 2623 3381 ε
2652 3326 2746 3382 sed
2766 3326 2994 3397 Spiritus
3022 3328 3112 3383 Dei
3140 3329 3228 3399 qui
3256 3329 3425 3385 fuerat

1829 3413 1881 3468 in
1914 3414 2059 3481 Elia,
2102 3415 2358 3486 quidquid
2391 3418 2441 3471 in
2470 3417 2569 3471 hac
2598 3432 2655 3472 re
2683 3417 2807 3473 fecit
2829 3460 2842 3483 ,
2884 3426 3069 3473 contra
3101 3419 3269 3489 legem
3302 3408 3424 3476 esse

1830 3520 1934 3560 non
1958 3513 2162 3575 potest,
2194 3508 2315 3578 quia
2344 3506 2498 3563 dator
2529 3517 2609 3562 est
2636 3510 2787 3578 legis.

1897 3596 2054 3652 LVII.
2100 3597 2199 3670 [lb.
2232 3614 2372 3665 xvn,
2417 3596 2623 3673 l0-l2.]
2664 3598 2799 3666 Quid
2839 3599 3090 3669 estquod
3134 3599 3423 3675 prohibens

1826 3688 2092 3745 edendum
2123 3692 2436 3758 sanguinem
2464 3691 2618 3756 dicit,
2649 3690 2832 3745 Anima
2860 3692 3023 3745 omnis
3055 3693 3253 3758 carnis,
3296 3708 3423 3747 san-

1825 3780 1940 3851 guis
1984 3781 2096 3850 ejus
2142 3781 2255 3835 est?
2292 3780 2460 3848 Quom
2493 3789 2659 3835 totum
2703 3780 2877 3837 locum
2917 3780 2995 3836 sic
3032 3783 3260 3855 ertplicat
3299 3798 3312 3836 :
3353 3773 3423 3836 Et

1827 3871 1997 3938 homo,
2029 3873 2177 3925 homo
2207 3870 2429 3940 filiorum
2457 3869 2641 3937 Israel,
2663 3881 2750 3925 aut
2776 3872 2838 3927 de
2866 3873 3130 3944 prosclytis
3152 3874 3240 3944 qui
3263 3890 3423 3945 appoo

1824 3964 1911 4018 siti
1933 3972 2048 4018 sunt
2072 3964 2122 4018 in
2144 3964 2277 4018 vobis
2298 4006 2312 4030 ,
2345 3966 2641 4035 quicumque
2668 3965 2828 4020 ederit
2852 3980 3049 4020 omnem
3080 3968 3417 4039 sanguinem;

1824 4063 1872 4109 et
1913 4064 2131 4109 statuam
2174 4058 2352 4129 facient
2391 4072 2552 4110 nteant
2590 4073 2743 4126 super
2767 4058 2988 4111 animam
3013 4074 3127 4127 qua'
3150 4060 3423 4113 manduca!

1823 4147 2140 4218 sanguinem,
2172 4156 2217 4201 et
2244 4147 2453 4217 perdam
2475 4147 2615 4201 illaut
2638 4147 2701 4200 de
2723 4148 2910 4218 papula
2934 4165 3047 4201 suo.
3082 4148 3261 4202 Anima
3288 4150 3421 4203 cnim

1825 4239 1988 4293 omnis
2012 4239 2181 4293 carnis
2202 4282 2215 4304 ,
2248 4240 2451 4307 sanguis
2489 4239 2600 4309 ejus
2625 4247 2715 4291 est.
2768 4236 2836 4292 Et
2874 4255 2964 4309 cgo
2991 4240 3105 4293 dedi
3133 4240 3262 4293 illud
3286 4241 3421 4293 vol-is

1824 4346 2035 4385 exorare
2078 4347 2171 4401 pro
2208 4330 2475 4384 animabus
2516 4330 2690 4383 vestris
2722 4342 2742 4383 :
2766 4331 2969 4397 sanguis
2997 4332 3128 4382 enim
3171 4332 3278 4400 ejus
3325 4348 3417 4401 pro

1824 4420 1994 4474 animo
2041 4420 2285 4474 exorabit.
2340 4418 2617 4490 Propterea
2661 4421 2769 4473 dixi
2814 4422 2936 4489 ﬁliis
2994 4419 3192 4487 Israel,
3242 4421 3421 4477 Omnis

1825 4510 1993 4565 animo
2013 4526 2077 4565 ea:
2099 4511 2235 4564 vobis
2252 4527 2350 4564 non
2371 4510 2480 4565 edet
2504 4510 2800 4581 sanguinem
2820 4527 2838 4574 ;
2856 4520 2901 4567 et
2923 4514 3203 4583 prosclgtus
3223 4514 3308 4579 qui
3329 4530 3421 4585 ap-

1827 4602 2018 4673 positus
2041 4611 2113 4656 est
2136 4602 2189 4655 in
2214 4590 2384 4668 vobis”,
2410 4617 2511 4655 non
2532 4601 2642 4655 edet
2668 4603 2983 4673 sanguinem.
3018 4600 3409 4676 Numquidnam

1826 4694 1871 4747 si
1895 4692 2123 4747 animam
2155 4692 2364 4763 pecoris
2407 4676 2721 4763 sanguinem
2767 4693 3026 4758 dicimus,
3057 4697 3215 4751 etiam
3243 4680 3416 4753 anima

1829 4782 2059 4838 hominis
2088 4783 2302 4853 sanguis
2346 4783 2573 4853 putanda
2601 4784 2726 4838 est?
2770 4770 2942 4840 Absit.
2983 4786 3262 4853 Quomodo
3290 4802 3418 4858 ergo

1828 4890 1933 4931 non
1977 4876 2087 4942 ait,
2139 4874 2330 4929 Anima
2379 4876 2555 4931 omnis
2594 4876 2771 4931 carnis
2811 4878 3021 4947 pecoris
3058 4878 3274 4949 sanguis
3303 4878 3420 4945 ejus

1827 4974 1942 5031 eSt;
1971 4967 2088 5032 sed,
2120 4967 2321 5031 Anima,
2353 4965 2543 5038 inquit.
2571 4969 2734 5023 omnis
2754 4975 2921 5025 carnis
2938 4971 3144 5039 sanguis
3169 4972 3280 5041 ejus
3306 4980 3377 5022 est
3394 4970 3421 5022 Ρ

1829 5056 1884 5112 In
1914 5058 2059 5112 omni
2087 5058 2268 5127 utique
2293 5072 2483 5123 carne,
2517 5059 2675 5112 etiam
2704 5059 2933 5113 hominis
2957 5072 3084 5114 caro
3108 5060 3412 5129 deputatur.

1828 5149 1909 5203 An
1952 5150 2073 5219 quia
2113 5149 2272 5203 vitale
2317 5149 2514 5217 aliquid
2546 5149 2562 5183 ¹
2597 5158 2679 5203 est
2728 5149 2781 5203 in
2828 5150 3120 5219 sanguine,
3170 5149 3289 5219 quia
3323 5165 3417 5218 per

1830 5239 2000 5310 ipsum
2041 5239 2271 5294 maxime
2306 5240 2357 5292 in
2388 5239 2489 5295 hac
2514 5253 2681 5294 carne
2704 5237 2921 5299 vivitur.
2963 5240 3053 5309 qui
3093 5239 3145 5293 in
3171 5238 3415 5294 omnibus

1829 5331 1981 5386 venis
2025 5345 2119 5400 per
2163 5329 2403 5401 corporis
2441 5339 2631 5385 cuncta
2677 5328 3008 5393 dilfunditur,
3055 5330 3222 5399 ipsum
3253 5330 3415 5384 vitam

1829 5422 2069 5490 corporis
2096 5419 2310 5476 vocavit
2349 5424 2615 5487 animam,
2656 5435 2762 5473 non
2790 5420 2952 5472 vitam
2978 5434 3098 5491 qua:
3137 5421 3325 5490 migrat
3352 5436 3417 5476 ex

1829 5526 2085 5582 corpore,
2121 5508 2215 5565 sed
2241 5525 2360 5580 qnze
2398 5520 2570 5564 morte
2600 5509 2821 5564 ﬁnitur?
2848 5509 2962 5578 Qua
2988 5510 3256 5566 locutione
3290 5509 3421 5565 dici-

1888 5689 1911 5720 ι
1936 5684 2075 5751 rain.
2102 5695 2173 5751 .4n_
2192 5682 2305 5749 quia
2335 5687 2385 5734 ct
2404 5680 2500 5751 tale
2520 5680 2723 5748 aliquid.
2745 5689 2801 5738 Et
2836 5683 3033 5750 malum
3068 5683 3210 5746 intra,
3248 5682 3335 5749 qui
3368 5682 3420 5735 in

1829 5746 2046 5802 οπιπίυιιδ
2068 5745 2518 5820 meminimus
2539 5745 2788 5820 uitetur!!-
2830 5745 3117 5820 Fstmimss
3150 5761 3217 5820 ει
3240 5745 3418 5820 πίσω
