3862 6304
444 310 548 368 ’ἵῶ

439 438 558 480 mus
603 424 759 480 istam
794 424 958 481 vitam
999 426 1351 496 temporalem
1398 441 1548 491 esse,
1598 442 1702 481 non
1753 436 2039 495 teternam;

437 516 753 583 mortalem,
784 532 890 571 non
919 517 1275 573 immortalem
1306 536 1319 573 :
1348 533 1467 572 cum
1499 519 1567 571 sit
1593 518 1907 573 immortalis
1930 520 2044 573 ani-

436 623 541 663 ma:
570 616 777 670 natura,
800 624 918 678 quae
942 608 1115 663 ablata
1141 619 1223 663 est
1251 608 1317 663 ab
1349 609 1563 678 Angelis
1588 608 1639 661 in
1667 608 1788 663 sinu
1814 608 2041 664 Abrahae

441 697 594 769 (Luc.
623 714 729 764 XVI,
757 697 883 770 2‘2);
916 706 971 754 et
989 699 1074 755 Cui
1104 699 1317 763 dicitur,
1342 698 1513 753 Hodie
1536 716 1729 754 mecum
1752 701 1850 755 erit:
1869 701 1920 753 in
1950 718 2042 770 pa-

435 792 608 844 radiso
643 790 750 865 (Id.
788 806 947 856 χχιιι,
980 790 1107 863 45);
1152 799 1206 846 et
1243 807 1362 862 quae
1404 793 1457 846 in
1503 795 1781 849 tormentis
1820 793 2042 849 ardebat

444 880 638 936 inferni
675 880 784 953 (Id.
816 898 921 946 xvr,
952 883 1067 954 23).
1101 883 1402 938 Secundum
1432 883 1588 938 istam
1613 901 1740 955 ergo
1768 885 2038 956 significa-

446 972 646 1028 tionem
667 1015 683 1039 ,
724 989 827 1043 qua
871 973 1179 1043 perhibetur
1201 973 1378 1027 anima
1404 974 1563 1028 etiam
1594 974 1707 1030 haec
1734 977 2039 1045 temporalis

433 1064 540 1120 vita
566 1105 583 1131 ,
615 1064 750 1119 dixit
772 1065 1049 1134 apostolus
1079 1065 1273 1120 Paulus
1297 1106 1313 1129 ,
1346 1063 1469 1119 Non
1492 1066 1625 1119 enim
1650 1068 1785 1136 facio
1815 1068 2039 1123 animam

434 1174 598 1212 meam
638 1159 983 1229 pretiosiorem
1025 1175 1177 1229 quam
1223 1176 1303 1214 me
1333 1160 1350 1191 ⁸
1399 1159 1534 1229 (Act.
1566 1175 1664 1226 xx,
1690 1161 1818 1234 24);
1860 1163 1948 1217 ubi
1979 1179 2038 1219 se

433 1248 718 1306 ostendere
748 1250 913 1305 voluit
934 1256 989 1303 ct
1011 1250 1145 1304 mori
1168 1258 1407 1319 paratum
1431 1265 1528 1320 pro
1557 1252 1867 1321 Evangelio.
1904 1252 2037 1308 Nam

432 1342 729 1398 secundum
755 1343 1201 1414 signiﬁcationem
1236 1359 1339 1414 qua
1369 1343 1545 1398 anima
1580 1344 1776 1400 dicitur
1798 1345 1887 1400 illa
1918 1360 2037 1413 quas

432 1434 627 1505 migrat
667 1450 734 1490 ex
778 1449 1034 1504 corpore,
1079 1434 1247 1505 magis
1285 1450 1403 1489 eam
1446 1436 1732 1506 pretiosam
1782 1437 2033 1505 faciebat,

431 1526 518 1581 cui
553 1535 756 1580 tantum
787 1525 1036 1581 meritum
1064 1526 1432 1596 conquirebat.
1465 1527 1602 1582 Sunt
1626 1537 1679 1582 et
1702 1528 1819 1582 alia:
1851 1526 2039 1596 hujus-

430 1616 576 1672 modi
606 1616 922 1672 locutiones.
949 1616 1070 1671 Vita
1112 1619 1292 1687 itaque
1328 1617 1427 1672 ista
1465 1617 1774 1688 temporalis
1804 1620 2037 1676 maxime

432 1708 691 1778 sanguine
728 1708 1031 1763 continetur
1060 1709 1114 1763 in
1159 1723 1405 1778 corpore.
1451 1708 1559 1764 Sed
1603 1709 1730 1780 quid
1771 1718 1854 1765 est
1894 1711 2035 1781 quod

432 1799 529 1865 ait,
559 1797 688 1852 Dedi
716 1799 855 1853 vobis
883 1815 994 1853 eum
1020 1801 1088 1853 ad
1114 1800 1277 1853 altare
1317 1798 1416 1853 Dei
1438 1840 1453 1865 ,
1483 1815 1692 1855 exorare
1732 1817 1825 1868 pro
1862 1802 2035 1856 anima

431 1900 629 1956 vestra;
668 1901 917 1961 tanquam
948 1891 1125 1946 anima
1174 1906 1271 1961 pro
1310 1891 1488 1946 anima
1514 1892 1735 1947 exoret?
1766 1891 2033 1963 Numquid

430 1982 647 2051 sanguis
674 1996 770 2050 pro
794 1981 1087 2051 sanguine,
1115 1981 1269 2051 quasi
1299 1980 1367 2037 de
1402 1991 1587 2037 nostro
1611 1983 1869 2054 sanguine
1894 1983 2033 2038 solli-

430 2072 521 2127 citi
547 2073 750 2139 simus,
780 2088 902 2127 cum
945 2088 1042 2143 pro
1082 2073 1259 2127 anima
1301 2082 1484 2128 nostra
1514 2074 1761 2129 volumus
1784 2076 2032 2129 exorari?

430 2165 734 2221 Absurdum
761 2172 846 2221 est
875 2164 996 2220 hoc.

501 2257 608 2313 Sed
635 2259 804 2313 multo
832 2267 915 2313 est
942 2257 1228 2313 absurdius
1249 2266 1309 2312 ut
1335 2259 1551 2328 sanguis
1597 2259 1805 2328 pecoris
1847 2266 2033 2314 exoret

429 2363 529 2419 pro
549 2351 724 2404 anima
746 2348 1013 2416 hominis,
1040 2365 1160 2420 quae
1185 2350 1321 2404 mori
1345 2365 1448 2404 non
1481 2358 1659 2420 potest
1681 2368 1693 2402 :
1715 2366 1835 2405 cum
1861 2350 2032 2405 mani-

427 2438 566 2497 feste
585 2440 855 2511 Scriptura
883 2450 1105 2497 testetur
1129 2440 1182 2495 in
1211 2441 1444 2511 Epistola
1465 2441 1533 2496 ad
1559 2441 1811 2497 llebrzcos
1830 2483 1844 2506 ,
1878 2443 2029 2498 illum

428 2533 739 2603 sanguinem
768 2534 1103 2588 victimarum
1141 2533 1275 2588 nihil
1304 2533 1570 2603 profuisse
1598 2534 1665 2589 ad
1694 2536 2027 2591 exorandum

428 2622 594 2677 Deum
626 2638 722 2693 pro
752 2625 985 2694 peccatis
1013 2624 1325 2689 hominum;
1351 2625 1443 2679 sed
1471 2626 1801 2696 signiﬁcasse
1830 2628 2029 2697 aliquid

425 2716 569 2788 quod
598 2717 895 2787 prodesset.
923 2715 1247 2788 Impossibile
1271 2728 1345 2772 est
1371 2719 1538 2783 enim,
1576 2719 1775 2789 inquit,
1813 2721 2026 2792 sangui-

426 2824 539 2863 nem
577 2809 833 2863 hircorum
874 2816 921 2863 et
963 2818 1224 2862 taurorum
1261 2809 1461 2877 auferre
1490 2821 1695 2879 peccata
1739 2810 1922 2880 (Hebr.
1951 2827 1983 2866 x
2008 2853 2023 2879 ,

425 2900 502 2969 4).
534 2899 719 2954 Restat
748 2902 924 2969 itaque
951 2907 1011 2953 ut
1028 2899 1281 2969 quoniam
1311 2914 1407 2967 pro
1427 2900 1603 2953 anima
1636 2908 1816 2955 nostra
1837 2908 2028 2957 exorat

424 2990 684 3045 Mediator
728 2991 852 3058 ille,
899 2991 991 3060 qui
1042 2991 1290 3045 omnibus
1321 2991 1430 3047 illis
1469 2990 1741 3047 sacriﬁciis
1769 3008 1888 3062 quae
1928 3008 2026 3062 pro

424 3081 658 3150 peccatis
686 3080 1046 3135 offerebantur
1068 3081 1529 3151 prreﬁgurabatur,
1576 3082 1705 3138 illud
1730 3084 2026 3154 appelletur

423 3173 600 3228 anima
621 3174 762 3244 quod
790 3173 1054 3244 signiﬁcat
1081 3174 1336 3228 animam.

495 3265 644 3321 Solet
685 3275 860 3322 autem
906 3280 995 3320 res
1036 3282 1156 3337 qum.
1199 3266 1460 3336 signiﬁcat
1506 3267 1624 3337 ejus
1675 3269 1755 3324 rei
1807 3272 2023 3328 nomine

422 3372 582 3428 quam
628 3356 891 3428 signiﬁcat
931 3357 1261 3428 nuncupari;
1300 3358 1438 3413 sicut
1482 3359 1739 3429 scriptum
1766 3370 1879 3428 est,
1914 3363 2017 3419 Se-

423 3458 559 3520 ptem
585 3451 738 3521 spicte
755 3490 771 3516 ,
799 3459 989 3520 septem
1014 3450 1137 3504 anni
1163 3458 1311 3515 sunt;
1345 3465 1450 3505 non
1476 3452 1618 3507 enim
1641 3452 1792 3519 dixit,
1816 3465 2019 3525 septem

419 3558 591 3600 annos
619 3543 955 3615 signiﬁcant:
983 3553 1064 3610 ct,
1096 3544 1301 3615 Septem
1342 3545 1505 3613 boves,
1528 3556 1717 3617 septem
1757 3550 1880 3603 anni
1904 3561 2022 3605 sunt

422 3634 576 3703 (Gen.
600 3650 687 3691 xu
715 3674 730 3699 ,
754 3635 876 3704 26);
900 3644 953 3690 ct
972 3635 1134 3690 multa
1165 3636 1487 3706 hujusmodi.
1514 3638 1647 3694 Ilinc
1674 3642 1919 3710 estquod
1940 3642 2023 3697 di-

420 3736 565 3782 ctum
593 3735 674 3782 cst
694 3769 708 3793 ,
741 3726 896 3782 Petra
923 3740 1028 3782 erat
1054 3728 1283 3783 Christus
1313 3728 1491 3800 (Νέον.
1524 3747 1586 3797 x,
1615 3733 1669 3800 4)
1698 3751 1710 3787 :
1741 3748 1843 3788 non
1876 3735 2019 3791 enim

420 3821 582 3887 dixit,
606 3822 759 3876 Petra
787 3820 1050 3892 signiﬁcat
1076 3822 1380 3887 Christum,
1410 3823 1502 3879 sed
1528 3834 1775 3895 tauquam
1800 3828 1902 3883 hoc
1929 3842 2017 3883 cs-

420 3925 529 3979 set,
559 3914 699 3984 quod
742 3914 922 3982 utique
953 3929 1044 3983 per
1071 3920 1421 3970 substantiam
1467 3931 1572 3971 nou
1606 3918 1704 3973 hoc
1745 3930 1891 3986 erat,
1921 3920 2016 3975 sed

418 4018 518 4073 per
550 4003 1011 4073 signiﬁcationem.
1043 4004 1131 4059 διε
1171 4017 1224 4059 et
1263 4020 1479 4075 sanguis
1520 4009 1769 4076 quoniam
1800 4020 2017 4081 propter

417 4094 633 4150 vitalem
661 4094 945 4164 quamdam
976 4104 1358 4160 corpuicnuatn
1388 4111 1618 4152 annuam
1644 4099 1935 4169 signilicat,
1960 4102 2013 4158 in

417 4186 764 4243 sacramentis
785 4202 958 4242 anima
981 4191 1152 4243 dictus
1178 4201 1278 4244 ρει.
1315 4190 1503 4244 \‘erum
1530 4193 1572 4246 si
1599 4192 1876 4263 quisquam
1916 4211 2013 4265 pu-

417 4289 495 4334 tat
533 4280 764 4334 animant
812 4293 1019 4350 pecoris
1051 4293 1168 4335 esse
1198 4294 1543 4350 sanguinem,
1574 4296 1677 4337 non
1707 4292 1789 4338 est
1815 4284 1866 4338 in
1913 4285 2011 4341 ista

415 4374 707 4443 quiestionc
748 4373 1111 4427 laboramlnm.
1140 4373 1370 4428 'lauuun
1414 4389 1482 4429 ne
1521 4375 1698 4431 anima
1746 4376 2008 4446 hominis,

415 4480 533 4535 qua:
580 4480 796 4521 carnem
843 4466 1125 4520 humanam
1174 4466 1436 4530 riviﬁcat,
1478 4476 1532 4522 ct
1578 4478 1661 4523 cst
1700 4469 2006 4537 rationalis,

416 4556 633 4628 sanguis
678 4566 911 4627 putetur,
943 4558 1095 4611 valde
1140 4559 1434 4613 cavendum
1478 4568 1592 4626 δι,
1640 4570 1694 4615 et
1733 4561 1818 4616 hic
1860 4577 2011 4619 error

413 4645 590 4705 modis
616 4648 866 4702 omnibus
894 4648 1218 4704 refutandus.
1249 4649 1561 4717 Quatreudaa
1591 4652 1749 4705 etiam
1779 4652 2007 4709 locutio-

414 4753 543 4806 nes,
592 4739 786 4808 quibus
835 4755 927 4808 per
978 4740 1026 4794 id
1075 4740 1216 4809 quod
1260 4742 1538 4808 continet,
1585 4742 1911 4814 signiﬁcetur
1953 4746 2006 4800 id

411 4831 554 4902 quod
582 4831 902 4898 continetur,
938 4842 995 4885 ut
1023 4831 1273 4902 quoniam
1305 4835 1481 4889 anima
1507 4836 1765 4905 sanguine
1795 4844 2007 4892 tenetur

412 4925 463 4979 in
491 4939 719 4995 corpore
746 4924 892 4995 (nam
923 4925 966 4980 si
997 4924 1153 4982 fuerit
1174 4926 1376 4983 elTusus
1401 4928 1681 4997 abscedit),
1715 4945 1808 4999 per
1833 4931 2002 5001 ipsum

408 5021 584 5089 aptius
604 5019 896 5091 signiﬁcata
921 5020 989 5074 sit
1008 5019 1182 5075 anima
1205 5062 1220 5086 ,
1244 5030 1299 5077 et
1325 5022 1441 5091 ejus
1464 5037 1658 5078 nomen
1682 5025 1896 5093 sanguis
1916 5039 2004 5079 ac-

408 5111 627 5181 ceperit.
654 5110 800 5167 Sicut
826 5109 1051 5166 ecclesia
1080 5110 1274 5165 dicitur
1301 5111 1451 5165 locus
1470 5126 1575 5181 quo
1602 5111 1837 5166 Ecclesia
1868 5127 2000 5168 con-

404 5212 674 5275 gregatur.
706 5201 838 5257 Nam
865 5202 1105 5258 Ecclesia
1132 5202 1377 5258 homines
1397 5210 1519 5257 sunt
1533 5243 1549 5268 ,
1571 5202 1639 5257 de
1659 5202 1851 5273 quibus
1871 5205 2002 5261 dici—

408 5305 497 5351 tur
526 5315 538 5351 :
581 5294 648 5352 Ut
676 5297 929 5351 exhiberet
954 5297 1048 5350 sibi
1075 5295 1349 5367 gloriosam
1378 5295 1657 5349 Ecclesium
1682 5294 1899 5365 (Ep/tes.
1939 5313 1995 5363 v,

404 5388 522 5459 27).
577 5388 689 5444 Hoc
726 5397 901 5443 tamen
943 5387 1121 5443 vocari
1148 5387 1307 5443 etiam
1348 5387 1516 5458 ipsam
1558 5385 1774 5441 domum
1804 5389 2000 5442 oratio-

404 5495 534 5537 num
551 5522 567 5548 ,
596 5479 736 5535 idem
766 5479 1039 5549 apostolus
1066 5480 1217 5535 testis
1242 5486 1343 5546 est,
1369 5478 1457 5533 ubi
1478 5478 1551 5531 ait
1577 5493 1590 5530 :
1622 5475 1886 5548 Numquid
1906 5478 1999 5532 do-

401 5592 437 5639 μέ
476 5592 489 5629 τν
510 5589 662 5658 Editio
696 5596 816 5649 Rat.,
857 5588 1113 5653 pretiosam
1142 5587 1279 5639 mihi.
1305 5589 1407 5658 sic
1444 5588 1589 5638 etiam
1610 5595 1719 5658 tussi
1781 5586 1997 5658 melioris

402 5658 551 5711 notae,
574 5652 673 5701 imo
690 5646 881 5710 omnes,
900 5658 1109 5712 excepto
1123 5665 1221 5700 uno
1234 5652 1323 5719 qui
1332 5650 1501 5719 habet,
1514 5648 1847 5719 pretiosiorem
1856 5646 1991 5719 mila".

402 5720 456 5764 tn
490 5708 651 5776 graeco
686 5719 831 5776 textu
856 5708 1081 5776 Aetnam,
1121 5725 1225 5776 cap.
1252 5708 1347 5773 Ἄ),
1384 5726 1431 5762 v.
1472 5708 1551 5773 24,
1596 5710 1807 5774 legimus
1830 5708 1996 5761 timian

405 5771 593 5826 annuo
619 5784 637 5823 :
660 5773 792 5835 quod
811 5779 920 5823 διεδ.
945 5771 1043 5821 illis
1061 5771 1368 5835 sum-agatur.

1222 310 1684 379 ριιιεδτιοΝυΜ
1721 312 1779 369 5.
1820 312 2187 373 AUGUSTINI
2225 317 2293 374 IN
2329 318 2885 386 HEPTATEUCHUM

3641 347 3742 407 704

2153 448 2260 488 mos
2300 451 2397 489 non
2431 436 2621 493 habetis
2672 442 2741 494 ad
2792 435 3204 504 manducandum
3244 461 3291 507 et
3334 438 3648 517 bibendum?
3678 480 3742 518 an

2149 528 2407 623 ecclesiam
2419 529 2529 623 _Dei
2556 537 2872 590 contemnitis
2902 537 2957 611 (l
2979 537 3098 595 Cor.
3121 536 3205 607 ιι.
3226 544 3356 615 22)?
3385 550 3450 603 Et
3478 550 3574 608 hoc
3605 570 3740 623 quo-

2150 617 2378 674 tidianus
2419 620 2670 693 loquendi
2698 642 2826 681 usus
2852 630 3110 701 obtinuit,
3143 635 3275 690 utin
3305 639 3583 697 ecclesiam

2147 708 2291 775 dire,
2320 722 2410 765 aut
2432 714 2497 767 ad
2525 718 2805 773 ecclesiam
2828 723 3114 795 confugere
3134 743 3239 782 non
3266 728 3494 795 dicatur,
3523 708 3738 807 nisi'qui

2146 799 2424 896 adulocum
2452 804 2623 874 ipsum
2652 810 2989 883 parietesque
3020 817 3275 883 prodierit
3299 821 3382 876 vel
3406 799 3737 896 confugerit,

2147 893 2338 964 quibus
2366 895 2621 954 Ecclesize
2649 906 2988 974 congregatio
3013 909 3333 966 continetur.
3358 893 3631 984 Scriptum
3662 930 3737 974 est

2144 988 2303 1042 etiam
2324 1029 2338 1053 ,
2368 988 2438 1044 Et
2464 990 2726 1058 e/fundens
2757 999 3087 1069 sanguinem,
3113 1003 3201 1074 qui
3232 1003 3439 1071 fraudat
3463 1010 3740 1063 mercedem

2145 1084 2437 1137 mercenarii
2479 1084 2663 1153 (Eccli.
2712 1103 2876 1143 xxxxv
2901 1132 2917 1157 ,
2947 1090 3059 1162 27).
3101 1093 3400 1152 Mercedem
3428 1100 3737 1168 sanguinem

2144 1172 2311 1239 dixit,
2343 1177 2592 1246 quoniam
2620 1194 2681 1233 ea
2702 1189 3035 1239 sustentatur
3058 1184 3194 1252 vita,
3221 1202 3341 1257 quae
3364 1190 3581 1246 nomine
3620 1205 3740 1246 san-

2144 1266 2319 1335 guinis
2344 1271 2660 1339 appellatur.

2215 1358 2320 1413 Sed
2343 1376 2462 1415 cum
2485 1364 2740 1420 Dominus
2766 1366 2926 1434 dicat,
2950 1366 3071 1424 Nisi
3094 1372 3513 1428 manducaveritis
3535 1391 3739 1430 carnem

2143 1465 2341 1517 meam,
2386 1463 2433 1506 et
2470 1453 2687 1510 biberitis
2720 1474 2887 1512 meum
2922 1462 3237 1532 sanguinem,
3266 1481 3369 1519 non
3398 1466 3649 1520 habebitis
3691 1469 3738 1522 in

2142 1544 2278 1600 vobis
2305 1547 2457 1601 vitam
2488 1547 2664 1619 (Joan.
2692 1567 2766 1617 vr,
2787 1552 2914 1624 54);
2940 1542 3068 1625 quid
3096 1556 3198 1611 sibi
3231 1558 3349 1612 vult
3375 1559 3517 1629 quod
3554 1574 3587 1613 a
3612 1576 3737 1616 san-

2140 1638 2299 1707 guine
2332 1640 2711 1696 sacriﬁciorum
2735 1685 2750 1710 ,
2788 1660 2907 1714 qua:
2946 1661 3044 1715 pro
3082 1649 3314 1717 peccatis
3355 1649 3735 1718 offerebantur,

2142 1741 2420 1802 tantopere
2451 1735 2676 1804 populus
2706 1737 3034 1807 prohibetur,
3057 1740 3103 1795 si
3136 1740 3239 1797 illis
3267 1742 3544 1797 sacriﬁciis
3575 1760 3737 1799 unum

2140 1822 2241 1877 hoc
2276 1826 2592 1880 sacriﬁcium
2634 1827 3051 1897 signiﬁcabatur,
3084 1832 3136 1886 in
3168 1846 3273 1901 quo
3299 1847 3421 1887 vera
3452 1832 3510 1888 ﬁt
3539 1835 3739 1889 remis-

2140 1916 2219 1970 sio
2244 1926 2585 1987 peccatorum
2621 1938 2634 1973 :
2665 1936 2697 1975 a
2731 1922 2883 1993 cujus
2911 1933 3086 1979 tamen
3119 1925 3366 1981 sacriﬁcii
3395 1928 3659 1998 sanguine
3687 1930 3736 1984 in

2139 2006 2449 2063 alimentum
2480 2010 2771 2078 sumendo,
2819 2028 2925 2068 non
2973 2014 3145 2069 solum
3192 2030 3351 2071 nemo
3396 2016 3734 2088 prohibetur,

2140 2100 2235 2154 sed
2262 2100 2327 2154 ad
2356 2100 2644 2157 bibendum
2687 2105 2861 2173 potius
2896 2120 3084 2161 omnes
3118 2107 3486 2172 exhortantur,
3519 2111 3617 2179 qui
3647 2125 3737 2164 vo-

2137 2190 2252 2245 lunt
2279 2192 2475 2248 habere
2498 2195 2696 2249 vitam?
2722 2197 3076 2264 Qui-.ereudum
3105 2199 3265 2269 igitur
3286 2200 3411 2271 quid
3441 2203 3730 2272 signiﬁcet,

2136 2282 2277 2353 quod
2305 2283 2466 2339 homo
2489 2286 2797 2356 prohibetur
2813 2289 2865 2343 in
2890 2289 3032 2360 Lege
3050 2293 3361 2362 sanguinem
3385 2293 3730 2360 manducare,

2137 2390 2366 2446 eumque
2388 2378 2499 2433 Deo
2528 2378 2749 2434 fundere
2769 2380 3006 2449 jubetur.
3030 2381 3163 2437 Nam
3192 2382 3261 2439 de
3289 2384 3481 2439 animae
3507 2395 3697 2439 natura
3715 2426 3730 2451 ,

2134 2481 2232 2521 cur
2252 2483 2345 2536 per
2368 2472 2678 2539 sanguinem
2705 2471 2999 2542 signiﬁcata
3026 2473 3116 2540 sit,
3144 2484 3398 2544 quantum
3421 2475 3475 2530 in
3497 2491 3734 2545 praesen-

2134 2560 2205 2614 tia
2227 2560 2357 2616 satis
2379 2563 2551 2617 visum
2583 2573 2696 2631 est,
2728 2564 2981 2621 diximus.

2204 2651 2380 2706 LVIII.
2431 2652 2528 2726 [lb.
2560 2670 2721 2722 xvtu,
2752 2657 2803 2719 7,
2846 2655 2924 2729 8.]
2962 2655 3351 2728 Turpitudinem
3391 2660 3549 2729 patris
3576 2662 3653 2714 tui
3690 2673 3730 2716 et

2132 2742 2493 2810 turpitudinem
2527 2746 2703 2799 matris
2738 2754 2839 2801 tua:
2879 2764 2980 2802 non
3006 2749 3277 2815 revelabis;
3307 2750 3571 2820 turpitudo
3598 2752 3731 2805 enim

2133 2851 2304 2890 eorum
2329 2846 2401 2891 est
2431 2838 2469 2891 ί.
2503 2838 2755 2895 Prohibet
2781 2857 2901 2895 cum
2934 2852 3105 2898 matre
3130 2844 3516 2900 concumbere:
3543 2845 3622 2900 ibi
3651 2855 3729 2902 est

2132 2932 2273 2987 enim
2306 2934 2573 3003 turpitudo
2600 2936 2766 3003 patris
2794 2944 2851 2992 et
2876 2938 3081 2993 matris.
3115 2938 3245 2993 Nam
3270 2947 3453 3011 postea
3480 2939 3729 3009 prohibet

2131 3030 2186 3077 et
2221 3018 2499 3090 noverca),
2530 3026 2615 3081 ubi
2642 3026 2807 3094 dicit,
2849 3028 3234 3101 Turpitudinem
3258 3032 3433 3085 uxoris
3459 3033 3624 3103 patris
3657 3034 3726 3088 tui

2130 3132 2232 3170 non
2257 3117 2531 3183 revelabis;
2563 3120 2826 3189 turpitudo
2848 3123 2981 3176 enim
3006 3124 3165 3193 patris
3193 3124 3268 3178 tui
3295 3134 3366 3180 est
3392 3139 3412 3178 :
3439 3124 3528 3178 ubi
3556 3140 3726 3195 expo-

2128 3207 2237 3263 suit
2273 3210 2540 3279 quomodo
2584 3211 2636 3265 in
2674 3223 2846 3268 matre
2888 3215 3163 3285 utriusque
3205 3217 3276 3270 sit
3315 3216 3626 3285 turpitudo,
3676 3215 3725 3271 id

2129 3306 2211 3351 est
2243 3298 2405 3366 patris
2430 3308 2483 3353 et
2509 3301 2722 3367 matris;
2755 3302 2809 3357 in
2838 3318 3063 3359 noverca
3092 3305 3234 3359 enim
3267 3312 3472 3360 tantum
3498 3306 3689 3376 patris.

2200 3389 2335 3443 LIX.
2364 3389 2464 3463 [lb.
2488 3409 2615 3448 xvut
2635 3436 2649 3461 ,
2677 3394 2728 3459 9,
2766 3393 2878 3467 1L]
2904 3393 3293 3467 Turpitudinem
3312 3399 3498 3452 sororis
3531 3409 3639 3453 tute
3667 3415 3724 3453 e1

2127 3492 2271 3553 patre
2295 3494 2381 3537 tuo
2400 3525 2415 3550 ,
2444 3495 2533 3539 aut
2560 3503 2623 3540 ea:
2641 3496 2801 3542 matre
2826 3498 2913 3541 tua
2930 3529 2945 3553 ,
2966 3505 3080 3560 qua:
3102 3490 3240 3543 domi
3260 3499 3490 3555 estnota,
3516 3491 3595 3545 vel
3612 3506 3724 3561 qua;

2126 3575 2251 3644 foris
2274 3584 2393 3627 nata
2417 3585 2515 3640 est,
2549 3594 2648 3630 non
2669 3577 2907 3633 revelabis
2937 3579 3296 3651 turpitudinem
3321 3598 3493 3635 eorum
3515 3583 3559 3636 ⁸.
3596 3582 3721 3648 Qut:

2125 3664 2263 3717 domi
2305 3674 2427 3719 nata
2472 3678 2571 3731 est,
2620 3667 2931 3739 intelligitur
2962 3686 3026 3725 cx
3068 3679 3263 3740 patre:
3304 3687 3417 3742 qua:
3444 3672 3570 3742 foris
3601 3681 3719 3735 nata

2124 3768 2224 3823 est,
2254 3760 2566 3831 intelligitur
2592 3775 2660 3815 ex
2693 3772 2863 3818 matre
2882 3806 2895 3827 ,
2927 3764 2971 3818 si
2996 3763 3133 3819 forte
3158 3764 3223 3820 de
3253 3764 3429 3835 priore
3453 3765 3567 3819 viro
3598 3781 3717 3821 eam

2123 3860 2294 3905 mater
2332 3860 2668 3921 susceperat,
2718 3861 2772 3907 et
2812 3868 2930 3908 cum
2973 3855 3059 3909 illa
3106 3856 3160 3910 in
3202 3855 3419 3910 domum
3462 3867 3715 3924 venerat,

2122 3940 2335 4011 quando
2376 3942 2512 4011 patri
2557 3942 2673 4010 ejus
2709 3945 2917 4013 nupsit,
2945 3960 3101 4015 quem
3141 3956 3323 4002 monet
3350 3945 3624 4016 Scriptura
3651 3962 3716 4003 ne

2120 4032 2320 4089 revolet
2342 4033 2723 4103 turpitudinem
2743 4037 2944 4091 sororis
2982 4053 3112 4092 sum.
3130 4037 3229 4093 Hic
3243 4038 3454 4095 videtur
3474 4055 3577 4093 non
3600 4055 3716 4109 pro-

2121 4124 2359 4183 hibuisse
2380 4168 2396 4193 ,
2424 4136 2479 4181 et
2507 4128 2658 4196 quasi
2687 4129 3091 4198 praetermisisse
3119 4130 3459 4185 concubitum
3479 4146 3602 4186 cum
3634 4147 3714 4187 so-

2119 4231 2243 4273 rore
2264 4216 2333 4272 de
2358 4226 2583 4288 utroque
2614 4228 2836 4289 parente
2871 4228 2993 4275 nata
3027 4237 3041 4273 :
3071 4236 3177 4276 non
3208 4222 3350 4276 enim
3380 4221 3538 4290 dicit,
3571 4222 3710 4279 Tur-

2118 4312 2413 4381 pitudinem
2435 4328 2539 4367 non
2562 4312 2824 4367 revelabis
2844 4313 3043 4369 sororis
3064 4322 3169 4368 tua:
3187 4330 3253 4370 ex
3271 4324 3421 4386 patre
3440 4325 3493 4371 et
3513 4326 3708 4381 matre,

2118 4403 2246 4470 sed,
2288 4420 2354 4458 ea:
2396 4413 2541 4474 patre
2582 4412 2670 4457 aut
2706 4420 2770 4459 ea;
2807 4415 2984 4459 matre.
3016 4405 3213 4461 Verum
3242 4409 3360 4478 quis
3386 4420 3492 4462 non
3532 4408 3710 4462 videat

2118 4494 2277 4549 etiam
2307 4494 2436 4549 illud
2465 4509 2585 4550 esse
2623 4495 2946 4565 prohibitum
2977 4498 3143 4552 multo
3184 4499 3451 4554 maxime?
3479 4500 3535 4555 Si
3563 4501 3707 4554 enim

2114 4602 2221 4642 non
2269 4587 2394 4643 licet
2437 4588 2639 4643 sororis
2666 4588 3046 4658 turpitudinem
3085 4590 3323 4645 revelare
3363 4605 3429 4645 ex
3468 4591 3708 4661 quolibet

2113 4690 2333 4750 parente
2358 4689 2514 4748 natm,
2543 4691 2742 4751 quanto
2769 4682 2936 4752 magis
2958 4697 3022 4736 ex
3052 4683 3309 4752 utroque?
3334 4681 3469 4749 Quid
3499 4691 3581 4737 est
3606 4698 3706 4737 au-

2113 4783 2220 4829 tem
2248 4774 2389 4845 quod
2418 4774 2732 4844 interposita
2765 4774 3123 4843 prohibitione
3162 4773 3507 4838 concubitus,
3542 4775 3705 4829 etiam

2112 4881 2233 4921 cum
2265 4867 2374 4921 suis
2404 4867 2651 4935 neptibus
2671 4907 2684 4931 ,
2716 4864 2831 4919 sive
2854 4865 2922 4920 de
2948 4865 3058 4920 ﬁlio
3078 4908 3094 4933 ,
3125 4866 3237 4922 sive
3257 4865 3323 4921 de
3354 4868 3459 4921 lilia
3480 4910 3496 4934 ,
3519 4869 3704 4939 sequi-

2110 4965 2196 5011 tur
2230 4956 2469 5022 etdicit,
2504 4955 2889 5025 Turpitudinem
2925 4955 3050 5025 ﬁlia:
3091 4958 3263 5013 uxoris
3303 4959 3460 5029 patris
3490 4960 3562 5012 tui
3600 4977 3702 5014 non

2109 5048 2391 5104 revelabis?
2415 5048 2470 5103 Si
2501 5047 2644 5103 enim
2669 5047 2774 5103 huc
2802 5062 2971 5119 usque
2993 5049 3253 5115 dixisset,
3280 5051 3700 5122 itnelligeremus

2109 5143 2269 5198 etiam
2299 5156 2419 5195 cum
2452 5140 2558 5195 ﬁlia
2600 5154 2845 5195 noverca:
2889 5139 3211 5211 prohibitum
3250 5143 3415 5198 tuisse
3443 5144 3701 5199 concubi-

2106 5246 2253 5303 tum,
2281 5249 2439 5306 quam
2468 5250 2532 5290 ex
2574 5234 2751 5304 priore
2796 5238 2913 5289 viro
2955 5250 3184 5292 noverca
3232 5237 3552 5306 peperisset,
3598 5252 3699 5292 nec

2105 5327 2264 5397 hujus
2283 5325 2372 5398 qui
2401 5324 2711 5397 prohibetur
2737 5340 2892 5381 soror
2916 5334 3091 5393 esset,
3118 5326 3201 5382 vel
3224 5341 3287 5382 ex
3315 5336 3494 5397 patre,
3522 5328 3605 5382 vel
3627 5343 3692 5383 ex

2168 5462 2184 5495 ί
2212 5469 2339 5521 Mss,
2362 5457 2709 5525 turpitudinem
2730 5471 2912 5525 eorum.
2937 5459 3074 5525 aditi,
3106 5457 3352 5525 turpitudo
3371 5459 3499 5525 enim
3526 5472 3691 5510 ευνιετῆ

2102 5530 2189 5576 est.
2208 5531 2375 5575 Neutrz
2405 5523 2554 5585 lectio
2573 5523 2803 5574 convenit
2822 5535 2931 5572 cum
2954 5523 3206 5585 Suiptura:
3229 5530 3389 5582 textu,
3403 5523 3453 5571 in
3467 5535 3564 5585 quo
3586 5529 3695 5583 post

2101 5599 2195 5636 non
2210 5583 2455 5643 revelabis,
2478 5586 2696 5645 proxime
2719 5583 3219 5646 subsequitur,'mater
3235 5588 3320 5634 tua
3338 5590 3425 5645 est,
3445 5583 3538 5634 non
3561 5596 3693 5634 reve-

2102 5646 2590 5715 ιαίῖίεεμξρίωαῡρεηξ
2608 5646 2729 5715 eius
3034 5712 3041 5715 ,
3248 5713 3254 5715 Α
3356 5706 3384 5715 ,Α
3442 5704 3473 5715 ..

2164 5712 2185 5741 ⁸
2209 5706 2345 5774 aditi,
2370 5707 2621 5774 turpitudo
2636 5708 2763 5758 enim
2783 5721 2951 5774 earum
2972 5712 3059 5760 est.
3082 5715 3213 5769 Mssa,
3235 5706 3581 5774 turpitudinem
3601 5719 3687 5758 ea-

1970 5811 2011 5837 ...)
2101 5783 2213 5821 rum
2240 5784 2257 5821 :
2280 5770 2402 5821 hanc
2424 5769 2685 5822 lectionem
2703 5769 2949 5823 conﬁth
2968 5783 3115 5833 graec.
3141 5777 3267 5822 LXX.
