3862 6300
146 223 265 291 ⁸105

146 356 337 405 matre
368 366 382 402 :
409 361 529 402 cum
554 359 683 400 vero
718 339 955 407 addidit,
988 336 1071 394 Ea:
1097 338 1270 393 eodem
1312 343 1454 407 patre
1489 352 1631 391 soror
1670 345 1756 390 tua

146 450 260 504 est,
290 456 400 493 non
426 435 665 492 reuelabis
690 432 1050 506 turpitudinem
1078 431 1217 502 ejus,
1250 427 1552 483 manifestat
1572 427 1637 481 de
1663 441 1755 481 so-

146 546 282 586 rore
313 531 511 586 factam
541 544 660 584 esse
690 527 841 581 istam
870 523 1311 596 prohibitionem,
1339 535 1460 575 cum
1498 518 1656 573 fuerit
1689 533 1757 574 ex

148 631 312 692 patre
360 633 411 678 et
456 638 519 678 ex
563 634 822 684 noverca,
866 617 935 673 de
976 633 1078 687 qua
1119 616 1231 685 jam
1258 614 1502 683 superius
1526 612 1751 666 dixerat.

146 714 236 767 An
271 713 401 769 ideo
439 714 633 767 iterum
678 710 780 765 hoc
817 708 1053 779 apertius
1078 707 1249 763 voluit
1291 704 1601 776 prohibere,
1633 703 1755 772 quia

146 807 413 875 superius
459 804 845 860 subobscuram
892 801 1026 857 fuit?
1077 813 1220 869 saepe
1276 798 1419 855 enim
1475 800 1579 853 hoc
1630 794 1757 848 facit

148 892 463 966 Scriptura.

222 988 350 1043 LX.
386 986 486 1061 [Ib.
514 1003 674 1053 xvtn,
709 981 821 1057 14.]
861 984 1241 1055 Turpitudinem
1268 982 1439 1054 fratris
1482 980 1638 1049 patris
1681 977 1754 1031 tui

146 1098 256 1135 non
279 1080 527 1135 reuelabis
547 1121 559 1145 ,
583 1089 629 1132 et
650 1078 717 1131 ad
736 1093 943 1131 uxorem
968 1078 1076 1147 ejus
1097 1092 1197 1128 non
1221 1072 1467 1128 introibis.
1496 1070 1756 1140 Exposuit

147 1172 280 1242 quid
316 1171 540 1235 dixerit,
573 1168 957 1241 Turpitudinem
994 1167 1168 1239 fratris
1210 1166 1368 1236 patris
1403 1164 1507 1229 tui,
1555 1163 1607 1218 id
1638 1170 1751 1231 est,

148 1264 334 1333 patrui
370 1265 478 1328 tui,
526 1280 627 1317 non
673 1261 914 1317 reuelabis
936 1276 955 1315 :
983 1260 1084 1315 hoc
1125 1269 1206 1314 est
1247 1259 1421 1324 enim,
1455 1257 1522 1311 ad
1550 1274 1756 1311 uxorem

148 1356 267 1423 ejus
296 1371 404 1408 non
432 1355 681 1408 introibis.
715 1353 770 1408 In
805 1368 970 1408 uxore
998 1352 1193 1423 quippe
1218 1351 1430 1422 patrui,
1462 1350 1626 1404 voluit
1671 1350 1754 1403 in-

151 1446 328 1516 telligi
366 1447 740 1517 turpitudinem
773 1445 977 1516 patrui;
1007 1444 1143 1499 sicut
1169 1444 1221 1498 in
1244 1458 1407 1499 uxore
1433 1445 1617 1513 patris,
1646 1451 1757 1497 tur-

149 1538 459 1606 pitudinem
488 1537 675 1607 patris.

224 1628 373 1682 LXI.
408 1626 508 1701 [Ib.
536 1644 699 1695 xvur,
734 1626 846 1700 16.]
876 1626 1267 1697 Turpitudinem
1285 1628 1456 1681 uxoris
1478 1628 1650 1698 fratris
1685 1628 1756 1680 tui

150 1738 255 1776 non
283 1721 566 1787 reuelabis;
591 1722 849 1791 turpitudo
877 1722 1049 1791 fratris
1077 1722 1149 1775 tui
1175 1731 1265 1774 est.
1288 1720 1553 1788 Qumritur
1581 1730 1755 1774 utrum

152 1814 261 1869 hoc
286 1815 419 1868 vivo
459 1813 656 1881 fratre,
688 1830 754 1868 an
793 1823 1007 1868 mortuo
1048 1813 1119 1867 sit
1164 1812 1487 1883 prohibitum
1525 1821 1618 1867 :et
1651 1828 1756 1868 non

150 1922 325 1979 parva
356 1908 581 1977 quaestio
606 1915 708 1961 est.
755 1906 809 1960 Si
854 1906 995 1960 enim
1023 1905 1311 1960 dixerimus
1336 1905 1403 1959 de
1433 1904 1533 1958 vivi
1580 1904 1758 1960 fratris

153 2012 333 2052 uxore
369 1997 598 2051 locutam
640 1995 997 2066 Scripturam,
1030 2009 1136 2049 uno
1176 1995 1411 2065 generali
1454 2004 1754 2064 praecepto,

154 2106 265 2160 quo
305 2089 621 2160 prohibetur
662 2089 820 2145 homo
857 2088 925 2143 ad
965 2103 1185 2142 uxorem
1229 2086 1488 2143 accedere
1530 2088 1759 2142 alienam

156 2182 365 2253 (Exod.
420 2198 491 2238 xx
515 2224 529 2247 ,
563 2181 653 2253 14)
675 2223 689 2247 ,
731 2182 891 2237 etiam
934 2181 1038 2236 hoc
1066 2181 1247 2251 utique
1270 2182 1592 2235 continetur.
1623 2180 1758 2247 Quid

156 2284 241 2330 est
272 2291 407 2346 ergo
435 2275 573 2345 quod
605 2285 711 2329 tam
737 2274 1019 2344 diligenter
1046 2274 1141 2327 has
1184 2287 1439 2342 personas
1460 2314 1474 2338 ,
1507 2288 1639 2342 quas
1661 2288 1759 2343 ap-

157 2364 325 2435 pellat
356 2364 717 2431 domesticas,
750 2364 977 2434 propriis
1014 2362 1461 2433 probibitionibus
1489 2362 1763 2433 distinguit

159 2474 188 2512 a
216 2459 474 2515 creteris?
502 2458 617 2514 Non
655 2458 797 2514 enim
840 2466 895 2514 et
926 2457 1069 2529 quod
1101 2456 1347 2527 prohibet
1375 2456 1443 2511 de
1472 2471 1645 2511 uxore
1672 2472 1763 2527 pa-

162 2552 259 2606 tris
280 2592 297 2618 ,
333 2555 437 2606 hoc
460 2560 542 2606 est
566 2551 632 2606 de
661 2565 919 2615 noverca,
952 2551 1073 2604 vivo
1095 2560 1244 2619 patre
1268 2547 1634 2619 accipiendum
1656 2557 1759 2615 est,

161 2652 217 2699 et
242 2660 352 2698 non
388 2644 562 2714 potius
585 2651 813 2697 mortuo.
837 2642 968 2696 Nam
997 2642 1117 2697 vivo
1136 2652 1286 2712 patre
1305 2642 1423 2713 quis
1445 2656 1549 2695 non
1583 2640 1764 2695 videat

162 2733 339 2788 multo
392 2733 622 2787 maxime
671 2733 1030 2802 prohibitum,
1082 2732 1126 2786 si
1187 2731 1477 2801 cujuslibet
1532 2730 1763 2785 hominis

164 2840 303 2878 uxor
323 2823 494 2878 aliena
542 2823 801 2893 prohibita
838 2832 921 2879 est
956 2822 1212 2877 maculari
1242 2822 1537 2877 adulterio?
1568 2822 1642 2877 De
1680 2821 1763 2876 his

164 2924 297 2979 ergo
330 2910 570 2978 personis
595 2909 803 2963 videtur
832 2909 1010 2978 loqui,
1038 2925 1156 2978 qua:
1181 2919 1397 2978 possent
1429 2923 1533 2963 non
1565 2908 1764 2962 haben-

165 3008 249 3055 tes
276 3002 421 3055 viros
450 3001 502 3055 in
532 3002 927 3055 matrimonium
970 3000 1255 3055 convenire
1275 3042 1290 3067 ,
1338 3001 1437 3055 nisi
1465 3000 1605 3071 Lege
1638 3016 1761 3070 pro-

165 3090 502 3159 hiberentur,
534 3094 672 3148 sicut
718 3093 886 3148 fertur
912 3108 1033 3147 esse
1078 3092 1413 3147 consuetudo
1459 3092 1759 3146 Persarum.

163 3178 272 3236 Sed
316 3198 537 3250 rursus,
569 3186 613 3237 si
646 3183 808 3237 fratre
834 3192 1045 3237 mortuo
1071 3182 1487 3237 intellexerimus
1526 3181 1764 3251 prohibi-

167 3281 280 3326 tum
311 3287 433 3327 eSse
457 3274 652 3328 ducere
683 3274 861 3328 fratris
901 3288 1121 3327 uxorem
1141 3314 1156 3338 ,
1184 3272 1414 3325 occurrit
1441 3271 1562 3325 illud
1581 3313 1594 3334 ,
1622 3271 1765 3341 quod

163 3361 441 3416 excitandi
471 3362 693 3415 seminis
734 3375 892 3415 causa
914 3402 931 3428 ,
964 3362 1009 3415 si
1054 3360 1143 3414 ille
1186 3360 1301 3413 sine
1339 3359 1460 3412 filiis
1486 3360 1766 3414 defunctus

164 3461 316 3507 esset
336 3495 348 3512 .
372 3453 523 3522 jubet
548 3453 820 3522 Scriptura
846 3468 966 3507 esse
993 3451 1293 3506 faciendum
1316 3450 1489 3522 (Deut.
1516 3467 1639 3516 xxv,
1669 3450 1723 3523 5)
1750 3469 1763 3506 :

163 3558 231 3598 ac
264 3560 365 3612 per
392 3544 491 3598 hoc
518 3544 709 3598 collata
738 3544 836 3597 ista
866 3542 1220 3614 prohibitione
1246 3558 1365 3596 cum
1397 3542 1483 3595 illa
1504 3542 1764 3611 jussionc,

167 3650 237 3689 ne
266 3635 495 3689 invicem
522 3634 889 3700 adversentur,
915 3633 1253 3704 intelligenda
1280 3642 1361 3687 est
1399 3634 1671 3701 exceptio,
1715 3632 1767 3688 id

170 3736 274 3793 est,
310 3744 415 3780 non
449 3727 608 3782 licere
646 3729 889 3797 cuiquam
922 3727 1151 3782 defuncti
1202 3726 1380 3781 fratris
1409 3726 1603 3782 ducere
1632 3745 1767 3781 uxo-

172 3832 284 3871 rem
307 3860 323 3880 ,
352 3818 394 3872 si
417 3816 699 3873 defunctus
725 3828 966 3888 posteros
990 3816 1307 3887 dereliquit;
1335 3827 1427 3871 aut
1452 3819 1609 3871 etiam
1640 3817 1768 3873 illud

174 3924 294 3964 esse
333 3910 691 3980 prohibitum,
725 3926 791 3964 ne
830 3910 1010 3965 liceret
1058 3909 1258 3965 ducere
1298 3908 1478 3964 fratris
1510 3925 1764 3978 uxorem,

176 4001 335 4054 etiam
383 4018 501 4072 qum
537 4019 567 4056 a
605 4001 764 4056 fratre
807 4003 927 4055 vivo
975 4018 1067 4070 per
1110 4001 1389 4071 repudium
1436 4002 1764 4057 recessisset.

178 4088 325 4145 Tunc
349 4092 491 4147 enim
514 4133 527 4154 ,
554 4093 691 4147 sicut
718 4093 969 4147 Dominus
990 4091 1153 4159 dicit,
1184 4091 1252 4146 ad
1278 4093 1524 4147 duritiam
1556 4092 1768 4147 .Iuda:o-

179 4196 292 4235 rum
340 4182 548 4253 Moyses
578 4182 890 4252 permiserat
918 4185 1046 4237 dare
1074 4183 1305 4237 libellum
1330 4183 1531 4253 repudii
1555 4181 1764 4252 (Matth.

179 4290 285 4340 xix,
309 4274 401 4345 8),
430 4286 483 4330 ct
513 4290 607 4345 per
633 4276 767 4329 hanc
798 4275 1164 4330 dimissionem
1205 4275 1373 4343 potuit
1410 4276 1581 4344 putari
1625 4275 1767 4345 quod

181 4366 316 4423 licite
364 4370 643 4439 quisquam
698 4370 795 4423 sibi
840 4384 1059 4423 uxorem
1106 4370 1381 4437 cepularet
1427 4367 1636 4435 fratris,
1678 4368 1768 4425 ubi

179 4462 501 4518 adulterium
553 4480 656 4518 non
711 4463 957 4529 timeret,
987 4462 1236 4532 quoniam
1287 4462 1510 4532 repudio
1560 4463 1766 4517 disces-

180 4552 353 4609 SISSM.

249 4646 409 4701 LXII.
446 4643 545 4719 [Ib.
580 4661 728 4711 xvm,
762 4643 873 4718 17]
903 4642 1291 4714 Turpitudinem
1321 4644 1545 4697 mulieris
1577 4653 1621 4697 et
1648 4645 1771 4713 ﬁlim

183 4738 287 4805 ejus
321 4755 423 4791 non
468 4736 748 4791 reuelabis:
788 4737 839 4790 id
870 4747 967 4801 est,
1003 4751 1069 4789 ne
1115 4744 1259 4805 putet
1303 4734 1578 4805 quisquam
1610 4736 1771 4789 licere

184 4829 277 4883 sibi
309 4830 507 4885 ducere
533 4830 690 4884 filiam
724 4828 905 4883 uxoris
930 4844 1059 4882 sum.
1083 4825 1253 4882 Simul
1283 4827 1425 4882 enim
1454 4826 1688 4880 mulieris
1717 4834 1771 4880 et

187 4917 301 4973 lilite
328 4920 447 4989 ejus
479 4937 584 4974 non
616 4919 737 4972 licet
763 4917 1002 4972 revelare
1034 4916 1433 4986 turpitudinem,
1462 4915 1514 4969 id
1539 4924 1622 4969 est
1653 4929 1767 4968 am-

187 5005 349 5065 babus
376 5012 609 5077 misceri,
633 5020 685 5065 et
711 5012 863 5063 matri
893 5018 946 5063 et
976 5008 1115 5063 filim.

256 5100 433 5156 LXIII.
464 5101 561 5175 [lb.
594 5119 741 5161 xvut.
778 5103 862 5160 17.
898 5098 1009 5173 18.]
1038 5098 1346 5168 Filiam/iiii
1382 5101 1492 5170 ejus
1529 5108 1574 5152 ct
1609 5098 1770 5167 ﬁliam

192 5189 307 5256 ﬁlice
348 5197 456 5263 ejus
496 5210 592 5246 non
629 5194 862 5261 accipies.
895 5192 1063 5245 Etiam
1110 5203 1323 5259 neptem
1352 5191 1530 5245 uxoris
1564 5190 1630 5244 dc
1662 5190 1771 5244 filio

194 5281 268 5333 vel
308 5283 374 5337 de
416 5284 522 5338 filia
564 5283 687 5337 duci
720 5282 1004 5352 prohibuit.
1053 5281 1275 5337 Uxorem
1320 5299 1471 5352 super
1505 5283 1769 5337 sororem‘

194 5370 294 5441 ejus
319 5391 418 5428 non
444 5376 656 5445 accipies
674 5376 726 5427 in
748 5376 933 5428 zelum.
966 5372 1062 5428 llic
1083 5390 1189 5429 non
1219 5374 1486 5444 prohibuit
1508 5372 1771 5441 superdu-

195 5475 329 5533 cere,
353 5468 494 5534 quod
526 5467 717 5523 licebat
745 5466 975 5538 antiquis
1007 5476 1223 5537 propter
1247 5466 1623 5520 abundantiam
1643 5481 1770 5536 pro-

196 5561 479 5627 pagationis
520 5578 533 5614 :
574 5560 668 5615 sed
720 5574 960 5615 sororem
1007 5559 1177 5614 sorori
1234 5558 1404 5613 noluit
1454 5557 1767 5627 superduci;

256 5670 274 5704 ι
295 5674 366 5726 sic
384 5681 490 5729 uss.
516 5682 568 5728 et
588 5681 715 5727 Lxx.
739 5682 796 5727 At
819 5672 957 5731 editi.
977 5681 1128 5732 super
1149 5685 1353 5728 uxorem
1375 5686 1606 5732 sororem.
1622 5682 1718 5728 etc.

1483 216 1690 277 LIBER
1725 213 2041 280 TERTIUS.

3349 227 3456 291 700

1859 337 2001 406 quod
2040 337 2249 393 videtur
2282 336 2475 395 fecisse
2515 337 2681 397 Jacob
2721 340 2870 414 (Gen.
2907 359 3044 409 xxx,
3075 342 3294 413 22-28),
3336 348 3451 404 sive

1863 433 1985 502 quia
2012 433 2246 488 nondum
2277 432 2451 488 fuerat
2480 433 2595 505 lege
2620 435 2943 505 prohibitum
2962 479 2977 501 ,
3018 437 3130 492 sive
3158 440 3280 507 quia
3323 454 3454 510 sup-

1863 525 2048 594 posita:
2092 526 2310 581 alterius
2351 525 2538 582 fraude
2571 527 2824 600 deceptus
2850 537 2951 595 est,
2990 538 3046 585 et
3070 530 3154 585 illa
3181 533 3349 602 magis
3382 534 3449 590 de

1863 617 2054 685 placito
2092 619 2357 684 veniebat,
2400 634 2560 689 quam
2598 621 2866 689 posterius
2904 623 3137 693 accepit;
3177 623 3273 679 sed
3306 624 3451 693 inju-

1862 717 2003 765 stum
2028 720 2143 765 erat
2174 711 2407 780 priorem
2435 711 2647 777 dimitti,
2686 728 2755 767 ne
2787 712 2989 769 faceret
3019 729 3136 769 eam
3170 715 3449 770 mocchari.

1861 799 1973 854 IIoc
1998 810 2175 856 autem
2197 802 2339 871 quod
2367 802 2440 857 ait
2460 802 2511 856 in
2527 802 2713 871 zelum,
2739 813 2914 859 utrum
2945 803 3066 860 ideo
3095 805 3325 876 positum
3345 816 3449 872 est,

1862 908 1929 945 ne
1959 893 2027 947 sit
2049 892 2196 948 zelus
2223 893 2362 948 inter
2384 909 2618 963 sorores,
2647 896 2737 966 qui
2785 897 2923 952 inter
2946 897 3060 953 illas
3085 913 3204 968 quae
3238 912 3453 953 sorores

1862 998 1966 1038 non
2009 994 2189 1039 essent
2230 986 2653 1043 contemnendus
2680 987 2815 1043 fuit?
2847 990 2865 1021 ⁸
2898 1005 2968 1043 an
3008 990 3127 1046 ideo
3154 991 3350 1061 potius,
3383 1006 3452 1047 ne

1860 1085 2079 1146 propter
2104 1076 2208 1132 hoc
2243 1077 2355 1145 fiat,
2399 1079 2448 1133 id
2488 1086 2573 1135 est
2602 1094 2668 1135 ne
2708 1079 2811 1136 hoc
2835 1081 3015 1136 animo
3043 1081 3154 1149 fiat,
3183 1091 3243 1138 ut
3266 1081 3320 1138 in
3350 1098 3443 1138 ze-

1860 1166 1968 1222 lum
1990 1169 2192 1223 sororis
2218 1183 2371 1224 soror
2399 1170 2823 1239 superducatur?

1931 1257 2115 1313 LXIV.
2140 1257 2241 1331 [Ib.
2270 1275 2423 1328 xvnt,
2445 1259 2638 1333 19.].Et
2667 1262 2736 1314 ad
2756 1262 3013 1317 mulierem
3034 1264 3087 1316 in
3108 1266 3451 1335 segregatione

1858 1349 2194 1405 immunditite
2217 1353 2327 1420 ejus
2348 1369 2447 1406 non
2462 1353 2666 1407 accedes
2681 1355 2901 1409 reuelare
2920 1356 3281 1425 turpitudinem
3302 1358 3409 1427 ejus
3431 1373 3451 1412 :

1860 1442 1913 1497 id
1937 1452 2040 1507 est,
2066 1445 2132 1498 ad
2156 1454 2537 1501 menstruatam
2560 1447 2837 1502 mulierem
2856 1464 2960 1502 non
2990 1449 3231 1505 accedes.
3260 1448 3455 1521 Segre-

1862 1534 2085 1602 gabatur
2125 1536 2268 1590 enim
2308 1536 2600 1591 secundum
2636 1536 2831 1607 Legem
2856 1580 2872 1606 ,
2919 1550 3134 1610 propter
3161 1541 3450 1597 immundi-

1864 1626 2009 1678 tiam.
2041 1625 2154 1680 lloc
2193 1642 2315 1682 cum
2351 1628 2597 1696 superius
2626 1629 2757 1683 satis
2795 1628 3120 1686 sufficienter
3147 1632 3453 1701 prohibuis-

1862 1724 1941 1769 set
1963 1714 2147 1785 (Leuit.
2178 1732 2273 1783 xv,
2300 1717 2510 1787 l9-27),
2539 1718 2665 1788 quid
2705 1719 2805 1772 sibi
2843 1720 2955 1773 vult
2996 1721 3135 1790 quod
3164 1724 3323 1777 etiam
3367 1723 3453 1779 hic

1862 1804 1963 1860 hoc
1998 1807 2198 1861 eisdem
2230 1809 2508 1878 praeceptis
2543 1808 2708 1864 voluit
2738 1810 3064 1882 adjuugere?
3099 1815 3179 1867 An
3223 1813 3360 1869 forte
3399 1814 3455 1870 in

1861 1897 2224 1965 superioribus
2252 1900 2392 1968 quod
2420 1899 2529 1968 jam
2574 1900 2773 1956 dictum
2808 1910 2909 1967 est,
2941 1917 3009 1957 ne
3051 1902 3272 1973 ﬁgurate
3308 1906 3453 1959 acci-

1864 1989 2113 2059 piendum
2151 1999 2443 2059 putaretur,
2473 1992 2633 2047 etiam
2674 1993 2760 2048 hic
2799 1994 3027 2063 positum
3068 2004 3171 2060 est,
3210 1995 3295 2049 ubi
3328 1995 3454 2051 talia

1865 2081 2132 2150 prohibita
2166 2094 2311 2148 sunt,
2348 2100 2468 2154 qua:
2504 2085 2664 2140 etiam
2698 2094 2941 2156 tempore
2968 2086 3099 2141 Novi
3125 2087 3455 2143 Testamenti

1864 2185 2070 2231 remota
2104 2177 2412 2233 umbrarum
2449 2190 2687 2233 veterum
2724 2179 3120 2247 observatione,
3147 2180 3264 2234 sine
3292 2178 3456 2234 dubio

1863 2269 2211 2325 custodienda
2236 2270 2395 2325 sunt?
2420 2271 2572 2339 Quod
2601 2271 2811 2327 videtur
2834 2273 2991 2328 etiam
3021 2288 3116 2343 per
3138 2272 3455 2344 prophetam

1866 2359 2203 2416 Ezechielem
2240 2361 2591 2432 significasse,
2629 2364 2720 2433 qui
2767 2365 2904 2419 inter
2950 2364 3038 2418 illa
3087 2374 3300 2434 peccata
3336 2378 3456 2433 qua!

1866 2467 1971 2506 non
2015 2452 2273 2523 figuratae,
2324 2455 2416 2508 sed
2464 2456 2757 2510 manifestae
2788 2456 3081 2527 iniquitatis
3108 2467 3252 2524 sunt,
3294 2458 3457 2512 etiam

1866 2542 1969 2598 hoc
2002 2553 2406 2610 commemorat,
2437 2545 2501 2599 ad
2535 2546 2813 2601 mulierem
2858 2557 3239 2602 menstruatam
3265 2548 3310 2601 si
3338 2547 3459 2617 quis

1865 2635 2112 2701 accedat;
2167 2644 2221 2689 et
2276 2634 2415 2689 inter
2449 2634 2670 2705 justitian
2719 2638 2943 2704 merita,
3000 2638 3043 2691 si
3089 2653 3195 2691 non
3238 2637 3458 2693 accedat

1868 2729 2077 2800 (Ezeclt.
2102 2744 2246 2793 xvnt,
2267 2728 2320 2793 6,
2362 2738 2409 2782 et
2444 2745 2578 2794 χχιι,
2624 2728 2736 2799 10).
2778 2729 2893 2797 Qua
2944 2729 2997 2784 in
3031 2744 3091 2785 re
3130 2746 3235 2785 non
3267 2741 3455 2785 natura

1866 2824 2186 2889 damnatur,
2252 2822 2345 2878 sed
2394 2821 2755 2892 concipienda:
2820 2822 2955 2892 proli
3008 2823 3224 2877 noxium
3280 2823 3456 2892 perhi-

1867 2917 2020 2971 betur
2039 2919 2081 2970 ³.

1935 3008 2095 3062 LXV.
2129 3006 2229 3080 [Ib.
2259 3023 2405 3073 xvm,
2432 3006 2551 3078 20.]
2573 3005 2641 3059 Et
2674 3006 2741 3058 ad
2766 3021 2974 3060 uxorem
3009 3007 3227 3076 proximi
3252 3007 3326 3060 tui
3357 3024 3458 3062 non

1866 3101 2009 3154 dabis
2042 3100 2357 3155 concubitum
2392 3099 2595 3153 seminis
2629 3098 2723 3166 tui,
2762 3098 3018 3170 inquinari
3058 3100 3125 3153 ad
3163 3116 3290 3154 eam.
3318 3099 3458 3157 Ecce

1868 3191 1955 3245 ubi
2002 3206 2187 3245 rursus
2227 3191 2472 3261 prohibet
2514 3189 2870 3258 adulterium,
2925 3189 3065 3261 quod
3111 3206 3231 3246 cum
3284 3192 3458 3248 aliena

1868 3299 2036 3339 uxore
2062 3284 2428 3348 committitur,
2469 3284 2612 3354 quod
2632 3285 2795 3339 etiam
2822 3287 2872 3338 in
2902 3285 3164 3355 Decalogo
3199 3288 3454 3356 prohibe-

1870 3385 1954 3429 tur
1985 3374 2178 3445 (Exod.
2208 3392 2296 3441 xx,
2323 3377 2433 3445 14).
2461 3375 2614 3431 Unde
2642 3386 2864 3447 apparet
2894 3377 2980 3430 illa
3000 3378 3066 3431 ita
3086 3378 3370 3447 prohibita,
3401 3387 3459 3434 ut

1870 3468 2027 3523 etiam
2052 3469 2273 3522 mortuis
2295 3468 2422 3522 viris
2444 3468 2554 3522 suis
2581 3484 2686 3522 non
2712 3468 2973 3523 ducantur
2996 3485 3209 3538 uxores,
3228 3488 3457 3541 quarum

1871 3558 2113 3628 prohibet
2134 3558 2511 3627 turpitudinem
2544 3558 2787 3612 revelari.

1942 3650 2122 3707 LXVI.
2144 3650 2242 3722 [Ib.
2272 3666 2418 3714 xvttl,
2452 3647 2570 3721 2l.]
2603 3649 2665 3703 Et
2687 3667 2717 3701 a
2741 3651 2928 3703 semine
2943 3660 3028 3703 tuo
3052 3668 3151 3705 non
3179 3651 3323 3706 dabis
3346 3669 3457 3707 ser-

1870 3742 1973 3794 uire
2022 3742 2256 3811 principi.
2319 3742 2413 3794 llic
2453 3755 2556 3794 non
2599 3740 2753 3795 video
2796 3742 2922 3811 quid
2971 3743 3311 3814 intelligatur,
3358 3744 3459 3799 nisi

1872 3833 2095 3900 principi
2126 3833 2216 3902 qui
2244 3847 2338 3902 pro
2368 3832 2474 3885 Deo
2507 3832 2718 3886 colitur.
2761 3831 2877 3887 Non
2914 3834 3054 3887 enim
3096 3836 3168 3889 ait
3207 3840 3457 3905 seuiebat»,

1871 3923 1965 3978 sed
1993 3932 2247 3995 λατρεύειν,
2292 3927 2342 3977 in
2365 3938 2559 3994 graeco,
2592 3925 2731 3993 quod
2764 3924 2956 3980 latinus
2982 3942 3086 3981 non
3121 3928 3257 3983 solet
3293 3930 3461 3985 inter-

1874 4017 2089 4084 pretari,
2123 4018 2221 4070 nisi
2254 4026 2311 4070 ut
2332 4016 2474 4071 diCaI
2500 4016 2686 4069 seruire
2712 4031 2732 4080 ;
2770 4017 3051 4086 plurimum
3077 4028 3249 4073 autem
3279 4020 3459 4075 distat.

1872 4107 2005 4163 Nam
2027 4109 2225 4163 servire
2247 4108 2553 4164 hominibus
2577 4108 2715 4163 sicut
2735 4110 2874 4164 servi
2896 4112 3154 4176 serviunt,
3182 4113 3321 4181 quod
3352 4128 3459 4169 non

1872 4208 1953 4255 est
1992 4206 2248 4271 λατριὺειν,
2294 4200 2388 4254 scd
2431 4204 2679 4265 δουλεύειν,
2716 4199 2989 4270 Scriptura
3028 4217 3132 4256 non
3179 4202 3458 4270 prohibet:

1873 4292 2078 4346 servire
2102 4301 2281 4345 autem
2310 4290 2601 4345 secundum
2621 4290 2672 4344 id
2692 4290 2833 4360 quod
2865 4300 2948 4345 est
2974 4299 3230 4363 λατρεὺιι-ι,
3256 4294 3463 4362 nonju-

1874 4382 2029 4437 betur
2074 4382 2396 4447 hominibus,
2428 4381 2528 4435 nisi
2560 4381 2648 4435 uni
2689 4396 2817 4435 vero
2850 4381 2978 4449 Deo,
3026 4383 3163 4437 sicut
3206 4384 3462 4453 scriptum

1875 4483 1975 4539 est,
2008 4474 2279 4527 Dominum
2313 4473 2478 4526 Deum
2509 4482 2651 4526 tuum
2675 4471 2931 4539 adorabis,
2956 4483 3002 4527 et
3039 4475 3113 4527 illi
3152 4477 3245 4529 soli
3282 4478 3464 4532 servies

1877 4566 2051 4637 (Deut.
2080 4581 2151 4631 γι,
2191 4567 2302 4636 15).
2330 4564 2443 4619 Non
2471 4565 2645 4620 solum
2677 4574 2855 4619 autem
2892 4567 2991 4620 hoc
3014 4567 3194 4632 verba,
3225 4568 3365 4637 quod
3391 4570 3465 4625 ait

1876 4661 2130 4728 λατρεύειν,
2157 4657 2285 4709 satis
2310 4656 2571 4726 significat
2597 4671 2753 4725 quem
2778 4656 3067 4727 principem
3097 4658 3258 4722 dicat,
3285 4658 3333 4712 id
3357 4668 3459 4724 est,

1876 4749 1961 4803 cui
2004 4750 2177 4803 cultus
2208 4757 2457 4818 tanquam
2496 4748 2604 4802 Deo
2638 4747 2947 4812 exhibetur;
2983 4764 3167 4802 verum
3201 4751 3361 4803 etiam
3396 4766 3462 4805 eo

1877 4841 2016 4911 quod
2043 4842 2299 4912 adjungit,
2329 4841 2395 4895 Et
2416 4858 2515 4895 non
2538 4839 2830 4910 profanabis
2864 4856 3043 4893 nomen
3068 4852 3320 4907 sanctum,
3352 4842 3466 4896 sive

1878 4937 1993 5001 Dei,
2034 4934 2101 4990 de
2137 4935 2289 5004 cujus
2316 4934 2513 5004 populo
2534 4932 2555 4965 ³
2584 4932 2741 4988 datur
2768 4934 2859 4987 illo
2890 4933 3049 4987 modo
3085 4934 3287 4987 servire
3316 4932 3464 4999 prin-

1878 5029 2009 5099 cipi;
2054 5029 2165 5085 sive
2195 5044 2389 5083 nomen
2431 5036 2668 5082 sanctum
2698 5027 2862 5097 ipsius
2890 5026 3067 5096 populi
3109 5024 3301 5089 Israel,
3337 5039 3464 5093 pro-

1878 5132 1997 5193 pter
2023 5122 2163 5191 qUod
2191 5121 2403 5184 dicitur,
2447 5119 2626 5175 Sancti
2658 5130 2833 5182 estate,
2871 5118 3109 5187 quoniam
3137 5134 3225 5187 ego
3264 5127 3466 5169 sanctus

1879 5231 1990 5269 sum
2022 5211 2204 5285 (Leuit.
2239 5229 2310 5273 at,
2340 5212 2443 5275 μς
2477 5228 2583 5277 xtx,
2616 5211 2686 5275 2;
2717 5208 2800 5262 etl
2832 5208 2973 5261 Petr.
2998 5223 3035 5268 ι,
3064 5208 3171 5277 16).
3200 5207 3297 5275 Ονί
3319 5218 3468 5259 ortu-

1881 5307 2101 5363 nissime
2130 5307 2289 5361 etiam
2314 5305 2398 5358 hic
2418 5304 2677 5372 adjungit,
2706 5300 2818 5369 Ego
2855 5298 3135 5363 Dominus;
3160 5299 3260 5352 hoc
3290 5300 3470 5367 utique

1944 5424 1961 5455 ι
1986 5427 2037 5471 ιιι
2076 5422 2300 5471 omnibus
2334 5430 2504 5480 prone;
2536 5424 2639 5480 Mss.
2673 5422 2851 5480 neutro
2888 5424 3111 5475 genere,
3150 5411 3471 5473 zelum.......,

1879 5485 2007 5550 quod
2036 5517 2170 5550 .__.._....
2198 5475 2587 5550 contenuiindum
2610 5475 2718 5550 fuit.
2744 5546 2755 5550 _
2807 5549 2814 5550 ί
2861 5545 2894 5550 η
3106 5536 3137 5550 μ
3272 5535 3283 5550 Ξ

1943 5550 1964 5578 ²
1989 5547 2125 5597 aditi.
2151 5540 2297 5607 prolis
2320 5537 2517 5588 nmium
2542 5536 2834 5601 prohibetur.
2861 5545 2986 5599 Mss,
3011 5536 3137 5601 proli
3168 5536 3366 5587 nmium
3387 5547 3402 5596 ;
3423 5542 3474 5585 et

1971 5608 2047 5650 his
2070 5605 2308 5650 oleriaue.
2336 5599 2515 5650 veritib.
2531 5608 2626 5650 tur.

1883 5622 1945 5661 ex
1971 5608 2047 5656 bis
2069 5605 2515 5718 pleriqueggerltib.
2531 5608 2626 5650 tur.
2654 5663 2663 5671 _
2773 5662 2783 5671 .

1945 5669 2271 5719 uicus.“
2372 5670 2549 5729 u,swe
2576 5661 2978 5729 Deumpoputo

2410 5700 2427 5729 ρ
2453 5697 2546 5717 οη
2576 5697 2684 5729 υνο,
2703 5697 2783 5716 νκο
2804 5697 2990 5729 rvpi“-

1945 5669 2271 5719 'sicilsstu
