3862 6312
436 180 543 247 Μ
1242 180 1712 243 QUASSTIONUII
1745 180 1806 226 δ.
1846 180 2021 223 eum

434 294 745 359 “manens,
774 292 900 364 quia
925 290 1006 349 illi
1026 289 1128 349 soli
1148 288 1375 353 debetur
1394 298 1612 363 λατρείης,
1637 285 1691 345 id
1716 293 1798 343 est
1815 298 1881 341 ea
1906 296 2021 340 ser-

435 395 575 445 vitus
598 400 701 456 qua
730 383 960 439 servitur
983 382 1112 441 Deo.
1548 450 1575 457 η
1690 452 1695 457 ί

504 474 710 534 LXVII.
741 474 840 547 [111.
871 487 1020 538 xvut,
1047 459 1168 545 25.]
1188 464 1339 540 Quod
1361 467 1509 534 dicit,
1528 464 1595 522 Et
1615 464 1870 521 exhorruit
1888 470 2023 520 terra

434 586 521 627 eos
547 569 632 639 qui
656 566 871 625 insident
898 581 1051 638 super
1073 579 1203 627 eant,
1234 571 1449 633 propter
1479 560 1615 614 mala
1652 557 1786 613 facta
1812 571 2021 629 eorum,

435 679 556 735 qua:
585 661 829 732 superius
853 655 1306 717 commemoravit,
1331 668 1437 715 non
1464 652 1582 707 ideo
1605 649 1801 749 dict-nm
1836 657 2023 749 putan-

436 752 563 813 dum
592 760 695 819 est,
726 749 867 822 quod
900 750 1088 807 habent
1132 754 1269 803 terra
1308 759 1522 800 sensum
1557 758 1663 813 quo
1706 740 1802 794 ista
1830 740 2022 795 sentiat

440 854 496 911 et
537 842 853 905 exhorreat;
884 839 978 897 sed
1022 837 1235 893 1101111110
1265 844 1420 890 terra:
1460 833 1701 887 homines
1739 828 2021 919 significat,

437 906 525 1005 qui
553 940 677 989 sunt
696 946 853 1003 super
874 938 1087 984 terram.
1112 926 1341 984 Proinde
1368 939 1489 979 eum
1523 924 1636 977 11100
1659 921 1793 975 mala
1824 914 2022 975 faciunt

437 1025 702 1090 Itamines,
744 1022 1020 1094 inquinant
1063 1028 1282 1087 terram,
1323 1018 1445 1089 quia
1480 1015 1819 1087 inquinantur
1846 1009 2015 1066 homi-

437 1132 533 1171 nes
578 1115 666 1186 qui
699 1115 811 1169 haec
841 1112 1142 1176 imitantur;
1185 1118 1241 1166 et
1273 1108 1524 1167 exhorret
1567 1116 1728 1171 terra,
1773 1104 1894 1175 quia
1922 1119 2019 1159 ex-

435 1208 655 1265 borrent
680 1206 923 1261 homines
948 1205 1036 1273 qui
1063 1218 1160 1261 nec
1184 1201 1383 1257 faciunt
1412 1214 1510 1255 nec
1535 1198 1826 1257 imitantur.
1942 1280 1947 1283 _

508 1292 741 1359 LXVIII.
773 1294 872 1371 [111.
913 1310 1025 1358 xxx,
1076 1290 1193 1367 IL]
1245 1291 1365 1348 Non
1401 1290 1593 1361 furtum
1630 1289 1826 1359 facietis
1864 1302 2023 1358 neque

432 1388 760 1453 mentietuiui,
795 1401 953 1455 neque
976 1384 1281 1439 calunmiam
1302 1383 1453 1454 faciet
1484 1380 1821 1452 unusquisque
1842 1377 2019 1449 proxi-

433 1494 536 1537 ma.
562 1475 693 1533 Illud
716 1477 785 1531 de
807 1477 944 1531 furto
976 1475 1203 1543 positum
1235 1484 1319 1527 cst
1348 1473 1400 1528 in
1435 1460 1715 1543 Det-alogo.
1748 1470 1899 1537 Quod
1924 1486 2019 1524 au-

434 1578 541 1625 tem
571 1569 720 1635 dicit,
767 1566 939 1634 Neque
970 1565 1297 1630 meutiemiui,
1340 1580 1497 1632 neque
1529 1561 1834 1616 calumniam
1870 1560 2020 1630 faciet

432 1660 774 1730 unusquisque
798 1658 1048 1726 proximo,
1077 1657 1268 1719 1111111111
1297 1656 1340 1710 si
1375 1669 1480 1708 non
1506 1670 1569 1708 eo
1601 1664 1865 1723 0110001110
1888 1667 2016 1706 con-

434 1751 653 1815 tinetur,
680 1746 822 1819 quod
863 1748 930 1801 ibi
964 1748 1191 1817 positqu
1218 1754 1320 1809 est,
1351 1738 1529 1816 Neque
1566 1744 1752 1813 falsum
1792 1741 2017 1795 testimoé
2046 1788 2059 1795 -

432 1841 573 1895 nium
605 1840 739 1893 dices
779 1838 1043 1892 aduersum
1080 1838 1368 1908 proximum
1403 1846 1544 1888 tuum
1573 1828 1769 1906 (Exod.
1804 1849 1893 1900 xx,
1928 1832 2013 1901 l5,

434 1931 554 2003 16);
582 1930 830 2001 quoniam
861 1945 1030 2001 neque
1051 1928 1311 1984 calumnia
1333 1927 1451 1985 sine
1476 1925 1751 1981 mendacio
1778 1924 1891 1979 fieri
1920 1940 2015 1995 po-

432 2032 560 2087 test,
604 2022 747 2093 quod
795 2022 912 2078 falsi
958 2020 1249 2077 testimonii
1287 2019 1632 2091 generalitate
1664 2016 2013 2072 concluditur.

430 2110 536 2181 Sed
562 2124 736 2171 utrum
757 2113 869 2168 11ωο
889 2113 1062 2182 aliqua
1090 2110 1521 2181 compensatione
1540 2106 1863 2165 admittenda
1887 2109 2012 2174 sint,

431 2220 621 2274 magna
648 2204 871 2275 quaestio
901 2213 983 2258 est
1011 2220 1024 2256 :
1057 2202 1194 2257 sicut
1222 2201 1289 2256 de
1319 2200 1594 2255 mendacio
1618 2216 1751 2270 pene
1773 2198 2016 2253 omnibus

430 2294 654 2363 videtur,
688 2293 830 2378 quod
861 2292 947 2347 ubi
975 2307 1132 2347 nemo
1155 2288 1382 2359 heditnr,
1417 2306 1510 2362 pro
1542 2291 1710 2346 salute
1751 2291 2014 2345 mentien-

428 2372 553 2453 dum
583 2394 683 2443 est.
709 2372 895 2439 Utrum
923 2398 1050 2452 ergo
1077 2382 1144 2437 ita
1174 2391 1228 2436 et
1262 2382 1328 2436 de
1364 2379 1541 2435 furto?
1567 2396 1632 2434 an
1675 2380 1868 2434 furtum
1901 2379 2013 2434 fieri

428 2490 535 2539 non
566 2484 755 2547 petest,
796 2474 885 2529 ubi
918 2472 1093 2528 mtIlus
1119 2472 1366 2527 Luditur?
1394 2473 1646 2541 Quiuimo
1678 2472 1789 2528 fieri
1818 2482 2011 2543 potest,

426 2556 585 2629 etiam
629 2563 838 2635 quando
867 2564 918 2620 ei
950 2565 1033 2618 cui
1067 2565 1123 2619 Iit
1164 2564 1474 2627 consulitur,
1516 2574 1763 2634 tanquam
1794 2564 1836 2618 si
1863 2565 2014 2635 quis-

425 2671 582 2726 quam
620 2650 821 2708 homini
856 2652 1054 2708 volenti
1094 2668 1153 2709 se
1188 2652 1465 2717 occidere,
1514 2654 1744 2724 gladium
1787 2652 2007 2709 foretur.

423 2734 557 2802 Nam
580 2744 845 2800 calumnia
871 2744 1054 2800 nescio
1085 2756 1259 2800 utrum
1292 2745 1537 2815 Cuiquam
1565 2746 1631 2798 ad
1669 2746 1782 2814 ejus
1811 2745 2011 2799 utilita-

422 2831 530 2890 tem
560 2836 671 2891 Ileri
698 2835 901 2906 possit:
927 2836 1025 2889 nisi
1064 2834 1203 2890 forte
1246 2834 1385 2905 quod
1435 2835 1502 2888 ad
1552 2836 1720 2903 majus
1760 2836 2009 2905 gaudium

423 2925 613 2991 fiebat,
641 2942 747 2995 quo
774 2934 954 2994 postea
988 2923 1311 2992 fruerentur,
1336 2925 1473 2993 quod
1497 2925 1692 2995 Ioseph
1719 2925 1785 2980 de
1807 2927 2009 2998 scypho

421 3014 841 3070 calumniabatur
883 3016 1132 3072 fratribus
1161 3018 1299 3080 suis,
1352 3018 1544 3087 quibus
1566 3018 1722 3071 etiam
1762 3019 2007 3087 explora-

419 3106 581 3163 tionis
600 3106 785 3161 falsum
814 3109 1016 3162 crimen
1042 3109 1341 3163 intenderat
1376 3107 1525 3179 (Gen.
1547 3125 1690 3175 κων,
1716 3110 1768 3174 5,
1809 3120 1853 3164 et
1877 3124 2005 3177 ml,

420 3194 477 3268 9,
509 3199 617 3272 14).
654 3199 966 3270 Quanquam
1006 3200 1050 3255 si
1092 3196 1490 3256 delinitiooibus
1521 3203 1617 3255 ista
1647 3204 2007 3258 determinare

422 3300 712 3355 tentemus,
742 3290 966 3347 fortasse
996 3292 1191 3346 I'urtum
1222 3305 1323 3344 non
1348 3300 1449 3356 est,
1475 3291 1575 3345 nisi
1598 3291 1808 3361 quando
1829 3294 2004 3348 alieno

417 3385 623 3440 occulte
652 3385 829 3439 ablato
872 3385 1146 3455 proximus
1189 3384 1432 3450 lzcditur;
1490 3395 1544 3440 et
1583 3385 1846 3440 calumnia
1895 3400 2000 3441 non

414 3474 518 3543 'é‘st,
561 3478 663 3532 nisi
703 3477 914 3547 quando
960 3477 1073 3532 falsi
1117 3477 1354 3532 criminis
1392 3477 1691 3546 objectione
1733 3479 2002 3543 proximus

420 3567 667 3624 Iteditur:
693 3569 1024 3624 mendacium
1052 3576 1228 3623 autem
1260 3580 1361 3622 11011
1388 3582 1668 3637 possumus
1682 3569 1859 3623 dicere
1878 3576 2001 3623 tunc

412 3652 781 3719 tantummodo
828 3676 977 3728 esse,
1028 3661 1238 3732 quando
1288 3663 1560 3731 proximus
1596 3660 1834 3727 heditnr;
1877 3679 1997 3718 cum

411 3751 552 3807 enim
589 3751 778 3808 falsum
809 3753 877 3809 ah
909 3755 1111 3812 sciente
1141 3755 1354 3820 dicitur,
1386 3757 1563 3824 procul
1589 3755 1750 3811 (1111110
1778 3758 1999 3812 1110111111-

408 3830 550 3898 cium
596 3854 697 3908 est,
743 3844 856 3898 sive
899 3842 992 3897 illo
1044 3845 1341 3915 quisquam,
1392 3845 1508 3899 sive
1549 3861 1710 3901 nemo
1753 3849 1992 3902 laedatur.

408 3918 639 3990 Proinde
675 3949 862 4003 magna
899 3935 1121 4004 quarstio
1162 3933 1230 3990 de
1284 3935 1580 3999 mendacio,
1614 3946 1790 3992 utrum
1832 3942 1997 4008 possit

409 4022 693 4093 aliquando
726 4024 926 4096 justum
955 4026 1075 4081 esse
1116 4024 1469 4089 mendacium,
1506 4025 1659 4083 facile
1691 4029 1995 4085 solveretur

408 4112 654 4182 fortasse,
693 4116 736 4170 si
767 4116 879 4171 Sola
920 4126 1179 4188 przecepta
1210 4116 1558 4184 Intuerentur,
1591 4132 1696 4173 non
1728 4131 1781 4174 et
1809 4136 1991 4175 exeni-

404 4205 512 4279 pla.
544 4205 672 4261 Nam
703 4206 826 4278 quid
858 4208 958 4264 isto
993 4212 1258 4278 prmcepto
1287 4207 1603 4275 absolutius,
1643 4206 1765 4265 Non
1788 4214 1991 4267 mentie-

405 4290 564 4356 iitiui?
592 4300 679 4356 Sic
707 4301 848 4356 enim
887 4299 1084 4357 dictum
1113 4312 1215 4369 est,
1244 4302 1533 4374 quomodo,
1574 4302 1695 4360 Non
1729 4306 1884 4376 facies
1905 4307 1992 4361 tibi

403 4390 798 4465 idolum;quod
845 4394 1039 4449 factum
1088 4410 1190 4449 non
1238 4400 1412 4467 potest
1456 4397 1742 4469 aliquando
1782 4399 1989 4470 justum

404 4486 552 4552 csse;
591 4491 643 4539 et
681 4486 948 4557 quomodo
974 4486 1170 4541 dictum
1201 4498 1300 4553 est,
1335 4486 1451 4542 Non
1483 4490 1845 4547 moechaberis:
1868 4493 1989 4562 quis

402 4580 577 4630 autem
613 4576 755 4630 dicat
782 4576 1065 4649 aliquando
1093 4578 1373 4634 mmchiam
1398 4582 1596 4650 justam
1638 4600 1757 4639 esse
1794 4585 1987 4655 posse?

400 4660 489 4733 Et,
519 4662 638 4721 Non
660 4668 909 4740 furaberis
932 4686 950 4723 :
971 4671 1261 4727 secundum
1291 4673 1813 4732 cnimdefinitiOnem
1844 4678 1987 4735 illam

397 4756 547 4826 furti,
592 4758 792 4830 justum
834 4772 952 4817 esSe
977 4760 1171 4818 furtum
1213 4782 1479 4837 nunquam
1514 4779 1702 4838 potest.
1736 4770 1820 4835 Et,
1864 4770 1985 4826 Non

398 4851 595 4907 occides
623 4848 814 4925 (Exod.
842 4854 1006 4925 “,4,
1032 4854 1116 4924 14,
1144 4856 1230 4925 15,
1260 4858 1381 4930 15);
1411 4860 1658 4933 quoniam
1676 4877 1793 4916 eum
1823 4861 1984 4919 homo

392 4943 539 5016 jusle
572 4947 854 5018 occiditur,
885 4947 969 5004 lex
990 4965 1111 5004 eum
1140 4951 1354 5015 occidit,
1386 4969 1489 5006 non
1514 4961 1566 5007 tu
1592 4972 1604 5007 :
1634 4955 1887 5025 numquid
1912 4954 1982 5011 ita

395 5034 499 5092 dici
532 5047 725 5109 potest,
751 5037 882 5094 Cum
918 5038 1080 5096 homo
1115 5041 1259 5113 juste
1289 5046 1561 5108 mentitur,
1585 5044 1668 5100 lex
1695 5046 1982 5103 mentitur?

393 5126 499 5185 Sed
528 5130 770 5203 exempla
800 5130 995 5187 facium
1027 5124 1393 5199 difﬁcillimam
1426 5138 1792 5207 qumstionem.
1828 5137 1978 5194 Men-

394 5219 506 5276 tita:
532 5232 655 5276 sunt
683 5223 994 5280 obstetrices
1019 5221 1304 5297 Egyptite,
1334 5236 1387 5281 et
1423 5229 1558 5281 bona
1597 5228 1700 5283 illis
1724 5231 1861 5285 Deus
1888 5245 1978 5288 re-

393 5313 579 5368 tribuit
605 5312 714 5385 (Id.
747 5331 785 5379 1,
810 5314 896 5380 I9,
924 5317 1015 5386 20)
1043 5335 1057 5371 :
1090 5318 1307 5373 mentita
1330 5328 1411 5374 est
1441 5319 1586 5376 Raab
1616 5336 1715 5392 pro
1735 5325 1977 5392 explora-

390 5403 600 5461 toribus
626 5413 804 5471 terrm,
837 5414 892 5462 et
925 5407 1045 5463 ideo
1069 5406 1288 5465 liberata
1318 5420 1401 5466 est
1440 5412 1620 5483 (Josue
1652 5429 1709 5481 11,
1748 5416 1803 5482 4,
1830 5425 1876 5470 et
1901 5433 1973 5483 γι,

387 5494 509 5569 23).
538 5497 624 5553 Α11
659 5513 725 5553 ex
750 5514 856 5569 quo
888 5500 1086 5557 dictum
1107 5514 1189 5559 est
1218 5505 1275 5562 in
1298 5503 1461 5577 Lege,
1490 5502 1613 5563 Non
1646 5508 1973 5580 tuemiemiui,

389 5586 574 5643 uitur
599 5587 1003 5662 intelligendum
1026 5597 1321 5656 estneein
1346 5599 1983 5669 talicausatieeremen-

1242 166 1712 243 QUESTIONUM
1745 165 1806 226 8.
1846 161 2216 229 1110081111
2249 164 2321 227 IN
2354 165 2911 239 ΠΕΡΤΔΤΕΟΟΗΙΙΜ

3609 181 3719 245 ’101

2126 280 2359 353 decium,
2390 284 2444 342 in
2464 284 2608 359 quali
2631 301 2793 358 causa
2816 286 3010 363 legitur
3022 287 3171 355 Raab
3185 293 3590 369 essementita?
3608 295 3719 371 Sed

2126 377 2298 449 magis
2332 377 2588 437 credibile
2613 386 2716 447 est,
2754 381 2877 454 quia
2919 372 3169 467 injustam
3198 376 3315 456 erat
3348 380 3711 467 mendacium,

2126 468 2249 527 ideo
2288 471 2641 541 prohibitura;
2669 488 2773 537 non
2808 475 2931 547 quia
2970 462 3315 551 prohibitum,
3352 470 3474 553 ideo
3515 462 3712 543 factum

2124 557 2399 631 injustam.
2430 561 2696 621 Fortassis
2732 580 2893 637 ergo,
2918 558 3054 623 sicut
3080 566 3148 623 de.
3174 566 3549 629 Obstetricibus
3575 574 3716 631 dixi-

2125 638 2265 720 mus,
2315 668 2423 707 non
2470 653 2574 711 hoc
2617 655 2669 710 in
2714 656 2792 712 eis
2836 666 3235 715 renumeratum
3280 660 3423 733 quod
3476 668 3714 725 tuentita:

2125 750 2270 809 sunt,
2320 743 2416 799 sed
2464 743 2605 816 quod
2650 734 2879 807 infantes
2920 747 3173 808 Ilehrzeos
3226 752 3608 825 liberaverunt,
3659 769 3717 816 ut

2124 842 2343 902 prepter
2368 833 2502 889 hanc
2520 835 2937 894 misericordiam
2961 834 3087 895 illud
3117 854 3388 911 peccatqu
3414 847 3622 902 reniale
3648 849 3718 906 sit

2127 922 2348 990 factum,
2381 941 2487 980 non
2522 937 2699 985 tamen
2727 930 3065 986 existimetur
3084 949 3191 993 non
3218 933 3380 990 fuisse
3406 950 3712 1007 peccatum:

2125 1015 2204 1073 sic
2233 1019 2391 1073 etiam
2420 1020 2487 1076 de
2514 1021 2662 1077 Raab
2692 1023 3091 1096 intelligendum
3113 1037 3213 1094 est,
3243 1042 3635 1095 remuneratam
3664 1034 3714 1088 in

2125 1104 2211 1161 illa
2248 1108 2612 1167 liberationem
2646 1115 3066 1187 exploraturum,
3112 1126 3169 1173 ut
3211 1130 3430 1191 propter
3471 1123 3714 1180 eamdem

2124 1190 2494 1258 ﬁberationem
2519 1204 2673 1260 venia
2713 1208 2782 1263 sit
2816 1207 2939 1264 data
2959 1208 3256 1266 mendacio.
3284 1198 3386 1269 Ubi
3414 1224 3594 1270 autem
3623 1216 3718 1271 re-

2125 1290 2213 1345 nia
2242 1291 2418 1360 datur,
2447 1296 2785 1369 manifestum
2826 1309 2908 1354 cst
2941 1315 3062 1357 esse
3112 1300 3408 1377 peceatum.
3437 1300 3540 1360 Sed
3582 1306 3713 1361 illud

2123 1383 2416 1438 cavendum
2446 1395 2549 1449 est,
2575 1403 2644 1443 ne
2674 1389 2745 1443 ita
2777 1390 3001 1462 quisque
3027 1392 3294 1450 existimet
3318 1394 3477 1451 etiam
3508 1395 3721 1453 cit-teris

2122 1478 2393 1546 peccatis,
2422 1480 2470 1534 si
2503 1491 2721 1551 propter
2762 1480 3104 1540 liberationes
3136 1482 3411 1543 hominum
3453 1486 3605 1556 fiant,
3649 1490 3720 1545 ita

2121 1569 2331 1624 veniam
2398 1585 2559 1640 posse
2615 1572 2858 1629 concedi.
2918 1575 3082 1631 Multa
3130 1570 3273 1647 enim
3329 1574 3469 1636 mala
3521 1579 3720 1638 intole-

2122 1658 2307 1715 rabilia
2355 1666 2409 1718 et
2448 1663 2672 1719 nimium
2721 1659 3034 1727 detestanda
3086 1664 3245 1724 istum
3293 1666 3590 1744 sequuntur
3630 1688 3722 1729 er-

2122 1763 2318 1804 rorem.

2194 1840 2379 1898 LXIX.
2411 1839 2513 1917 [111.
2545 1861 2633 1901 xu
2654 1886 2672 1915 ,
2704 1842 2820 1925 15.]
2849 1846 2968 1905 Non
2990 1848 3188 1909 nocebis
3221 1851 3470 1923 proximo.
3494 1851 3549 1912 Si
3590 1858 3718 1931 quid

2127 1931 2195 1986 sit
2221 1948 2414 1989 nocere
2440 1943 2495 1990 et
2519 1953 2623 1991 non
2654 1953 2868 2002 nocere,
2901 1950 3107 2010 pateret
3137 1942 3458 2011 hominibus,
3494 1942 3597 2005 hoc
3621 1965 3717 2021 ge—

2124 2023 2307 2079 nerale
2354 2024 2675 2101 praeceptum
2720 2028 2785 2085 ad
2826 2031 3184 2089 innocentiam
3224 2024 3559 2092 retinendam
3604 2038 3718 2095 for-

2122 2123 2265 2170 tasse
2294 2115 2579 2173 sufficeret.
2608 2115 2798 2177 Omnia
2843 2124 2984 2179 enim
3033 2140 3151 2197 (111το
3193 2125 3542 2196 prohibentur
3565 2144 3718 2187 com-

2121 2205 2257 2260 mitti
2301 2208 2352 2260 in
2404 2210 2727 2279 proximum,
2779 2211 2846 2268 ad
2903 2212 3005 2269 hoc
3045 2230 3206 2270 unum
3237 2215 3519 2273 referenda
3564 2230 3713 2289 sunt,

2120 2297 2260 2373 quod
2286 2297 2487 2354 dictmn
2515 2311 2618 2373 est,
2651 2300 2986 2359 Nounocebis
3010 2308 3260 2378 proximo.
3300 2306 3431 2364 Nam
3462 2313 3605 2385 quod
3628 2328 3717 2368 se-

2119 2388 2316 2459 quitur,
2347 2386 2467 2446 Non
2488 2393 2676 2464 rapies,
2702 2394 2802 2449 nisi
2829 2396 2892 2450 ad
2926 2395 3026 2451 hoc
3053 2399 3332 2469 referatur,
3358 2417 3422 2457 ne
3452 2403 3716 2474 rapiendo

2118 2491 2394 2551 noceatur,
2432 2483 2715 2558 aliquando
2753 2490 2950 2555 evenit,
2981 2494 3039 2543 ut
3066 2506 3168 2544 11011
3201 2493 3453 2563 rapiendo
3482 2495 3713 2566 quisque

2118 2584 2326 2628 noceat.
2360 2573 2494 2635 Nam
2536 2577 2742 2648 gladius
2790 2579 3075 2639 insanienti
3108 2583 3392 2655 rapiendos
3437 2593 3541 2653 est,
3568 2595 3626 2642 et
3662 2585 3710 2643 si

2118 2676 2223 2719 non
2254 2661 2440 2717 fecerit
2458 2662 2578 2735 quis
2607 2674 2664 2721 ut
2691 2670 2987 2736 oportuerit
3016 2670 3056 2736 ³,
3085 2673 3250 2743 magis
3279 2674 3541 2729 nocuerit.

2186 2750 2350 2808 LXX.
2383 2753 2484 2828 [111.
2519 2772 2631 2823 XIX,
2664 2756 2729 2811 17
2748 2766 2794 2813 et
2823 2757 2934 2832 l8.]
2963 2759 3098 2827 Quid
3125 2773 3206 2817 est
3227 2762 3368 2834 quod
3396 2780 3519 2819 011111
3545 2780 3714 2837 supra

2114 2841 2361 2914 dixisset,
2392 2845 2513 2903 Non
2535 2849 2652 2904 odio
2677 2850 2877 2906 habebis
2897 2857 3106 2926 fratrem
3127 2865 3266 2910 tuum
3294 2855 3347 2912 in
3379 2858 3549 2912 animo
3570 2867 3663 2914 tua
3687 2876 3709 2916 :

2114 2939 2370 3007 arguendo
2389 2957 2571 3012 argues
2613 2943 2903 3011 proximum
2939 2955 3101 3008 tuum,
3136 2955 3183 3001 et
3212 2965 3311 3001 non
3338 2950 3553 3020 accipies
3587 2969 3714 3023 pro-

2115 3036 2227 3094 pter
2252 3027 2419 3098 ipsum
2449 3042 2729 3102 peccatum,
2765 3045 3159 3105 consequenter
3193 3036 3454 3108 adjunxit,
3489 3037 3556 3095 Et
3601 3059 3712 3097 non

2111 3116 2396 3173 vindicatur
2439 3138 2621 3177 manus
2663 3123 2793 3179 tua?
2822 3111 2997 3181 utrum
3046 3143 3143 3197 pro
3185 3144 3251 3184 eo
3280 3130 3422 3201 quod
3457 3136 3556 3194 est,
3594 3147 3711 3189 non

2112 3208 2360 3277 punitur?
2386 3210 2581 3267 Animo
2626 3216 2766 3270 enim
2817 3214 2959 3272 bono
2988 3215 3138 3281 facis,
3186 3234 3307 3275 cum
3356 3220 3700 3293 disciplinam

2110 3299 2346 3377 peccauti
2374 3302 2615 3372 proximo
2636 3302 2885 3377 imponis,
2919 3322 2986 3362 ne
3022 3307 3252 3379 accipias
3279 3322 3546 3381 peccatum
3577 3312 3709 3383 ejus

2109 3390 2445 3463 negligenda.
2494 3392 2574 3450 Ad
2607 3394 2708 3453 hoc
2732 3397 2873 3454 enim
2904 3399 3134 3471 pertinet
3157 3400 3297 3473 quad
3335 3415 3457 3458 ante
3498 3406 3705 3475 posuit,

2109 3478 2230 3537 Non
2256 3485 2372 3539 odio
2394 3484 2596 3542 habebis
2625 3489 2908 3560 proximum
2935 3502 3075 3547 tuum
3103 3492 3155 3549 in
3183 3496 3353 3551 animo
3381 3507 3485 3553 tuo.
3518 3496 3709 3555 Videri

2106 3573 2248 3628 enim
2299 3587 2473 3646 potest
2498 3579 2547 3633 ei
2591 3580 2681 3651 qui
2731 3583 2989 3653 arguitur,
3029 3584 3170 3657 quod
3193 3584 3370 3643 oderis
3402 3604 3541 3655 eum,
3567 3604 3708 3646 cum

2105 3680 2210 3719 non
2241 3666 2309 3720 sit
2361 3670 2411 3722 in
2460 3669 2640 3724 animo
2660 3681 2767 3727 tuo.
2798 3675 2901 3741 An,
2934 3692 3034 3730 uou
3056 3676 3338 3734 vindicatur
3378 3698 3551 3737 manus
3584 3692 3702 3749 tua,

2104 3751 2208 3809 hoc
2261 3758 2435 3826 potius
2481 3757 2772 3833 admonet,
2820 3780 2886 3819 ne
2924 3782 3131 3835 qua'ras
3184 3767 3434 3824 vindicari
3478 3786 3707 3828 manum

2105 3851 2269 3913 tuam,
2297 3862 2397 3901 nec
2425 3846 2714 3907 ulciscendi
2761 3848 2976 3909 libidine
3017 3855 3277 3928 raptoris?
3302 3856 3433 3914 Nam
3459 3858 3580 3932 quid
3616 3874 3707 3918 est

2101 3934 2265 4011 aliud,
2295 3941 2549 3997 vindicari
2577 3942 2732 4009 velle,
2761 3946 2859 4001 nisi
2889 3947 3053 4003 laetari
3083 3951 3166 4007 vel
3191 3952 3454 4008 consolari
3483 3954 3547 4009 de
3564 3956 3705 4011 alie—

2102 4044 2172 4083 no
2200 4031 2377 4086 malo?
2406 4031 2472 4087 Et
2502 4034 2622 4089 ideo
2650 4032 2848 4093 dictum
2873 4047 2975 4106 est,
3015 4036 3136 4094 Non
3165 4041 3395 4098 irasceris
3430 4044 3548 4114 ﬁliis
3592 4062 3702 4116 po-

2101 4122 2208 4191 puli
2229 4122 2320 4178 tui.
2345 4122 2434 4179 Sic
2462 4124 2602 4181 enim
2636 4139 2779 4186 recte
2809 4130 2885 4184 ira
2913 4128 3128 4186 definita
3150 4145 3253 4201 est,
3301 4134 3439 4208 quod
3461 4137 3525 4192 sit
3550 4136 3700 4194 ulei-

2097 4212 2278 4283 scendi
2308 4217 2489 4273 libido.
2520 4218 2742 4291 Quidam
2774 4236 2901 4277 vero
2945 4223 3157 4281 codices
3196 4210 3428 4294 habent,
3472 4218 3534 4284 Et
3580 4246 3700 4287 non

2096 4307 2430 4366 vindicabitnr
2458 4329 2637 4368 manus
2666 4326 2752 4368 tua
2776 4330 2795 4368 :
2821 4310 2873 4370 id
2898 4324 3001 4383 est,
3028 4333 3095 4372 ne
3121 4319 3392 4389 arguendo
3421 4319 3703 4381 vindicare

2099 4409 2150 4455 te
2177 4402 2327 4468 velis,
2348 4403 2443 4458 sed
2472 4406 2642 4475 potius
2671 4408 2949 4464 consulere
2985 4410 3057 4465 illi
3089 4428 3244 4483 quem
3274 4417 3469 4486 arguis.

2166 4487 2351 4546 LXXI.
2381 4490 2479 4565 [111.
2509 4495 2753 4571 111028]
2782 4496 2848 4552 Et
2876 4500 3144 4557 iucisioucs
3162 4521 3314 4575 super
3338 4507 3554 4561 animam
3576 4524 3697 4566 non

2093 4582 2289 4659 facietis
2326 4583 2377 4637 in
2411 4602 2621 4661 corpore
2653 4598 2833 4644 vestro.
2876 4591 3045 4663 Super
3082 4595 3306 4650 animam
3333 4597 3480 4669 dixit,
3522 4613 3699 4670 super

2092 4670 2251 4728 funus
2267 4677 2459 4731 mortui
2493 4694 2507 4730 :
2538 4676 2605 4733 de
2633 4680 2806 4734 anima
2836 4684 3034 4754 quippe
3059 4683 3215 4741 dolor
3243 4686 3325 4741 est
3360 4704 3476 4757 qum
3501 4706 3694 4749 reces-

2092 4767 2180 4821 sit.
2223 4764 2305 4823 Ad
2356 4766 2498 4823 hunc
2534 4781 2712 4826 autem
2751 4773 2988 4830 dolorem
3026 4775 3254 4848 pertinet
3280 4780 3470 4849 luctus,
3500 4782 3548 4839 in
3571 4799 3697 4854 quo

2100 4854 2243 4912 luctu
2274 4860 2542 4915 nonnulla:
2570 4872 2754 4933 gentes
2777 4862 2974 4920 habent
3014 4872 3453 4928 consuetudinem
3496 4888 3695 4934 secare

2090 4963 2314 5017 corpora
2336 4965 2450 5003 sua.
2480 4946 2595 5005 1100
2620 4950 2774 5006 fieri’
2806 4950 2944 5009 Deus
2971 4956 3237 5029 prohibet.

2160 5040 2371 5099 LXXII.
2402 5041 2502 5123 [lb.
2531 5059 2600 5101 xx
2620 5085 2638 5114 ,
2676 5042 2757 5121 5.]
2776 5042 2863 5102 Ita
2887 5057 2944 5104 ut
2964 5049 3277 5121 [οι-1110011110·
3303 5052 3357 5113 in
3380 5054 3637 5129 priuet'pu
3666 5058 3690 5092 ⁸

2148 5241 2168 5314 ξ
2190 5247 2305 5314 uss.
2321 5239 2631 5314 Michaelinus
2648 5249 2701 5314 et
2721 5245 3085 5314 8000011813,μωὶ
3103 5253 3326 5314 potuerit.

2147 5303 2169 5371 ξ
2191 5302 2460 5371 011111,ῇοιὶ
2481 5316 2511 5354 a
2531 5304 2734 5371 auratis.
2758 5312 2865 5371 uss.
2882 5302 3191 5371 nou'habéut,
3214 5326 3247 5363 a
3266 5302 3471 5367 iitum.

2147 5366 2240 5415 ³111
2265 5366 2410 5415 editis
2432 5367 2685 5436 exciderat
2706 5369 2955 5436 particula,
2972 5372 3042 5432 in,
3065 5366 3469 5436 quie'restituitur
3489 5389 3553 5428 ex
3569 5385 3680 5431 Mcl.

2082 5435 2136 5489 01
2158 5441 2221 5502 es
2240 5438 2386 5503 textu
2409 5436 2537 5503 tota,
2548 5431 2641 5503 qui
2659 5429 2717 5502 in
2730 5432 2935 5503 excusis
2955 5429 3152 5503 quidem
3167 5437 3333 5503 habet,
3352 5438 3483 5503 hoste
3502 5429 3682 5503 ekporé

2079 5489 2250 5567 aeneia
2273 5501 2443 5567 11111011,
2460 5500 2506 5565 111
2525 5489 2802 5567 γρηιὶεᾳζιν
2821 5507 2840 5555 ;
2861 5489 2988 5567 sive;
3012 5502 3060 5547 ut
3094 5489 3588 5567 {antiquetur-ipse?
3606 5489 3683 5553 in

2075 5550 2196 5628 9³³⁵1.
2209 5563 2371 5628 tam?
2395 5550 2700 5628 mis—(9‘19?
3058 5550 3683 5628 Αῆειιεηράέλῐέὃὲιςωζ

2859 5615 3040 5674 iisut.
3071 5615 3470 5707 summa?
3498 5615 3693 5707 atati
