  <div class='ocr_page' id='page_1' title='image "/cluster/home/n/w/nwhite01/storage/ocr_20150623/34/uva.x000826574/372.png"; bbox 0 0 3862 6312; ppageno 0'>
   <div class='ocr_carea' id='block_1_1' title="bbox 110 227 222 290">
    <p class='ocr_par' dir='ltr' id='par_1_1' title="bbox 110 227 222 290">
     <span class='ocr_line' id='line_1_1' title="bbox 110 227 222 290; baseline -0.027 0"><span class='ocrx_word' id='word_1_1' title='bbox 110 227 222 290; x_wconf 76' lang='grc' dir='ltr'><strong><em>Ἰῠθ</em></strong></span> 
     </span>
    </p>
   </div>
   <div class='ocr_carea' id='block_1_2' title="bbox 110 340 1706 417">
    <p class='ocr_par' dir='ltr' id='par_1_2' title="bbox 110 340 1706 417">
     <span class='ocr_line' id='line_1_2' title="bbox 110 340 1706 417; baseline -0.003 -15"><span class='ocrx_word' id='word_1_2' title='bbox 110 350 174 402; x_wconf 75' lang='lat' dir='ltr'><strong><em>dc</em></strong></span> <span class='ocrx_word' id='word_1_3' title='bbox 196 344 393 417; x_wconf 84' lang='lat' dir='ltr'><strong><em>populo</em></strong></span> <span class='ocrx_word' id='word_1_4' title='bbox 415 358 530 402; x_wconf 83' lang='lat' dir='ltr'><strong><em>suo.</em></strong></span> <span class='ocrx_word' id='word_1_5' title='bbox 575 342 694 402; x_wconf 81' lang='lat' dir='ltr'><strong><em>Non</em></strong></span> <span class='ocrx_word' id='word_1_6' title='bbox 720 341 792 400; x_wconf 81' lang='lat' dir='ltr'><strong><em>de</em></strong></span> <span class='ocrx_word' id='word_1_7' title='bbox 824 341 1019 414; x_wconf 88' lang='lat' dir='ltr'><strong><em>populo</em></strong></span> <span class='ocrx_word' id='word_1_8' title='bbox 1051 355 1153 398; x_wconf 87' lang='lat' dir='ltr'><strong><em>suo</em></strong></span> <span class='ocrx_word' id='word_1_9' title='bbox 1175 341 1446 414; x_wconf 79' lang='lat' dir='ltr'><strong><em>principes</em></strong></span> <span class='ocrx_word' id='word_1_10' title='bbox 1463 382 1482 410; x_wconf 92' lang='lat'><strong><em>,</em></strong></span> <span class='ocrx_word' id='word_1_11' title='bbox 1508 341 1604 398; x_wconf 87' lang='lat' dir='ltr'><strong><em>sed</em></strong></span> <span class='ocrx_word' id='word_1_12' title='bbox 1634 340 1706 398; x_wconf 87' lang='lat' dir='ltr'><strong><em>de</em></strong></span> 
     </span>
    </p>
   </div>
   <div class='ocr_carea' id='block_1_3' title="bbox 106 435 1705 509">
    <p class='ocr_par' dir='ltr' id='par_1_3' title="bbox 106 435 1705 509">
     <span class='ocr_line' id='line_1_3' title="bbox 106 435 1705 509; baseline 0.001 -16"><span class='ocrx_word' id='word_1_13' title='bbox 106 440 314 509; x_wconf 83' lang='lat' dir='ltr'><strong><em>populo</em></strong></span> <span class='ocrx_word' id='word_1_14' title='bbox 341 452 440 498; x_wconf 85' lang='lat' dir='ltr'><strong><em>suo</em></strong></span> <span class='ocrx_word' id='word_1_15' title='bbox 467 435 816 494; x_wconf 86' lang='lat' dir='ltr'><strong><em>l&#39;ornicentur.</em></strong></span> <span class='ocrx_word' id='word_1_16' title='bbox 845 436 950 496; x_wconf 85' lang='lat' dir='ltr'><strong><em>Eos</em></strong></span> <span class='ocrx_word' id='word_1_17' title='bbox 968 438 1165 508; x_wconf 85' lang='lat' dir='ltr'><strong><em>quippe</em></strong></span> <span class='ocrx_word' id='word_1_18' title='bbox 1185 436 1454 508; x_wconf 86' lang='lat' dir='ltr'><strong><em>principes</em></strong></span> <span class='ocrx_word' id='word_1_19' title='bbox 1482 436 1594 496; x_wconf 82' lang='lat' dir='ltr'><strong><em>vult</em></strong></span> <span class='ocrx_word' id='word_1_20' title='bbox 1617 436 1705 494; x_wconf 89' lang='lat' dir='ltr'><strong><em>hic</em></strong></span> 
     </span>
    </p>
   </div>
   <div class='ocr_carea' id='block_1_4' title="bbox 106 529 1702 602">
    <p class='ocr_par' dir='ltr' id='par_1_4' title="bbox 106 529 1702 602">
     <span class='ocr_line' id='line_1_4' title="bbox 106 529 1702 602; baseline 0.001 -16"><span class='ocrx_word' id='word_1_21' title='bbox 106 529 376 602; x_wconf 71' lang='lat' dir='ltr'><strong><em>intelligi,</em></strong></span> <span class='ocrx_word' id='word_1_22' title='bbox 422 531 512 602; x_wconf 86' lang='lat' dir='ltr'><strong><em>qui</em></strong></span> <span class='ocrx_word' id='word_1_23' title='bbox 557 544 656 600; x_wconf 89' lang='lat' dir='ltr'><strong><em>pro</em></strong></span> <span class='ocrx_word' id='word_1_24' title='bbox 696 530 800 586; x_wconf 85' lang='lat' dir='ltr'><strong><em>diis</em></strong></span> <span class='ocrx_word' id='word_1_25' title='bbox 841 530 1154 590; x_wconf 79' lang='lat' dir='ltr'><strong><em>colebantur</em></strong></span> <span class='ocrx_word' id='word_1_26' title='bbox 1185 547 1200 586; x_wconf 89' lang='lat'><strong>:</strong></span> <span class='ocrx_word' id='word_1_27' title='bbox 1231 531 1369 588; x_wconf 80' lang='lat' dir='ltr'><strong><em>sicut</em></strong></span> <span class='ocrx_word' id='word_1_28' title='bbox 1409 529 1702 602; x_wconf 71' lang='lat' dir='ltr'><strong><em>Apostolus</em></strong></span> 
     </span>
    </p>
   </div>
   <div class='ocr_carea' id='block_1_5' title="bbox 105 621 1698 698">
    <p class='ocr_par' dir='ltr' id='par_1_5' title="bbox 105 621 1698 698">
     <span class='ocr_line' id='line_1_5' title="bbox 105 621 1698 698; baseline -0.001 -18"><span class='ocrx_word' id='word_1_29' title='bbox 105 621 272 689; x_wconf 88' lang='lat' dir='ltr'><strong><em>dicit,</em></strong></span> <span class='ocrx_word' id='word_1_30' title='bbox 316 622 610 680; x_wconf 78' lang='lat' dir='ltr'><strong><em>Secundum</em></strong></span> <span class='ocrx_word' id='word_1_31' title='bbox 639 623 914 698; x_wconf 80' lang='lat' dir='ltr'><strong><em>principem</em></strong></span> <span class='ocrx_word' id='word_1_32' title='bbox 941 623 1200 696; x_wconf 80' lang='lat' dir='ltr'><strong><em>patestatt&#39;s</em></strong></span> <span class='ocrx_word' id='word_1_33' title='bbox 1235 623 1368 680; x_wconf 84' lang='lat' dir='ltr'><strong><em>aeris</em></strong></span> <span class='ocrx_word' id='word_1_34' title='bbox 1399 621 1614 696; x_wconf 78' lang='lat' dir='ltr'><strong><em>(Epltes.</em></strong></span> <span class='ocrx_word' id='word_1_35' title='bbox 1638 639 1698 691; x_wconf 84' lang='grc' dir='ltr'>ιι,</span> 
     </span>
    </p>
   </div>
   <div class='ocr_carea' id='block_1_6' title="bbox 102 713 1694 790">
    <p class='ocr_par' dir='ltr' id='par_1_6' title="bbox 102 713 1694 790">
     <span class='ocr_line' id='line_1_6' title="bbox 102 713 1694 790; baseline 0.002 -19"><span class='ocrx_word' id='word_1_36' title='bbox 102 713 198 788; x_wconf 72' lang='grc' dir='ltr'><strong><em>2&gt;ς</em></strong></span> <span class='ocrx_word' id='word_1_37' title='bbox 247 723 307 776; x_wconf 80' lang='lat' dir='ltr'><strong><em>et</em></strong></span> <span class='ocrx_word' id='word_1_38' title='bbox 346 717 400 772; x_wconf 87' lang='lat' dir='ltr'><strong><em>in</em></strong></span> <span class='ocrx_word' id='word_1_39' title='bbox 434 716 722 786; x_wconf 80' lang='lat' dir='ltr'><strong><em>Evangelia</em></strong></span> <span class='ocrx_word' id='word_1_40' title='bbox 755 717 1040 786; x_wconf 81' lang='lat' dir='ltr'><strong><em>Dominus,</em></strong></span> <span class='ocrx_word' id='word_1_41' title='bbox 1074 715 1230 778; x_wconf 82' lang='lat' dir='ltr'><strong><em>Nunc</em></strong></span> <span class='ocrx_word' id='word_1_42' title='bbox 1266 717 1499 790; x_wconf 75' lang='lat' dir='ltr'><strong><em>princeps</em></strong></span> <span class='ocrx_word' id='word_1_43' title='bbox 1539 717 1694 787; x_wconf 83' lang='lat' dir='ltr'><strong><em>ltujus</em></strong></span> 
     </span>
    </p>
   </div>
   <div class='ocr_carea' id='block_1_7' title="bbox 103 807 1695 886">
    <p class='ocr_par' dir='ltr' id='par_1_7' title="bbox 103 807 1695 886">
     <span class='ocr_line' id='line_1_7' title="bbox 103 807 1695 886; baseline 0.001 -24"><span class='ocrx_word' id='word_1_44' title='bbox 103 808 284 870; x_wconf 79' lang='lat' dir='ltr'><strong><em>mundi</em></strong></span> <span class='ocrx_word' id='word_1_45' title='bbox 322 808 502 870; x_wconf 81' lang='lat' dir='ltr'><strong><em>missus</em></strong></span> <span class='ocrx_word' id='word_1_46' title='bbox 530 819 604 863; x_wconf 90' lang='lat' dir='ltr'><strong><em>est</em></strong></span> <span class='ocrx_word' id='word_1_47' title='bbox 638 813 777 880; x_wconf 74' lang='lat' dir='ltr'><strong><em>foras</em></strong></span> <span class='ocrx_word' id='word_1_48' title='bbox 803 808 982 886; x_wconf 74' lang='lat' dir='ltr'><strong><em>(Idan.</em></strong></span> <span class='ocrx_word' id='word_1_49' title='bbox 1012 825 1090 868; x_wconf 80' lang='lat' dir='ltr'><strong><em>xu</em></strong></span> <span class='ocrx_word' id='word_1_50' title='bbox 1110 851 1124 876; x_wconf 94' lang='lat'><strong><em>,</em></strong></span> <span class='ocrx_word' id='word_1_51' title='bbox 1154 807 1284 882; x_wconf 81' lang='lat' dir='ltr'><strong><em>5i);</em></strong></span> <span class='ocrx_word' id='word_1_52' title='bbox 1314 820 1397 877; x_wconf 89' lang='lat' dir='ltr'><strong><em>et,</em></strong></span> <span class='ocrx_word' id='word_1_53' title='bbox 1445 807 1576 865; x_wconf 80' lang='lat' dir='ltr'><strong><em>Ecce</em></strong></span> <span class='ocrx_word' id='word_1_54' title='bbox 1608 823 1695 864; x_wconf 78' lang='lat' dir='ltr'><strong><em>tte-</em></strong></span> 
     </span>
    </p>
   </div>
   <div class='ocr_carea' id='block_1_8' title="bbox 101 899 1692 974">
    <p class='ocr_par' dir='ltr' id='par_1_8' title="bbox 101 899 1692 974">
     <span class='ocr_line' id='line_1_8' title="bbox 101 899 1692 974; baseline 0.001 -19"><span class='ocrx_word' id='word_1_55' title='bbox 101 901 176 956; x_wconf 80' lang='lat' dir='ltr'><strong><em>nit</em></strong></span> <span class='ocrx_word' id='word_1_56' title='bbox 203 901 440 971; x_wconf 81' lang='lat' dir='ltr'><strong><em>princeps</em></strong></span> <span class='ocrx_word' id='word_1_57' title='bbox 465 902 662 968; x_wconf 87' lang='lat' dir='ltr'><strong><em>mundi,</em></strong></span> <span class='ocrx_word' id='word_1_58' title='bbox 687 912 733 958; x_wconf 85' lang='lat' dir='ltr'><strong><em>et</em></strong></span> <span class='ocrx_word' id='word_1_59' title='bbox 752 903 805 960; x_wconf 89' lang='lat' dir='ltr'><strong><em>in</em></strong></span> <span class='ocrx_word' id='word_1_60' title='bbox 830 919 908 957; x_wconf 86' lang='lat' dir='ltr'><strong><em>me</em></strong></span> <span class='ocrx_word' id='word_1_61' title='bbox 924 901 1054 957; x_wconf 83' lang='lat' dir='ltr'><strong><em>nihil</em></strong></span> <span class='ocrx_word' id='word_1_62' title='bbox 1077 903 1288 958; x_wconf 84' lang='lat' dir='ltr'><strong><em>inveniet</em></strong></span> <span class='ocrx_word' id='word_1_63' title='bbox 1316 902 1425 974; x_wconf 87' lang='lat' dir='ltr'><strong><em>(Id.</em></strong></span> <span class='ocrx_word' id='word_1_64' title='bbox 1449 918 1556 967; x_wconf 77' lang='lat' dir='ltr'><strong><em>xw,</em></strong></span> <span class='ocrx_word' id='word_1_65' title='bbox 1577 899 1692 974; x_wconf 79' lang='lat'><strong><em>50).</em></strong></span> 
     </span>
    </p>
   </div>
   <div class='ocr_carea' id='block_1_9' title="bbox 173 991 1696 1066">
    <p class='ocr_par' dir='ltr' id='par_1_9' title="bbox 173 991 1696 1066">
     <span class='ocr_line' id='line_1_9' title="bbox 173 991 1696 1066; baseline -0.001 -16"><span class='ocrx_word' id='word_1_66' title='bbox 173 991 413 1050; x_wconf 74' lang='lat' dir='ltr'><strong>LXXIII.</strong></span> <span class='ocrx_word' id='word_1_67' title='bbox 444 992 543 1064; x_wconf 75' lang='lat' dir='ltr'><strong><em>Ub.</em></strong></span> <span class='ocrx_word' id='word_1_68' title='bbox 570 1008 658 1058; x_wconf 77' lang='lat' dir='ltr'><strong><em>xx,</em></strong></span> <span class='ocrx_word' id='word_1_69' title='bbox 693 991 805 1066; x_wconf 67' lang='lat'><strong><em>10.]</em></strong></span> <span class='ocrx_word' id='word_1_70' title='bbox 835 991 1020 1061; x_wconf 85' lang='lat' dir='ltr'><strong><em>Ilomo,</em></strong></span> <span class='ocrx_word' id='word_1_71' title='bbox 1051 993 1200 1052; x_wconf 78' lang='lat' dir='ltr'><strong><em>homo</em></strong></span> <span class='ocrx_word' id='word_1_72' title='bbox 1224 995 1520 1064; x_wconf 79' lang='lat' dir='ltr'><strong><em>quicumque</em></strong></span> <span class='ocrx_word' id='word_1_73' title='bbox 1546 993 1696 1048; x_wconf 86' lang='lat' dir='ltr'><strong><em>adul-</em></strong></span> 
     </span>
    </p>
   </div>
   <div class='ocr_carea' id='block_1_10' title="bbox 100 1087 1694 1158">
    <p class='ocr_par' dir='ltr' id='par_1_10' title="bbox 100 1087 1694 1158">
     <span class='ocr_line' id='line_1_10' title="bbox 100 1087 1694 1158; baseline 0.003 -18"><span class='ocrx_word' id='word_1_74' title='bbox 100 1087 336 1144; x_wconf 75' lang='lat' dir='ltr'><strong><em>teraverit</em></strong></span> <span class='ocrx_word' id='word_1_75' title='bbox 353 1103 560 1142; x_wconf 70' lang='lat' dir='ltr'><strong><em>uxorem</em></strong></span> <span class='ocrx_word' id='word_1_76' title='bbox 575 1087 686 1153; x_wconf 84' lang='lat' dir='ltr'><strong><em>viri,</em></strong></span> <span class='ocrx_word' id='word_1_77' title='bbox 707 1096 790 1146; x_wconf 85' lang='lat' dir='ltr'><strong><em>aut</em></strong></span> <span class='ocrx_word' id='word_1_78' title='bbox 802 1088 1100 1158; x_wconf 78' lang='lat' dir='ltr'><strong><em>quicumque</em></strong></span> <span class='ocrx_word' id='word_1_79' title='bbox 1113 1087 1468 1145; x_wconf 84' lang='lat' dir='ltr'><strong><em>adulteraverit</em></strong></span> <span class='ocrx_word' id='word_1_80' title='bbox 1485 1103 1694 1144; x_wconf 67' lang='lat' dir='ltr'><strong><em>uxorem</em></strong></span> 
     </span>
    </p>
   </div>
   <div class='ocr_carea' id='block_1_11' title="bbox 98 1177 1694 1250">
    <p class='ocr_par' dir='ltr' id='par_1_11' title="bbox 98 1177 1694 1250">
     <span class='ocr_line' id='line_1_11' title="bbox 98 1177 1694 1250; baseline 0.003 -18"><span class='ocrx_word' id='word_1_81' title='bbox 98 1177 322 1248; x_wconf 73' lang='lat' dir='ltr'><strong><em>proximi</em></strong></span> <span class='ocrx_word' id='word_1_82' title='bbox 347 1177 459 1244; x_wconf 84' lang='lat' dir='ltr'><strong><em>sui,</em></strong></span> <span class='ocrx_word' id='word_1_83' title='bbox 490 1187 650 1232; x_wconf 88' lang='lat' dir='ltr'><strong><em>morte</em></strong></span> <span class='ocrx_word' id='word_1_84' title='bbox 677 1181 959 1234; x_wconf 86' lang='lat' dir='ltr'><strong><em>moriantur</em></strong></span> <span class='ocrx_word' id='word_1_85' title='bbox 989 1195 1009 1237; x_wconf 86' lang='lat'><strong><em>.&#39;</em></strong></span> <span class='ocrx_word' id='word_1_86' title='bbox 1041 1179 1314 1250; x_wconf 71' lang='lat' dir='ltr'><strong><em>pluraliter</em></strong></span> <span class='ocrx_word' id='word_1_87' title='bbox 1341 1180 1508 1247; x_wconf 79' lang='lat' dir='ltr'><strong><em>dixit,</em></strong></span> <span class='ocrx_word' id='word_1_88' title='bbox 1536 1191 1694 1236; x_wconf 85' lang='lat' dir='ltr'><strong><em>morte</em></strong></span> 
     </span>
    </p>
   </div>
   <div class='ocr_carea' id='block_1_12' title="bbox 97 1268 1692 1342">
    <p class='ocr_par' dir='ltr' id='par_1_12' title="bbox 97 1268 1692 1342">
     <span class='ocr_line' id='line_1_12' title="bbox 97 1268 1692 1342; baseline 0.003 -18"><span class='ocrx_word' id='word_1_89' title='bbox 97 1268 388 1324; x_wconf 75' lang='lat' dir='ltr'><strong><em>moriantur</em></strong></span> <span class='ocrx_word' id='word_1_90' title='bbox 411 1310 428 1337; x_wconf 90' lang='lat'><strong><em>,</em></strong></span> <span class='ocrx_word' id='word_1_91' title='bbox 458 1269 560 1327; x_wconf 90' lang='lat' dir='ltr'><strong><em>hoc</em></strong></span> <span class='ocrx_word' id='word_1_92' title='bbox 585 1279 666 1324; x_wconf 92' lang='lat' dir='ltr'><strong><em>est</em></strong></span> <span class='ocrx_word' id='word_1_93' title='bbox 690 1271 778 1340; x_wconf 85' lang='lat' dir='ltr'><strong>qui</strong></span> <span class='ocrx_word' id='word_1_94' title='bbox 809 1270 1143 1338; x_wconf 85' lang='lat' dir='ltr'><strong><em>adulteravit,</em></strong></span> <span class='ocrx_word' id='word_1_95' title='bbox 1174 1281 1229 1328; x_wconf 89' lang='lat' dir='ltr'><strong><em>et</em></strong></span> <span class='ocrx_word' id='word_1_96' title='bbox 1253 1287 1374 1342; x_wconf 68' lang='lat' dir='ltr'><strong><em>qua:</em></strong></span> <span class='ocrx_word' id='word_1_97' title='bbox 1397 1272 1692 1328; x_wconf 88' lang='lat' dir='ltr'><strong><em>adulterata</em></strong></span> 
     </span>
    </p>
   </div>
   <div class='ocr_carea' id='block_1_13' title="bbox 95 1360 1690 1435">
    <p class='ocr_par' dir='ltr' id='par_1_13' title="bbox 95 1360 1690 1435">
     <span class='ocr_line' id='line_1_13' title="bbox 95 1360 1690 1435; baseline 0.006 -21"><span class='ocrx_word' id='word_1_98' title='bbox 95 1369 194 1414; x_wconf 85' lang='lat' dir='ltr'><strong><em>est.</em></strong></span> <span class='ocrx_word' id='word_1_99' title='bbox 241 1360 342 1416; x_wconf 87' lang='lat' dir='ltr'><strong><em>Hic</em></strong></span> <span class='ocrx_word' id='word_1_100' title='bbox 372 1362 568 1432; x_wconf 90' lang='lat' dir='ltr'><strong><em>aliquid</em></strong></span> <span class='ocrx_word' id='word_1_101' title='bbox 599 1363 798 1418; x_wconf 82' lang='lat' dir='ltr'><strong><em>distare</em></strong></span> <span class='ocrx_word' id='word_1_102' title='bbox 824 1363 988 1420; x_wconf 83' lang='lat' dir='ltr'><strong><em>voluit</em></strong></span> <span class='ocrx_word' id='word_1_103' title='bbox 1025 1365 1163 1420; x_wconf 85' lang='lat' dir='ltr'><strong><em>inter</em></strong></span> <span class='ocrx_word' id='word_1_104' title='bbox 1192 1365 1485 1435; x_wconf 85' lang='lat' dir='ltr'><strong><em>quemlibet</em></strong></span> <span class='ocrx_word' id='word_1_105' title='bbox 1520 1365 1690 1424; x_wconf 85' lang='lat' dir='ltr'><strong><em>virum</em></strong></span> 
     </span>
    </p>
   </div>
   <div class='ocr_carea' id='block_1_14' title="bbox 95 1452 1692 1526">
    <p class='ocr_par' dir='ltr' id='par_1_14' title="bbox 95 1452 1692 1526">
     <span class='ocr_line' id='line_1_14' title="bbox 95 1452 1692 1526; baseline 0.002 -18"><span class='ocrx_word' id='word_1_106' title='bbox 95 1458 149 1508; x_wconf 77' lang='lat' dir='ltr'><strong><em>ct</em></strong></span> <span class='ocrx_word' id='word_1_107' title='bbox 193 1452 542 1523; x_wconf 80' lang='lat' dir='ltr'><strong><em>proximum,</em></strong></span> <span class='ocrx_word' id='word_1_108' title='bbox 589 1454 830 1522; x_wconf 83' lang='lat' dir='ltr'><strong><em>quamvis</em></strong></span> <span class='ocrx_word' id='word_1_109' title='bbox 875 1454 1055 1510; x_wconf 91' lang='lat' dir='ltr'><strong><em>multis</em></strong></span> <span class='ocrx_word' id='word_1_110' title='bbox 1101 1456 1233 1511; x_wconf 89' lang='lat' dir='ltr'><strong><em>locis</em></strong></span> <span class='ocrx_word' id='word_1_111' title='bbox 1271 1457 1567 1525; x_wconf 80' lang='lat' dir='ltr'><strong><em>proximum</em></strong></span> <span class='ocrx_word' id='word_1_112' title='bbox 1594 1471 1692 1526; x_wconf 87' lang='lat' dir='ltr'><strong><em>pro</em></strong></span> 
     </span>
    </p>
   </div>
   <div class='ocr_carea' id='block_1_15' title="bbox 95 1543 1690 1616">
    <p class='ocr_par' dir='ltr' id='par_1_15' title="bbox 95 1543 1690 1616">
     <span class='ocr_line' id='line_1_15' title="bbox 95 1543 1690 1616; baseline 0.004 -18"><span class='ocrx_word' id='word_1_113' title='bbox 95 1543 238 1598; x_wconf 89' lang='lat' dir='ltr'><strong><em>omni</em></strong></span> <span class='ocrx_word' id='word_1_114' title='bbox 268 1543 488 1600; x_wconf 82' lang='lat' dir='ltr'><strong><em>homine</em></strong></span> <span class='ocrx_word' id='word_1_115' title='bbox 514 1555 693 1614; x_wconf 85' lang='lat' dir='ltr'><strong><em>ponat.</em></strong></span> <span class='ocrx_word' id='word_1_116' title='bbox 736 1543 841 1602; x_wconf 84' lang='lat' dir='ltr'><strong><em>Sed</em></strong></span> <span class='ocrx_word' id='word_1_117' title='bbox 863 1562 982 1616; x_wconf 76' lang='lat' dir='ltr'><strong><em>qua:</em></strong></span> <span class='ocrx_word' id='word_1_118' title='bbox 1007 1556 1087 1602; x_wconf 83' lang='lat' dir='ltr'><strong><em>est</em></strong></span> <span class='ocrx_word' id='word_1_119' title='bbox 1115 1547 1213 1602; x_wconf 89' lang='lat' dir='ltr'><strong><em>ista</em></strong></span> <span class='ocrx_word' id='word_1_120' title='bbox 1237 1547 1455 1612; x_wconf 89' lang='lat' dir='ltr'><strong><em>locutio,</em></strong></span> <span class='ocrx_word' id='word_1_121' title='bbox 1484 1557 1542 1603; x_wconf 92' lang='lat' dir='ltr'><strong>ut</strong></span> <span class='ocrx_word' id='word_1_122' title='bbox 1568 1565 1690 1604; x_wconf 89' lang='lat' dir='ltr'><strong><em>cum</em></strong></span> 
     </span>
    </p>
   </div>
   <div class='ocr_carea' id='block_1_16' title="bbox 93 1634 1686 1709">
    <p class='ocr_par' dir='ltr' id='par_1_16' title="bbox 93 1634 1686 1709">
     <span class='ocr_line' id='line_1_16' title="bbox 93 1634 1686 1709; baseline 0.003 -21"><span class='ocrx_word' id='word_1_123' title='bbox 93 1634 198 1706; x_wconf 81' lang='lat' dir='ltr'><strong><em>jam</em></strong></span> <span class='ocrx_word' id='word_1_124' title='bbox 227 1635 464 1692; x_wconf 77' lang='lat' dir='ltr'><strong><em>dixisset</em></strong></span> <span class='ocrx_word' id='word_1_125' title='bbox 482 1636 550 1692; x_wconf 87' lang='lat' dir='ltr'><strong>de</strong></span> <span class='ocrx_word' id='word_1_126' title='bbox 572 1637 706 1703; x_wconf 81' lang='lat' dir='ltr'><strong><em>\‘lt‘O,</em></strong></span> <span class='ocrx_word' id='word_1_127' title='bbox 737 1636 840 1695; x_wconf 87' lang='lat' dir='ltr'><strong><em>hoc</em></strong></span> <span class='ocrx_word' id='word_1_128' title='bbox 877 1638 1016 1694; x_wconf 88' lang='lat' dir='ltr'><strong><em>idetn</em></strong></span> <span class='ocrx_word' id='word_1_129' title='bbox 1044 1639 1316 1708; x_wconf 79' lang='lat' dir='ltr'><strong><em>repetierit</em></strong></span> <span class='ocrx_word' id='word_1_130' title='bbox 1336 1639 1403 1695; x_wconf 88' lang='lat' dir='ltr'><strong><em>de</em></strong></span> <span class='ocrx_word' id='word_1_131' title='bbox 1425 1641 1686 1709; x_wconf 74' lang='lat' dir='ltr'><strong><em>proximo,</em></strong></span> 
     </span>
    </p>
   </div>
   <div class='ocr_carea' id='block_1_17' title="bbox 95 1728 1688 1799">
    <p class='ocr_par' dir='ltr' id='par_1_17' title="bbox 95 1728 1688 1799">
     <span class='ocr_line' id='line_1_17' title="bbox 95 1728 1688 1799; baseline 0.004 -17"><span class='ocrx_word' id='word_1_132' title='bbox 95 1740 208 1784; x_wconf 86' lang='lat' dir='ltr'><strong><em>cum</em></strong></span> <span class='ocrx_word' id='word_1_133' title='bbox 240 1728 316 1782; x_wconf 87' lang='lat' dir='ltr'><strong><em>sit</em></strong></span> <span class='ocrx_word' id='word_1_134' title='bbox 343 1742 698 1796; x_wconf 79' lang='lat' dir='ltr'><strong><em>consequens,</em></strong></span> <span class='ocrx_word' id='word_1_135' title='bbox 728 1736 786 1782; x_wconf 87' lang='lat' dir='ltr'><strong><em>ut</em></strong></span> <span class='ocrx_word' id='word_1_136' title='bbox 806 1728 972 1788; x_wconf 88' lang='lat' dir='ltr'><strong><em>multo</em></strong></span> <span class='ocrx_word' id='word_1_137' title='bbox 997 1728 1166 1799; x_wconf 75' lang='lat' dir='ltr'><strong><em>magis</em></strong></span> <span class='ocrx_word' id='word_1_138' title='bbox 1188 1728 1254 1782; x_wconf 90' lang='lat' dir='ltr'><strong><em>ab</em></strong></span> <span class='ocrx_word' id='word_1_139' title='bbox 1278 1745 1441 1784; x_wconf 81' lang='lat' dir='ltr'><strong>uxore</strong></span> <span class='ocrx_word' id='word_1_140' title='bbox 1464 1731 1688 1799; x_wconf 73' lang='lat' dir='ltr'><strong><em>proximi</em></strong></span> 
     </span>
    </p>
   </div>
   <div class='ocr_carea' id='block_1_18' title="bbox 94 1816 1690 1890">
    <p class='ocr_par' dir='ltr' id='par_1_18' title="bbox 94 1816 1690 1890">
     <span class='ocr_line' id='line_1_18' title="bbox 94 1816 1690 1890; baseline 0.004 -20"><span class='ocrx_word' id='word_1_141' title='bbox 94 1816 474 1874; x_wconf 86' lang='lat' dir='ltr'><strong><em>abstinendum</em></strong></span> <span class='ocrx_word' id='word_1_142' title='bbox 501 1819 590 1884; x_wconf 88' lang='lat' dir='ltr'><strong><em>sit,</em></strong></span> <span class='ocrx_word' id='word_1_143' title='bbox 621 1818 667 1874; x_wconf 90' lang='lat' dir='ltr'><strong><em>si</em></strong></span> <span class='ocrx_word' id='word_1_144' title='bbox 696 1818 764 1874; x_wconf 86' lang='lat' dir='ltr'><strong><em>ab</em></strong></span> <span class='ocrx_word' id='word_1_145' title='bbox 790 1833 954 1876; x_wconf 74' lang='lat' dir='ltr'><strong><em>uxore</em></strong></span> <span class='ocrx_word' id='word_1_146' title='bbox 983 1818 1268 1890; x_wconf 78' lang='lat' dir='ltr'><strong><em>cujuslibet</em></strong></span> <span class='ocrx_word' id='word_1_147' title='bbox 1296 1821 1392 1876; x_wconf 88' lang='lat' dir='ltr'><strong><em>viri</em></strong></span> <span class='ocrx_word' id='word_1_148' title='bbox 1417 1822 1690 1884; x_wconf 81' lang='lat' dir='ltr'><strong><em>abstinen-</em></strong></span> 
     </span>
    </p>
   </div>
   <div class='ocr_carea' id='block_1_19' title="bbox 94 1909 1687 1983">
    <p class='ocr_par' dir='ltr' id='par_1_19' title="bbox 94 1909 1687 1983">
     <span class='ocr_line' id='line_1_19' title="bbox 94 1909 1687 1983; baseline 0.003 -17"><span class='ocrx_word' id='word_1_149' title='bbox 94 1909 215 1966; x_wconf 90' lang='lat' dir='ltr'><strong><em>dum</em></strong></span> <span class='ocrx_word' id='word_1_150' title='bbox 248 1910 380 1964; x_wconf 81' lang='lat' dir='ltr'><strong><em>est?</em></strong></span> <span class='ocrx_word' id='word_1_151' title='bbox 418 1909 549 1964; x_wconf 89' lang='lat' dir='ltr'><strong><em>Nam</em></strong></span> <span class='ocrx_word' id='word_1_152' title='bbox 577 1910 621 1966; x_wconf 90' lang='lat' dir='ltr'><strong><em>si</em></strong></span> <span class='ocrx_word' id='word_1_153' title='bbox 659 1909 808 1982; x_wconf 86' lang='lat' dir='ltr'><strong><em>prius</em></strong></span> <span class='ocrx_word' id='word_1_154' title='bbox 831 1911 898 1965; x_wconf 90' lang='lat' dir='ltr'><strong>de</strong></span> <span class='ocrx_word' id='word_1_155' title='bbox 935 1910 1180 1981; x_wconf 70' lang='lat' dir='ltr'><strong><em>proximo</em></strong></span> <span class='ocrx_word' id='word_1_156' title='bbox 1205 1911 1463 1980; x_wconf 76' lang='lat' dir='ltr'><strong><em>dixisset,</em></strong></span> <span class='ocrx_word' id='word_1_157' title='bbox 1495 1930 1561 1970; x_wconf 87' lang='lat' dir='ltr'><strong><em>ne</em></strong></span> <span class='ocrx_word' id='word_1_158' title='bbox 1587 1929 1687 1983; x_wconf 90' lang='lat' dir='ltr'><strong><em>pu-</em></strong></span> 
     </span>
    </p>
   </div>
   <div class='ocr_carea' id='block_1_20' title="bbox 94 2001 1688 2074">
    <p class='ocr_par' dir='ltr' id='par_1_20' title="bbox 94 2001 1688 2074">
     <span class='ocr_line' id='line_1_20' title="bbox 94 2001 1688 2074; baseline 0.001 -16"><span class='ocrx_word' id='word_1_159' title='bbox 94 2009 299 2058; x_wconf 84' lang='lat' dir='ltr'><strong><em>taretur</em></strong></span> <span class='ocrx_word' id='word_1_160' title='bbox 325 2017 546 2060; x_wconf 81' lang='lat' dir='ltr'><strong><em>uxorem</em></strong></span> <span class='ocrx_word' id='word_1_161' title='bbox 571 2002 734 2058; x_wconf 88' lang='lat' dir='ltr'><strong><em>licere</em></strong></span> <span class='ocrx_word' id='word_1_162' title='bbox 753 2001 1053 2060; x_wconf 86' lang='lat' dir='ltr'><strong><em>adulterare</em></strong></span> <span class='ocrx_word' id='word_1_163' title='bbox 1077 2018 1180 2066; x_wconf 85' lang='lat' dir='ltr'><strong><em>non</em></strong></span> <span class='ocrx_word' id='word_1_164' title='bbox 1207 2005 1454 2074; x_wconf 76' lang='lat' dir='ltr'><strong><em>proximi,</em></strong></span> <span class='ocrx_word' id='word_1_165' title='bbox 1487 2004 1688 2060; x_wconf 86' lang='lat' dir='ltr'><strong><em>adden-</em></strong></span> 
     </span>
    </p>
   </div>
   <div class='ocr_carea' id='block_1_21' title="bbox 94 2085 1686 2166">
    <p class='ocr_par' dir='ltr' id='par_1_21' title="bbox 94 2085 1686 2166">
     <span class='ocr_line' id='line_1_21' title="bbox 94 2085 1686 2166; baseline -0.001 -14"><span class='ocrx_word' id='word_1_166' title='bbox 94 2091 215 2152; x_wconf 86' lang='lat' dir='ltr'><strong><em>dum</em></strong></span> <span class='ocrx_word' id='word_1_167' title='bbox 270 2093 462 2149; x_wconf 81' lang='lat' dir='ltr'><strong><em>fuisset</em></strong></span> <span class='ocrx_word' id='word_1_168' title='bbox 503 2093 572 2152; x_wconf 86' lang='lat' dir='ltr'><strong><em>de</em></strong></span> <span class='ocrx_word' id='word_1_169' title='bbox 618 2093 851 2165; x_wconf 79' lang='lat' dir='ltr'><strong><em>quolibet</em></strong></span> <span class='ocrx_word' id='word_1_170' title='bbox 892 2095 1005 2148; x_wconf 80' lang='lat' dir='ltr'><strong><em>viro</em></strong></span> <span class='ocrx_word' id='word_1_171' title='bbox 1034 2112 1048 2148; x_wconf 91' lang='lat'><strong>:</strong></span> <span class='ocrx_word' id='word_1_172' title='bbox 1075 2111 1215 2152; x_wconf 87' lang='lat' dir='ltr'><strong><em>nunc</em></strong></span> <span class='ocrx_word' id='word_1_173' title='bbox 1253 2111 1381 2150; x_wconf 69' lang='lat' dir='ltr'><strong><em>vero</em></strong></span> <span class='ocrx_word' id='word_1_174' title='bbox 1406 2135 1424 2163; x_wconf 95' lang='lat'><strong><em>,</em></strong></span> <span class='ocrx_word' id='word_1_175' title='bbox 1464 2096 1506 2150; x_wconf 95' lang='lat' dir='ltr'><strong><em>si</em></strong></span> <span class='ocrx_word' id='word_1_176' title='bbox 1545 2085 1686 2166; x_wconf 68' lang='lat' dir='ltr'><strong><em>quo&#39;d</em></strong></span> 
     </span>
    </p>
   </div>
   <div class='ocr_carea' id='block_1_22' title="bbox 93 2184 1687 2272">
    <p class='ocr_par' dir='ltr' id='par_1_22' title="bbox 93 2184 1687 2272">
     <span class='ocr_line' id='line_1_22' title="bbox 93 2184 1687 2272; baseline 0.001 -31"><span class='ocrx_word' id='word_1_177' title='bbox 93 2184 269 2241; x_wconf 89' lang='lat' dir='ltr'><strong><em>minus</em></strong></span> <span class='ocrx_word' id='word_1_178' title='bbox 293 2194 382 2239; x_wconf 88' lang='lat' dir='ltr'><strong><em>est</em></strong></span> <span class='ocrx_word' id='word_1_179' title='bbox 411 2200 515 2272; x_wconf 67' lang='lat' dir='ltr'><strong><em>pou</em></strong></span> <span class='ocrx_word' id='word_1_180' title='bbox 545 2185 699 2252; x_wconf 84' lang='lat' dir='ltr'><strong><em>licet;</em></strong></span> <span class='ocrx_word' id='word_1_181' title='bbox 746 2195 946 2256; x_wconf 69' lang='lat' dir='ltr'><strong><em>quiante</em></strong></span> <span class='ocrx_word' id='word_1_182' title='bbox 976 2186 1152 2242; x_wconf 84' lang='lat' dir='ltr'><strong><em>minus</em></strong></span> <span class='ocrx_word' id='word_1_183' title='bbox 1179 2187 1300 2242; x_wconf 89' lang='lat' dir='ltr'><strong><em>licet</em></strong></span> <span class='ocrx_word' id='word_1_184' title='bbox 1338 2187 1478 2257; x_wconf 89' lang='lat' dir='ltr'><strong><em>quod</em></strong></span> <span class='ocrx_word' id='word_1_185' title='bbox 1517 2188 1687 2256; x_wconf 87' lang='lat' dir='ltr'><strong><em>majus</em></strong></span> 
     </span>
    </p>
   </div>
   <div class='ocr_carea' id='block_1_23' title="bbox 93 2276 1685 2336">
    <p class='ocr_par' dir='ltr' id='par_1_23' title="bbox 93 2276 1685 2336">
     <span class='ocr_line' id='line_1_23' title="bbox 93 2276 1685 2336; baseline 0.003 -7"><span class='ocrx_word' id='word_1_186' title='bbox 93 2277 287 2331; x_wconf 90' lang='lat' dir='ltr'><strong><em>malum</em></strong></span> <span class='ocrx_word' id='word_1_187' title='bbox 316 2276 433 2331; x_wconf 85' lang='lat' dir='ltr'><strong><em>est?</em></strong></span> <span class='ocrx_word' id='word_1_188' title='bbox 482 2276 612 2330; x_wconf 84' lang='lat' dir='ltr'><strong><em>Nam</em></strong></span> <span class='ocrx_word' id='word_1_189' title='bbox 639 2277 682 2330; x_wconf 90' lang='lat' dir='ltr'><strong><em>si</em></strong></span> <span class='ocrx_word' id='word_1_190' title='bbox 713 2291 820 2332; x_wconf 87' lang='lat' dir='ltr'><strong><em>non</em></strong></span> <span class='ocrx_word' id='word_1_191' title='bbox 862 2277 984 2332; x_wconf 87' lang='lat' dir='ltr'><strong><em>licet</em></strong></span> <span class='ocrx_word' id='word_1_192' title='bbox 1011 2277 1315 2336; x_wconf 86' lang='lat' dir='ltr'><strong><em>adulterare</em></strong></span> <span class='ocrx_word' id='word_1_193' title='bbox 1341 2295 1558 2335; x_wconf 78' lang='lat' dir='ltr'><strong><em>tixorem</em></strong></span> <span class='ocrx_word' id='word_1_194' title='bbox 1586 2295 1685 2334; x_wconf 84' lang='lat' dir='ltr'><strong><em>cu-</em></strong></span> 
     </span>
    </p>
   </div>
   <div class='ocr_carea' id='block_1_24' title="bbox 89 2368 1686 2440">
    <p class='ocr_par' dir='ltr' id='par_1_24' title="bbox 89 2368 1686 2440">
     <span class='ocr_line' id='line_1_24' title="bbox 89 2368 1686 2440; baseline 0.002 -18"><span class='ocrx_word' id='word_1_195' title='bbox 89 2368 308 2438; x_wconf 87' lang='lat' dir='ltr'><strong><em>juslibet</em></strong></span> <span class='ocrx_word' id='word_1_196' title='bbox 349 2369 486 2434; x_wconf 65' lang='lat' dir='ltr'><strong><em>\‘iri,</em></strong></span> <span class='ocrx_word' id='word_1_197' title='bbox 535 2378 732 2439; x_wconf 88' lang='lat' dir='ltr'><strong><em>quanto</em></strong></span> <span class='ocrx_word' id='word_1_198' title='bbox 760 2370 928 2439; x_wconf 81' lang='lat' dir='ltr'><strong><em>magis</em></strong></span> <span class='ocrx_word' id='word_1_199' title='bbox 969 2370 1230 2440; x_wconf 79' lang='lat' dir='ltr'><strong><em>proximi?</em></strong></span> <span class='ocrx_word' id='word_1_200' title='bbox 1275 2371 1357 2424; x_wconf 82' lang='lat' dir='ltr'><strong><em>An</em></strong></span> <span class='ocrx_word' id='word_1_201' title='bbox 1402 2368 1538 2435; x_wconf 78' lang='lat' dir='ltr'><strong><em>forte</em></strong></span> <span class='ocrx_word' id='word_1_202' title='bbox 1586 2371 1686 2427; x_wconf 89' lang='lat' dir='ltr'><strong><em>ista</em></strong></span> 
     </span>
    </p>
   </div>
   <div class='ocr_carea' id='block_1_25' title="bbox 93 2461 1688 2532">
    <p class='ocr_par' dir='ltr' id='par_1_25' title="bbox 93 2461 1688 2532">
     <span class='ocr_line' id='line_1_25' title="bbox 93 2461 1688 2532; baseline 0.003 -17"><span class='ocrx_word' id='word_1_203' title='bbox 93 2462 342 2532; x_wconf 82' lang='lat' dir='ltr'><strong><em>repetitio</em></strong></span> <span class='ocrx_word' id='word_1_204' title='bbox 395 2470 642 2531; x_wconf 88' lang='lat' dir='ltr'><strong><em>tanquam</em></strong></span> <span class='ocrx_word' id='word_1_205' title='bbox 683 2461 900 2530; x_wconf 76' lang='lat' dir='ltr'><strong><em>exponit</em></strong></span> <span class='ocrx_word' id='word_1_206' title='bbox 941 2461 1067 2530; x_wconf 88' lang='lat' dir='ltr'><strong><em>quid</em></strong></span> <span class='ocrx_word' id='word_1_207' title='bbox 1099 2462 1245 2531; x_wconf 89' lang='lat' dir='ltr'><strong><em>prius</em></strong></span> <span class='ocrx_word' id='word_1_208' title='bbox 1268 2462 1468 2516; x_wconf 89' lang='lat' dir='ltr'><strong><em>dictum</em></strong></span> <span class='ocrx_word' id='word_1_209' title='bbox 1498 2461 1598 2527; x_wconf 91' lang='lat' dir='ltr'><strong><em>sit,</em></strong></span> <span class='ocrx_word' id='word_1_210' title='bbox 1627 2472 1688 2520; x_wconf 91' lang='lat' dir='ltr'><strong>ut</strong></span> 
     </span>
    </p>
   </div>
   <div class='ocr_carea' id='block_1_26' title="bbox 94 2551 1688 2623">
    <p class='ocr_par' dir='ltr' id='par_1_26' title="bbox 94 2551 1688 2623">
     <span class='ocr_line' id='line_1_26' title="bbox 94 2551 1688 2623; baseline -0.001 -13"><span class='ocrx_word' id='word_1_211' title='bbox 94 2551 210 2610; x_wconf 78' lang='lat' dir='ltr'><strong><em>ideo</em></strong></span> <span class='ocrx_word' id='word_1_212' title='bbox 254 2553 515 2623; x_wconf 80' lang='lat' dir='ltr'><strong><em>intelligat</em></strong></span> <span class='ocrx_word' id='word_1_213' title='bbox 565 2552 724 2606; x_wconf 91' lang='lat' dir='ltr'><strong><em>homo</em></strong></span> <span class='ocrx_word' id='word_1_214' title='bbox 768 2561 1024 2623; x_wconf 89' lang='lat' dir='ltr'><strong><em>quanttun</em></strong></span> <span class='ocrx_word' id='word_1_215' title='bbox 1055 2554 1250 2610; x_wconf 80' lang='lat' dir='ltr'><strong><em>malum</em></strong></span> <span class='ocrx_word' id='word_1_216' title='bbox 1277 2554 1349 2608; x_wconf 88' lang='lat' dir='ltr'><strong><em>sit</em></strong></span> <span class='ocrx_word' id='word_1_217' title='bbox 1387 2554 1688 2610; x_wconf 83' lang='lat' dir='ltr'><strong><em>adulterare</em></strong></span> 
     </span>
    </p>
   </div>
   <div class='ocr_carea' id='block_1_27' title="bbox 96 2642 1686 2715">
    <p class='ocr_par' dir='ltr' id='par_1_27' title="bbox 96 2642 1686 2715">
     <span class='ocr_line' id='line_1_27' title="bbox 96 2642 1686 2715; baseline 0.003 -19"><span class='ocrx_word' id='word_1_218' title='bbox 96 2657 315 2696; x_wconf 79' lang='lat' dir='ltr'><strong><em>uxorem</em></strong></span> <span class='ocrx_word' id='word_1_219' title='bbox 363 2644 501 2708; x_wconf 85' lang='lat' dir='ltr'><strong><em>viri,</em></strong></span> <span class='ocrx_word' id='word_1_220' title='bbox 546 2644 666 2713; x_wconf 88' lang='lat' dir='ltr'><strong><em>quia</em></strong></span> <span class='ocrx_word' id='word_1_221' title='bbox 699 2645 741 2696; x_wconf 91' lang='lat' dir='ltr'><strong><em>si</em></strong></span> <span class='ocrx_word' id='word_1_222' title='bbox 783 2643 884 2698; x_wconf 89' lang='lat' dir='ltr'><strong><em>hoc</em></strong></span> <span class='ocrx_word' id='word_1_223' title='bbox 932 2642 1157 2708; x_wconf 84' lang='lat' dir='ltr'><strong><em>fecerit,</em></strong></span> <span class='ocrx_word' id='word_1_224' title='bbox 1202 2660 1420 2700; x_wconf 78' lang='lat' dir='ltr'><strong><em>uxorem</em></strong></span> <span class='ocrx_word' id='word_1_225' title='bbox 1460 2645 1686 2715; x_wconf 76' lang='lat' dir='ltr'><strong><em>proximi</em></strong></span> 
     </span>
    </p>
   </div>
   <div class='ocr_carea' id='block_1_28' title="bbox 97 2734 1646 2792">
    <p class='ocr_par' dir='ltr' id='par_1_28' title="bbox 97 2734 1646 2792">
     <span class='ocr_line' id='line_1_28' title="bbox 97 2734 1646 2792; baseline 0.001 -4"><span class='ocrx_word' id='word_1_226' title='bbox 97 2734 406 2792; x_wconf 77' lang='lat' dir='ltr'><strong><em>adulterat?</em></strong></span> <span class='ocrx_word' id='word_1_227' title='bbox 447 2736 728 2790; x_wconf 64' lang='lat' dir='ltr'><strong><em>Proximus</em></strong></span> <span class='ocrx_word' id='word_1_228' title='bbox 753 2744 833 2790; x_wconf 59' lang='lat' dir='ltr'><strong><em>est</em></strong></span> <span class='ocrx_word' id='word_1_229' title='bbox 860 2736 1001 2790; x_wconf 89' lang='lat' dir='ltr'><strong><em>enim</em></strong></span> <span class='ocrx_word' id='word_1_230' title='bbox 1034 2737 1209 2791; x_wconf 88' lang='lat' dir='ltr'><strong><em>onmis</em></strong></span> <span class='ocrx_word' id='word_1_231' title='bbox 1240 2736 1398 2791; x_wconf 90' lang='lat' dir='ltr'><strong><em>homo</em></strong></span> <span class='ocrx_word' id='word_1_232' title='bbox 1425 2737 1646 2792; x_wconf 86' lang='lat' dir='ltr'><strong><em>homini.</em></strong></span> 
     </span>
    </p>
   </div>
   <div class='ocr_carea' id='block_1_29' title="bbox 163 2824 1686 2901">
    <p class='ocr_par' dir='ltr' id='par_1_29' title="bbox 163 2824 1686 2901">
     <span class='ocr_line' id='line_1_29' title="bbox 163 2824 1686 2901; baseline 0.003 -21"><span class='ocrx_word' id='word_1_233' title='bbox 163 2825 404 2883; x_wconf 72' lang='lat' dir='ltr'><strong>LXXIV.</strong></span> <span class='ocrx_word' id='word_1_234' title='bbox 448 2825 546 2900; x_wconf 72' lang='grc'><strong>[11).</strong></span> <span class='ocrx_word' id='word_1_235' title='bbox 576 2843 677 2890; x_wconf 77' lang='lat' dir='ltr'><strong><em>xx,</em></strong></span> <span class='ocrx_word' id='word_1_236' title='bbox 714 2824 823 2900; x_wconf 84' lang='lat' dir='ltr'><strong><em>l6.]</em></strong></span> <span class='ocrx_word' id='word_1_237' title='bbox 866 2826 934 2881; x_wconf 87' lang='lat' dir='ltr'><strong><em>Et</em></strong></span> <span class='ocrx_word' id='word_1_238' title='bbox 963 2828 1144 2881; x_wconf 84' lang='lat' dir='ltr'><strong><em>mulier</em></strong></span> <span class='ocrx_word' id='word_1_239' title='bbox 1171 2844 1285 2901; x_wconf 82' lang='lat' dir='ltr'><strong><em>qua:</em></strong></span> <span class='ocrx_word' id='word_1_240' title='bbox 1323 2829 1584 2884; x_wconf 82' lang='lat' dir='ltr'><strong><em>accesserit</em></strong></span> <span class='ocrx_word' id='word_1_241' title='bbox 1616 2827 1686 2884; x_wconf 82' lang='lat' dir='ltr'><strong><em>ad</em></strong></span> 
     </span>
    </p>
   </div>
   <div class='ocr_carea' id='block_1_30' title="bbox 98 2917 1686 2990">
    <p class='ocr_par' dir='ltr' id='par_1_30' title="bbox 98 2917 1686 2990">
     <span class='ocr_line' id='line_1_30' title="bbox 98 2917 1686 2990; baseline 0.004 -20"><span class='ocrx_word' id='word_1_242' title='bbox 98 2933 240 2980; x_wconf 84' lang='lat' dir='ltr'><strong><em>omne</em></strong></span> <span class='ocrx_word' id='word_1_243' title='bbox 279 2934 433 2988; x_wconf 82' lang='lat' dir='ltr'><strong><em>pecus</em></strong></span> <span class='ocrx_word' id='word_1_244' title='bbox 457 2960 472 2983; x_wconf 90' lang='lat'><strong><em>,</em></strong></span> <span class='ocrx_word' id='word_1_245' title='bbox 514 2918 718 2972; x_wconf 81' lang='lat' dir='ltr'><strong><em>ascerrdi</em></strong></span> <span class='ocrx_word' id='word_1_246' title='bbox 747 2917 809 2972; x_wconf 87' lang='lat' dir='ltr'><strong><em>ab</em></strong></span> <span class='ocrx_word' id='word_1_247' title='bbox 849 2934 946 2986; x_wconf 79' lang='lat' dir='ltr'><strong><em>eo,</em></strong></span> <span class='ocrx_word' id='word_1_248' title='bbox 986 2918 1296 2990; x_wconf 78' lang='lat' dir='ltr'><strong><em>interﬁcietis</em></strong></span> <span class='ocrx_word' id='word_1_249' title='bbox 1338 2921 1598 2976; x_wconf 89' lang='lat' dir='ltr'><strong><em>mulierem</em></strong></span> <span class='ocrx_word' id='word_1_250' title='bbox 1638 2931 1686 2976; x_wconf 90' lang='lat' dir='ltr'><strong><em>et</em></strong></span> 
     </span>
    </p>
   </div>
   <div class='ocr_carea' id='block_1_31' title="bbox 102 3010 1686 3084">
    <p class='ocr_par' dir='ltr' id='par_1_31' title="bbox 102 3010 1686 3084">
     <span class='ocr_line' id='line_1_31' title="bbox 102 3010 1686 3084; baseline 0.003 -22"><span class='ocrx_word' id='word_1_251' title='bbox 102 3023 254 3084; x_wconf 82' lang='lat' dir='ltr'><strong><em>pecus</em></strong></span> <span class='ocrx_word' id='word_1_252' title='bbox 287 3025 305 3064; x_wconf 88' lang='lat'><strong><em>.&#39;</em></strong></span> <span class='ocrx_word' id='word_1_253' title='bbox 338 3020 497 3063; x_wconf 88' lang='lat' dir='ltr'><strong><em>morte</em></strong></span> <span class='ocrx_word' id='word_1_254' title='bbox 518 3010 834 3076; x_wconf 83' lang='lat' dir='ltr'><strong><em>moriantur;</em></strong></span> <span class='ocrx_word' id='word_1_255' title='bbox 865 3010 938 3064; x_wconf 85' lang='lat' dir='ltr'><strong><em>rei</em></strong></span> <span class='ocrx_word' id='word_1_256' title='bbox 965 3021 1097 3065; x_wconf 88' lang='lat' dir='ltr'><strong><em>sunt.</em></strong></span> <span class='ocrx_word' id='word_1_257' title='bbox 1130 3011 1392 3077; x_wconf 79' lang='lat' dir='ltr'><strong><em>Qua-ritur</em></strong></span> <span class='ocrx_word' id='word_1_258' title='bbox 1419 3013 1686 3084; x_wconf 86' lang='lat' dir='ltr'><strong><em>quomodo</em></strong></span> 
     </span>
    </p>
   </div>
   <div class='ocr_carea' id='block_1_32' title="bbox 97 3097 1686 3172">
    <p class='ocr_par' dir='ltr' id='par_1_32' title="bbox 97 3097 1686 3172">
     <span class='ocr_line' id='line_1_32' title="bbox 97 3097 1686 3172; baseline 0.003 -20"><span class='ocrx_word' id='word_1_259' title='bbox 97 3097 164 3152; x_wconf 77' lang='lat' dir='ltr'><strong><em>sit</em></strong></span> <span class='ocrx_word' id='word_1_260' title='bbox 190 3115 342 3154; x_wconf 88' lang='lat' dir='ltr'><strong><em>reum</em></strong></span> <span class='ocrx_word' id='word_1_261' title='bbox 374 3113 533 3172; x_wconf 88' lang='lat' dir='ltr'><strong><em>pecus</em></strong></span> <span class='ocrx_word' id='word_1_262' title='bbox 556 3141 570 3167; x_wconf 93' lang='lat'><strong><em>,</em></strong></span> <span class='ocrx_word' id='word_1_263' title='bbox 616 3115 735 3158; x_wconf 87' lang='lat' dir='ltr'><strong><em>cmn</em></strong></span> <span class='ocrx_word' id='word_1_264' title='bbox 762 3099 832 3156; x_wconf 85' lang='lat' dir='ltr'><strong><em>sit</em></strong></span> <span class='ocrx_word' id='word_1_265' title='bbox 869 3100 1210 3169; x_wconf 84' lang='lat' dir='ltr'><strong><em>irrationale,</em></strong></span> <span class='ocrx_word' id='word_1_266' title='bbox 1255 3117 1352 3156; x_wconf 89' lang='lat' dir='ltr'><strong><em>nec</em></strong></span> <span class='ocrx_word' id='word_1_267' title='bbox 1391 3103 1498 3156; x_wconf 91' lang='lat' dir='ltr'><strong><em>ullo</em></strong></span> <span class='ocrx_word' id='word_1_268' title='bbox 1529 3103 1686 3159; x_wconf 90' lang='lat' dir='ltr'><strong><em>modo</em></strong></span> 
     </span>
    </p>
   </div>
   <div class='ocr_carea' id='block_1_33' title="bbox 98 3184 1687 3264">
    <p class='ocr_par' dir='ltr' id='par_1_33' title="bbox 98 3184 1687 3264">
     <span class='ocr_line' id='line_1_33' title="bbox 98 3184 1687 3264; baseline 0.008 -24"><span class='ocrx_word' id='word_1_269' title='bbox 98 3184 226 3264; x_wconf 73' lang='lat' dir='ltr'><strong><em>legis</em></strong></span> <span class='ocrx_word' id='word_1_270' title='bbox 268 3204 458 3262; x_wconf 84' lang='lat' dir='ltr'><strong><em>capax.</em></strong></span> <span class='ocrx_word' id='word_1_271' title='bbox 508 3190 588 3244; x_wconf 82' lang='lat' dir='ltr'><strong><em>An</em></strong></span> <span class='ocrx_word' id='word_1_272' title='bbox 621 3191 1068 3263; x_wconf 82' lang='lat' dir='ltr'><strong><em>quemadmodum</em></strong></span> <span class='ocrx_word' id='word_1_273' title='bbox 1109 3191 1497 3249; x_wconf 81' lang='lat' dir='ltr'><strong><em>transferuntur</em></strong></span> <span class='ocrx_word' id='word_1_274' title='bbox 1529 3197 1687 3252; x_wconf 75' lang='lat' dir='ltr'><strong><em>verba</em></strong></span> 
     </span>
    </p>
   </div>
   <div class='ocr_carea' id='block_1_34' title="bbox 95 3279 1688 3355">
    <p class='ocr_par' dir='ltr' id='par_1_34' title="bbox 95 3279 1688 3355">
     <span class='ocr_line' id='line_1_34' title="bbox 95 3279 1688 3355; baseline 0.003 -21"><span class='ocrx_word' id='word_1_275' title='bbox 95 3279 254 3334; x_wconf 88' lang='lat' dir='ltr'><strong><em>modo</em></strong></span> <span class='ocrx_word' id='word_1_276' title='bbox 283 3280 567 3334; x_wconf 86' lang='lat' dir='ltr'><strong><em>locutionis</em></strong></span> <span class='ocrx_word' id='word_1_277' title='bbox 586 3320 602 3347; x_wconf 96' lang='lat'><strong><em>,</em></strong></span> <span class='ocrx_word' id='word_1_278' title='bbox 628 3297 744 3350; x_wconf 70' lang='lat' dir='ltr'><strong><em>qtae</em></strong></span> <span class='ocrx_word' id='word_1_279' title='bbox 771 3296 942 3351; x_wconf 70' lang='lat' dir='ltr'><strong><em>graece</em></strong></span> <span class='ocrx_word' id='word_1_280' title='bbox 977 3283 1275 3351; x_wconf 85' lang='lat' dir='ltr'><strong><em>appellatur</em></strong></span> <span class='ocrx_word' id='word_1_281' title='bbox 1298 3293 1539 3355; x_wconf 64' lang='grc' dir='ltr'><strong><em>μεταφιρά</em></strong></span> <span class='ocrx_word' id='word_1_282' title='bbox 1562 3325 1576 3348; x_wconf 86' lang='grc'><em>,</em></span> <span class='ocrx_word' id='word_1_283' title='bbox 1620 3285 1688 3340; x_wconf 91' lang='lat' dir='ltr'><strong><em>ab</em></strong></span> 
     </span>
    </p>
   </div>
   <div class='ocr_carea' id='block_1_35' title="bbox 96 3371 1686 3444">
    <p class='ocr_par' dir='ltr' id='par_1_35' title="bbox 96 3371 1686 3444">
     <span class='ocr_line' id='line_1_35' title="bbox 96 3371 1686 3444; baseline 0.005 -20"><span class='ocrx_word' id='word_1_284' title='bbox 96 3372 314 3426; x_wconf 73' lang='lat' dir='ltr'><strong><em>animali</em></strong></span> <span class='ocrx_word' id='word_1_285' title='bbox 346 3372 410 3424; x_wconf 86' lang='lat' dir='ltr'><strong><em>ad</em></strong></span> <span class='ocrx_word' id='word_1_286' title='bbox 443 3371 726 3426; x_wconf 87' lang='lat' dir='ltr'><strong><em>inanimale</em></strong></span> <span class='ocrx_word' id='word_1_287' title='bbox 750 3414 766 3438; x_wconf 93' lang='lat'><strong><em>,</em></strong></span> <span class='ocrx_word' id='word_1_288' title='bbox 795 3373 930 3428; x_wconf 87' lang='lat' dir='ltr'><strong><em>sicut</em></strong></span> <span class='ocrx_word' id='word_1_289' title='bbox 956 3373 1149 3428; x_wconf 86' lang='lat' dir='ltr'><strong><em>dicitur</em></strong></span> <span class='ocrx_word' id='word_1_290' title='bbox 1180 3374 1450 3442; x_wconf 85' lang='lat' dir='ltr'><strong><em>improbus</em></strong></span> <span class='ocrx_word' id='word_1_291' title='bbox 1478 3387 1686 3444; x_wconf 63' lang='lat' dir='ltr'><strong><em>tentus,</em></strong></span> 
     </span>
    </p>
   </div>
   <div class='ocr_carea' id='block_1_36' title="bbox 94 3461 1688 3528">
    <p class='ocr_par' dir='ltr' id='par_1_36' title="bbox 94 3461 1688 3528">
     <span class='ocr_line' id='line_1_36' title="bbox 94 3461 1688 3528; baseline 0.003 -13"><span class='ocrx_word' id='word_1_292' title='bbox 94 3462 176 3518; x_wconf 79' lang='lat' dir='ltr'><strong><em>vel</em></strong></span> <span class='ocrx_word' id='word_1_293' title='bbox 227 3462 424 3522; x_wconf 81' lang='lat' dir='ltr'><strong><em>iratum</em></strong></span> <span class='ocrx_word' id='word_1_294' title='bbox 456 3476 645 3528; x_wconf 87' lang='lat' dir='ltr'><strong><em>mare;</em></strong></span> <span class='ocrx_word' id='word_1_295' title='bbox 693 3462 762 3516; x_wconf 91' lang='lat' dir='ltr'><strong><em>ita</em></strong></span> <span class='ocrx_word' id='word_1_296' title='bbox 793 3470 848 3517; x_wconf 92' lang='lat' dir='ltr'><strong><em>ct</em></strong></span> <span class='ocrx_word' id='word_1_297' title='bbox 887 3461 972 3518; x_wconf 93' lang='lat' dir='ltr'><strong><em>hic</em></strong></span> <span class='ocrx_word' id='word_1_298' title='bbox 999 3465 1310 3518; x_wconf 85' lang='lat' dir='ltr'><strong><em>translatum</em></strong></span> <span class='ocrx_word' id='word_1_299' title='bbox 1352 3472 1435 3519; x_wconf 85' lang='lat' dir='ltr'><strong><em>est</em></strong></span> <span class='ocrx_word' id='word_1_300' title='bbox 1462 3481 1488 3520; x_wconf 87' lang='lat' dir='ltr'><strong><em>a</em></strong></span> <span class='ocrx_word' id='word_1_301' title='bbox 1523 3467 1688 3522; x_wconf 88' lang='lat' dir='ltr'><strong><em>ratio-</em></strong></span> 
     </span>
    </p>
   </div>
   <div class='ocr_carea' id='block_1_37' title="bbox 97 3552 1692 3626">
    <p class='ocr_par' dir='ltr' id='par_1_37' title="bbox 97 3552 1692 3626">
     <span class='ocr_line' id='line_1_37' title="bbox 97 3552 1692 3626; baseline 0.006 -20"><span class='ocrx_word' id='word_1_302' title='bbox 97 3553 200 3607; x_wconf 91' lang='lat' dir='ltr'><strong><em>nali</em></strong></span> <span class='ocrx_word' id='word_1_303' title='bbox 228 3552 295 3606; x_wconf 82' lang='lat' dir='ltr'><strong><em>ad</em></strong></span> <span class='ocrx_word' id='word_1_304' title='bbox 330 3552 678 3608; x_wconf 88' lang='lat' dir='ltr'><strong><em>irrationale?</em></strong></span> <span class='ocrx_word' id='word_1_305' title='bbox 717 3552 849 3610; x_wconf 78' lang='lat' dir='ltr'><strong><em>Nam</em></strong></span> <span class='ocrx_word' id='word_1_306' title='bbox 891 3569 1082 3626; x_wconf 67' lang='lat' dir='ltr'><strong><em>pecora</em></strong></span> <span class='ocrx_word' id='word_1_307' title='bbox 1110 3555 1232 3611; x_wconf 85' lang='lat' dir='ltr'><strong><em>inde</em></strong></span> <span class='ocrx_word' id='word_1_308' title='bbox 1255 3557 1578 3612; x_wconf 87' lang='lat' dir='ltr'><strong><em>credendum</em></strong></span> <span class='ocrx_word' id='word_1_309' title='bbox 1608 3567 1692 3614; x_wconf 89' lang='lat' dir='ltr'><strong><em>est</em></strong></span> 
     </span>
    </p>
   </div>
   <div class='ocr_carea' id='block_1_38' title="bbox 95 3642 1688 3722">
    <p class='ocr_par' dir='ltr' id='par_1_38' title="bbox 95 3642 1688 3722">
     <span class='ocr_line' id='line_1_38' title="bbox 95 3642 1688 3722; baseline 0.007 -27"><span class='ocrx_word' id='word_1_310' title='bbox 95 3642 238 3714; x_wconf 84' lang='lat' dir='ltr'><strong><em>jussa</em></strong></span> <span class='ocrx_word' id='word_1_311' title='bbox 264 3644 511 3709; x_wconf 76' lang='lat' dir='ltr'><strong><em>interfici,</em></strong></span> <span class='ocrx_word' id='word_1_312' title='bbox 531 3645 654 3715; x_wconf 90' lang='lat' dir='ltr'><strong><em>quia</em></strong></span> <span class='ocrx_word' id='word_1_313' title='bbox 685 3645 771 3700; x_wconf 91' lang='lat' dir='ltr'><strong><em>tali</em></strong></span> <span class='ocrx_word' id='word_1_314' title='bbox 797 3645 996 3718; x_wconf 80' lang='lat' dir='ltr'><strong><em>ﬂagitio</em></strong></span> <span class='ocrx_word' id='word_1_315' title='bbox 1017 3648 1394 3716; x_wconf 78' lang='lat' dir='ltr'><strong><em>contaminata,</em></strong></span> <span class='ocrx_word' id='word_1_316' title='bbox 1422 3649 1688 3722; x_wconf 79' lang='lat' dir='ltr'><strong><em>indignam</em></strong></span> 
     </span>
    </p>
   </div>
   <div class='ocr_carea' id='block_1_39' title="bbox 100 3733 868 3795">
    <p class='ocr_par' dir='ltr' id='par_1_39' title="bbox 100 3733 868 3795">
     <span class='ocr_line' id='line_1_39' title="bbox 100 3733 868 3795; baseline 0.005 -7"><span class='ocrx_word' id='word_1_317' title='bbox 100 3733 352 3790; x_wconf 75' lang='lat' dir='ltr'><strong><em>refricant</em></strong></span> <span class='ocrx_word' id='word_1_318' title='bbox 383 3735 501 3790; x_wconf 78' lang='lat' dir='ltr'><strong><em>facti</em></strong></span> <span class='ocrx_word' id='word_1_319' title='bbox 535 3736 868 3795; x_wconf 80' lang='lat' dir='ltr'><strong><em>iucnieriam.</em></strong></span> 
     </span>
    </p>
   </div>
   <div class='ocr_carea' id='block_1_40' title="bbox 169 3827 1691 3904">
    <p class='ocr_par' dir='ltr' id='par_1_40' title="bbox 169 3827 1691 3904">
     <span class='ocr_line' id='line_1_40' title="bbox 169 3827 1691 3904; baseline 0.009 -22"><span class='ocrx_word' id='word_1_320' title='bbox 169 3827 382 3882; x_wconf 73' lang='lat' dir='ltr'><strong>LXXV.</strong></span> <span class='ocrx_word' id='word_1_321' title='bbox 413 3827 512 3901; x_wconf 80' lang='grc'><strong>[11).</strong></span> <span class='ocrx_word' id='word_1_322' title='bbox 542 3846 606 3885; x_wconf 76' lang='lat' dir='ltr'><strong><em>sx</em></strong></span> <span class='ocrx_word' id='word_1_323' title='bbox 631 3870 644 3893; x_wconf 86' lang='lat'><strong><em>,</em></strong></span> <span class='ocrx_word' id='word_1_324' title='bbox 681 3827 794 3903; x_wconf 86' lang='lat' dir='ltr'><strong><em>I7.]</em></strong></span> <span class='ocrx_word' id='word_1_325' title='bbox 840 3829 1148 3904; x_wconf 79' lang='lat' dir='ltr'><strong><em>Quicumque</em></strong></span> <span class='ocrx_word' id='word_1_326' title='bbox 1184 3839 1432 3904; x_wconf 86' lang='lat' dir='ltr'><strong><em>acceperit</em></strong></span> <span class='ocrx_word' id='word_1_327' title='bbox 1465 3854 1691 3894; x_wconf 88' lang='lat' dir='ltr'><strong><em>sororem</em></strong></span> 
     </span>
    </p>
   </div>
   <div class='ocr_carea' id='block_1_41' title="bbox 104 3928 1690 4001">
    <p class='ocr_par' dir='ltr' id='par_1_41' title="bbox 104 3928 1690 4001">
     <span class='ocr_line' id='line_1_41' title="bbox 104 3928 1690 4001; baseline 0.009 -31"><span class='ocrx_word' id='word_1_328' title='bbox 104 3933 242 3972; x_wconf 88' lang='lat' dir='ltr'><strong><em>suam</em></strong></span> <span class='ocrx_word' id='word_1_329' title='bbox 273 3937 335 3974; x_wconf 71' lang='lat' dir='ltr'><strong><em>ea:</em></strong></span> <span class='ocrx_word' id='word_1_330' title='bbox 357 3930 499 3990; x_wconf 77' lang='lat' dir='ltr'><strong><em>putre</em></strong></span> <span class='ocrx_word' id='word_1_331' title='bbox 523 3938 635 3988; x_wconf 88' lang='lat' dir='ltr'><strong><em>suo,</em></strong></span> <span class='ocrx_word' id='word_1_332' title='bbox 659 3930 748 3977; x_wconf 88' lang='lat' dir='ltr'><strong><em>aut</em></strong></span> <span class='ocrx_word' id='word_1_333' title='bbox 778 3939 840 3986; x_wconf 80' lang='lat' dir='ltr'><strong><em>ea:</em></strong></span> <span class='ocrx_word' id='word_1_334' title='bbox 869 3933 1031 3980; x_wconf 89' lang='lat' dir='ltr'><strong><em>matre</em></strong></span> <span class='ocrx_word' id='word_1_335' title='bbox 1053 3942 1166 3988; x_wconf 85' lang='lat' dir='ltr'><strong><em>sua,</em></strong></span> <span class='ocrx_word' id='word_1_336' title='bbox 1197 3937 1243 3984; x_wconf 78' lang='lat' dir='ltr'><strong><em>rt</em></strong></span> <span class='ocrx_word' id='word_1_337' title='bbox 1272 3928 1445 3984; x_wconf 86' lang='lat' dir='ltr'><strong><em>viderit</em></strong></span> <span class='ocrx_word' id='word_1_338' title='bbox 1473 3931 1690 4001; x_wconf 86' lang='lat' dir='ltr'><strong><em>turpitu-</em></strong></span> 
     </span>
    </p>
   </div>
   <div class='ocr_carea' id='block_1_42' title="bbox 107 4010 1690 4083">
    <p class='ocr_par' dir='ltr' id='par_1_42' title="bbox 107 4010 1690 4083">
     <span class='ocr_line' id='line_1_42' title="bbox 107 4010 1690 4083; baseline 0.009 -21"><span class='ocrx_word' id='word_1_339' title='bbox 107 4010 267 4064; x_wconf 76' lang='lat' dir='ltr'><strong><em>dinem</em></strong></span> <span class='ocrx_word' id='word_1_340' title='bbox 296 4012 437 4083; x_wconf 81' lang='lat' dir='ltr'><strong><em>ejus;</em></strong></span> <span class='ocrx_word' id='word_1_341' title='bbox 465 4014 825 4083; x_wconf 77' lang='lat' dir='ltr'><strong><em>impr-operiunt</em></strong></span> <span class='ocrx_word' id='word_1_342' title='bbox 854 4026 927 4070; x_wconf 84' lang='lat' dir='ltr'><strong><em>est</em></strong></span> <span class='ocrx_word' id='word_1_343' title='bbox 957 4031 976 4069; x_wconf 90' lang='lat'><strong><em>:</em></strong></span> <span class='ocrx_word' id='word_1_344' title='bbox 1000 4017 1462 4074; x_wconf 70' lang='lat' dir='ltr'><strong><em>exterminabuutur</em></strong></span> <span class='ocrx_word' id='word_1_345' title='bbox 1488 4021 1540 4075; x_wconf 88' lang='lat' dir='ltr'><strong><em>in</em></strong></span> <span class='ocrx_word' id='word_1_346' title='bbox 1564 4037 1690 4076; x_wconf 85' lang='lat' dir='ltr'><strong><em>con-</em></strong></span> 
     </span>
    </p>
   </div>
   <div class='ocr_carea' id='block_1_43' title="bbox 107 4105 1687 4182">
    <p class='ocr_par' dir='ltr' id='par_1_43' title="bbox 107 4105 1687 4182">
     <span class='ocr_line' id='line_1_43' title="bbox 107 4105 1687 4182; baseline 0.011 -29"><span class='ocrx_word' id='word_1_347' title='bbox 107 4114 273 4170; x_wconf 82' lang='lat' dir='ltr'><strong><em>spectu</em></strong></span> <span class='ocrx_word' id='word_1_348' title='bbox 300 4107 497 4173; x_wconf 81' lang='lat' dir='ltr'><strong><em>generis</em></strong></span> <span class='ocrx_word' id='word_1_349' title='bbox 519 4107 618 4161; x_wconf 86' lang='lat' dir='ltr'><strong><em>sui.</em></strong></span> <span class='ocrx_word' id='word_1_350' title='bbox 664 4105 1049 4177; x_wconf 80' lang='lat' dir='ltr'><strong><em>Turpitudinem</em></strong></span> <span class='ocrx_word' id='word_1_351' title='bbox 1079 4111 1267 4166; x_wconf 78' lang='lat' dir='ltr'><strong><em>sororis</em></strong></span> <span class='ocrx_word' id='word_1_352' title='bbox 1293 4129 1400 4168; x_wconf 78' lang='lat' dir='ltr'><strong><em>sua:</em></strong></span> <span class='ocrx_word' id='word_1_353' title='bbox 1434 4115 1687 4182; x_wconf 74' lang='lat' dir='ltr'><strong><em>reuelauit,</em></strong></span> 
     </span>
    </p>
   </div>
   <div class='ocr_carea' id='block_1_44' title="bbox 110 4198 1691 4269">
    <p class='ocr_par' dir='ltr' id='par_1_44' title="bbox 110 4198 1691 4269">
     <span class='ocr_line' id='line_1_44' title="bbox 110 4198 1691 4269; baseline 0.008 -22"><span class='ocrx_word' id='word_1_354' title='bbox 110 4204 363 4262; x_wconf 80' lang='lat' dir='ltr'><strong><em>peccatum</em></strong></span> <span class='ocrx_word' id='word_1_355' title='bbox 392 4213 542 4252; x_wconf 84' lang='lat' dir='ltr'><strong><em>suum</em></strong></span> <span class='ocrx_word' id='word_1_356' title='bbox 573 4199 588 4228; x_wconf 86' lang='grc'>¹</span> <span class='ocrx_word' id='word_1_357' title='bbox 621 4198 888 4269; x_wconf 76' lang='lat' dir='ltr'><strong><em>accipient.</em></strong></span> <span class='ocrx_word' id='word_1_358' title='bbox 915 4199 1052 4267; x_wconf 81' lang='lat' dir='ltr'><strong>Quid</strong></span> <span class='ocrx_word' id='word_1_359' title='bbox 1069 4200 1143 4254; x_wconf 88' lang='lat' dir='ltr'><strong><em>ait</em></strong></span> <span class='ocrx_word' id='word_1_360' title='bbox 1175 4201 1226 4256; x_wconf 91' lang='lat' dir='ltr'><strong><em>in</em></strong></span> <span class='ocrx_word' id='word_1_361' title='bbox 1260 4202 1361 4258; x_wconf 90' lang='lat' dir='ltr'><strong><em>hoc</em></strong></span> <span class='ocrx_word' id='word_1_362' title='bbox 1386 4204 1521 4265; x_wconf 87' lang='lat' dir='ltr'><strong><em>loco,</em></strong></span> <span class='ocrx_word' id='word_1_363' title='bbox 1553 4206 1691 4260; x_wconf 82' lang='lat' dir='ltr'><strong><em>ride-</em></strong></span> 
     </span>
    </p>
   </div>
   <div class='ocr_carea' id='block_1_45' title="bbox 109 4273 1693 4364">
    <p class='ocr_par' dir='ltr' id='par_1_45' title="bbox 109 4273 1693 4364">
     <span class='ocr_line' id='line_1_45' title="bbox 109 4273 1693 4364; baseline 0.01 -29"><span class='ocrx_word' id='word_1_364' title='bbox 109 4284 190 4349; x_wconf 79' lang='lat' dir='ltr'><strong><em>rit,</em></strong></span> <span class='ocrx_word' id='word_1_365' title='bbox 216 4286 314 4344; x_wconf 78' lang='lat' dir='ltr'><strong><em>nisi</em></strong></span> <span class='ocrx_word' id='word_1_366' title='bbox 345 4286 749 4346; x_wconf 76' lang='lat' dir='ltr'><strong><em>CttthUlltbCltdt)</em></strong></span> <span class='ocrx_word' id='word_1_367' title='bbox 777 4291 1085 4359; x_wconf 76' lang='lat' dir='ltr'><strong><em>cognoverit</em></strong></span> <span class='ocrx_word' id='word_1_368' title='bbox 1106 4273 1292 4348; x_wconf 63' lang='lat' dir='ltr'><strong><em>?&#39;sicut</em></strong></span> <span class='ocrx_word' id='word_1_369' title='bbox 1318 4294 1368 4346; x_wconf 88' lang='lat' dir='ltr'><strong><em>in</em></strong></span> <span class='ocrx_word' id='word_1_370' title='bbox 1398 4293 1538 4364; x_wconf 77' lang='lat' dir='ltr'><strong><em>Lege</em></strong></span> <span class='ocrx_word' id='word_1_371' title='bbox 1561 4296 1693 4351; x_wconf 84' lang='lat' dir='ltr'><strong><em>dici-</em></strong></span> 
     </span>
    </p>
   </div>
   <div class='ocr_carea' id='block_1_46' title="bbox 111 4377 1694 4459">
    <p class='ocr_par' dir='ltr' id='par_1_46' title="bbox 111 4377 1694 4459">
     <span class='ocr_line' id='line_1_46' title="bbox 111 4377 1694 4459; baseline 0.008 -27"><span class='ocrx_word' id='word_1_372' title='bbox 111 4383 208 4442; x_wconf 85' lang='lat' dir='ltr'><strong><em>tur,</em></strong></span> <span class='ocrx_word' id='word_1_373' title='bbox 239 4377 480 4452; x_wconf 73' lang='lat' dir='ltr'><strong><em>Cognovit</em></strong></span> <span class='ocrx_word' id='word_1_374' title='bbox 507 4397 712 4437; x_wconf 77' lang='lat' dir='ltr'><strong><em>na‘orent</em></strong></span> <span class='ocrx_word' id='word_1_375' title='bbox 733 4399 877 4437; x_wconf 87' lang='lat' dir='ltr'><strong><em>suam</em></strong></span> <span class='ocrx_word' id='word_1_376' title='bbox 904 4381 1052 4453; x_wconf 78' lang='lat' dir='ltr'><strong><em>(Cen.</em></strong></span> <span class='ocrx_word' id='word_1_377' title='bbox 1083 4399 1138 4439; x_wconf 88' lang='lat' dir='ltr'><strong><em>tv</em></strong></span> <span class='ocrx_word' id='word_1_378' title='bbox 1160 4425 1175 4449; x_wconf 95' lang='lat'><strong><em>,</em></strong></span> <span class='ocrx_word' id='word_1_379' title='bbox 1210 4385 1260 4456; x_wconf 88' lang='lat' dir='ltr'><strong><em>l,</em></strong></span> <span class='ocrx_word' id='word_1_380' title='bbox 1292 4386 1529 4456; x_wconf 72' lang='grc' dir='ltr'><strong><em>17ει25)</em></strong></span> <span class='ocrx_word' id='word_1_381' title='bbox 1551 4430 1566 4456; x_wconf 88' lang='grc'><em>,</em></span> <span class='ocrx_word' id='word_1_382' title='bbox 1597 4404 1694 4459; x_wconf 89' lang='lat' dir='ltr'><strong><em>pro</em></strong></span> 
     </span>
    </p>
   </div>
   <div class='ocr_carea' id='block_1_47' title="bbox 112 4474 1692 4552">
    <p class='ocr_par' dir='ltr' id='par_1_47' title="bbox 112 4474 1692 4552">
     <span class='ocr_line' id='line_1_47' title="bbox 112 4474 1692 4552; baseline 0.01 -29"><span class='ocrx_word' id='word_1_383' title='bbox 112 4482 171 4524; x_wconf 89' lang='lat' dir='ltr'><strong><em>eo</em></strong></span> <span class='ocrx_word' id='word_1_384' title='bbox 197 4475 482 4544; x_wconf 71' lang='lat' dir='ltr'><strong><em>quodest,</em></strong></span> <span class='ocrx_word' id='word_1_385' title='bbox 525 4474 723 4529; x_wconf 69' lang='lat' dir='ltr'><strong><em>mixtus</em></strong></span> <span class='ocrx_word' id='word_1_386' title='bbox 764 4483 849 4531; x_wconf 82' lang='lat' dir='ltr'><strong><em>cst</em></strong></span> <span class='ocrx_word' id='word_1_387' title='bbox 885 4476 957 4531; x_wconf 86' lang='lat' dir='ltr'><strong><em>ei.</em></strong></span> <span class='ocrx_word' id='word_1_388' title='bbox 1012 4477 1076 4532; x_wconf 83' lang='lat' dir='ltr'><strong><em>Et</em></strong></span> <span class='ocrx_word' id='word_1_389' title='bbox 1115 4479 1240 4548; x_wconf 86' lang='lat' dir='ltr'><strong>quid</strong></span> <span class='ocrx_word' id='word_1_390' title='bbox 1286 4480 1392 4546; x_wconf 88' lang='lat' dir='ltr'><strong><em>ait,</em></strong></span> <span class='ocrx_word' id='word_1_391' title='bbox 1433 4494 1692 4552; x_wconf 79' lang='lat' dir='ltr'><strong><em>percolunt</em></strong></span> 
     </span>
    </p>
   </div>
   <div class='ocr_carea' id='block_1_48' title="bbox 113 4567 1690 4644">
    <p class='ocr_par' dir='ltr' id='par_1_48' title="bbox 113 4567 1690 4644">
     <span class='ocr_line' id='line_1_48' title="bbox 113 4567 1690 4644; baseline 0.009 -28"><span class='ocrx_word' id='word_1_392' title='bbox 113 4575 248 4618; x_wconf 81' lang='lat' dir='ltr'><strong><em>suum</em></strong></span> <span class='ocrx_word' id='word_1_393' title='bbox 291 4567 578 4640; x_wconf 86' lang='lat' dir='ltr'><strong><em>accipient,</em></strong></span> <span class='ocrx_word' id='word_1_394' title='bbox 628 4583 747 4630; x_wconf 84' lang='lat' dir='ltr'><strong><em>cum</em></strong></span> <span class='ocrx_word' id='word_1_395' title='bbox 799 4567 868 4623; x_wconf 88' lang='lat' dir='ltr'><strong><em>de</em></strong></span> <span class='ocrx_word' id='word_1_396' title='bbox 914 4583 1070 4639; x_wconf 75' lang='lat' dir='ltr'><strong><em>poma</em></strong></span> <span class='ocrx_word' id='word_1_397' title='bbox 1115 4586 1300 4628; x_wconf 88' lang='lat' dir='ltr'><strong><em>eorum</em></strong></span> <span class='ocrx_word' id='word_1_398' title='bbox 1349 4574 1690 4644; x_wconf 84' lang='lat' dir='ltr'><strong><em>loqueretur,</em></strong></span> 
     </span>
    </p>
   </div>
   <div class='ocr_carea' id='block_1_49' title="bbox 114 4653 1695 4734">
    <p class='ocr_par' dir='ltr' id='par_1_49' title="bbox 114 4653 1695 4734">
     <span class='ocr_line' id='line_1_49' title="bbox 114 4653 1695 4734; baseline 0.007 -23"><span class='ocrx_word' id='word_1_399' title='bbox 114 4653 204 4712; x_wconf 50' lang='lat' dir='ltr'><strong><em>nisi</em></strong></span> <span class='ocrx_word' id='word_1_400' title='bbox 243 4660 360 4728; x_wconf 82' lang='lat' dir='ltr'><strong><em>quia</em></strong></span> <span class='ocrx_word' id='word_1_401' title='bbox 389 4661 641 4731; x_wconf 75' lang='lat' dir='ltr'><strong><em>utipsam</em></strong></span> <span class='ocrx_word' id='word_1_402' title='bbox 681 4675 894 4731; x_wconf 79' lang='lat' dir='ltr'><strong><em>ptcnam</em></strong></span> <span class='ocrx_word' id='word_1_403' title='bbox 937 4664 1139 4732; x_wconf 85' lang='lat' dir='ltr'><strong><em>peccati</em></strong></span> <span class='ocrx_word' id='word_1_404' title='bbox 1164 4703 1180 4729; x_wconf 95' lang='lat'><strong><em>,</em></strong></span> <span class='ocrx_word' id='word_1_405' title='bbox 1229 4675 1500 4734; x_wconf 86' lang='lat' dir='ltr'><strong><em>peccatum</em></strong></span> <span class='ocrx_word' id='word_1_406' title='bbox 1528 4668 1695 4730; x_wconf 79' lang='lat' dir='ltr'><strong><em>voluit</em></strong></span> 
     </span>
    </p>
   </div>
   <div class='ocr_carea' id='block_1_50' title="bbox 113 4750 1188 4840">
    <p class='ocr_par' dir='ltr' id='par_1_50' title="bbox 113 4750 1188 4840">
     <span class='ocr_line' id='line_1_50' title="bbox 113 4750 1188 4840; baseline 0.012 -38"><span class='ocrx_word' id='word_1_407' title='bbox 113 4750 401 4840; x_wconf 63' lang='lat' dir='ltr'><strong><em>appellare?</em></strong></span> <span class='ocrx_word' id='word_1_408' title='bbox 1135 4789 1188 4840; x_wconf 57' lang='grc' dir='ltr'>δ</span> 
     </span>
    </p>
   </div>
   <div class='ocr_carea' id='block_1_51' title="bbox 180 4836 1695 4919">
    <p class='ocr_par' dir='ltr' id='par_1_51' title="bbox 180 4836 1695 4919">
     <span class='ocr_line' id='line_1_51' title="bbox 180 4836 1695 4919; baseline 0.009 -25"><span class='ocrx_word' id='word_1_409' title='bbox 180 4836 410 4900; x_wconf 72' lang='lat' dir='ltr'><strong>LXXVI.</strong></span> <span class='ocrx_word' id='word_1_410' title='bbox 445 4840 546 4918; x_wconf 91' lang='grc'><strong>[11).</strong></span> <span class='ocrx_word' id='word_1_411' title='bbox 575 4859 666 4910; x_wconf 77' lang='lat' dir='ltr'><strong><em>xx,</em></strong></span> <span class='ocrx_word' id='word_1_412' title='bbox 689 4841 782 4908; x_wconf 77' lang='lat'><strong><em>‘20,</em></strong></span> <span class='ocrx_word' id='word_1_413' title='bbox 812 4839 930 4919; x_wconf 64' lang='lat' dir='ltr'><strong><em>c25.]</em></strong></span> <span class='ocrx_word' id='word_1_414' title='bbox 964 4836 1280 4917; x_wconf 73' lang='lat' dir='ltr'><strong><em>Quicumque</em></strong></span> <span class='ocrx_word' id='word_1_415' title='bbox 1304 4848 1565 4908; x_wconf 85' lang='lat' dir='ltr'><strong><em>dormierit</em></strong></span> <span class='ocrx_word' id='word_1_416' title='bbox 1579 4867 1695 4908; x_wconf 83' lang='lat' dir='ltr'><strong><em>cum</em></strong></span> 
     </span>
    </p>
   </div>
   <div class='ocr_carea' id='block_1_52' title="bbox 120 4938 1694 5013">
    <p class='ocr_par' dir='ltr' id='par_1_52' title="bbox 120 4938 1694 5013">
     <span class='ocr_line' id='line_1_52' title="bbox 120 4938 1694 5013; baseline 0.015 -33"><span class='ocrx_word' id='word_1_417' title='bbox 120 4944 319 5001; x_wconf 83' lang='lat' dir='ltr'><strong><em>cognata</em></strong></span> <span class='ocrx_word' id='word_1_418' title='bbox 356 4954 484 5000; x_wconf 83' lang='lat' dir='ltr'><strong><em>sua,</em></strong></span> <span class='ocrx_word' id='word_1_419' title='bbox 515 4938 880 5013; x_wconf 83' lang='lat' dir='ltr'><strong><em>turpitudinem</em></strong></span> <span class='ocrx_word' id='word_1_420' title='bbox 921 4941 1235 5010; x_wconf 73' lang='lat' dir='ltr'><strong><em>cognationis</em></strong></span> <span class='ocrx_word' id='word_1_421' title='bbox 1278 4958 1385 4998; x_wconf 71' lang='lat' dir='ltr'><strong><em>sua:</em></strong></span> <span class='ocrx_word' id='word_1_422' title='bbox 1419 4945 1694 5004; x_wconf 82' lang='lat' dir='ltr'><strong><em>rerelarit:</em></strong></span> 
     </span>
    </p>
   </div>
   <div class='ocr_carea' id='block_1_53' title="bbox 120 5021 1694 5106">
    <p class='ocr_par' dir='ltr' id='par_1_53' title="bbox 120 5021 1694 5106">
     <span class='ocr_line' id='line_1_53' title="bbox 120 5021 1694 5106; baseline 0.013 -32"><span class='ocrx_word' id='word_1_423' title='bbox 120 5021 218 5078; x_wconf 84' lang='lat' dir='ltr'><strong><em>sine</em></strong></span> <span class='ocrx_word' id='word_1_424' title='bbox 231 5027 348 5094; x_wconf 77' lang='lat' dir='ltr'><strong><em>ﬁliis</em></strong></span> <span class='ocrx_word' id='word_1_425' title='bbox 369 5030 667 5086; x_wconf 83' lang='lat' dir='ltr'><strong><em>morientur.</em></strong></span> <span class='ocrx_word' id='word_1_426' title='bbox 690 5030 1242 5102; x_wconf 66' lang='lat' dir='ltr'><strong><em>Qumriturqnousque</em></strong></span> <span class='ocrx_word' id='word_1_427' title='bbox 1261 5032 1332 5088; x_wconf 85' lang='lat' dir='ltr'><strong><em>sit</em></strong></span> <span class='ocrx_word' id='word_1_428' title='bbox 1355 5033 1694 5106; x_wconf 78' lang='lat' dir='ltr'><strong><em>intelligentia</em></strong></span> 
     </span>
    </p>
   </div>
   <div class='ocr_carea' id='block_1_54' title="bbox 123 5110 1694 5200">
    <p class='ocr_par' dir='ltr' id='par_1_54' title="bbox 123 5110 1694 5200">
     <span class='ocr_line' id='line_1_54' title="bbox 123 5110 1694 5200; baseline 0.013 -35"><span class='ocrx_word' id='word_1_429' title='bbox 123 5110 212 5168; x_wconf 80' lang='lat' dir='ltr'><strong><em>ista</em></strong></span> <span class='ocrx_word' id='word_1_430' title='bbox 238 5122 502 5191; x_wconf 79' lang='lat' dir='ltr'><strong><em>cognatio,</em></strong></span> <span class='ocrx_word' id='word_1_431' title='bbox 529 5137 651 5180; x_wconf 89' lang='lat' dir='ltr'><strong><em>cum</em></strong></span> <span class='ocrx_word' id='word_1_432' title='bbox 677 5139 745 5176; x_wconf 70' lang='lat' dir='ltr'><strong><em>es.</em></strong></span> <span class='ocrx_word' id='word_1_433' title='bbox 781 5122 940 5192; x_wconf 81' lang='lat' dir='ltr'><strong><em>longo</em></strong></span> <span class='ocrx_word' id='word_1_434' title='bbox 965 5122 1132 5193; x_wconf 77' lang='lat' dir='ltr'><strong><em>gradu</em></strong></span> <span class='ocrx_word' id='word_1_435' title='bbox 1163 5124 1317 5192; x_wconf 76' lang='lat' dir='ltr'><strong><em>lit-cat</em></strong></span> <span class='ocrx_word' id='word_1_436' title='bbox 1342 5129 1521 5200; x_wconf 87' lang='lat' dir='ltr'><strong><em>utique</em></strong></span> <span class='ocrx_word' id='word_1_437' title='bbox 1549 5130 1694 5186; x_wconf 89' lang='lat' dir='ltr'><strong><em>acci-</em></strong></span> 
     </span>
    </p>
   </div>
   <div class='ocr_carea' id='block_1_55' title="bbox 126 5217 1693 5294">
    <p class='ocr_par' dir='ltr' id='par_1_55' title="bbox 126 5217 1693 5294">
     <span class='ocr_line' id='line_1_55' title="bbox 126 5217 1693 5294; baseline 0.011 -30"><span class='ocrx_word' id='word_1_438' title='bbox 126 5221 240 5276; x_wconf 86' lang='lat' dir='ltr'><strong><em>pere</em></strong></span> <span class='ocrx_word' id='word_1_439' title='bbox 265 5229 484 5273; x_wconf 60' lang='grc' dir='ltr'>αξιοι-ειη</span> <span class='ocrx_word' id='word_1_440' title='bbox 509 5259 526 5286; x_wconf 84' lang='grc'><strong><em>,</em></strong></span> <span class='ocrx_word' id='word_1_441' title='bbox 553 5231 867 5288; x_wconf 84' lang='lat' dir='ltr'><strong><em>semperque</em></strong></span> <span class='ocrx_word' id='word_1_442' title='bbox 898 5217 1127 5276; x_wconf 82' lang='lat' dir='ltr'><strong><em>licuerit.</em></strong></span> <span class='ocrx_word' id='word_1_443' title='bbox 1159 5218 1264 5276; x_wconf 85' lang='lat' dir='ltr'><strong><em>Sed</em></strong></span> <span class='ocrx_word' id='word_1_444' title='bbox 1295 5221 1693 5294; x_wconf 79' lang='lat' dir='ltr'><strong><em>intelligendum</em></strong></span> 
     </span>
    </p>
   </div>
   <div class='ocr_carea' id='block_1_56' title="bbox 126 5310 1697 5386">
    <p class='ocr_par' dir='ltr' id='par_1_56' title="bbox 126 5310 1697 5386">
     <span class='ocr_line' id='line_1_56' title="bbox 126 5310 1697 5386; baseline 0.013 -30"><span class='ocrx_word' id='word_1_445' title='bbox 126 5311 288 5361; x_wconf 84' lang='lat' dir='ltr'><strong><em>estex</em></strong></span> <span class='ocrx_word' id='word_1_446' title='bbox 333 5310 416 5370; x_wconf 85' lang='lat' dir='ltr'><strong><em>his</em></strong></span> <span class='ocrx_word' id='word_1_447' title='bbox 441 5311 696 5383; x_wconf 71' lang='lat' dir='ltr'><strong><em>gradibus</em></strong></span> <span class='ocrx_word' id='word_1_448' title='bbox 723 5327 860 5383; x_wconf 86' lang='lat' dir='ltr'><strong><em>quos</em></strong></span> <span class='ocrx_word' id='word_1_449' title='bbox 900 5312 1170 5382; x_wconf 82' lang='lat' dir='ltr'><strong><em>prohibuit</em></strong></span> <span class='ocrx_word' id='word_1_450' title='bbox 1194 5353 1210 5381; x_wconf 91' lang='lat'><strong><em>,</em></strong></span> <span class='ocrx_word' id='word_1_451' title='bbox 1253 5329 1362 5372; x_wconf 89' lang='lat' dir='ltr'><strong><em>non</em></strong></span> <span class='ocrx_word' id='word_1_452' title='bbox 1401 5316 1601 5386; x_wconf 83' lang='lat' dir='ltr'><strong><em>licere,</em></strong></span> <span class='ocrx_word' id='word_1_453' title='bbox 1640 5327 1697 5378; x_wconf 86' lang='lat' dir='ltr'><strong><em>et</em></strong></span> 
     </span>
    </p>
   </div>
   <div class='ocr_carea' id='block_1_57' title="bbox 126 5453 1699 5566">
    <p class='ocr_par' dir='ltr' id='par_1_57' title="bbox 126 5453 1699 5566">
     <span class='ocr_line' id='line_1_57' title="bbox 126 5453 1699 5566; baseline 0.011 -58"><span class='ocrx_word' id='word_1_454' title='bbox 126 5453 360 5566; x_wconf 44' lang='lat' dir='ltr'><strong><em>Erginum</em></strong></span> <span class='ocrx_word' id='word_1_455' title='bbox 388 5465 703 5517; x_wconf 74' lang='lat' dir='ltr'><strong><em>observamus</em></strong></span> <span class='ocrx_word' id='word_1_456' title='bbox 744 5466 794 5516; x_wconf 83' lang='lat' dir='ltr'><strong><em>In</em></strong></span> <span class='ocrx_word' id='word_1_457' title='bbox 827 5471 934 5517; x_wconf 64' lang='lat' dir='ltr'><strong><em>Uss.</em></strong></span> <span class='ocrx_word' id='word_1_458' title='bbox 977 5467 1142 5517; x_wconf 79' lang='lat' dir='ltr'><strong><em>Blbliis</em></strong></span> <span class='ocrx_word' id='word_1_459' title='bbox 1175 5472 1598 5531; x_wconf 73' lang='lat' dir='ltr'><strong><em>Germanensibus,</em></strong></span> <span class='ocrx_word' id='word_1_460' title='bbox 1646 5484 1699 5527; x_wconf 88' lang='lat' dir='ltr'><strong><em>et</em></strong></span> 
     </span>
     <span class='ocr_line' id='line_1_58' title="bbox 223 5522 1698 5566; baseline 0 0"><span class='ocrx_word' id='word_1_461' title='bbox 223 5532 251 5566; x_wconf 70' lang='grc' dir='ltr'>ι.</span> <span class='ocrx_word' id='word_1_462' title='bbox 277 5522 471 5566; x_wconf 74' lang='lat' dir='ltr'><strong><em>halmrn-</em></strong></span> <span class='ocrx_word' id='word_1_463' title='bbox 497 5535 547 5566; x_wconf 84' lang='lat' dir='ltr'><strong><em>m</em></strong></span> <span class='ocrx_word' id='word_1_464' title='bbox 572 5527 921 5566; x_wconf 73' lang='lat' dir='ltr'><strong><em>fnrm&#39;rnrpmur</em></strong></span> <span class='ocrx_word' id='word_1_465' title='bbox 954 5543 968 5556; x_wconf 78' lang='grc' dir='ltr'><strong>ο</strong></span> <span class='ocrx_word' id='word_1_466' title='bbox 993 5531 1100 5566; x_wconf 75' lang='lat' dir='ltr'><strong><em>linnl</em></strong></span> <span class='ocrx_word' id='word_1_467' title='bbox 1133 5532 1178 5566; x_wconf 88' lang='lat' dir='ltr'><strong><em>in</em></strong></span> <span class='ocrx_word' id='word_1_468' title='bbox 1205 5534 1346 5566; x_wconf 58' lang='lat' dir='ltr'><strong><em>mliti:</em></strong></span> <span class='ocrx_word' id='word_1_469' title='bbox 1373 5535 1488 5566; x_wconf 73' lang='lat' dir='ltr'><strong><em>I&#39;nrol</em></strong></span> <span class='ocrx_word' id='word_1_470' title='bbox 1528 5543 1580 5566; x_wconf 74' lang='lat' dir='ltr'><strong><em>ul</em></strong></span> <span class='ocrx_word' id='word_1_471' title='bbox 1601 5539 1698 5566; x_wconf 28' lang='lat' dir='ltr'><strong><em>nuc</em></strong></span> 
     </span>
    </p>
   </div>
   <div class='ocr_carea' id='block_1_58' title="bbox 126 5522 1699 5635">
    <p class='ocr_par' dir='ltr' id='par_1_58' title="bbox 126 5522 1699 5635">
     <span class='ocr_line' id='line_1_59' title="bbox 126 5522 1699 5635; baseline 0.011 -62"><span class='ocrx_word' id='word_1_472' title='bbox 126 5522 474 5635; x_wconf 39' lang='lat'><strong><em>33:83:30,</em></strong></span> <span class='ocrx_word' id='word_1_473' title='bbox 497 5535 547 5579; x_wconf 85' lang='lat' dir='ltr'><strong><em>ut</em></strong></span> <span class='ocrx_word' id='word_1_474' title='bbox 567 5527 921 5594; x_wconf 80' lang='lat' dir='ltr'><strong><em>fornicarentur</em></strong></span> <span class='ocrx_word' id='word_1_475' title='bbox 948 5543 968 5584; x_wconf 89' lang='lat'><strong><em>:</em></strong></span> <span class='ocrx_word' id='word_1_476' title='bbox 991 5531 1108 5582; x_wconf 84' lang='lat' dir='ltr'><strong><em>licet</em></strong></span> <span class='ocrx_word' id='word_1_477' title='bbox 1130 5532 1180 5582; x_wconf 88' lang='lat' dir='ltr'><strong><em>ia</em></strong></span> <span class='ocrx_word' id='word_1_478' title='bbox 1205 5534 1349 5583; x_wconf 83' lang='lat' dir='ltr'><strong><em>editis</em></strong></span> <span class='ocrx_word' id='word_1_479' title='bbox 1371 5535 1511 5597; x_wconf 79' lang='lat' dir='ltr'><strong><em>ferat,</em></strong></span> <span class='ocrx_word' id='word_1_480' title='bbox 1528 5522 1699 5602; x_wconf 45' lang='lat' dir='ltr'><strong><em>nefor-&#39;-</em></strong></span> 
     </span>
    </p>
   </div>
   <div class='ocr_carea' id='block_1_59' title="bbox 187 5640 1668 5720">
    <p class='ocr_par' dir='ltr' id='par_1_59' title="bbox 187 5640 1668 5720">
     <span class='ocr_line' id='line_1_60' title="bbox 187 5640 1668 5720; baseline 0.014 -25"><span class='ocrx_word' id='word_1_481' title='bbox 187 5640 1668 5720; x_wconf 63' lang='lat' dir='ltr'><strong><em>‘ltuediti.AtMss.lwc1000.WmlﬂltnLnomittm</em></strong></span> 
     </span>
    </p>
   </div>
   <div class='ocr_carea' id='block_1_60' title="bbox 1467 226 2031 290">
    <p class='ocr_par' dir='ltr' id='par_1_60' title="bbox 1467 226 2031 290">
     <span class='ocr_line' id='line_1_61' title="bbox 1467 226 2031 290; baseline 0.007 -4"><span class='ocrx_word' id='word_1_482' title='bbox 1467 227 1677 286; x_wconf 78' lang='lat' dir='ltr'><strong>LIBER</strong></span> <span class='ocrx_word' id='word_1_483' title='bbox 1711 226 2031 290; x_wconf 72' lang='lat' dir='ltr'><strong><em>TERTIUS.</em></strong></span> 
     </span>
    </p>
   </div>
   <div class='ocr_carea' id='block_1_61' title="bbox 3296 245 3402 308">
    <p class='ocr_par' dir='ltr' id='par_1_61' title="bbox 3296 245 3402 308">
     <span class='ocr_line' id='line_1_62' title="bbox 3296 245 3402 308; baseline -0.009 -2"><span class='ocrx_word' id='word_1_484' title='bbox 3296 245 3402 308; x_wconf 79' lang='grc'><strong>’110</strong></span> 
     </span>
    </p>
   </div>
   <div class='ocr_carea' id='block_1_62' title="bbox 1810 343 3396 428">
    <p class='ocr_par' dir='ltr' id='par_1_62' title="bbox 1810 343 3396 428">
     <span class='ocr_line' id='line_1_63' title="bbox 1810 343 3396 428; baseline 0.013 -30"><span class='ocrx_word' id='word_1_485' title='bbox 1810 343 2102 402; x_wconf 83' lang='lat' dir='ltr'><strong><em>secundum</em></strong></span> <span class='ocrx_word' id='word_1_486' title='bbox 2147 345 2293 419; x_wconf 86' lang='lat' dir='ltr'><strong><em>ipsos</em></strong></span> <span class='ocrx_word' id='word_1_487' title='bbox 2332 347 2538 410; x_wconf 84' lang='lat' dir='ltr'><strong><em>dictum</em></strong></span> <span class='ocrx_word' id='word_1_488' title='bbox 2555 391 2572 419; x_wconf 90' lang='lat'><strong><em>,</em></strong></span> <span class='ocrx_word' id='word_1_489' title='bbox 2624 351 2940 428; x_wconf 79' lang='lat' dir='ltr'><strong><em>Quicumque</em></strong></span> <span class='ocrx_word' id='word_1_490' title='bbox 2977 356 3236 423; x_wconf 71' lang='lat' dir='ltr'><strong><em>dormiet-it</em></strong></span> <span class='ocrx_word' id='word_1_491' title='bbox 3277 375 3396 419; x_wconf 66' lang='lat' dir='ltr'><strong><em>cunt</em></strong></span> 
     </span>
    </p>
   </div>
   <div class='ocr_carea' id='block_1_63' title="bbox 1807 439 3392 513">
    <p class='ocr_par' dir='ltr' id='par_1_63' title="bbox 1807 439 3392 513">
     <span class='ocr_line' id='line_1_64' title="bbox 1807 439 3392 513; baseline 0.008 -24"><span class='ocrx_word' id='word_1_492' title='bbox 1807 446 2022 510; x_wconf 83' lang='lat' dir='ltr'><strong><em>cognata</em></strong></span> <span class='ocrx_word' id='word_1_493' title='bbox 2050 453 2144 494; x_wconf 87' lang='lat' dir='ltr'><strong><em>sua</em></strong></span> <span class='ocrx_word' id='word_1_494' title='bbox 2175 452 2197 494; x_wconf 89' lang='lat'><strong><em>:</em></strong></span> <span class='ocrx_word' id='word_1_495' title='bbox 2218 439 2309 496; x_wconf 87' lang='lat' dir='ltr'><strong><em>ubi</em></strong></span> <span class='ocrx_word' id='word_1_496' title='bbox 2351 449 2406 496; x_wconf 89' lang='lat' dir='ltr'><strong><em>et</em></strong></span> <span class='ocrx_word' id='word_1_497' title='bbox 2441 440 2646 513; x_wconf 88' lang='lat' dir='ltr'><strong><em>aliquas</em></strong></span> <span class='ocrx_word' id='word_1_498' title='bbox 2679 459 2786 500; x_wconf 88' lang='lat' dir='ltr'><strong><em>non</em></strong></span> <span class='ocrx_word' id='word_1_499' title='bbox 2830 459 3275 512; x_wconf 84' lang='lat' dir='ltr'><strong><em>commemoratas</em></strong></span> <span class='ocrx_word' id='word_1_500' title='bbox 3302 450 3392 507; x_wconf 86' lang='lat' dir='ltr'><strong><em>in.</em></strong></span> 
     </span>
    </p>
   </div>
   <div class='ocr_carea' id='block_1_64' title="bbox 1811 527 3390 612">
    <p class='ocr_par' dir='ltr' id='par_1_64' title="bbox 1811 527 3390 612">
     <span class='ocr_line' id='line_1_65' title="bbox 1811 527 3390 612; baseline 0.009 -26"><span class='ocrx_word' id='word_1_501' title='bbox 1811 527 2124 600; x_wconf 81' lang='lat' dir='ltr'><strong><em>telligendas</em></strong></span> <span class='ocrx_word' id='word_1_502' title='bbox 2147 529 2368 602; x_wconf 81' lang='lat' dir='ltr'><strong><em>dimisit,</em></strong></span> <span class='ocrx_word' id='word_1_503' title='bbox 2391 533 2527 594; x_wconf 88' lang='lat' dir='ltr'><strong><em>sicut</em></strong></span> <span class='ocrx_word' id='word_1_504' title='bbox 2549 548 2788 592; x_wconf 84' lang='lat' dir='ltr'><strong><em>sororem</em></strong></span> <span class='ocrx_word' id='word_1_505' title='bbox 2807 537 2877 594; x_wconf 87' lang='lat' dir='ltr'><strong><em>de</em></strong></span> <span class='ocrx_word' id='word_1_506' title='bbox 2899 547 3121 610; x_wconf 85' lang='lat' dir='ltr'><strong><em>utroque</em></strong></span> <span class='ocrx_word' id='word_1_507' title='bbox 3143 543 3390 612; x_wconf 80' lang='lat' dir='ltr'><strong><em>parente,</em></strong></span> 
     </span>
    </p>
   </div>
   <div class='ocr_carea' id='block_1_65' title="bbox 1805 618 3392 696">
    <p class='ocr_par' dir='ltr' id='par_1_65' title="bbox 1805 618 3392 696">
     <span class='ocr_line' id='line_1_66' title="bbox 1805 618 3392 696; baseline 0.011 -24"><span class='ocrx_word' id='word_1_508' title='bbox 1805 618 1945 676; x_wconf 80' lang='lat' dir='ltr'><strong><em>sicut</em></strong></span> <span class='ocrx_word' id='word_1_509' title='bbox 1967 635 2191 678; x_wconf 78' lang='lat' dir='ltr'><strong><em>uxorem</em></strong></span> <span class='ocrx_word' id='word_1_510' title='bbox 2218 621 2397 680; x_wconf 81' lang='lat' dir='ltr'><strong><em>l‘ratris</em></strong></span> <span class='ocrx_word' id='word_1_511' title='bbox 2424 627 2647 696; x_wconf 70' lang='lat' dir='ltr'><strong><em>aratris,</em></strong></span> <span class='ocrx_word' id='word_1_512' title='bbox 2689 626 2738 684; x_wconf 92' lang='lat' dir='ltr'><strong>id</strong></span> <span class='ocrx_word' id='word_1_513' title='bbox 2767 638 2849 686; x_wconf 89' lang='lat' dir='ltr'><strong><em>est</em></strong></span> <span class='ocrx_word' id='word_1_514' title='bbox 2868 632 3133 692; x_wconf 80' lang='lat' dir='ltr'><strong><em>avunculi.</em></strong></span> <span class='ocrx_word' id='word_1_515' title='bbox 3165 619 3297 690; x_wconf 80' lang='lat' dir='ltr'><strong><em>Nam</em></strong></span> <span class='ocrx_word' id='word_1_516' title='bbox 3322 634 3392 690; x_wconf 84' lang='lat' dir='ltr'><strong><em>de</em></strong></span> 
     </span>
    </p>
   </div>
   <div class='ocr_carea' id='block_1_66' title="bbox 1804 716 3385 796">
    <p class='ocr_par' dir='ltr' id='par_1_66' title="bbox 1804 716 3385 796">
     <span class='ocr_line' id='line_1_67' title="bbox 1804 716 3385 796; baseline 0.011 -30"><span class='ocrx_word' id='word_1_517' title='bbox 1804 727 1972 770; x_wconf 76' lang='lat' dir='ltr'><strong><em>uxore</em></strong></span> <span class='ocrx_word' id='word_1_518' title='bbox 2021 716 2194 786; x_wconf 86' lang='lat' dir='ltr'><strong><em>patrui</em></strong></span> <span class='ocrx_word' id='word_1_519' title='bbox 2242 717 2472 788; x_wconf 86' lang='lat' dir='ltr'><strong><em>primum</em></strong></span> <span class='ocrx_word' id='word_1_520' title='bbox 2519 720 2826 793; x_wconf 78' lang='lat' dir='ltr'><strong><em>prohibuit,</em></strong></span> <span class='ocrx_word' id='word_1_521' title='bbox 2867 725 3112 796; x_wconf 81' lang='lat' dir='ltr'><strong><em>quamvis</em></strong></span> <span class='ocrx_word' id='word_1_522' title='bbox 3139 725 3254 784; x_wconf 65' lang='lat' dir='ltr'><strong><em>haec</em></strong></span> <span class='ocrx_word' id='word_1_523' title='bbox 3281 743 3385 783; x_wconf 79' lang='lat' dir='ltr'><strong><em>nou</em></strong></span> 
     </span>
    </p>
   </div>
   <div class='ocr_carea' id='block_1_67' title="bbox 1801 805 3393 888">
    <p class='ocr_par' dir='ltr' id='par_1_67' title="bbox 1801 805 3393 888">
     <span class='ocr_line' id='line_1_68' title="bbox 1801 805 3393 888; baseline 0.009 -30"><span class='ocrx_word' id='word_1_524' title='bbox 1801 805 2046 873; x_wconf 77' lang='lat' dir='ltr'><strong><em>cognatio</em></strong></span> <span class='ocrx_word' id='word_1_525' title='bbox 2064 847 2077 872; x_wconf 93' lang='lat'><strong><em>,</em></strong></span> <span class='ocrx_word' id='word_1_526' title='bbox 2107 807 2204 864; x_wconf 82' lang='lat' dir='ltr'><strong><em>sed</em></strong></span> <span class='ocrx_word' id='word_1_527' title='bbox 2231 807 2462 866; x_wconf 75' lang='lat' dir='ltr'><strong><em>afﬁnitas</em></strong></span> <span class='ocrx_word' id='word_1_528' title='bbox 2491 812 2817 882; x_wconf 86' lang='lat' dir='ltr'><strong><em>perhibetur.</em></strong></span> <span class='ocrx_word' id='word_1_529' title='bbox 2857 807 2966 874; x_wconf 80' lang='lat' dir='ltr'><strong><em>Sed</em></strong></span> <span class='ocrx_word' id='word_1_530' title='bbox 2991 816 3114 888; x_wconf 87' lang='lat' dir='ltr'><strong>quid</strong></span> <span class='ocrx_word' id='word_1_531' title='bbox 3143 825 3252 882; x_wconf 83' lang='lat' dir='ltr'><strong><em>est,</em></strong></span> <span class='ocrx_word' id='word_1_532' title='bbox 3284 817 3393 874; x_wconf 80' lang='lat' dir='ltr'><strong><em>sine</em></strong></span> 
     </span>
    </p>
   </div>
   <div class='ocr_carea' id='block_1_68' title="bbox 1802 893 3391 982">
    <p class='ocr_par' dir='ltr' id='par_1_68' title="bbox 1802 893 3391 982">
     <span class='ocr_line' id='line_1_69' title="bbox 1802 893 3391 982; baseline 0.011 -33"><span class='ocrx_word' id='word_1_533' title='bbox 1802 893 1923 964; x_wconf 77' lang='lat' dir='ltr'><strong><em>ﬁliis</em></strong></span> <span class='ocrx_word' id='word_1_534' title='bbox 1946 898 2264 968; x_wconf 86' lang='lat' dir='ltr'><strong><em>morientur;</em></strong></span> <span class='ocrx_word' id='word_1_535' title='bbox 2293 916 2413 958; x_wconf 88' lang='lat' dir='ltr'><strong><em>cum</em></strong></span> <span class='ocrx_word' id='word_1_536' title='bbox 2442 902 2534 958; x_wconf 89' lang='lat' dir='ltr'><strong><em>lilii</em></strong></span> <span class='ocrx_word' id='word_1_537' title='bbox 2562 919 2628 960; x_wconf 81' lang='lat' dir='ltr'><strong><em>cx</em></strong></span> <span class='ocrx_word' id='word_1_538' title='bbox 2658 903 2959 978; x_wconf 70' lang='lat' dir='ltr'><strong>huiusmodi</strong></span> <span class='ocrx_word' id='word_1_539' title='bbox 2998 908 3391 982; x_wconf 70' lang='lat' dir='ltr'><strong><em>coniunctioni-</em></strong></span> 
     </span>
    </p>
   </div>
   <div class='ocr_carea' id='block_1_69' title="bbox 1800 983 3390 1068">
    <p class='ocr_par' dir='ltr' id='par_1_69' title="bbox 1800 983 3390 1068">
     <span class='ocr_line' id='line_1_70' title="bbox 1800 983 3390 1068; baseline 0.013 -29"><span class='ocrx_word' id='word_1_540' title='bbox 1800 983 1899 1042; x_wconf 89' lang='lat' dir='ltr'><strong><em>bus</em></strong></span> <span class='ocrx_word' id='word_1_541' title='bbox 1925 996 1981 1044; x_wconf 88' lang='lat' dir='ltr'><strong><em>et</em></strong></span> <span class='ocrx_word' id='word_1_542' title='bbox 2008 999 2133 1044; x_wconf 87' lang='lat' dir='ltr'><strong><em>ante</em></strong></span> <span class='ocrx_word' id='word_1_543' title='bbox 2161 992 2268 1048; x_wconf 86' lang='lat' dir='ltr'><strong><em>nati</em></strong></span> <span class='ocrx_word' id='word_1_544' title='bbox 2297 993 2441 1060; x_wconf 86' lang='lat' dir='ltr'><strong><em>sint,</em></strong></span> <span class='ocrx_word' id='word_1_545' title='bbox 2481 1002 2537 1052; x_wconf 77' lang='lat' dir='ltr'><strong><em>et</em></strong></span> <span class='ocrx_word' id='word_1_546' title='bbox 2563 996 2578 1026; x_wconf 88' lang='grc'>¹</span> <span class='ocrx_word' id='word_1_547' title='bbox 2622 995 2886 1068; x_wconf 87' lang='lat' dir='ltr'><strong>hodieque</strong></span> <span class='ocrx_word' id='word_1_548' title='bbox 2929 1002 3262 1060; x_wconf 83' lang='lat' dir='ltr'><strong><em>nascantur?</em></strong></span> <span class='ocrx_word' id='word_1_549' title='bbox 3306 1005 3390 1060; x_wconf 79' lang='lat' dir='ltr'><strong><em>An</em></strong></span> 
     </span>
    </p>
   </div>
   <div class='ocr_carea' id='block_1_70' title="bbox 1807 1075 3392 1166">
    <p class='ocr_par' dir='ltr' id='par_1_70' title="bbox 1807 1075 3392 1166">
     <span class='ocr_line' id='line_1_71' title="bbox 1807 1075 3392 1166; baseline 0.009 -34"><span class='ocrx_word' id='word_1_550' title='bbox 1807 1075 1912 1136; x_wconf 81' lang='lat' dir='ltr'><strong><em>hoc</em></strong></span> <span class='ocrx_word' id='word_1_551' title='bbox 1946 1080 2346 1154; x_wconf 81' lang='lat' dir='ltr'><strong><em>intelligendum</em></strong></span> <span class='ocrx_word' id='word_1_552' title='bbox 2375 1091 2460 1141; x_wconf 86' lang='lat' dir='ltr'><strong><em>est</em></strong></span> <span class='ocrx_word' id='word_1_553' title='bbox 2489 1085 2630 1158; x_wconf 76' lang='lat' dir='ltr'><strong><em>Lege</em></strong></span> <span class='ocrx_word' id='word_1_554' title='bbox 2656 1088 2748 1146; x_wconf 85' lang='lat' dir='ltr'><strong><em>Dei</em></strong></span> <span class='ocrx_word' id='word_1_555' title='bbox 2778 1093 3153 1160; x_wconf 86' lang='lat' dir='ltr'><strong><em>constitutum,</em></strong></span> <span class='ocrx_word' id='word_1_556' title='bbox 3188 1103 3246 1157; x_wconf 82' lang='grc' dir='ltr'><strong><em>ιιι</em></strong></span> <span class='ocrx_word' id='word_1_557' title='bbox 3271 1096 3392 1166; x_wconf 68' lang='lat' dir='ltr'><strong>qui—</strong></span> 
     </span>
    </p>
   </div>
   <div class='ocr_carea' id='block_1_71' title="bbox 1799 1176 3392 1256">
    <p class='ocr_par' dir='ltr' id='par_1_71' title="bbox 1799 1176 3392 1256">
     <span class='ocr_line' id='line_1_72' title="bbox 1799 1176 3392 1256; baseline 0.013 -32"><span class='ocrx_word' id='word_1_558' title='bbox 1799 1184 2029 1242; x_wconf 87' lang='lat' dir='ltr'><strong>cumque</strong></span> <span class='ocrx_word' id='word_1_559' title='bbox 2055 1191 2120 1229; x_wconf 75' lang='lat' dir='ltr'><strong>ex</strong></span> <span class='ocrx_word' id='word_1_560' title='bbox 2147 1176 2226 1234; x_wconf 90' lang='lat' dir='ltr'><strong><em>eis</em></strong></span> <span class='ocrx_word' id='word_1_561' title='bbox 2253 1177 2362 1232; x_wconf 89' lang='lat' dir='ltr'><strong><em>nati</em></strong></span> <span class='ocrx_word' id='word_1_562' title='bbox 2403 1176 2601 1236; x_wconf 78' lang='lat' dir='ltr'><strong><em>fuerint</em></strong></span> <span class='ocrx_word' id='word_1_563' title='bbox 2620 1222 2638 1246; x_wconf 84' lang='lat'><strong><em>,</em></strong></span> <span class='ocrx_word' id='word_1_564' title='bbox 2681 1195 2787 1236; x_wconf 84' lang='lat' dir='ltr'><strong><em>non</em></strong></span> <span class='ocrx_word' id='word_1_565' title='bbox 2813 1181 3136 1254; x_wconf 82' lang='lat' dir='ltr'><strong><em>deputentur</em></strong></span> <span class='ocrx_word' id='word_1_566' title='bbox 3173 1186 3265 1242; x_wconf 87' lang='lat' dir='ltr'><strong><em>lilii</em></strong></span> <span class='ocrx_word' id='word_1_567' title='bbox 3290 1229 3308 1256; x_wconf 91' lang='lat'><strong><em>,</em></strong></span> <span class='ocrx_word' id='word_1_568' title='bbox 3337 1188 3392 1244; x_wconf 92' lang='lat' dir='ltr'><strong><em>id</em></strong></span> 
     </span>
    </p>
   </div>
   <div class='ocr_carea' id='block_1_72' title="bbox 1796 1262 2875 1342">
    <p class='ocr_par' dir='ltr' id='par_1_72' title="bbox 1796 1262 2875 1342">
     <span class='ocr_line' id='line_1_73' title="bbox 1796 1262 2875 1342; baseline 0.01 -24"><span class='ocrx_word' id='word_1_569' title='bbox 1796 1262 2044 1340; x_wconf 15' lang='lat' dir='ltr'><strong><em>est‘nullo</em></strong></span> <span class='ocrx_word' id='word_1_570' title='bbox 2064 1267 2374 1334; x_wconf 87' lang='lat' dir='ltr'><strong><em>parentibus</em></strong></span> <span class='ocrx_word' id='word_1_571' title='bbox 2391 1267 2512 1342; x_wconf 77' lang='lat' dir='ltr'><strong><em>jure</em></strong></span> <span class='ocrx_word' id='word_1_572' title='bbox 2539 1269 2875 1328; x_wconf 80' lang='lat' dir='ltr'><strong><em>succedant?</em></strong></span> 
     </span>
    </p>
   </div>
   <div class='ocr_carea' id='block_1_73' title="bbox 1871 1351 3388 1438">
    <p class='ocr_par' dir='ltr' id='par_1_73' title="bbox 1871 1351 3388 1438">
     <span class='ocr_line' id='line_1_74' title="bbox 1871 1351 3388 1438; baseline 0.01 -31"><span class='ocrx_word' id='word_1_573' title='bbox 1871 1351 1939 1408; x_wconf 84' lang='lat' dir='ltr'><strong><em>Et</em></strong></span> <span class='ocrx_word' id='word_1_574' title='bbox 1972 1370 2073 1410; x_wconf 88' lang='lat' dir='ltr'><strong><em>non</em></strong></span> <span class='ocrx_word' id='word_1_575' title='bbox 2116 1359 2444 1414; x_wconf 74' lang='lat' dir='ltr'><strong><em>exsecrabiles</em></strong></span> <span class='ocrx_word' id='word_1_576' title='bbox 2481 1361 2678 1434; x_wconf 73' lang='lat' dir='ltr'><strong><em>facietis</em></strong></span> <span class='ocrx_word' id='word_1_577' title='bbox 2714 1364 2912 1418; x_wconf 85' lang='lat' dir='ltr'><strong><em>animas</em></strong></span> <span class='ocrx_word' id='word_1_578' title='bbox 2937 1364 3064 1420; x_wconf 87' lang='lat' dir='ltr'><strong><em>etin</em></strong></span> <span class='ocrx_word' id='word_1_579' title='bbox 3103 1367 3388 1438; x_wconf 77' lang='lat' dir='ltr'><strong><em>pecoribus,</em></strong></span> 
     </span>
    </p>
   </div>
   <div class='ocr_carea' id='block_1_74' title="bbox 1797 1444 3390 1530">
    <p class='ocr_par' dir='ltr' id='par_1_74' title="bbox 1797 1444 3390 1530">
     <span class='ocr_line' id='line_1_75' title="bbox 1797 1444 3390 1530; baseline 0.01 -30"><span class='ocrx_word' id='word_1_580' title='bbox 1797 1452 1847 1500; x_wconf 85' lang='lat' dir='ltr'><strong><em>et</em></strong></span> <span class='ocrx_word' id='word_1_581' title='bbox 1873 1444 1927 1502; x_wconf 84' lang='lat' dir='ltr'><strong><em>in</em></strong></span> <span class='ocrx_word' id='word_1_582' title='bbox 1949 1447 2268 1517; x_wconf 82' lang='lat' dir='ltr'><strong><em>volucribus,</em></strong></span> <span class='ocrx_word' id='word_1_583' title='bbox 2299 1459 2344 1506; x_wconf 85' lang='lat' dir='ltr'><strong><em>ct</em></strong></span> <span class='ocrx_word' id='word_1_584' title='bbox 2370 1451 2423 1505; x_wconf 89' lang='lat' dir='ltr'><strong><em>in</em></strong></span> <span class='ocrx_word' id='word_1_585' title='bbox 2459 1453 2690 1510; x_wconf 89' lang='lat' dir='ltr'><strong><em>omnibus</em></strong></span> <span class='ocrx_word' id='word_1_586' title='bbox 2721 1457 3034 1526; x_wconf 79' lang='lat' dir='ltr'><strong><em>serpentibus</em></strong></span> <span class='ocrx_word' id='word_1_587' title='bbox 3068 1467 3246 1524; x_wconf 68' lang='lat' dir='ltr'><strong><em>terrm,</em></strong></span> <span class='ocrx_word' id='word_1_588' title='bbox 3277 1475 3390 1530; x_wconf 66' lang='lat' dir='ltr'><strong><em>qua!</em></strong></span> 
     </span>
    </p>
   </div>
   <div class='ocr_carea' id='block_1_75' title="bbox 1801 1539 3390 1618">
    <p class='ocr_par' dir='ltr' id='par_1_75' title="bbox 1801 1539 3390 1618">
     <span class='ocr_line' id='line_1_76' title="bbox 1801 1539 3390 1618; baseline 0.008 -28"><span class='ocrx_word' id='word_1_589' title='bbox 1801 1551 1892 1608; x_wconf 84' lang='lat' dir='ltr'><strong><em>ego</em></strong></span> <span class='ocrx_word' id='word_1_590' title='bbox 1919 1539 2175 1608; x_wconf 83' lang='lat' dir='ltr'><strong><em>segregari</em></strong></span> <span class='ocrx_word' id='word_1_591' title='bbox 2204 1540 2340 1594; x_wconf 69' lang='lat' dir='ltr'><strong><em>vobis</em></strong></span> <span class='ocrx_word' id='word_1_592' title='bbox 2359 1541 2412 1595; x_wconf 90' lang='lat' dir='ltr'><strong><em>in</em></strong></span> <span class='ocrx_word' id='word_1_593' title='bbox 2441 1541 2833 1600; x_wconf 86' lang='lat' dir='ltr'><strong><em>iutmundttiam.</em></strong></span> <span class='ocrx_word' id='word_1_594' title='bbox 2869 1545 3088 1604; x_wconf 82' lang='lat' dir='ltr'><strong><em>Videtur</em></strong></span> <span class='ocrx_word' id='word_1_595' title='bbox 3113 1547 3198 1603; x_wconf 90' lang='lat' dir='ltr'><strong><em>hic</em></strong></span> <span class='ocrx_word' id='word_1_596' title='bbox 3227 1548 3390 1618; x_wconf 71' lang='lat' dir='ltr'><strong><em>signi-</em></strong></span> 
     </span>
    </p>
   </div>
   <div class='ocr_carea' id='block_1_76' title="bbox 1796 1628 3380 1711">
    <p class='ocr_par' dir='ltr' id='par_1_76' title="bbox 1796 1628 3380 1711">
     <span class='ocr_line' id='line_1_77' title="bbox 1796 1628 3380 1711; baseline 0.009 -30"><span class='ocrx_word' id='word_1_597' title='bbox 1796 1628 1957 1684; x_wconf 85' lang='lat' dir='ltr'><strong><em>ticarc</em></strong></span> <span class='ocrx_word' id='word_1_598' title='bbox 1984 1646 2088 1684; x_wconf 89' lang='lat' dir='ltr'><strong><em>non</em></strong></span> <span class='ocrx_word' id='word_1_599' title='bbox 2116 1630 2230 1686; x_wconf 76' lang='lat' dir='ltr'><strong><em>lucc</em></strong></span> <span class='ocrx_word' id='word_1_600' title='bbox 2259 1642 2445 1688; x_wconf 89' lang='lat' dir='ltr'><strong><em>natura</em></strong></span> <span class='ocrx_word' id='word_1_601' title='bbox 2479 1634 2750 1692; x_wconf 88' lang='lat' dir='ltr'><strong><em>immunda</em></strong></span> <span class='ocrx_word' id='word_1_602' title='bbox 2778 1654 2929 1703; x_wconf 83' lang='lat' dir='ltr'><strong><em>esse,</em></strong></span> <span class='ocrx_word' id='word_1_603' title='bbox 2959 1637 3055 1693; x_wconf 89' lang='lat' dir='ltr'><strong><em>sed</em></strong></span> <span class='ocrx_word' id='word_1_604' title='bbox 3085 1640 3264 1711; x_wconf 81' lang='lat' dir='ltr'><strong><em>aliquo</em></strong></span> <span class='ocrx_word' id='word_1_605' title='bbox 3290 1655 3380 1694; x_wconf 90' lang='lat' dir='ltr'><strong><em>sa-</em></strong></span> 
     </span>
    </p>
   </div>
   <div class='ocr_carea' id='block_1_77' title="bbox 1794 1721 3376 1803">
    <p class='ocr_par' dir='ltr' id='par_1_77' title="bbox 1794 1721 3376 1803">
     <span class='ocr_line' id='line_1_78' title="bbox 1794 1721 3376 1803; baseline 0.008 -30"><span class='ocrx_word' id='word_1_606' title='bbox 1794 1721 2051 1776; x_wconf 82' lang='lat' dir='ltr'><strong><em>cramenti</em></strong></span> <span class='ocrx_word' id='word_1_607' title='bbox 2082 1721 2234 1792; x_wconf 78' lang='lat' dir='ltr'><strong><em>signo</em></strong></span> <span class='ocrx_word' id='word_1_608' title='bbox 2258 1740 2274 1791; x_wconf 88' lang='lat'><strong>;</strong></span> <span class='ocrx_word' id='word_1_609' title='bbox 2313 1724 2742 1796; x_wconf 82' lang='lat' dir='ltr'><strong><em>quandoquidem</em></strong></span> <span class='ocrx_word' id='word_1_610' title='bbox 2769 1727 2932 1795; x_wconf 89' lang='lat' dir='ltr'><strong><em>dicit,</em></strong></span> <span class='ocrx_word' id='word_1_611' title='bbox 2957 1744 3073 1800; x_wconf 80' lang='lat' dir='ltr'><strong><em>qua:</em></strong></span> <span class='ocrx_word' id='word_1_612' title='bbox 3095 1746 3184 1802; x_wconf 81' lang='lat' dir='ltr'><strong><em>ego</em></strong></span> <span class='ocrx_word' id='word_1_613' title='bbox 3203 1747 3376 1803; x_wconf 80' lang='lat' dir='ltr'><strong><em>segre-</em></strong></span> 
     </span>
    </p>
   </div>
   <div class='ocr_carea' id='block_1_78' title="bbox 1794 1813 3385 1891">
    <p class='ocr_par' dir='ltr' id='par_1_78' title="bbox 1794 1813 3385 1891">
     <span class='ocr_line' id='line_1_79' title="bbox 1794 1813 3385 1891; baseline 0.011 -28"><span class='ocrx_word' id='word_1_614' title='bbox 1794 1813 1908 1882; x_wconf 80' lang='lat' dir='ltr'><strong><em>gavt&#39;</em></strong></span> <span class='ocrx_word' id='word_1_615' title='bbox 1930 1813 2066 1867; x_wconf 87' lang='lat' dir='ltr'><strong><em>vobis</em></strong></span> <span class='ocrx_word' id='word_1_616' title='bbox 2095 1814 2146 1867; x_wconf 91' lang='lat' dir='ltr'><strong><em>in</em></strong></span> <span class='ocrx_word' id='word_1_617' title='bbox 2166 1814 2559 1886; x_wconf 82' lang='lat' dir='ltr'><strong><em>immunditiam,</em></strong></span> <span class='ocrx_word' id='word_1_618' title='bbox 2595 1828 2842 1891; x_wconf 87' lang='lat' dir='ltr'><strong><em>tanquam</em></strong></span> <span class='ocrx_word' id='word_1_619' title='bbox 2871 1821 3142 1880; x_wconf 83' lang='lat' dir='ltr'><strong><em>immunda</em></strong></span> <span class='ocrx_word' id='word_1_620' title='bbox 3169 1823 3248 1888; x_wconf 88' lang='lat' dir='ltr'><strong><em>eis</em></strong></span> <span class='ocrx_word' id='word_1_621' title='bbox 3277 1841 3385 1886; x_wconf 83' lang='lat' dir='ltr'><strong><em>non</em></strong></span> 
     </span>
    </p>
   </div>
   <div class='ocr_carea' id='block_1_79' title="bbox 1793 1904 2862 1978">
    <p class='ocr_par' dir='ltr' id='par_1_79' title="bbox 1793 1904 2862 1978">
     <span class='ocr_line' id='line_1_80' title="bbox 1793 1904 2862 1978; baseline 0.009 -20"><span class='ocrx_word' id='word_1_622' title='bbox 1793 1913 1973 1958; x_wconf 85' lang='lat' dir='ltr'><strong><em>essent</em></strong></span> <span class='ocrx_word' id='word_1_623' title='bbox 1992 1944 2007 1966; x_wconf 94' lang='lat'><strong><em>,</em></strong></span> <span class='ocrx_word' id='word_1_624' title='bbox 2041 1904 2084 1960; x_wconf 89' lang='lat' dir='ltr'><strong><em>si</em></strong></span> <span class='ocrx_word' id='word_1_625' title='bbox 2112 1905 2192 1960; x_wconf 92' lang='lat' dir='ltr'><strong><em>cis</em></strong></span> <span class='ocrx_word' id='word_1_626' title='bbox 2221 1918 2498 1978; x_wconf 80' lang='lat' dir='ltr'><strong><em>segregata</em></strong></span> <span class='ocrx_word' id='word_1_627' title='bbox 2529 1925 2633 1964; x_wconf 89' lang='lat' dir='ltr'><strong><em>non</em></strong></span> <span class='ocrx_word' id='word_1_628' title='bbox 2662 1921 2862 1975; x_wconf 83' lang='lat' dir='ltr'><strong><em>essent.</em></strong></span> 
     </span>
    </p>
   </div>
   <div class='ocr_carea' id='block_1_80' title="bbox 1862 1993 3385 2078">
    <p class='ocr_par' dir='ltr' id='par_1_80' title="bbox 1862 1993 3385 2078">
     <span class='ocr_line' id='line_1_81' title="bbox 1862 1993 3385 2078; baseline 0.01 -30"><span class='ocrx_word' id='word_1_629' title='bbox 1862 1993 2003 2049; x_wconf 77' lang='lat' dir='ltr'><strong>LXX</strong></span> <span class='ocrx_word' id='word_1_630' title='bbox 2019 1994 2120 2050; x_wconf 69' lang='lat' dir='ltr'><strong>\‘II.</strong></span> <span class='ocrx_word' id='word_1_631' title='bbox 2147 1994 2250 2070; x_wconf 87' lang='lat' dir='ltr'><strong><em>[lb.</em></strong></span> <span class='ocrx_word' id='word_1_632' title='bbox 2279 2013 2376 2065; x_wconf 75' lang='lat' dir='ltr'><strong><em>xx,</em></strong></span> <span class='ocrx_word' id='word_1_633' title='bbox 2407 1997 2522 2073; x_wconf 76' lang='lat'><strong><em>27.]</em></strong></span> <span class='ocrx_word' id='word_1_634' title='bbox 2569 2000 2638 2054; x_wconf 80' lang='lat' dir='ltr'><strong><em>Et</em></strong></span> <span class='ocrx_word' id='word_1_635' title='bbox 2674 2002 2749 2055; x_wconf 80' lang='lat' dir='ltr'><strong><em>uir</em></strong></span> <span class='ocrx_word' id='word_1_636' title='bbox 2787 2011 2876 2058; x_wconf 88' lang='lat' dir='ltr'><strong><em>aut</em></strong></span> <span class='ocrx_word' id='word_1_637' title='bbox 2920 2004 3132 2072; x_wconf 83' lang='lat' dir='ltr'><strong><em>mulier,</em></strong></span> <span class='ocrx_word' id='word_1_638' title='bbox 3174 2006 3220 2066; x_wconf 81' lang='lat' dir='ltr'><strong><em>si</em></strong></span> <span class='ocrx_word' id='word_1_639' title='bbox 3256 2010 3385 2078; x_wconf 79' lang='lat' dir='ltr'><strong><em>forte</em></strong></span> 
     </span>
    </p>
   </div>
   <div class='ocr_carea' id='block_1_81' title="bbox 1793 2085 3379 2161">
    <p class='ocr_par' dir='ltr' id='par_1_81' title="bbox 1793 2085 3379 2161">
     <span class='ocr_line' id='line_1_82' title="bbox 1793 2085 3379 2161; baseline 0.009 -24"><span class='ocrx_word' id='word_1_640' title='bbox 1793 2085 1943 2155; x_wconf 82' lang='lat' dir='ltr'><strong><em>fuerit</em></strong></span> <span class='ocrx_word' id='word_1_641' title='bbox 1973 2086 2049 2140; x_wconf 87' lang='lat' dir='ltr'><strong><em>illi</em></strong></span> <span class='ocrx_word' id='word_1_642' title='bbox 2077 2089 2443 2161; x_wconf 78' lang='lat' dir='ltr'><strong><em>ventriloquus,</em></strong></span> <span class='ocrx_word' id='word_1_643' title='bbox 2471 2100 2560 2144; x_wconf 90' lang='lat' dir='ltr'><strong><em>aut</em></strong></span> <span class='ocrx_word' id='word_1_644' title='bbox 2587 2092 2890 2155; x_wconf 81' lang='lat' dir='ltr'><strong><em>incantator.</em></strong></span> <span class='ocrx_word' id='word_1_645' title='bbox 2911 2104 3068 2148; x_wconf 87' lang='lat' dir='ltr'><strong><em>utorte</em></strong></span> <span class='ocrx_word' id='word_1_646' title='bbox 3097 2097 3379 2151; x_wconf 84' lang='lat' dir='ltr'><strong><em>moriuntur</em></strong></span> 
     </span>
    </p>
   </div>
   <div class='ocr_carea' id='block_1_82' title="bbox 1793 2179 3380 2251">
    <p class='ocr_par' dir='ltr' id='par_1_82' title="bbox 1793 2179 3380 2251">
     <span class='ocr_line' id='line_1_83' title="bbox 1793 2179 3380 2251; baseline 0.009 -22"><span class='ocrx_word' id='word_1_647' title='bbox 1793 2179 1938 2231; x_wconf 85' lang='lat' dir='ltr'><strong><em>ambo</em></strong></span> <span class='ocrx_word' id='word_1_648' title='bbox 1972 2179 2268 2251; x_wconf 86' lang='lat' dir='ltr'><strong><em>:lapidibus</em></strong></span> <span class='ocrx_word' id='word_1_649' title='bbox 2292 2179 2584 2250; x_wconf 83' lang='lat' dir='ltr'><strong><em>lapidabitis</em></strong></span> <span class='ocrx_word' id='word_1_650' title='bbox 2613 2199 2732 2248; x_wconf 83' lang='lat' dir='ltr'><strong><em>eos;</em></strong></span> <span class='ocrx_word' id='word_1_651' title='bbox 2773 2184 2847 2239; x_wconf 85' lang='lat' dir='ltr'><strong><em>rei</em></strong></span> <span class='ocrx_word' id='word_1_652' title='bbox 2882 2195 3018 2240; x_wconf 86' lang='lat' dir='ltr'><strong><em>sunt.</em></strong></span> <span class='ocrx_word' id='word_1_653' title='bbox 3069 2185 3253 2242; x_wconf 90' lang='lat' dir='ltr'><strong><em>Utrum</em></strong></span> <span class='ocrx_word' id='word_1_654' title='bbox 3300 2187 3380 2244; x_wconf 71' lang='lat' dir='ltr'><strong><em>\‘ir</em></strong></span> 
     </span>
    </p>
   </div>
   <div class='ocr_carea' id='block_1_83' title="bbox 1791 2268 3381 2343">
    <p class='ocr_par' dir='ltr' id='par_1_83' title="bbox 1791 2268 3381 2343">
     <span class='ocr_line' id='line_1_84' title="bbox 1791 2268 3381 2343; baseline 0.009 -23"><span class='ocrx_word' id='word_1_655' title='bbox 1791 2274 1846 2320; x_wconf 91' lang='lat' dir='ltr'><strong><em>ct</em></strong></span> <span class='ocrx_word' id='word_1_656' title='bbox 1876 2268 2086 2334; x_wconf 82' lang='lat' dir='ltr'><strong><em>tnulicr,</em></strong></span> <span class='ocrx_word' id='word_1_657' title='bbox 2116 2285 2182 2326; x_wconf 88' lang='lat' dir='ltr'><strong><em>an</em></strong></span> <span class='ocrx_word' id='word_1_658' title='bbox 2208 2272 2289 2325; x_wconf 69' lang='lat' dir='ltr'><strong><em>\‘ir</em></strong></span> <span class='ocrx_word' id='word_1_659' title='bbox 2314 2280 2369 2326; x_wconf 89' lang='lat' dir='ltr'><strong><em>et</em></strong></span> <span class='ocrx_word' id='word_1_660' title='bbox 2402 2273 2771 2343; x_wconf 77' lang='lat' dir='ltr'><strong><em>ventriloquus</em></strong></span> <span class='ocrx_word' id='word_1_661' title='bbox 2793 2316 2808 2339; x_wconf 89' lang='lat'><strong><em>,</em></strong></span> <span class='ocrx_word' id='word_1_662' title='bbox 2841 2285 2932 2330; x_wconf 87' lang='lat' dir='ltr'><strong><em>aut</em></strong></span> <span class='ocrx_word' id='word_1_663' title='bbox 2957 2277 3146 2341; x_wconf 82' lang='lat' dir='ltr'><strong><em>mulier</em></strong></span> <span class='ocrx_word' id='word_1_664' title='bbox 3168 2289 3220 2332; x_wconf 89' lang='lat' dir='ltr'><strong><em>et</em></strong></span> <span class='ocrx_word' id='word_1_665' title='bbox 3251 2295 3381 2334; x_wconf 84' lang='lat' dir='ltr'><strong><em>ven-</em></strong></span> 
     </span>
    </p>
   </div>
   <div class='ocr_carea' id='block_1_84' title="bbox 1792 2357 3379 2438">
    <p class='ocr_par' dir='ltr' id='par_1_84' title="bbox 1792 2357 3379 2438">
     <span class='ocr_line' id='line_1_85' title="bbox 1792 2357 3379 2438; baseline 0.011 -29"><span class='ocrx_word' id='word_1_666' title='bbox 1792 2357 2052 2428; x_wconf 87' lang='lat' dir='ltr'><strong><em>triloquus</em></strong></span> <span class='ocrx_word' id='word_1_667' title='bbox 2083 2361 2196 2416; x_wconf 71' lang='lat' dir='ltr'><strong><em>sive</em></strong></span> <span class='ocrx_word' id='word_1_668' title='bbox 2234 2362 2556 2418; x_wconf 88' lang='lat' dir='ltr'><strong><em>incautator.</em></strong></span> <span class='ocrx_word' id='word_1_669' title='bbox 2599 2363 2706 2424; x_wconf 81' lang='lat' dir='ltr'><strong><em>Sed</em></strong></span> <span class='ocrx_word' id='word_1_670' title='bbox 2732 2365 2834 2422; x_wconf 91' lang='lat' dir='ltr'><strong><em>hoc</em></strong></span> <span class='ocrx_word' id='word_1_671' title='bbox 2860 2366 3057 2438; x_wconf 77' lang='lat' dir='ltr'><strong><em>magis,</em></strong></span> <span class='ocrx_word' id='word_1_672' title='bbox 3086 2377 3140 2423; x_wconf 89' lang='lat' dir='ltr'><strong><em>et</em></strong></span> <span class='ocrx_word' id='word_1_673' title='bbox 3165 2370 3252 2438; x_wconf 88' lang='lat' dir='ltr'><strong><em>qui</em></strong></span> <span class='ocrx_word' id='word_1_674' title='bbox 3283 2369 3379 2426; x_wconf 84' lang='lat' dir='ltr'><strong><em>ba-</em></strong></span> 
     </span>
    </p>
   </div>
   <div class='ocr_carea' id='block_1_85' title="bbox 1791 2446 2438 2518">
    <p class='ocr_par' dir='ltr' id='par_1_85' title="bbox 1791 2446 2438 2518">
     <span class='ocr_line' id='line_1_86' title="bbox 1791 2446 2438 2518; baseline 0.011 -16"><span class='ocrx_word' id='word_1_675' title='bbox 1791 2446 1918 2514; x_wconf 89' lang='lat' dir='ltr'><strong><em>bet,</em></strong></span> <span class='ocrx_word' id='word_1_676' title='bbox 1949 2459 2003 2504; x_wconf 90' lang='lat' dir='ltr'><strong><em>ct</em></strong></span> <span class='ocrx_word' id='word_1_677' title='bbox 2025 2467 2182 2518; x_wconf 88' lang='lat' dir='ltr'><strong><em>quem</em></strong></span> <span class='ocrx_word' id='word_1_678' title='bbox 2213 2452 2371 2508; x_wconf 85' lang='lat' dir='ltr'><strong><em>habet</em></strong></span> <span class='ocrx_word' id='word_1_679' title='bbox 2395 2455 2438 2508; x_wconf 78' lang='grc'><strong><em>³.</em></strong></span> 
     </span>
    </p>
   </div>
   <div class='ocr_carea' id='block_1_86' title="bbox 1863 2537 3380 2620">
    <p class='ocr_par' dir='ltr' id='par_1_86' title="bbox 1863 2537 3380 2620">
     <span class='ocr_line' id='line_1_87' title="bbox 1863 2537 3380 2620; baseline 0.008 -24"><span class='ocrx_word' id='word_1_680' title='bbox 1863 2537 2143 2596; x_wconf 73' lang='lat' dir='ltr'><strong><em>LXXVIII.</em></strong></span> <span class='ocrx_word' id='word_1_681' title='bbox 2175 2541 2276 2618; x_wconf 82' lang='grc'><strong>[11).</strong></span> <span class='ocrx_word' id='word_1_682' title='bbox 2306 2559 2394 2598; x_wconf 70' lang='lat' dir='ltr'><strong><em>ut</em></strong></span> <span class='ocrx_word' id='word_1_683' title='bbox 2417 2585 2433 2611; x_wconf 96' lang='lat'><strong><em>,</em></strong></span> <span class='ocrx_word' id='word_1_684' title='bbox 2466 2543 2499 2598; x_wconf 92' lang='lat'><strong>7</strong></span> <span class='ocrx_word' id='word_1_685' title='bbox 2519 2585 2536 2611; x_wconf 89' lang='lat'><strong><em>,</em></strong></span> <span class='ocrx_word' id='word_1_686' title='bbox 2564 2543 2644 2620; x_wconf 88' lang='lat'><strong><em>8.]</em></strong></span> <span class='ocrx_word' id='word_1_687' title='bbox 2673 2545 2938 2603; x_wconf 80' lang='lat' dir='ltr'><strong><em>Mulierem</em></strong></span> <span class='ocrx_word' id='word_1_688' title='bbox 2976 2551 3300 2618; x_wconf 78' lang='lat' dir='ltr'><strong><em>fornicariant</em></strong></span> <span class='ocrx_word' id='word_1_689' title='bbox 3333 2563 3380 2610; x_wconf 88' lang='lat' dir='ltr'><strong><em>et</em></strong></span> 
     </span>
    </p>
   </div>
   <div class='ocr_carea' id='block_1_87' title="bbox 1791 2632 3381 2712">
    <p class='ocr_par' dir='ltr' id='par_1_87' title="bbox 1791 2632 3381 2712">
     <span class='ocr_line' id='line_1_88' title="bbox 1791 2632 3381 2712; baseline 0.009 -27"><span class='ocrx_word' id='word_1_690' title='bbox 1791 2632 2062 2703; x_wconf 76' lang='lat' dir='ltr'><strong><em>profanam</em></strong></span> <span class='ocrx_word' id='word_1_691' title='bbox 2091 2652 2191 2690; x_wconf 84' lang='lat' dir='ltr'><strong><em>non</em></strong></span> <span class='ocrx_word' id='word_1_692' title='bbox 2212 2636 2480 2707; x_wconf 84' lang='lat' dir='ltr'><strong><em>accipient,</em></strong></span> <span class='ocrx_word' id='word_1_693' title='bbox 2509 2647 2554 2691; x_wconf 89' lang='lat' dir='ltr'><strong><em>et</em></strong></span> <span class='ocrx_word' id='word_1_694' title='bbox 2575 2639 2831 2694; x_wconf 77' lang='lat' dir='ltr'><strong><em>mulierem</em></strong></span> <span class='ocrx_word' id='word_1_695' title='bbox 2853 2641 3062 2712; x_wconf 80' lang='lat' dir='ltr'><strong><em>ejectum</em></strong></span> <span class='ocrx_word' id='word_1_696' title='bbox 3081 2660 3110 2696; x_wconf 82' lang='grc' dir='ltr'><em>α</em></span> <span class='ocrx_word' id='word_1_697' title='bbox 3132 2643 3235 2697; x_wconf 76' lang='lat' dir='ltr'><strong><em>viro</em></strong></span> <span class='ocrx_word' id='word_1_698' title='bbox 3251 2661 3381 2711; x_wconf 85' lang='lat' dir='ltr'><strong><em>suo;</em></strong></span> 
     </span>
    </p>
   </div>
   <div class='ocr_carea' id='block_1_88' title="bbox 1789 2725 3382 2803">
    <p class='ocr_par' dir='ltr' id='par_1_88' title="bbox 1789 2725 3382 2803">
     <span class='ocr_line' id='line_1_89' title="bbox 1789 2725 3382 2803; baseline 0.008 -26"><span class='ocrx_word' id='word_1_699' title='bbox 1789 2725 2029 2794; x_wconf 84' lang='lat' dir='ltr'><strong><em>quoniam</em></strong></span> <span class='ocrx_word' id='word_1_700' title='bbox 2065 2737 2271 2782; x_wconf 84' lang='lat' dir='ltr'><strong><em>sanctus</em></strong></span> <span class='ocrx_word' id='word_1_701' title='bbox 2305 2737 2379 2786; x_wconf 84' lang='lat' dir='ltr'><strong><em>est</em></strong></span> <span class='ocrx_word' id='word_1_702' title='bbox 2408 2727 2628 2786; x_wconf 88' lang='lat' dir='ltr'><strong><em>Domino</em></strong></span> <span class='ocrx_word' id='word_1_703' title='bbox 2656 2728 2766 2784; x_wconf 89' lang='lat' dir='ltr'><strong><em>Deo</em></strong></span> <span class='ocrx_word' id='word_1_704' title='bbox 2791 2747 2904 2786; x_wconf 86' lang='lat' dir='ltr'><strong><em>suo.</em></strong></span> <span class='ocrx_word' id='word_1_705' title='bbox 2949 2732 3234 2803; x_wconf 85' lang='lat' dir='ltr'><strong><em>Superius,</em></strong></span> <span class='ocrx_word' id='word_1_706' title='bbox 3280 2750 3382 2790; x_wconf 85' lang='lat' dir='ltr'><strong><em>non</em></strong></span> 
     </span>
    </p>
   </div>
   <div class='ocr_carea' id='block_1_89' title="bbox 1789 2817 3376 2895">
    <p class='ocr_par' dir='ltr' id='par_1_89' title="bbox 1789 2817 3376 2895">
     <span class='ocr_line' id='line_1_90' title="bbox 1789 2817 3376 2895; baseline 0.008 -26"><span class='ocrx_word' id='word_1_707' title='bbox 1789 2817 2035 2888; x_wconf 83' lang='lat' dir='ltr'><strong><em>accipient</em></strong></span> <span class='ocrx_word' id='word_1_708' title='bbox 2061 2818 2308 2888; x_wconf 66' lang='lat' dir='ltr'><strong><em>dixerat;</em></strong></span> <span class='ocrx_word' id='word_1_709' title='bbox 2355 2837 2495 2877; x_wconf 87' lang='lat' dir='ltr'><strong><em>nunc</em></strong></span> <span class='ocrx_word' id='word_1_710' title='bbox 2521 2831 2701 2878; x_wconf 88' lang='lat' dir='ltr'><strong><em>autem</em></strong></span> <span class='ocrx_word' id='word_1_711' title='bbox 2724 2864 2739 2888; x_wconf 96' lang='lat'><strong><em>,</em></strong></span> <span class='ocrx_word' id='word_1_712' title='bbox 2771 2824 3010 2895; x_wconf 87' lang='lat' dir='ltr'><strong><em>quoniam</em></strong></span> <span class='ocrx_word' id='word_1_713' title='bbox 3044 2836 3247 2882; x_wconf 85' lang='lat' dir='ltr'><strong><em>sanctus</em></strong></span> <span class='ocrx_word' id='word_1_714' title='bbox 3285 2837 3376 2894; x_wconf 84' lang='lat' dir='ltr'><strong><em>est,</em></strong></span> 
     </span>
    </p>
   </div>
   <div class='ocr_carea' id='block_1_90' title="bbox 1790 2910 3382 2986">
    <p class='ocr_par' dir='ltr' id='par_1_90' title="bbox 1790 2910 3382 2986">
     <span class='ocr_line' id='line_1_91' title="bbox 1790 2910 3382 2986; baseline 0.008 -25"><span class='ocrx_word' id='word_1_715' title='bbox 1790 2921 1896 2963; x_wconf 90' lang='lat' dir='ltr'><strong><em>nou</em></strong></span> <span class='ocrx_word' id='word_1_716' title='bbox 1919 2948 1936 2972; x_wconf 89' lang='lat'><strong><em>,</em></strong></span> <span class='ocrx_word' id='word_1_717' title='bbox 1963 2910 2214 2979; x_wconf 81' lang='lat' dir='ltr'><strong><em>quoniam</em></strong></span> <span class='ocrx_word' id='word_1_718' title='bbox 2242 2911 2413 2966; x_wconf 87' lang='lat' dir='ltr'><strong><em>sancti</em></strong></span> <span class='ocrx_word' id='word_1_719' title='bbox 2440 2921 2565 2967; x_wconf 87' lang='lat' dir='ltr'><strong><em>sunt</em></strong></span> <span class='ocrx_word' id='word_1_720' title='bbox 2593 2929 2607 2967; x_wconf 89' lang='lat'><strong>:</strong></span> <span class='ocrx_word' id='word_1_721' title='bbox 2637 2912 2703 2968; x_wconf 91' lang='lat' dir='ltr'><strong><em>de</em></strong></span> <span class='ocrx_word' id='word_1_722' title='bbox 2736 2915 2972 2983; x_wconf 87' lang='lat' dir='ltr'><strong><em>pluribus</em></strong></span> <span class='ocrx_word' id='word_1_723' title='bbox 3005 2916 3093 2986; x_wconf 89' lang='lat' dir='ltr'><strong>qui</strong></span> <span class='ocrx_word' id='word_1_724' title='bbox 3127 2932 3231 2969; x_wconf 88' lang='lat' dir='ltr'><strong><em>uno</em></strong></span> <span class='ocrx_word' id='word_1_725' title='bbox 3257 2928 3382 2974; x_wconf 88' lang='lat' dir='ltr'><strong><em>sunt</em></strong></span> 
     </span>
    </p>
   </div>
   <div class='ocr_carea' id='block_1_91' title="bbox 1791 3001 3382 3080">
    <p class='ocr_par' dir='ltr' id='par_1_91' title="bbox 1791 3001 3382 3080">
     <span class='ocr_line' id='line_1_92' title="bbox 1791 3001 3382 3080; baseline 0.007 -28"><span class='ocrx_word' id='word_1_726' title='bbox 1791 3005 2033 3068; x_wconf 83' lang='lat' dir='ltr'><strong><em>tempore</em></strong></span> <span class='ocrx_word' id='word_1_727' title='bbox 2073 3001 2438 3058; x_wconf 87' lang='lat' dir='ltr'><strong><em>sacerdotibus</em></strong></span> <span class='ocrx_word' id='word_1_728' title='bbox 2480 3003 2822 3072; x_wconf 87' lang='lat' dir='ltr'><strong><em>loquebatur,</em></strong></span> <span class='ocrx_word' id='word_1_729' title='bbox 2861 3015 2916 3063; x_wconf 88' lang='lat' dir='ltr'><strong><em>ct</em></strong></span> <span class='ocrx_word' id='word_1_730' title='bbox 2957 3005 3025 3061; x_wconf 92' lang='lat' dir='ltr'><strong><em>de</em></strong></span> <span class='ocrx_word' id='word_1_731' title='bbox 3063 3021 3382 3080; x_wconf 86' lang='lat' dir='ltr'><strong><em>unoquoque</em></strong></span> 
     </span>
    </p>
   </div>
   <div class='ocr_carea' id='block_1_92' title="bbox 1790 3089 3384 3168">
    <p class='ocr_par' dir='ltr' id='par_1_92' title="bbox 1790 3089 3384 3168">
     <span class='ocr_line' id='line_1_93' title="bbox 1790 3089 3384 3168; baseline 0.008 -24"><span class='ocrx_word' id='word_1_732' title='bbox 1790 3103 1980 3145; x_wconf 89' lang='lat' dir='ltr'><strong><em>eorum</em></strong></span> <span class='ocrx_word' id='word_1_733' title='bbox 2009 3089 2162 3156; x_wconf 78' lang='lat' dir='ltr'><strong><em>dixit,</em></strong></span> <span class='ocrx_word' id='word_1_734' title='bbox 2190 3092 2430 3163; x_wconf 85' lang='lat' dir='ltr'><strong><em>quoniam</em></strong></span> <span class='ocrx_word' id='word_1_735' title='bbox 2457 3103 2660 3150; x_wconf 83' lang='lat' dir='ltr'><strong><em>sanctus</em></strong></span> <span class='ocrx_word' id='word_1_736' title='bbox 2688 3105 2795 3163; x_wconf 83' lang='lat' dir='ltr'><strong><em>est;</em></strong></span> <span class='ocrx_word' id='word_1_737' title='bbox 2825 3095 3088 3152; x_wconf 89' lang='lat' dir='ltr'><strong><em>locutione</em></strong></span> <span class='ocrx_word' id='word_1_738' title='bbox 3115 3114 3216 3168; x_wconf 89' lang='lat' dir='ltr'><strong><em>qua</em></strong></span> <span class='ocrx_word' id='word_1_739' title='bbox 3247 3101 3384 3156; x_wconf 87' lang='lat' dir='ltr'><strong><em>solet</em></strong></span> 
     </span>
    </p>
   </div>
   <div class='ocr_carea' id='block_1_93' title="bbox 1792 3179 3386 3259">
    <p class='ocr_par' dir='ltr' id='par_1_93' title="bbox 1792 3179 3386 3259">
     <span class='ocr_line' id='line_1_94' title="bbox 1792 3179 3386 3259; baseline 0.008 -25"><span class='ocrx_word' id='word_1_740' title='bbox 1792 3179 1869 3235; x_wconf 88' lang='lat' dir='ltr'><strong><em>uti</em></strong></span> <span class='ocrx_word' id='word_1_741' title='bbox 1895 3181 2189 3252; x_wconf 89' lang='lat' dir='ltr'><strong><em>Scriptura.</em></strong></span> <span class='ocrx_word' id='word_1_742' title='bbox 2217 3182 2352 3238; x_wconf 82' lang='lat' dir='ltr'><strong><em>Nam</em></strong></span> <span class='ocrx_word' id='word_1_743' title='bbox 2382 3200 2543 3239; x_wconf 88' lang='lat' dir='ltr'><strong><em>unum</em></strong></span> <span class='ocrx_word' id='word_1_744' title='bbox 2566 3185 2709 3239; x_wconf 91' lang='lat' dir='ltr'><strong><em>illum</em></strong></span> <span class='ocrx_word' id='word_1_745' title='bbox 2740 3202 3004 3242; x_wconf 85' lang='lat' dir='ltr'><strong><em>sunnnum</em></strong></span> <span class='ocrx_word' id='word_1_746' title='bbox 3028 3198 3206 3259; x_wconf 86' lang='lat' dir='ltr'><strong><em>postea</em></strong></span> <span class='ocrx_word' id='word_1_747' title='bbox 3237 3205 3386 3246; x_wconf 82' lang='lat' dir='ltr'><strong><em>eom-</em></strong></span> 
     </span>
    </p>
   </div>
   <div class='ocr_carea' id='block_1_94' title="bbox 1795 3274 3385 3344">
    <p class='ocr_par' dir='ltr' id='par_1_94' title="bbox 1795 3274 3385 3344">
     <span class='ocr_line' id='line_1_95' title="bbox 1795 3274 3385 3344; baseline 0.008 -19"><span class='ocrx_word' id='word_1_748' title='bbox 1795 3283 2079 3341; x_wconf 88' lang='lat' dir='ltr'><strong><em>memorat,</em></strong></span> <span class='ocrx_word' id='word_1_749' title='bbox 2106 3274 2196 3344; x_wconf 88' lang='lat' dir='ltr'><strong><em>qui</em></strong></span> <span class='ocrx_word' id='word_1_750' title='bbox 2229 3274 2461 3330; x_wconf 88' lang='lat' dir='ltr'><strong><em>intrabat</em></strong></span> <span class='ocrx_word' id='word_1_751' title='bbox 2487 3276 2553 3330; x_wconf 91' lang='lat' dir='ltr'><strong><em>ad</em></strong></span> <span class='ocrx_word' id='word_1_752' title='bbox 2583 3287 2768 3334; x_wconf 89' lang='lat' dir='ltr'><strong><em>sancta</em></strong></span> <span class='ocrx_word' id='word_1_753' title='bbox 2795 3288 3123 3336; x_wconf 88' lang='lat' dir='ltr'><strong><em>sanctorum.</em></strong></span> <span class='ocrx_word' id='word_1_754' title='bbox 3167 3279 3300 3338; x_wconf 85' lang='lat' dir='ltr'><strong><em>Nam</em></strong></span> <span class='ocrx_word' id='word_1_755' title='bbox 3329 3291 3385 3342; x_wconf 87' lang='lat' dir='ltr'><strong><em>et</em></strong></span> 
     </span>
    </p>
   </div>
   <div class='ocr_carea' id='block_1_95' title="bbox 1794 3359 3384 3438">
    <p class='ocr_par' dir='ltr' id='par_1_95' title="bbox 1794 3359 3384 3438">
     <span class='ocr_line' id='line_1_96' title="bbox 1794 3359 3384 3438; baseline 0.008 -22"><span class='ocrx_word' id='word_1_756' title='bbox 1794 3359 2070 3432; x_wconf 84' lang='lat' dir='ltr'><strong><em>pluraliter</em></strong></span> <span class='ocrx_word' id='word_1_757' title='bbox 2084 3365 2368 3432; x_wconf 87' lang='lat' dir='ltr'><strong><em>conclusit,</em></strong></span> <span class='ocrx_word' id='word_1_758' title='bbox 2395 3366 2599 3430; x_wconf 90' lang='lat' dir='ltr'><strong><em>dicens,</em></strong></span> <span class='ocrx_word' id='word_1_759' title='bbox 2632 3366 2700 3421; x_wconf 83' lang='lat' dir='ltr'><strong><em>Et</em></strong></span> <span class='ocrx_word' id='word_1_760' title='bbox 2719 3370 3055 3438; x_wconf 72' lang='lat' dir='ltr'><strong><em>sanctificabis</em></strong></span> <span class='ocrx_word' id='word_1_761' title='bbox 3074 3387 3186 3424; x_wconf 83' lang='lat' dir='ltr'><strong><em>eum</em></strong></span> <span class='ocrx_word' id='word_1_762' title='bbox 3209 3387 3228 3425; x_wconf 89' lang='lat'><strong><em>:</em></strong></span> <span class='ocrx_word' id='word_1_763' title='bbox 3248 3371 3384 3428; x_wconf 84' lang='lat' dir='ltr'><strong><em>dona</em></strong></span> 
     </span>
    </p>
   </div>
   <div class='ocr_carea' id='block_1_96' title="bbox 1793 3449 3384 3532">
    <p class='ocr_par' dir='ltr' id='par_1_96' title="bbox 1793 3449 3384 3532">
     <span class='ocr_line' id='line_1_97' title="bbox 1793 3449 3384 3532; baseline 0.01 -28"><span class='ocrx_word' id='word_1_764' title='bbox 1793 3449 2003 3508; x_wconf 83' lang='lat' dir='ltr'><strong><em>Domini</em></strong></span> <span class='ocrx_word' id='word_1_765' title='bbox 2046 3453 2143 3509; x_wconf 89' lang='lat' dir='ltr'><strong><em>Dei</em></strong></span> <span class='ocrx_word' id='word_1_766' title='bbox 2186 3458 2336 3511; x_wconf 69' lang='lat' dir='ltr'><strong><em>uestri</em></strong></span> <span class='ocrx_word' id='word_1_767' title='bbox 2378 3459 2474 3512; x_wconf 83' lang='lat' dir='ltr'><strong><em>iste</em></strong></span> <span class='ocrx_word' id='word_1_768' title='bbox 2512 3457 2689 3527; x_wconf 70' lang='lat' dir='ltr'><strong><em>oﬂ&#39;eret</em></strong></span> <span class='ocrx_word' id='word_1_769' title='bbox 2710 3475 2731 3524; x_wconf 81' lang='lat'><strong><em>,°</em></strong></span> <span class='ocrx_word' id='word_1_770' title='bbox 2779 3471 2985 3515; x_wconf 88' lang='lat' dir='ltr'><strong><em>sanctus</em></strong></span> <span class='ocrx_word' id='word_1_771' title='bbox 3033 3465 3384 3532; x_wconf 86' lang='lat' dir='ltr'><strong><em>est,quoniant</em></strong></span> 
     </span>
    </p>
   </div>
   <div class='ocr_carea' id='block_1_97' title="bbox 1792 3545 3375 3623">
    <p class='ocr_par' dir='ltr' id='par_1_97' title="bbox 1792 3545 3375 3623">
     <span class='ocr_line' id='line_1_98' title="bbox 1792 3545 3375 3623; baseline 0.011 -26"><span class='ocrx_word' id='word_1_772' title='bbox 1792 3555 1995 3600; x_wconf 83' lang='lat' dir='ltr'><strong><em>sanctus</em></strong></span> <span class='ocrx_word' id='word_1_773' title='bbox 2014 3563 2104 3618; x_wconf 80' lang='lat' dir='ltr'><strong><em>ego</em></strong></span> <span class='ocrx_word' id='word_1_774' title='bbox 2124 3545 2388 3615; x_wconf 84' lang='lat' dir='ltr'><strong><em>Dominus,</em></strong></span> <span class='ocrx_word' id='word_1_775' title='bbox 2402 3550 2488 3623; x_wconf 86' lang='lat' dir='ltr'><strong><em>qui</em></strong></span> <span class='ocrx_word' id='word_1_776' title='bbox 2505 3551 2766 3618; x_wconf 86' lang='lat' dir='ltr'><strong><em>sancti/ica</em></strong></span> <span class='ocrx_word' id='word_1_777' title='bbox 2785 3569 2890 3608; x_wconf 86' lang='lat' dir='ltr'><strong><em>eos.</em></strong></span> <span class='ocrx_word' id='word_1_778' title='bbox 2905 3553 3167 3619; x_wconf 86' lang='lat' dir='ltr'><strong><em>Quantum</em></strong></span> <span class='ocrx_word' id='word_1_779' title='bbox 3195 3566 3375 3614; x_wconf 85' lang='lat' dir='ltr'><strong><em>autem</em></strong></span> 
     </span>
    </p>
   </div>
   <div class='ocr_carea' id='block_1_98' title="bbox 1793 3635 3374 3710">
    <p class='ocr_par' dir='ltr' id='par_1_98' title="bbox 1793 3635 3374 3710">
     <span class='ocr_line' id='line_1_99' title="bbox 1793 3635 3374 3710; baseline 0.008 -20"><span class='ocrx_word' id='word_1_780' title='bbox 1793 3635 2022 3706; x_wconf 84' lang='lat' dir='ltr'><strong><em>pertinet</em></strong></span> <span class='ocrx_word' id='word_1_781' title='bbox 2049 3637 2114 3690; x_wconf 87' lang='lat' dir='ltr'><strong><em>ad</em></strong></span> <span class='ocrx_word' id='word_1_782' title='bbox 2160 3639 2297 3694; x_wconf 86' lang='lat' dir='ltr'><strong><em>dona</em></strong></span> <span class='ocrx_word' id='word_1_783' title='bbox 2321 3679 2336 3703; x_wconf 93' lang='lat'><strong><em>,</em></strong></span> <span class='ocrx_word' id='word_1_784' title='bbox 2379 3641 2628 3710; x_wconf 90' lang='lat' dir='ltr'><strong><em>quoniam</em></strong></span> <span class='ocrx_word' id='word_1_785' title='bbox 2664 3640 2831 3706; x_wconf 76' lang='lat' dir='ltr'><strong><em>dixit,</em></strong></span> <span class='ocrx_word' id='word_1_786' title='bbox 2879 3644 3014 3700; x_wconf 88' lang='lat' dir='ltr'><strong><em>dona</em></strong></span> <span class='ocrx_word' id='word_1_787' title='bbox 3047 3642 3251 3700; x_wconf 89' lang='lat' dir='ltr'><strong><em>Domini</em></strong></span> <span class='ocrx_word' id='word_1_788' title='bbox 3280 3646 3374 3702; x_wconf 88' lang='lat' dir='ltr'><strong><em>Dei</em></strong></span> 
     </span>
    </p>
   </div>
   <div class='ocr_carea' id='block_1_99' title="bbox 1794 3728 3380 3804">
    <p class='ocr_par' dir='ltr' id='par_1_99' title="bbox 1794 3728 3380 3804">
     <span class='ocr_line' id='line_1_100' title="bbox 1794 3728 3380 3804; baseline 0.005 -22"><span class='ocrx_word' id='word_1_789' title='bbox 1794 3729 1942 3784; x_wconf 80' lang='lat' dir='ltr'><strong><em>vestri</em></strong></span> <span class='ocrx_word' id='word_1_790' title='bbox 1982 3729 2091 3800; x_wconf 86' lang='lat' dir='ltr'><strong><em>ipse</em></strong></span> <span class='ocrx_word' id='word_1_791' title='bbox 2121 3728 2299 3795; x_wconf 78' lang='lat' dir='ltr'><strong><em>o/fcret</em></strong></span> <span class='ocrx_word' id='word_1_792' title='bbox 2325 3771 2340 3797; x_wconf 88' lang='lat'><strong><em>,</em></strong></span> <span class='ocrx_word' id='word_1_793' title='bbox 2387 3746 2492 3786; x_wconf 88' lang='lat' dir='ltr'><strong><em>non</em></strong></span> <span class='ocrx_word' id='word_1_794' title='bbox 2522 3732 2695 3788; x_wconf 82' lang='lat' dir='ltr'><strong><em>solum</em></strong></span> <span class='ocrx_word' id='word_1_795' title='bbox 2723 3748 2962 3790; x_wconf 83' lang='lat' dir='ltr'><strong><em>summus</em></strong></span> <span class='ocrx_word' id='word_1_796' title='bbox 2992 3735 3078 3792; x_wconf 86' lang='lat' dir='ltr'><strong><em>ille</em></strong></span> <span class='ocrx_word' id='word_1_797' title='bbox 3108 3736 3380 3804; x_wconf 77' lang='lat' dir='ltr'><strong><em>ollerehat,</em></strong></span> 
     </span>
    </p>
   </div>
   <div class='ocr_carea' id='block_1_100' title="bbox 1793 3818 3384 3899">
    <p class='ocr_par' dir='ltr' id='par_1_100' title="bbox 1793 3818 3384 3899">
     <span class='ocr_line' id='line_1_101' title="bbox 1793 3818 3384 3899; baseline 0.006 -25"><span class='ocrx_word' id='word_1_798' title='bbox 1793 3818 1886 3874; x_wconf 82' lang='lat' dir='ltr'><strong><em>sed</em></strong></span> <span class='ocrx_word' id='word_1_799' title='bbox 1929 3820 2088 3874; x_wconf 87' lang='lat' dir='ltr'><strong><em>etiam</em></strong></span> <span class='ocrx_word' id='word_1_800' title='bbox 2132 3820 2351 3875; x_wconf 87' lang='lat' dir='ltr'><strong><em>secundi</em></strong></span> <span class='ocrx_word' id='word_1_801' title='bbox 2381 3822 2712 3882; x_wconf 85' lang='lat' dir='ltr'><strong><em>sacerdotes.</em></strong></span> <span class='ocrx_word' id='word_1_802' title='bbox 2763 3833 2840 3881; x_wconf 80' lang='lat' dir='ltr'><strong><em>Ac</em></strong></span> <span class='ocrx_word' id='word_1_803' title='bbox 2868 3842 2962 3896; x_wconf 88' lang='lat' dir='ltr'><strong><em>per</em></strong></span> <span class='ocrx_word' id='word_1_804' title='bbox 2991 3826 3092 3882; x_wconf 91' lang='lat' dir='ltr'><strong><em>hoc</em></strong></span> <span class='ocrx_word' id='word_1_805' title='bbox 3120 3828 3260 3899; x_wconf 87' lang='lat' dir='ltr'><strong>quod</strong></span> <span class='ocrx_word' id='word_1_806' title='bbox 3289 3829 3384 3898; x_wconf 89' lang='lat' dir='ltr'><strong><em>ait,</em></strong></span> 
     </span>
    </p>
   </div>
   <div class='ocr_carea' id='block_1_101' title="bbox 1794 3901 3378 3988">
    <p class='ocr_par' dir='ltr' id='par_1_101' title="bbox 1794 3901 3378 3988">
     <span class='ocr_line' id='line_1_102' title="bbox 1794 3901 3378 3988; baseline 0.008 -25"><span class='ocrx_word' id='word_1_807' title='bbox 1794 3901 2062 3965; x_wconf 71' lang='lat' dir='ltr'><strong><em>Mulierem</em></strong></span> <span class='ocrx_word' id='word_1_808' title='bbox 2084 3913 2410 3984; x_wconf 80' lang='lat' dir='ltr'><strong><em>foruicariam</em></strong></span> <span class='ocrx_word' id='word_1_809' title='bbox 2431 3924 2476 3968; x_wconf 88' lang='lat' dir='ltr'><strong><em>et</em></strong></span> <span class='ocrx_word' id='word_1_810' title='bbox 2501 3919 2768 3988; x_wconf 78' lang='lat' dir='ltr'><strong><em>profanant</em></strong></span> <span class='ocrx_word' id='word_1_811' title='bbox 2791 3927 2838 3972; x_wconf 89' lang='lat' dir='ltr'><strong><em>et</em></strong></span> <span class='ocrx_word' id='word_1_812' title='bbox 2863 3931 3074 3988; x_wconf 67' lang='lat' dir='ltr'><strong><em>ejectum</em></strong></span> <span class='ocrx_word' id='word_1_813' title='bbox 3099 3937 3131 3972; x_wconf 92' lang='lat' dir='ltr'><strong><em>a</em></strong></span> <span class='ocrx_word' id='word_1_814' title='bbox 3157 3921 3262 3974; x_wconf 82' lang='lat' dir='ltr'><strong><em>viro</em></strong></span> <span class='ocrx_word' id='word_1_815' title='bbox 3283 3937 3378 3978; x_wconf 91' lang='lat' dir='ltr'><strong><em>suo</em></strong></span> 
     </span>
    </p>
   </div>
   <div class='ocr_carea' id='block_1_102' title="bbox 1794 4005 3384 4088">
    <p class='ocr_par' dir='ltr' id='par_1_102' title="bbox 1794 4005 3384 4088">
     <span class='ocr_line' id='line_1_103' title="bbox 1794 4005 3384 4088; baseline 0.009 -32"><span class='ocrx_word' id='word_1_816' title='bbox 1794 4018 1895 4058; x_wconf 89' lang='lat' dir='ltr'><strong><em>non</em></strong></span> <span class='ocrx_word' id='word_1_817' title='bbox 1922 4005 2189 4074; x_wconf 85' lang='lat' dir='ltr'><strong><em>accipient,</em></strong></span> <span class='ocrx_word' id='word_1_818' title='bbox 2215 4006 2313 4061; x_wconf 90' lang='lat' dir='ltr'><strong><em>hoc</em></strong></span> <span class='ocrx_word' id='word_1_819' title='bbox 2329 4016 2381 4062; x_wconf 92' lang='lat' dir='ltr'><strong><em>ct</em></strong></span> <span class='ocrx_word' id='word_1_820' title='bbox 2400 4008 2619 4064; x_wconf 88' lang='lat' dir='ltr'><strong><em>sccnudi</em></strong></span> <span class='ocrx_word' id='word_1_821' title='bbox 2637 4011 2940 4066; x_wconf 84' lang='lat' dir='ltr'><strong><em>sacerdotes</em></strong></span> <span class='ocrx_word' id='word_1_822' title='bbox 2959 4013 3208 4088; x_wconf 79' lang='lat' dir='ltr'><strong><em>prohibiti</em></strong></span> <span class='ocrx_word' id='word_1_823' title='bbox 3227 4022 3384 4071; x_wconf 88' lang='lat' dir='ltr'><strong><em>sunt:</em></strong></span> 
     </span>
    </p>
   </div>
   <div class='ocr_carea' id='block_1_103' title="bbox 1796 4097 3385 4177">
    <p class='ocr_par' dir='ltr' id='par_1_103' title="bbox 1796 4097 3385 4177">
     <span class='ocr_line' id='line_1_104' title="bbox 1796 4097 3385 4177; baseline 0.007 -26"><span class='ocrx_word' id='word_1_824' title='bbox 1796 4111 1918 4151; x_wconf 90' lang='lat' dir='ltr'><strong><em>nam</em></strong></span> <span class='ocrx_word' id='word_1_825' title='bbox 1949 4097 2017 4153; x_wconf 88' lang='lat' dir='ltr'><strong><em>de</em></strong></span> <span class='ocrx_word' id='word_1_826' title='bbox 2044 4113 2256 4156; x_wconf 87' lang='lat' dir='ltr'><strong><em>summo</em></strong></span> <span class='ocrx_word' id='word_1_827' title='bbox 2284 4111 2465 4169; x_wconf 86' lang='lat' dir='ltr'><strong><em>postea</em></strong></span> <span class='ocrx_word' id='word_1_828' title='bbox 2491 4101 2641 4170; x_wconf 89' lang='lat' dir='ltr'><strong><em>dicit,</em></strong></span> <span class='ocrx_word' id='word_1_829' title='bbox 2677 4104 2768 4174; x_wconf 88' lang='lat' dir='ltr'><strong>qui</strong></span> <span class='ocrx_word' id='word_1_830' title='bbox 2793 4105 2952 4162; x_wconf 86' lang='lat' dir='ltr'><strong><em>etiam</em></strong></span> <span class='ocrx_word' id='word_1_831' title='bbox 2985 4106 3196 4162; x_wconf 85' lang='lat' dir='ltr'><strong><em>nonnisi</em></strong></span> <span class='ocrx_word' id='word_1_832' title='bbox 3225 4107 3385 4177; x_wconf 72' lang='lat' dir='ltr'><strong><em>virgi-</em></strong></span> 
     </span>
    </p>
   </div>
   <div class='ocr_carea' id='block_1_104' title="bbox 1795 4189 2528 4259">
    <p class='ocr_par' dir='ltr' id='par_1_104' title="bbox 1795 4189 2528 4259">
     <span class='ocr_line' id='line_1_105' title="bbox 1795 4189 2528 4259; baseline 0.004 -17"><span class='ocrx_word' id='word_1_833' title='bbox 1795 4201 1918 4242; x_wconf 85' lang='lat' dir='ltr'><strong><em>nem</em></strong></span> <span class='ocrx_word' id='word_1_834' title='bbox 1947 4190 2189 4256; x_wconf 87' lang='lat' dir='ltr'><strong><em>accipere</em></strong></span> <span class='ocrx_word' id='word_1_835' title='bbox 2215 4189 2396 4259; x_wconf 85' lang='lat' dir='ltr'><strong><em>jussus</em></strong></span> <span class='ocrx_word' id='word_1_836' title='bbox 2427 4200 2528 4245; x_wconf 88' lang='lat' dir='ltr'><strong><em>cst.</em></strong></span> 
     </span>
    </p>
   </div>
   <div class='ocr_carea' id='block_1_105' title="bbox 1866 4277 3387 4358">
    <p class='ocr_par' dir='ltr' id='par_1_105' title="bbox 1866 4277 3387 4358">
     <span class='ocr_line' id='line_1_106' title="bbox 1866 4277 3387 4358; baseline 0.004 -24"><span class='ocrx_word' id='word_1_837' title='bbox 1866 4277 2103 4336; x_wconf 79' lang='lat' dir='ltr'><strong>LXXIX.</strong></span> <span class='ocrx_word' id='word_1_838' title='bbox 2139 4277 2238 4352; x_wconf 77' lang='grc'><strong>[11).</strong></span> <span class='ocrx_word' id='word_1_839' title='bbox 2273 4297 2388 4350; x_wconf 68' lang='lat' dir='ltr'><strong><em>ut,</em></strong></span> <span class='ocrx_word' id='word_1_840' title='bbox 2421 4279 2534 4353; x_wconf 74' lang='lat'><strong><em>10.]</em></strong></span> <span class='ocrx_word' id='word_1_841' title='bbox 2555 4281 2620 4336; x_wconf 84' lang='lat' dir='ltr'><strong><em>Et</em></strong></span> <span class='ocrx_word' id='word_1_842' title='bbox 2648 4283 2884 4338; x_wconf 75' lang='lat' dir='ltr'><strong><em>sacerdos</em></strong></span> <span class='ocrx_word' id='word_1_843' title='bbox 2911 4300 3126 4356; x_wconf 76' lang='lat' dir='ltr'><strong><em>magnus</em></strong></span> <span class='ocrx_word' id='word_1_844' title='bbox 3151 4302 3184 4338; x_wconf 92' lang='lat' dir='ltr'><strong><em>a</em></strong></span> <span class='ocrx_word' id='word_1_845' title='bbox 3209 4287 3387 4358; x_wconf 85' lang='lat' dir='ltr'><strong><em>fratri-</em></strong></span> 
     </span>
    </p>
   </div>
   <div class='ocr_carea' id='block_1_106' title="bbox 1796 4367 3383 4446">
    <p class='ocr_par' dir='ltr' id='par_1_106' title="bbox 1796 4367 3383 4446">
     <span class='ocr_line' id='line_1_107' title="bbox 1796 4367 3383 4446; baseline 0.006 -22"><span class='ocrx_word' id='word_1_846' title='bbox 1796 4367 1888 4425; x_wconf 83' lang='lat' dir='ltr'><strong><em>bus</em></strong></span> <span class='ocrx_word' id='word_1_847' title='bbox 1915 4371 2022 4424; x_wconf 80' lang='lat' dir='ltr'><strong><em>suis</em></strong></span> <span class='ocrx_word' id='word_1_848' title='bbox 2053 4370 2073 4401; x_wconf 86' lang='grc'>³</span> <span class='ocrx_word' id='word_1_849' title='bbox 2104 4386 2123 4424; x_wconf 90' lang='lat'><strong><em>:</em></strong></span> <span class='ocrx_word' id='word_1_850' title='bbox 2147 4371 2196 4424; x_wconf 93' lang='lat' dir='ltr'><strong><em>id</em></strong></span> <span class='ocrx_word' id='word_1_851' title='bbox 2227 4381 2336 4436; x_wconf 78' lang='lat' dir='ltr'><strong><em>est,</em></strong></span> <span class='ocrx_word' id='word_1_852' title='bbox 2381 4372 2470 4442; x_wconf 92' lang='lat' dir='ltr'><strong><em>qui</em></strong></span> <span class='ocrx_word' id='word_1_853' title='bbox 2499 4373 2637 4426; x_wconf 81' lang='lat' dir='ltr'><strong><em>inter</em></strong></span> <span class='ocrx_word' id='word_1_854' title='bbox 2661 4370 2856 4428; x_wconf 80' lang='lat' dir='ltr'><strong><em>fratres</em></strong></span> <span class='ocrx_word' id='word_1_855' title='bbox 2881 4389 3008 4429; x_wconf 83' lang='lat' dir='ltr'><strong><em>suos</em></strong></span> <span class='ocrx_word' id='word_1_856' title='bbox 3032 4391 3256 4445; x_wconf 73' lang='lat' dir='ltr'><strong><em>magnus</em></strong></span> <span class='ocrx_word' id='word_1_857' title='bbox 3279 4388 3383 4446; x_wconf 79' lang='lat' dir='ltr'><strong><em>est,</em></strong></span> 
     </span>
    </p>
   </div>
   <div class='ocr_carea' id='block_1_107' title="bbox 1797 4460 3384 4536">
    <p class='ocr_par' dir='ltr' id='par_1_107' title="bbox 1797 4460 3384 4536">
     <span class='ocr_line' id='line_1_108' title="bbox 1797 4460 3384 4536; baseline 0.005 -21"><span class='ocrx_word' id='word_1_858' title='bbox 1797 4460 1888 4516; x_wconf 86' lang='lat' dir='ltr'><strong><em>ille</em></strong></span> <span class='ocrx_word' id='word_1_859' title='bbox 1914 4461 2116 4517; x_wconf 90' lang='lat' dir='ltr'><strong><em>scilicet</em></strong></span> <span class='ocrx_word' id='word_1_860' title='bbox 2144 4477 2280 4516; x_wconf 90' lang='lat' dir='ltr'><strong><em>unus</em></strong></span> <span class='ocrx_word' id='word_1_861' title='bbox 2305 4476 2527 4530; x_wconf 75' lang='lat' dir='ltr'><strong><em>magnus</em></strong></span> <span class='ocrx_word' id='word_1_862' title='bbox 2552 4462 2826 4516; x_wconf 58' lang='lat' dir='ltr'><strong><em>sacerdos.</em></strong></span> <span class='ocrx_word' id='word_1_863' title='bbox 2879 4462 2972 4518; x_wconf 83' lang='lat' dir='ltr'><strong><em>Cui</em></strong></span> <span class='ocrx_word' id='word_1_864' title='bbox 3001 4466 3172 4536; x_wconf 81' lang='lat' dir='ltr'><strong><em>[nsunt</em></strong></span> <span class='ocrx_word' id='word_1_865' title='bbox 3201 4476 3273 4522; x_wconf 85' lang='lat' dir='ltr'><strong><em>est</em></strong></span> <span class='ocrx_word' id='word_1_866' title='bbox 3294 4484 3384 4523; x_wconf 83' lang='lat' dir='ltr'><strong><em>stt-</em></strong></span> 
     </span>
    </p>
   </div>
   <div class='ocr_carea' id='block_1_108' title="bbox 1798 4552 3386 4627">
    <p class='ocr_par' dir='ltr' id='par_1_108' title="bbox 1798 4552 3386 4627">
     <span class='ocr_line' id='line_1_109' title="bbox 1798 4552 3386 4627; baseline 0.006 -22"><span class='ocrx_word' id='word_1_867' title='bbox 1798 4569 1888 4624; x_wconf 88' lang='lat' dir='ltr'><strong><em>per</em></strong></span> <span class='ocrx_word' id='word_1_868' title='bbox 1911 4562 2063 4621; x_wconf 87' lang='lat' dir='ltr'><strong><em>caput</em></strong></span> <span class='ocrx_word' id='word_1_869' title='bbox 2093 4569 2156 4606; x_wconf 78' lang='lat' dir='ltr'><strong><em>ex</em></strong></span> <span class='ocrx_word' id='word_1_870' title='bbox 2174 4552 2284 4607; x_wconf 89' lang='lat' dir='ltr'><strong><em>oleo</em></strong></span> <span class='ocrx_word' id='word_1_871' title='bbox 2315 4553 2503 4609; x_wconf 75' lang='lat' dir='ltr'><strong><em>ciu-isto</em></strong></span> <span class='ocrx_word' id='word_1_872' title='bbox 2532 4569 2551 4608; x_wconf 90' lang='lat'><strong><em>:</em></strong></span> <span class='ocrx_word' id='word_1_873' title='bbox 2579 4553 2752 4626; x_wconf 87' lang='lat' dir='ltr'><strong><em>ipsum</em></strong></span> <span class='ocrx_word' id='word_1_874' title='bbox 2781 4555 2955 4610; x_wconf 89' lang='lat' dir='ltr'><strong><em>oleum</em></strong></span> <span class='ocrx_word' id='word_1_875' title='bbox 2979 4558 3210 4627; x_wconf 83' lang='lat' dir='ltr'><strong><em>appellat</em></strong></span> <span class='ocrx_word' id='word_1_876' title='bbox 3237 4557 3386 4614; x_wconf 84' lang='lat' dir='ltr'><strong><em>Scri-</em></strong></span> 
     </span>
    </p>
   </div>
   <div class='ocr_carea' id='block_1_109' title="bbox 1798 4642 2258 4713">
    <p class='ocr_par' dir='ltr' id='par_1_109' title="bbox 1798 4642 2258 4713">
     <span class='ocr_line' id='line_1_110' title="bbox 1798 4642 2258 4713; baseline -0.002 -15"><span class='ocrx_word' id='word_1_877' title='bbox 1798 4652 1947 4713; x_wconf 86' lang='lat' dir='ltr'><strong><em>ptura</em></strong></span> <span class='ocrx_word' id='word_1_878' title='bbox 1978 4642 2258 4698; x_wconf 85' lang='lat' dir='ltr'><strong><em>rltristnm.</em></strong></span> 
     </span>
    </p>
   </div>
   <div class='ocr_carea' id='block_1_110' title="bbox 1869 4719 3388 4808">
    <p class='ocr_par' dir='ltr' id='par_1_110' title="bbox 1869 4719 3388 4808">
     <span class='ocr_line' id='line_1_111' title="bbox 1869 4719 3388 4808; baseline 0.006 -16"><span class='ocrx_word' id='word_1_879' title='bbox 1869 4719 2082 4792; x_wconf 75' lang='lat' dir='ltr'><strong>LXXX.</strong></span> <span class='ocrx_word' id='word_1_880' title='bbox 2113 4733 2216 4808; x_wconf 82' lang='grc'><strong>[11).</strong></span> <span class='ocrx_word' id='word_1_881' title='bbox 2235 4751 2343 4800; x_wconf 68' lang='lat' dir='ltr'><strong><em>xxx,</em></strong></span> <span class='ocrx_word' id='word_1_882' title='bbox 2375 4734 2484 4808; x_wconf 87' lang='lat' dir='ltr'><strong><em>l0.]</em></strong></span> <span class='ocrx_word' id='word_1_883' title='bbox 2500 4734 2564 4790; x_wconf 80' lang='lat' dir='ltr'><strong><em>Et</em></strong></span> <span class='ocrx_word' id='word_1_884' title='bbox 2588 4748 2962 4796; x_wconf 82' lang='lat' dir='ltr'><strong><em>consummatus</em></strong></span> <span class='ocrx_word' id='word_1_885' title='bbox 2981 4757 3158 4800; x_wconf 85' lang='lat' dir='ltr'><strong><em>manus</em></strong></span> <span class='ocrx_word' id='word_1_886' title='bbox 3181 4743 3388 4801; x_wconf 82' lang='lat' dir='ltr'><strong><em>induere</em></strong></span> 
     </span>
    </p>
   </div>
   <div class='ocr_carea' id='block_1_111' title="bbox 1798 4825 3389 4905">
    <p class='ocr_par' dir='ltr' id='par_1_111' title="bbox 1798 4825 3389 4905">
     <span class='ocr_line' id='line_1_112' title="bbox 1798 4825 3389 4905; baseline 0.007 -23"><span class='ocrx_word' id='word_1_887' title='bbox 1798 4827 2089 4882; x_wconf 77' lang='lat' dir='ltr'><strong><em>vestimenta</em></strong></span> <span class='ocrx_word' id='word_1_888' title='bbox 2122 4841 2141 4880; x_wconf 89' lang='lat'><strong><em>:</em></strong></span> <span class='ocrx_word' id='word_1_889' title='bbox 2169 4825 2257 4880; x_wconf 90' lang='lat' dir='ltr'><strong><em>illa</em></strong></span> <span class='ocrx_word' id='word_1_890' title='bbox 2288 4828 2486 4896; x_wconf 77' lang='lat' dir='ltr'><strong><em>utique,</em></strong></span> <span class='ocrx_word' id='word_1_891' title='bbox 2519 4843 2639 4899; x_wconf 85' lang='lat' dir='ltr'><strong><em>quae</em></strong></span> <span class='ocrx_word' id='word_1_892' title='bbox 2664 4829 2719 4884; x_wconf 87' lang='lat' dir='ltr'><strong><em>in</em></strong></span> <span class='ocrx_word' id='word_1_893' title='bbox 2744 4839 2890 4887; x_wconf 77' lang='lat' dir='ltr'><strong><em>veste</em></strong></span> <span class='ocrx_word' id='word_1_894' title='bbox 2916 4833 3234 4890; x_wconf 82' lang='lat' dir='ltr'><strong><em>sacerdotali</em></strong></span> <span class='ocrx_word' id='word_1_895' title='bbox 3259 4849 3389 4905; x_wconf 80' lang='lat' dir='ltr'><strong><em>ope-</em></strong></span> 
     </span>
    </p>
   </div>
   <div class='ocr_carea' id='block_1_112' title="bbox 1798 4918 2492 4978">
    <p class='ocr_par' dir='ltr' id='par_1_112' title="bbox 1798 4918 2492 4978">
     <span class='ocr_line' id='line_1_113' title="bbox 1798 4918 2492 4978; baseline -0.003 -2"><span class='ocrx_word' id='word_1_896' title='bbox 1798 4919 2072 4976; x_wconf 75' lang='lat' dir='ltr'><strong><em>rosissimc</em></strong></span> <span class='ocrx_word' id='word_1_897' title='bbox 2097 4918 2492 4978; x_wconf 84' lang='lat' dir='ltr'><strong><em>describuntur.</em></strong></span> 
     </span>
    </p>
   </div>
   <div class='ocr_carea' id='block_1_113' title="bbox 1867 4997 3382 5088">
    <p class='ocr_par' dir='ltr' id='par_1_113' title="bbox 1867 4997 3382 5088">
     <span class='ocr_line' id='line_1_114' title="bbox 1867 4997 3382 5088; baseline 0.002 -22"><span class='ocrx_word' id='word_1_898' title='bbox 1867 4997 2108 5066; x_wconf 75' lang='lat' dir='ltr'><strong>LXXXI.</strong></span> <span class='ocrx_word' id='word_1_899' title='bbox 2137 5008 2239 5085; x_wconf 74' lang='grc'><strong>[11).</strong></span> <span class='ocrx_word' id='word_1_900' title='bbox 2269 5027 2379 5078; x_wconf 71' lang='lat' dir='ltr'><strong><em>ut,</em></strong></span> <span class='ocrx_word' id='word_1_901' title='bbox 2412 5010 2666 5088; x_wconf 82' lang='lat' dir='ltr'><strong><em>IOetlI.]</em></strong></span> <span class='ocrx_word' id='word_1_902' title='bbox 2691 5011 2852 5084; x_wconf 85' lang='lat' dir='ltr'><strong><em>Caput</em></strong></span> <span class='ocrx_word' id='word_1_903' title='bbox 2873 5031 2973 5070; x_wconf 81' lang='lat' dir='ltr'><strong><em>nan</em></strong></span> <span class='ocrx_word' id='word_1_904' title='bbox 2999 5025 3179 5087; x_wconf 80' lang='lat' dir='ltr'><strong><em>releget</em></strong></span> <span class='ocrx_word' id='word_1_905' title='bbox 3201 5015 3382 5085; x_wconf 82' lang='lat' dir='ltr'><strong><em>cidari,</em></strong></span> 
     </span>
    </p>
   </div>
   <div class='ocr_carea' id='block_1_114' title="bbox 1799 5103 3383 5178">
    <p class='ocr_par' dir='ltr' id='par_1_114' title="bbox 1799 5103 3383 5178">
     <span class='ocr_line' id='line_1_115' title="bbox 1799 5103 3383 5178; baseline 0.003 -20"><span class='ocrx_word' id='word_1_906' title='bbox 1799 5112 1846 5158; x_wconf 87' lang='lat' dir='ltr'><strong><em>et</em></strong></span> <span class='ocrx_word' id='word_1_907' title='bbox 1872 5103 2162 5159; x_wconf 75' lang='lat' dir='ltr'><strong><em>vestimenta</em></strong></span> <span class='ocrx_word' id='word_1_908' title='bbox 2194 5121 2290 5162; x_wconf 77' lang='lat' dir='ltr'><strong><em>sua</em></strong></span> <span class='ocrx_word' id='word_1_909' title='bbox 2318 5121 2418 5160; x_wconf 84' lang='lat' dir='ltr'><strong><em>non</em></strong></span> <span class='ocrx_word' id='word_1_910' title='bbox 2445 5105 2658 5170; x_wconf 87' lang='lat' dir='ltr'><strong><em>scindet,</em></strong></span> <span class='ocrx_word' id='word_1_911' title='bbox 2687 5117 2734 5162; x_wconf 83' lang='lat' dir='ltr'><strong><em>et</em></strong></span> <span class='ocrx_word' id='word_1_912' title='bbox 2763 5123 2916 5178; x_wconf 84' lang='lat' dir='ltr'><strong><em>super</em></strong></span> <span class='ocrx_word' id='word_1_913' title='bbox 2941 5123 3139 5162; x_wconf 87' lang='lat' dir='ltr'><strong><em>omnem</em></strong></span> <span class='ocrx_word' id='word_1_914' title='bbox 3158 5107 3383 5162; x_wconf 87' lang='lat' dir='ltr'><strong><em>animam</em></strong></span> 
     </span>
    </p>
   </div>
   <div class='ocr_carea' id='block_1_115' title="bbox 1800 5195 3383 5270">
    <p class='ocr_par' dir='ltr' id='par_1_115' title="bbox 1800 5195 3383 5270">
     <span class='ocr_line' id='line_1_116' title="bbox 1800 5195 3383 5270; baseline 0.003 -22"><span class='ocrx_word' id='word_1_915' title='bbox 1800 5203 2050 5250; x_wconf 85' lang='lat' dir='ltr'><strong><em>mortuam</em></strong></span> <span class='ocrx_word' id='word_1_916' title='bbox 2072 5212 2170 5254; x_wconf 85' lang='lat' dir='ltr'><strong><em>non</em></strong></span> <span class='ocrx_word' id='word_1_917' title='bbox 2197 5195 2442 5254; x_wconf 84' lang='lat' dir='ltr'><strong><em>introibit.</em></strong></span> <span class='ocrx_word' id='word_1_918' title='bbox 2486 5198 2797 5269; x_wconf 80' lang='lat' dir='ltr'><strong><em>Iutelligitur</em></strong></span> <span class='ocrx_word' id='word_1_919' title='bbox 2821 5213 2882 5252; x_wconf 88' lang='lat' dir='ltr'><strong><em>ca</em></strong></span> <span class='ocrx_word' id='word_1_920' title='bbox 2909 5214 3027 5270; x_wconf 81' lang='lat' dir='ltr'><strong><em>qua:</em></strong></span> <span class='ocrx_word' id='word_1_921' title='bbox 3045 5214 3203 5268; x_wconf 84' lang='lat' dir='ltr'><strong><em>supra</em></strong></span> <span class='ocrx_word' id='word_1_922' title='bbox 3228 5197 3383 5265; x_wconf 77' lang='lat' dir='ltr'><strong><em>dixit,</em></strong></span> 
     </span>
    </p>
   </div>
   <div class='ocr_carea' id='block_1_116' title="bbox 1801 5285 3386 5364">
    <p class='ocr_par' dir='ltr' id='par_1_116' title="bbox 1801 5285 3386 5364">
     <span class='ocr_line' id='line_1_117' title="bbox 1801 5285 3386 5364; baseline 0.005 -23"><span class='ocrx_word' id='word_1_923' title='bbox 1801 5285 1855 5341; x_wconf 81' lang='lat' dir='ltr'><strong><em>ir.</em></strong></span> <span class='ocrx_word' id='word_1_924' title='bbox 1881 5286 2026 5343; x_wconf 90' lang='lat' dir='ltr'><strong><em>luctu</em></strong></span> <span class='ocrx_word' id='word_1_925' title='bbox 2053 5288 2231 5345; x_wconf 80' lang='lat' dir='ltr'><strong><em>facere</em></strong></span> <span class='ocrx_word' id='word_1_926' title='bbox 2257 5304 2378 5344; x_wconf 87' lang='lat' dir='ltr'><strong><em>cum</em></strong></span> <span class='ocrx_word' id='word_1_927' title='bbox 2412 5289 2756 5358; x_wconf 87' lang='lat' dir='ltr'><strong><em>prohibitum,</em></strong></span> <span class='ocrx_word' id='word_1_928' title='bbox 2787 5288 2844 5347; x_wconf 91' lang='lat' dir='ltr'><strong><em>id</em></strong></span> <span class='ocrx_word' id='word_1_929' title='bbox 2867 5300 2970 5359; x_wconf 78' lang='lat' dir='ltr'><strong><em>est,</em></strong></span> <span class='ocrx_word' id='word_1_930' title='bbox 2999 5301 3158 5364; x_wconf 81' lang='lat' dir='ltr'><strong><em>caput</em></strong></span> <span class='ocrx_word' id='word_1_931' title='bbox 3182 5292 3386 5350; x_wconf 84' lang='lat' dir='ltr'><strong><em>nudare</em></strong></span> 
     </span>
    </p>
   </div>
   <div class='ocr_carea' id='block_1_117' title="bbox 1863 5481 2905 5545">
    <p class='ocr_par' dir='ltr' id='par_1_117' title="bbox 1863 5481 2905 5545">
     <span class='ocr_line' id='line_1_118' title="bbox 1863 5481 2905 5545; baseline 0.008 -15"><span class='ocrx_word' id='word_1_932' title='bbox 1863 5481 1883 5545; x_wconf 55' lang='grc' dir='ltr'><strong>ἓ</strong></span> <span class='ocrx_word' id='word_1_933' title='bbox 1907 5489 1983 5532; x_wconf 80' lang='lat' dir='ltr'><strong><em>Er.</em></strong></span> <span class='ocrx_word' id='word_1_934' title='bbox 2014 5481 2163 5545; x_wconf 82' lang='lat' dir='ltr'><strong>Lugd.</strong></span> <span class='ocrx_word' id='word_1_935' title='bbox 2198 5489 2318 5532; x_wconf 70' lang='lat' dir='ltr'><strong><em>Ven.</em></strong></span> <span class='ocrx_word' id='word_1_936' title='bbox 2343 5489 2453 5532; x_wconf 74' lang='grc' dir='ltr'><strong><em>ων.</em></strong></span> <span class='ocrx_word' id='word_1_937' title='bbox 2479 5484 2723 5545; x_wconf 86' lang='lat' dir='ltr'><strong><em>omittunt,</em></strong></span> <span class='ocrx_word' id='word_1_938' title='bbox 2743 5490 2808 5538; x_wconf 88' lang='lat' dir='ltr'><strong><em>et.</em></strong></span> <span class='ocrx_word' id='word_1_939' title='bbox 2847 5494 2905 5538; x_wconf 75' lang='lat' dir='ltr'><strong><em>tt.</em></strong></span> 
     </span>
    </p>
   </div>
   <div class='ocr_carea' id='block_1_118' title="bbox 1861 5520 2770 5608">
    <p class='ocr_par' dir='ltr' id='par_1_118' title="bbox 1861 5520 2770 5608">
     <span class='ocr_line' id='line_1_119' title="bbox 1861 5520 2770 5608; baseline 0.006 -17"><span class='ocrx_word' id='word_1_940' title='bbox 1861 5520 2196 5608; x_wconf 55' lang='grc' dir='ltr'><strong><em>ξῇξεῖιῗᾶἓρ</em></strong></span> <span class='ocrx_word' id='word_1_941' title='bbox 2221 5520 2770 5608; x_wconf 50' lang='grc' dir='ltr'><strong><em>ἆὶἰξιξὲἴῷἷῖὶὲὲῖεἷ</em></strong></span> 
     </span>
    </p>
   </div>
   <div class='ocr_carea' id='block_1_119' title="bbox 1866 5606 3392 5678">
    <p class='ocr_par' dir='ltr' id='par_1_119' title="bbox 1866 5606 3392 5678">
     <span class='ocr_line' id='line_1_120' title="bbox 1866 5606 3392 5678; baseline 0.01 -26"><span class='ocrx_word' id='word_1_942' title='bbox 1866 5606 1891 5642; x_wconf 77' lang='grc'><strong><em>³</em></strong></span> <span class='ocrx_word' id='word_1_943' title='bbox 1911 5607 2058 5678; x_wconf 53' lang='grc' dir='ltr'><strong><em>ιῖειιιίὲ</em></strong></span> <span class='ocrx_word' id='word_1_944' title='bbox 2080 5619 2248 5659; x_wconf 80' lang='lat' dir='ltr'><strong><em>coram</em></strong></span> <span class='ocrx_word' id='word_1_945' title='bbox 2282 5606 2535 5671; x_wconf 63' lang='lat' dir='ltr'><strong><em>fratribus;</em></strong></span> <span class='ocrx_word' id='word_1_946' title='bbox 2565 5617 2698 5672; x_wconf 58' lang='lat' dir='ltr'><strong><em>uss,</em></strong></span> <span class='ocrx_word' id='word_1_947' title='bbox 2716 5625 2749 5662; x_wconf 76' lang='grc' dir='ltr'><strong><em>ιι</em></strong></span> <span class='ocrx_word' id='word_1_948' title='bbox 2766 5608 3044 5678; x_wconf 71' lang='lat' dir='ltr'><strong><em>fratribus:</em></strong></span> <span class='ocrx_word' id='word_1_949' title='bbox 3075 5612 3156 5667; x_wconf 63' lang='grc' dir='ltr'>ιιι</span> <span class='ocrx_word' id='word_1_950' title='bbox 3181 5625 3392 5668; x_wconf 63' lang='lat' dir='ltr'><strong><em>consen-</em></strong></span> 
     </span>
    </p>
   </div>
  </div>
