3862 6310
122 1055 138 1229 l

118 1240 126 1297 l

155 263 264 322 713

151 377 413 435 venimus
436 381 718 447 antequam
740 373 805 430 ad
826 372 1175 429 ministerium
1195 370 1493 442 baptizandi
1516 375 1742 429 veniret.

153 466 273 524 Hoc
300 477 359 525 et
390 467 459 524 de
501 468 706 523 latrone
748 466 861 532 illo,
910 465 996 519 cui
1031 479 1211 519 secum
1257 464 1512 518 crueilixo
1561 463 1744 519 Domi-

151 573 256 616 nus
284 559 367 615 ait
388 559 490 629 (α),
512 555 680 611 IIodie
706 571 902 612 mecum
920 555 1093 608 crisin
1113 553 1354 624 paradiso
1382 551 1533 626 (Luc.
1568 568 1704 609 χχιιι
1724 594 1742 617 ,

148 650 266 721 43).
294 649 484 720 Neque
508 647 653 705 enim
693 648 809 704 sine
846 646 1263 703 sanctiﬁcatione
1306 645 1556 700 invisibili
1601 653 1746 699 tanta

149 742 416 800 felicitate
460 741 688 798 domtus
716 748 816 796 est.
850 738 1079 795 Proinde
1116 736 1380 809 colligitur
1423 736 1742 792 invisibilem

148 837 629 894 sanctiﬁcationem
671 832 987 906 quibusdam
1027 831 1244 887 affuisse
1279 840 1439 903 atque
1479 828 1745 901 profuisse

147 930 268 985 sine
285 928 587 985 visibilibus
604 924 984 991 Sacrameutis,
998 940 1117 995 quae
1136 938 1233 995 pro
1249 931 1548 993 temporum
1568 921 1745 977 diver-

149 1021 309 1075 sitate
336 1028 543 1073 mutata
572 1027 717 1083 sunt,
750 1025 808 1071 ut
833 1016 933 1070 alia
963 1023 1090 1069 tunc
1114 1012 1340 1078 fuerint,
1370 1022 1424 1069 et
1452 1012 1555 1067 alia
1583 1010 1745 1067 modo

148 1110 300 1168 sint:
336 1110 602 1166 visibilem
635 1124 765 1164 vero
799 1105 1302 1172 sanctiﬁcationem,
1330 1119 1446 1175 quae
1477 1103 1627 1159 ﬁeret
1652 1117 1745 1173 per

148 1200 387 1257 visibilia
412 1201 772 1265 Sacramenta,
793 1198 909 1253 sine
938 1198 1037 1252 ista
1068 1195 1317 1251 invisibili
1349 1209 1506 1265 posse
1531 1193 1740 1262 adesse,

147 1307 257 1348 non
303 1307 469 1363 posse
511 1290 785 1362 prodesse.
829 1287 939 1343 Nec
986 1296 1162 1343 tamen
1194 1285 1315 1342 ideo
1342 1284 1743 1341 Sacramentum

147 1384 362 1441 visibile
405 1382 852 1440 contemnendum
901 1389 1028 1435 est:
1071 1395 1193 1434 nam
1237 1387 1574 1447 contemptor
1629 1376 1746 1449 ejus

146 1475 497 1531 invisibiliter
533 1473 854 1529 sanctiﬁcari
884 1471 1030 1527 nullo
1068 1470 1227 1527 modo
1274 1479 1468 1542 potest.
1491 1470 1626 1526 Hinc
1664 1479 1747 1525 est

145 1568 291 1639 quod
340 1566 624 1623 Cornelius
666 1573 721 1621 et
740 1564 830 1635 qui
858 1578 978 1618 cum
1006 1577 1074 1619 eo
1095 1570 1280 1628 erant,
1313 1576 1435 1616 cum
1469 1562 1576 1631 jam
1607 1561 1746 1615 invi-

146 1659 382 1715 slbiliter
413 1658 586 1714 inl'uso
617 1665 805 1712 sancto
834 1654 1035 1726 Spiritu
1064 1653 1376 1709 sanctiﬁcati
1405 1663 1740 1725 apparerent,

147 1752 412 1822 baptizati
435 1760 558 1806 sunt
584 1758 758 1805 tamen
791 1749 929 1819 (Act.
968 1764 1036 1812 ι,
1076 1746 1264 1818 4448)
1288 1762 1303 1799 :
1328 1761 1426 1801 nec
1477 1745 1744 1816 superﬂua

144 1843 388 1914 judicata
417 1852 499 1898 est
526 1842 747 1897 visibilis
767 1840 1135 1907 sanctiﬁcatio,
1147 1854 1305 1911 quam
1330 1838 1609 1894 invisibilis
1632 1839 1744 1909 jam

151 1944 525 2006 prmcesserat.

220 2026 492 2096 LXXXV.
527 2026 625 2100 [Ih.
657 2041 790 2093 xxu,
818 2026 873 2093 I,
895 2023 974 2097 2.]
1000 2022 1070 2078 Et
1092 2024 1286 2078 locutus
1309 2031 1381 2078 est
1399 2022 1650 2077 Dominus
1676 2022 1745 2076 ad

152 2121 397 2193 Moysen,
426 2120 615 2185 dicens,
646 2118 741 2173 Dic
767 2119 939 2173 Aaron
967 2126 1014 2173 et
1038 2118 1162 2187 ﬁliis
1186 2119 1317 2186 ejus,
1346 2126 1394 2172 et
1421 2117 1685 2171 attendant
1712 2134 1747 2171 a

149 2214 341 2270 sanctis
364 2213 589 2283 ﬁliorum
615 2209 814 2276 Israel,
849 2218 897 2264 et
922 2224 1023 2263 non
1048 2208 1387 2281 profanabant
1410 2224 1591 2263 nomen
1627 2224 1747 2262 san-

152 2315 290 2359 ctum
319 2320 523 2371 meum,
551 2310 742 2374 quanta
771 2302 789 2333 ⁸
818 2300 918 2370 ipsi
940 2300 1260 2369 sanctiﬁcant
1287 2299 1430 2352 mihi.
1476 2296 1591 2370 Ego
1632 2296 1745 2353 Do-

151 2414 342 2453 nunus.
371 2396 443 2450 Et
467 2396 603 2450 dices
624 2394 751 2461 illis,
776 2392 844 2447 In
871 2393 1132 2463 progenies
1155 2401 1345 2446 vestras
1389 2392 1552 2446 omnis
1597 2392 1746 2446 homo

152 2490 458 2561 quicumque
500 2486 765 2541 accesserit
788 2484 851 2538 ab
874 2484 1011 2539 omni
1052 2484 1241 2538 semine
1268 2493 1430 2539 vestro
1456 2483 1524 2537 ad
1548 2493 1743 2552 sancta,

152 2595 483 2653 quacumque
516 2574 938 2645 sanctiﬁcaverint
976 2574 1071 2644 filii
1109 2572 1275 2630 Israel
1315 2572 1558 2639 Domino,
1584 2583 1632 2628 et
1656 2574 1748 2628 erit

153 2672 484 2727 inmunditia
507 2671 618 2742 ejus
642 2669 697 2723 in
723 2668 836 2735 illo,
858 2664 1266 2722 atterminabitur
1288 2667 1459 2721 anima
1478 2666 1573 2721 illa
1593 2683 1628 2720 a
1646 2682 1744 2721 me.

157 2762 271 2836 Ego
295 2762 545 2818 Dominus
570 2759 706 2816 Deus
730 2768 904 2815 vester.
932 2757 1121 2814 Ablata
1146 2767 1231 2814 est
1256 2760 1436 2815 omnis
1462 2758 1744 2827 dubitatio,

158 2854 433 2912 neminem
461 2852 798 2910 sacerdotum
827 2852 908 2908 vel
930 2865 1259 2907 summorum
1279 2851 1363 2907 vel
1389 2851 1748 2909 secundorum

158 2944 416 3002 debuisse
434 2941 690 2999 accedere
725 2940 792 2997 ad
816 2950 1036 3007 sancta,
1078 2941 1125 2997 si
1170 2940 1503 2999 immunditia
1537 2941 1654 3013 ejus
1692 2941 1748 2997 in

159 3036 280 3108 ipso
316 3043 479 3092 esset.
522 3033 651 3089 Erat
676 3049 804 3106 ergo
829 3047 1164 3105 consequens
1192 3032 1522 3090 continentia
1563 3048 1747 3091 sacer-

159 3129 338 3197 dotis,
368 3145 438 3186 ne
472 3138 688 3199 propter
737 3127 965 3183 tiliorum
1013 3128 1440 3198 procreationem
1482 3126 1750 3199 aliquibus

160 3222 353 3278 diebus
398 3237 506 3276 non
552 3220 917 3291 imponeretur
969 3219 1380 3275 continuationis
1430 3219 1707 3276 incensum
1731 3260 1747 3285 ,

159 3312 308 3383 quod
350 3326 383 3367 a
424 3312 552 3368 solis
594 3310 818 3366 summis
857 3309 1220 3365 sacerdotibus
1248 3310 1326 3365 bis
1354 3310 1407 3364 in
1431 3310 1753 3367 die'solebat

159 3402 392 3474 imponi,
420 3417 577 3458 mane
601 3409 656 3457 et
678 3415 900 3471 vespera
927 3398 1122 3470 (Exod.
1152 3415 1290 3464 xxx,
1313 3400 1367 3465 7,
1391 3398 1487 3470 8):
1509 3400 1751 3470 quando-

162 3495 388 3568 quidem
425 3504 545 3567 post
580 3495 782 3551 coitum
810 3492 1143 3564 conjugalem
1172 3494 1335 3549 etiam
1372 3494 1483 3551 loto
1529 3509 1756 3565 corpore

164 3588 477 3647 immundus
517 3596 636 3643 erat
676 3603 840 3658 usque
864 3586 931 3641 ad
959 3586 1435 3658 vesperam(Levit.
1462 3604 1555 3654 xv,
1584 3588 1693 3660 I6),
1724 3603 1755 3643 a

167 3695 275 3751 quo
303 3679 358 3734 id
386 3692 607 3735 necesse
626 3688 743 3734 erat
765 3677 987 3749 imponi.
1012 3677 1164 3744 Quod
1189 3686 1364 3734 autem
1384 3678 1479 3747 ait,
1500 3696 1615 3750 qua:
1630 3697 1754 3735 san-

170 3771 398 3840 cti/icant
424 3770 519 3839 lilii
542 3766 726 3835 Israel,
742 3768 1137 3839 intelligendum
1154 3777 1255 3834 est,
1276 3768 1552 3827 oﬂ'erendo
1580 3785 1757 3827 sacer—

173 3860 386 3917 dotibus
401 3860 726 3917 oll'erendum
752 3874 845 3930 per
866 3874 960 3915 eos
972 3859 1214 3915 Domino.
1232 3859 1299 3915 Et
1324 3860 1614 3917 notandum
1633 3876 1758 3918 san-

176 3954 508 4011 ctiﬁcationis
530 3968 720 4023 genus,
740 3950 883 4023 quod
906 3950 967 4007 lit
994 3960 1117 4009 voto
1140 3960 1195 4007 et
1220 3951 1503 4010 devotione
1527 3952 1759 4011 oll‘eren-

179 4045 265 4099 tis.
286 4044 392 4102 Sed
418 4053 594 4100 utrum
631 4043 768 4100 sicut
806 4043 909 4099 iSto
948 4041 1107 4099 modo
1132 4042 1529 4099 sanctiﬁcantur
1551 4059 1614 4099 ea
1637 4060 1759 4117 quae

180 4137 472 4193 oll'eruntur
509 4136 576 4192 ab
609 4133 931 4198 hominibus,
960 4134 1031 4189 ita
1066 4142 1121 4190 et
1158 4133 1259 4203 ipsi
1297 4133 1542 4191 homines
1569 4135 1759 4193 eodem

182 4228 338 4283 modo
378 4227 586 4297 seipsos
620 4224 949 4281 sanctiﬁeare
972 4222 1234 4289 dicantur,
1265 4240 1386 4280 cum
1413 4226 1466 4281 in
1495 4226 1673 4298 aliqua
1700 4243 1761 4285 re

183 4321 385 4392 seipsos
410 4326 626 4384 vovent,
654 4316 1049 4374 observandum
1070 4325 1154 4373 est
1175 4317 1229 4372 in
1244 4316 1552 4389 Scripturis.

252 4409 537 4467 LXXXVI.
569 4408 670 4482 [Ib.
697 4424 838 4476 χιιι,
863 4407 941 4480 4.]
964 4407 1030 4463 Et
1056 4409 1144 4479 qui
1182 4410 1393 4481 tetigerit
1428 4427 1626 4466 onmem
1663 4413 1764 4467 im-

186 4503 485 4558 munditiam
508 4502 725 4556 aninue:
749 4500 803 4555 id
832 4508 949 4567 est,
975 4500 1181 4571 aliquid.
1214 4502 1580 4571 morticinum,
1614 4504 1765 4575 cujus

187 4594 473 4651 secundum
496 4592 689 4664 Legem
718 4598 887 4646 tactus
917 4590 1174 4662 inquinat.

254 4683 561 4742 LXXXVII.
577 4684 677 4757 [Ib.
692 4698 842 4750 xxxv,
857 4682 1061 4761 15,16.]
1075 4682 1267 4753 Homo,
1280 4685 1429 4742 homo
1443 4688 1489 4742 si
1496 4688 1769 4744 maledice.

188 4776 251 4830 rit
268 4775 432 4832 Deum
452 4792 619 4844 suum,
641 4784 900 4847 peccatum
918 4775 1128 4845 accipiet
1150 4777 1457 4855 inominata
1478 4787 1647 4834 autem
1667 4796 1765 4833 no-

191 4884 297 4923 men
315 4868 541 4938 Domini,
560 4877 717 4923 morte
734 4867 1006 4922 moriatur:
1023 4867 1175 4939 quasi
1201 4867 1345 4925 aliud
1363 4869 1433 4924 sit
1453 4869 1771 4929 maledicere

195 4961 353 5019 Deum
377 4978 533 5020 suum
554 5004 571 5032 ,
595 4961 738 5018 aliud
780 4960 1058 5017 nominare
1096 4976 1294 5018 nomen
1336 4962 1578 5029 Domini;
1608 4973 1770 5036 atque

196 5057 316 5113 illud
344 5061 415 5116 sit
440 5067 737 5132 peccatum,
765 5054 867 5112 hoc
891 5064 1070 5113 autem
1098 5063 1301 5112 tantum
1329 5055 1501 5124 nefas,
1528 5065 1587 5112 ut
1607 5058 1771 5114 etiam

198 5158 361 5206 morte
382 5151 451 5206 sit
467 5149 705 5219 dignum.
729 5146 983 5214 Quamvis
1008 5147 1111 5202 hoc
1136 5145 1254 5201 loco
1278 5146 1348 5201 ita
1370 5147 1768 5218 intelligendum

200 5238 282 5305 sit,
309 5239 451 5311 quod
470 5240 669 5296 dictum
690 5248 792 5306 est,
815 5253 997 5293 nomen
1026 5234 1255 5305 Domini,
1274 5245 1332 5293 ut
1349 5253 1471 5293 cum
1492 5237 1770 5295 ntaledicto

204 5330 395 5399 liat,id
426 5343 506 5389 est
533 5330 902 5389 maledicendo
951 5331 1209 5387 nominet.
1255 5330 1394 5399 Quid
1440 5346 1567 5402 ergo
1609 5330 1772 5387 distat

205 5421 334 5481 inter
356 5427 486 5483 illud
525 5433 799 5497 peccatum
822 5431 878 5479 et
905 5422 1007 5477 hoc
1030 5421 1162 5477 tanti
1187 5421 1409 5478 sceleris
1430 5422 1666 5477 crimen?
1689 5424 1773 5478 An

208 5511 335 5573 forte
359 5518 459 5575 hoc
488 5518 661 5589 ipsum
692 5514 983 5587 repetendo
1024 5513 1341 5570 monstravit
1365 5528 1472 5568 non
1500 5512 1617 5570 leve
1645 5513 1771 5571 illud

266 5650 442 5717 limiti,
464 5648 672 5717 quando.
696 5652 1091 5717 A_t_
1109 5660 1127 5710 ;
1142 5648 1282 5713 juxta
1303 5653 1431 5710 LXX,
1455 5645 1585 5699 hosa.

266 5687 1091 5777 (αἷῖῐῐέἶεῖοἱὶῗῠιῖξῗὲῖέδῗ
1109 5687 1122 5710 ’
1142 5687 1282 5713 ⁴““’“
1621 5740 1632 5756 .

427 5798 662 5881 βασι.
716 5795 996 5859 Ausus'r.
1044 5794 1143 5857 III.

411 5898 568 5922 κύκνε.
584 5915 617 5923 -.

1526 254 1729 315 LIBER
1763 252 2081 317 TERTIUS.

1851 390 1973 431 esse
1999 379 2297 445 peccatum,
2318 370 2412 430 sed
2437 379 2641 429 tantum
2669 374 2842 430 scelus
2866 376 3006 445 quod
3026 386 3202 435 morte
3220 382 3449 451 punien-

1852 466 1978 521 dum
2021 465 2130 521 sit?
2156 464 2250 521 sed
2279 465 2401 535 quia
2431 479 2527 535 per
2553 463 2949 523 distinctionem
2977 467 3078 524 hoc
3100 470 3297 536 intulit,
3329 490 3440 531 non

1851 558 2034 613 dicens
2052 599 2067 623 ,
2096 558 2375 613 nominans
2402 556 2548 612 enim
2566 598 2580 621 ,
2602 556 2698 612 sed
2718 599 2733 625 ,
2779 560 3045 614 nominans
3085 571 3287 625 autem;
3306 565 3440 620 sub-

1850 649 2135 705 obscurum
2160 650 2358 704 factum
2379 657 2480 704 est.
2506 648 2575 703 Et
2590 647 2709 704 ideo
2728 649 2774 704 si
2803 650 2904 705 hoc
2930 660 3076 706 recte
3103 651 3439 724 intelligitur,

1851 742 2141 800 notandum
2169 750 2253 798 est
2275 743 2435 798 etiam
2465 741 2749 797 locutionis
2771 757 2961 812 genus.

1920 832 2252 890 LXXXVIII.
2277 831 2377 906 [1b.
2405 848 2553 900 xxiv,
2585 832 2698 906 17.]
2728 831 2796 886 Et
2825 833 2973 887 homo
3015 835 3101 905 qui
3138 840 3444 907 percusserit

1849 942 2049 982 onmem
2070 927 2296 981 animam
2320 927 2571 992 hominis,
2604 935 2651 980 et
2674 936 2899 982 mortuus
2928 928 3113 998 fuerit,
3142 940 3299 985 morte
3335 948 3447 987 mo-

1849 1020 2032 1075 riatur.
2064 1018 2179 1074 Non
2219 1018 2323 1083 ait,
2355 1015 2685 1087 Quicumque
2711 1018 3035 1089 percusserit
3059 1018 3358 1085 hominem,
3386 1030 3445 1078 et

1850 1119 2092 1167 mortuus
2117 1111 2293 1175 fuerit,
2322 1108 2439 1177 sed,
2470 1109 2692 1163 animam
2715 1109 2965 1175 hominis;
2991 1125 3109 1166 eum
3134 1122 3309 1183 potius
3330 1129 3444 1170 cor-

1850 1219 1951 1276 pus
1994 1203 2225 1261 hominis
2248 1218 2278 1257 a
2302 1217 2618 1273 percussore
2658 1201 2904 1270 feriatur,
2936 1204 3074 1260 sicut
3099 1215 3155 1261 et
3181 1206 3438 1263 Dominus

1850 1295 1997 1363 dicit,
2030 1294 2207 1350 Nolite
2234 1296 2407 1351 timere
2435 1313 2519 1351 eos
2545 1296 2632 1366 qui
2652 1312 2835 1365 corpus
2860 1297 3097 1352 occidunt
3124 1297 3339 1367 (Matth.
3372 1315 3435 1366 χ,

1849 1385 1965 1457 28).
1995 1385 2076 1441 Eo
2102 1401 2253 1443 more
2278 1401 2406 1457 ergo
2433 1402 2539 1458 quo
2565 1386 2703 1442 solet
2727 1386 2999 1458 Scriptura
3017 1429 3033 1456 ,
3060 1389 3294 1459 appellat
3317 1390 3441 1444 ani-

1850 1491 1995 1531 mam
2020 1477 2200 1533 vitam
2243 1477 2411 1548 ipsam
2442 1477 2714 1548 corporis,
2743 1493 2863 1548 quae
2887 1478 2946 1532 lit
2974 1493 3070 1548 per
3092 1480 3353 1545 animam,
3385 1488 3446 1535 et

1855 1568 1977 1624 hinc
2001 1569 2168 1625 voluit
2204 1569 2490 1626 ostendere
2517 1570 2834 1625 homicidam
2851 1612 2867 1636 ,
2892 1571 3034 1642 quod
3064 1572 3297 1628 hominis
3324 1574 3443 1629 ani-

1850 1674 1991 1714 mam
2018 1660 2299 1729 percutiat,
2330 1659 2381 1715 id
2410 1670 2493 1716 est
2520 1660 2866 1731 percutienda
2896 1661 3001 1717 vita
3024 1662 3293 1718 hominem
3322 1664 3437 1733 pri-

1849 1760 1957 1808 vet.
1984 1753 2091 1808 Cur
2116 1768 2245 1824 ergo
2270 1752 2503 1821 addidit,
2533 1754 2601 1808 Et
2629 1764 2857 1809 mortuus
2880 1755 3034 1824 fuerit
3054 1796 3070 1822 ,
3100 1755 3144 1810 si
3181 1755 3291 1827 jam
3339 1755 3443 1813 hoc

1850 1843 1966 1914 ipso
1992 1844 2230 1901 ostendit
2250 1844 2617 1913 homicidium,
2641 1846 2783 1918 quod
2803 1847 3033 1903 animam
3065 1848 3295 1903 hominis
3321 1864 3444 1919 per-

1848 1936 2091 1999 cusserit,
2116 1936 2167 1991 id
2193 1945 2276 1992 est
2310 1938 2416 1993 vita
2446 1938 2607 1993 homo
2632 1954 2663 1994 a
2695 1940 3024 2009 percutiente
3060 1941 3296 2010 privatus
3328 1940 3443 1995 sit?

1848 2028 1931 2083 An
1956 2044 2226 2099 exponere
2263 2029 2428 2084 voluit
2466 2032 2737 2101 quomodo
2767 2031 3134 2102 accipiendum
3163 2033 3264 2099 sit,
3293 2034 3441 2102 quod

1848 2121 2086 2189 dixerat,
2121 2123 2353 2179 hominis
2379 2124 2609 2179 animam
2654 2140 2997 2194 percussam,
3040 2134 3096 2180 et
3134 2126 3211 2180 sic
3250 2124 3355 2191 ait,
3392 2134 3445 2179 et

1848 2223 2074 2270 mortuus
2099 2216 2283 2284 fuerit,
2317 2224 2566 2287 tanquam
2592 2216 2829 2280 diceret,
2861 2216 2914 2271 id
2942 2226 3027 2273 est
3056 2227 3298 2273 mortuus
3324 2216 3443 2273 fue-

1848 2305 1955 2360 rit?
1984 2306 2086 2362 hoc
2126 2316 2208 2363 est
2250 2308 2423 2375 enim,
2463 2308 2695 2362 animam
2736 2308 2967 2363 hominis
3008 2308 3173 2366 fuisse
3214 2324 3440 2379 percus-

1848 2411 1984 2453 sam.

1920 2488 2206 2546 LXXXIX.
2241 2490 2489 2563 [lb.xxv,
2521 2490 2662 2563 2-7.]
2695 2490 2821 2545 Cum
2846 2491 3136 2546 introieritis
3165 2493 3220 2546 in
3249 2502 3435 2548 terram

1848 2597 2002 2653 quam
2027 2598 2117 2653 ego
2142 2581 2207 2636 do
2239 2582 2405 2647 vobis,
2451 2592 2500 2635 et
2544 2582 2835 2652 requieverit
2874 2592 3008 2635 terra
3050 2599 3201 2651 quam
3246 2600 3336 2655 ego
3374 2584 3444 2638 do

1852 2671 2005 2739 vobis,
2024 2672 2233 2727 sabbata
2247 2671 2473 2727 Domini.
2490 2672 2596 2727 Sea:
2614 2674 2761 2727 annis
2780 2674 3047 2727 seminabis
3066 2691 3247 2745 agrum
3273 2686 3441 2741 tuum,

1851 2772 1898 2817 et
1924 2779 2011 2818 sea:
2029 2765 2176 2818 annis
2198 2764 2395 2834 putabis
2420 2764 2614 2818 vineam
2634 2774 2791 2831 tuam,
2807 2774 2852 2817 et
2870 2766 3195 2836 congregabis
3220 2768 3445 2836 fructum

1850 2854 1960 2925 ejus
1987 2870 2157 2908 :anno
2194 2864 2361 2908 autem
2399 2855 2609 2924 septimo
2633 2854 2872 2921 sabbata,
2898 2855 3093 2924 requies
3135 2855 3229 2909 erit
3272 2864 3444 2923 terra,

1853 2947 2061 3002 sabbata
2080 2945 2322 3001 Domino.
2345 2945 2623 3014 Quomodo
2647 2945 3050 3016 intelligendum
3075 2956 3177 3011 est,
3207 2944 3334 3001 Cum
3360 2946 3446 2999 in-

1851 3039 2084 3093 troieritis
2127 3039 2181 3092 in
2206 3047 2391 3091 terram
2416 3053 2568 3108 quant
2592 3037 2658 3092 do
2687 3036 2844 3102 vobis,
2867 3046 2914 3091 et
2940 3036 3235 3107 requieverit
3264 3046 3441 3103 terra;

1850 3146 1940 3185 ses:
1962 3128 2111 3183 annis
2130 3129 2396 3184 seminabis
2420 3144 2600 3200 agrum
2638 3138 2777 3183 tuum
2794 3171 2809 3195 ,
2837 3136 2967 3195 etc.,
2989 3129 3139 3199 quasi
3176 3138 3301 3184 tunc
3328 3130 3427 3185 tier

1853 3229 2177 3292 pmceptum
2221 3220 2327 3287 sit,
2356 3219 2568 3291 quando
2597 3228 2737 3275 terra
2766 3220 3118 3291 requieverit;
3148 3236 3268 3275 cum
3313 3236 3444 3292 pro-

1854 3321 2036 3383 pterea
2074 3321 2216 3368 terra
2258 3312 2587 3382 requiescat,
2635 3312 2885 3382 quoniam
2924 3311 3026 3368 hoc
3066 3312 3140 3367 lit.
3185 3313 3445 3384 Requietl

1856 3401 1998 3457 enim
2039 3410 2197 3457 terra:
2224 3401 2450 3471 septimo
2482 3400 2664 3471 utique
2710 3416 2852 3457 anno
2895 3402 3008 3456 vult
3052 3403 3310 3475 intelligi,
3335 3419 3447 3476 quo

1852 3491 2012 3562 jussit
2038 3492 2170 3547 nihil
2196 3492 2249 3547 in
2273 3507 2335 3549 ea
2360 3506 2677 3563 quemquam
2708 3492 2918 3562 operari
2937 3508 3032 3561 per
3044 3493 3448 3563 agriculturam.

1857 3582 1963 3639 Sed
1999 3583 2251 3639 nimirum
2293 3584 2508 3655 longum
2558 3583 2888 3654 hyperbaton
2919 3583 3043 3641 facit
3066 3585 3449 3644 obscuritatem

1860 3674 1984 3729 huic
2016 3674 2220 3731 sensui.
2266 3674 2489 3731 Videtur
2524 3688 2651 3744 ergo
2677 3673 2764 3728 hic
2787 3688 2907 3730 esse
2948 3675 3081 3731 ordo
3119 3676 3400 3732 verborum
3431 3695 3450 3734 :

1860 3764 1988 3821 Cum
2006 3766 2295 3819 introieritis
2317 3766 2372 3819 in
2400 3774 2586 3819 terram
2604 3782 2758 3835 quam
2785 3782 2877 3837 ego
2903 3767 2970 3820 do
2998 3768 3158 3829 vobis,
3182 3777 3229 3821 et
3257 3769 3453 3840 requie.

1860 3858 1983 3914 verit
2011 3867 2146 3913 terra
2163 3874 2313 3929 quam
2331 3874 2424 3930 ego
2448 3859 2514 3911 do
2533 3857 2690 3924 vobis,
2716 3858 2924 3912 sabbata
2946 3858 3173 3913 Domimi
3196 3876 3215 3914 :
3242 3876 3355 3930 qua:
3377 3862 3444 3915 ab

1860 3967 1915 4006 se
1940 3960 2151 4023 surgunt
2173 3967 2351 4021 agrum
2378 3959 2519 4005 tuum
2542 3966 2645 4005 non
2673 3960 2824 4006 metes
2841 3991 2857 4019 ,
2895 3962 2944 4006 et
2982 3968 3129 4007 uvam
3156 3955 3316 4009 sancti
3318 3955 3451 4023 [ica-

1864 4045 2015 4100 tionis
2030 4053 2130 4099 tute
2144 4060 2245 4099 non.
2261 4043 2587 4098 viudemiabis
2605 4060 2625 4098 :
2639 4060 2801 4098 annus
2811 4044 3150 4115 requiescendi
3168 4046 3262 4100 erit
3282 4056 3449 4103 terrm.

1864 4136 1934 4192 Et
1957 4147 2101 4191 erunt
2120 4136 2326 4191 sabbata
2353 4145 2500 4190 terra!
2516 4152 2629 4190 esca
2654 4135 2761 4202 tibi,
2790 4145 2837 4189 et
2863 4152 3019 4206 puero
3044 4146 3151 4201 tuo,
3180 4147 3229 4191 et
3268 4138 3454 4207 puella

1867 4239 1987 4296 tute,
2012 4238 2059 4283 et
2085 4228 2392 4283 mercenaria
2417 4236 2535 4291 tuo,
2579 4236 2624 4280 et
2661 4226 2908 4291 inquilino
2946 4227 3034 4299 qui
3071 4226 3343 4297 applicitus
3380 4238 3455 4282 est

1864 4321 1933 4375 ad
1958 4329 2026 4388 te,
2052 4328 2101 4373 et
2126 4318 2383 4390 pecoribus
2412 4317 2529 4382 tuis,
2555 4326 2601 4369 et
2625 4316 2790 4373 bestiis
2814 4332 2927 4383 quia
2944 4326 3059 4370 sunt
3084 4317 3136 4370 in
3171 4327 3305 4371 terra
3340 4327 3432 4370 tua

1866 4426 2014 4465 omne
2029 4409 2164 4479 quod
2188 4417 2421 4462 nascetur
2444 4422 2507 4459 ea:
2530 4421 2588 4460 eo
2609 4406 2662 4459 in
2690 4421 2875 4460 escam.
2919 4404 3240 4476 lntcrposuit
3265 4416 3449 4462 autem

1868 4500 2183 4574 exponendo
2228 4498 2496 4571 quomodo
2538 4506 2677 4553 terra
2723 4497 3056 4567 requiescat,
3106 4505 3161 4552 et
3205 4499 3315 4553 ait:
3348 4499 3456 4554 Sea:

1869 4595 2017 4649 annis
2038 4591 2304 4647 seminabis
2329 4607 2509 4661 agrum
2529 4600 2690 4655 tuum,
2720 4598 2768 4643 et
2794 4604 2885 4643 sea:
2908 4590 3054 4644 annis
3080 4591 3280 4661 putabis
3306 4592 3456 4646 vitem

1870 4694 2030 4752 tuam,
2056 4692 2103 4737 et
2130 4681 2451 4752 congregabis
2480 4683 2703 4752 fructum
2722 4679 2832 4750 ejus
2854 4696 2873 4734 :
2896 4696 3031 4733 anno
3057 4690 3222 4734 autem
3232 4674 3457 4751 septimo

1871 4775 2112 4841 sabbata,
2162 4772 2354 4843 requies
2396 4773 2487 4825 erit
2528 4780 2704 4837 terra,
2747 4768 2957 4825 sabbata
2995 4769 3222 4826 Domini.
3262 4773 3457 4843 Agrum

1872 4876 2013 4924 tuum
2052 4884 2152 4922 non
2190 4864 2483 4932 seminabis,
2531 4873 2579 4919 et
2620 4863 2816 4919 vineam
2844 4874 2984 4918 tuam
3012 4881 3111 4919 non
3144 4865 3360 4937 putabis.
3389 4866 3459 4921 Et

1873 4975 1969 5032 per
2004 4959 2107 5016 hoc
2132 4957 2274 5030 quod
2312 4959 2419 5024 ait,
2458 4972 2559 5011 non
2588 4956 2819 5027 putabis,
2846 4972 3058 5013 omnem
3098 4958 3361 5012 culturam
3390 4972 3459 5013 eo

1873 5067 2014 5108 anno
2056 5048 2373 5121 prohibitam
2413 5048 2669 5105 debemus
2693 5048 2957 5119 accipere.
2998 5048 3182 5118 Neque
3222 5048 3366 5103 enim
3409 5048 3457 5103 si

1876 5144 2106 5218 putanda
2134 5158 2239 5200 non
2261 5152 2362 5209 est,
2395 5142 2591 5197 aranda
2616 5152 2735 5210 est,
2757 5151 2850 5198 aut
2872 5141 3208 5197 adminiculis
3230 5157 3458 5212 suspen-

1876 5237 2082 5304 denda,
2110 5236 2194 5292 vel
2240 5235 2515 5308 quodlibet
2541 5233 2714 5301 aliud,
2742 5232 2885 5304 quod
2926 5231 2993 5287 ad
3036 5232 3299 5287 culturam
3340 5232 3461 5302 ejus

1876 5328 2169 5399 pertineat,
2206 5326 2565 5383 adhibendum
2589 5342 2601 5378 :
2625 5323 2721 5379 sed
2759 5322 3027 5393 quomodo
3067 5322 3207 5378 solet
3240 5339 3270 5377 a
3308 5333 3462 5394 parte

1877 5428 2046 5477 totum
2084 5418 2340 5488 intelligi,
2372 5425 2444 5471 ita
2471 5430 2563 5486 per
2593 5414 2915 5485 putationem
2956 5414 3130 5469 omnis
3153 5413 3359 5469 cultura
3384 5415 3457 5470 si—

1876 5514 2127 5585 gniﬁcata
2155 5521 2256 5567 est.
2284 5510 2355 5565 Et
2388 5526 2482 5581 per
2522 5524 2703 5580 agrum
2747 5516 2904 5578 atque
2946 5508 3190 5576 vineam,
3238 5523 3361 5564 cum
3404 5516 3465 5564 et

1878 5604 2028 5661 Illum
2065 5600 2351 5665 seminari,
2378 5608 2433 5656 et
2460 5601 2597 5655 hanc
2622 5598 2796 5670 putari
2830 5597 3139 5670 prohibuit,
3162 5615 3322 5657 omne
3347 5601 3465 5672 agri

1875 5711 2048 5772 genus
2088 5692 2486 5767 intelligendum
2533 5703 2635 5752 est.
2680 5691 2862 5763 Neque
2882 5693 3023 5748 enim
3046 5692 3101 5749 in
3124 5692 3344 5763 oliveto,
3374 5693 3462 5750 vel

2661 5784 3158 5867 (Vingt-trois.)
