3862 6312
379 253 488 315 rus

381 366 624 442 quolibet
647 361 866 421 alterius
894 357 1107 435 generis
1134 373 1267 430 agro
1287 357 1485 427 aliquid
1508 351 1840 425 operandum
1862 358 1966 417 est,

383 463 454 520 de
491 461 687 532 quibus
729 457 909 512 tacuit.
955 452 1108 522 Quod
1138 465 1267 506 vero
1311 450 1423 514 ait,
1471 447 1540 501 Et
1584 455 1729 500 erant
1763 444 1971 500 sabbata

384 566 532 611 terra
569 568 682 609 esca
710 551 830 613 tibi,
861 557 906 602 et
936 561 1090 617 puero
1119 553 1233 606 tuo,
1265 550 1312 595 et
1339 539 1520 609 puellm
1548 547 1670 601 tua,
1687 538 1817 602 etc”
1843 534 1973 593 satis

387 647 602 718 aperuit
623 657 721 698 nec
741 640 1016 696 dominum
1041 636 1152 706 agri
1180 633 1501 705 prohibitum
1545 630 1686 686 vesci
1727 629 1828 694 eis,
1851 641 1974 697 quas

383 717 492 795 nan
519 735 752 790 adhibita
780 733 982 786 cultura
1027 731 1115 786 illo
1161 743 1300 781 anno
1325 733 1514 794 sponte
1539 731 1843 786 nascantur,
1877 717 1976 780 sed

383 830 588 885 fruetus
613 826 854 896 redigere
882 819 1224 893 prohibitum.
1273 816 1362 872 Sic
1405 830 1533 884 ergo
1573 812 1974 888 permissmcs

386 921 588 992 aliquid
619 919 742 974 inde
791 918 844 971 in
886 931 1062 970 escam
1107 926 1340 975 sumere,
1373 907 1640 979 quomodo
1685 904 1970 971 transiens,

385 1024 448 1069 ut
472 1014 576 1068 hoc
593 1012 768 1068 solum
794 1015 1010 1078 caperet
1035 1004 1174 1075 quod
1200 1001 1380 1068 statim
1411 996 1673 1069 vescendo
1700 1009 1976 1056 consume:

385 1116 490 1172 ret,
513 1120 619 1160 non
646 1101 786 1173 quod
819 1101 872 1154 in
899 1114 1027 1156 usus
1044 1101 1344 1164 reponeret.

462 1198 573 1255 XC.
603 1196 702 1270 [1b.
734 1209 864 1259 xxv,
881 1190 996 1265 εδ]
1021 1189 1088 1244 Et
1109 1199 1240 1242 terra
1264 1201 1368 1239 non
1382 1179 1761 1246 uenuntdabim
1783 1179 1836 1233 in
1858 1192 1977 1246 pro-

391 1291 702 1364 fanationem
740 1285 872 1341 :alii
911 1282 1124 1338 codices
1155 1278 1382 1340 habent,
1413 1275 1466 1328 in
1504 1271 1976 1342 conﬁrmationem;

391 1359 550 1454 quam
578 1378 983 1436 tnendositatem
1015 1375 1067 1438 in
1097 1369 1363 1428 alterutris
1386 1367 1530 1436 prius.
1555 1365 1606 1419 in
1636 1377 1811 1432 graeco
1839 1359 1980 1430 δεινῇ-ν

391 1476 538 1533 disse
557 1474 807 1535 arbitror,
837 1478 1051 1540 propter
1072 1465 1217 1520 verbi
1248 1461 1476 1522 similem
1499 1472 1688 1524 sonum
1724 1473 1737 1508 :
1763 1461 1978 1524 pec-rgio-

391 1594 462 1629 σις
492 1566 636 1622 enim
677 1561 974 1632 profanatin
1007 1557 1234 1619 dicitur;
1259 1561 1508 1623 βεϐαίωσις
1539 1556 1714 1602 autem
1738 1587 1752 1610 ,
1779 1543 1979 1602 Conﬁr-

389 1661 576 1716 matio.
632 1656 738 1713 Sed
794 1655 882 1707 ille
931 1663 1123 1706 sensus
1171 1653 1385 1715 apertus
1429 1651 1549 1705 est,
1592 1639 1658 1694 Et
1704 1649 1838 1694 terra
1879 1652 1981 1695 non

392 1748 778 1806 uenuntdubitur
798 1745 850 1800 in
870 1739 1274 1811 profanationem
1300 1750 1318 1788 :
1341 1733 1391 1788 id
1416 1742 1516 1797 est,
1540 1731 1742 1797 nequis
1763 1727 1982 1787 auderet

395 1852 617 1907 terram,
648 1853 805 1908 quatn
837 1833 1040 1903 accepit
1068 1847 1095 1883 ιι
1130 1830 1257 1896 Deo,
1283 1824 1512 1882 vendere
1531 1821 1784 1892 profanis,
1803 1818 1892 1888 qui
1915 1831 1979 1872 ea

395 1943 612 1992 utantur
623 1933 687 1986 ad
703 1931 1025 1998 impietatem
1041 1923 1346 1991 cultumque
1360 1919 1582 1974 deorum
1605 1914 1896 1970 alienorum
1910 1916 1984 1964 at-

395 2041 501 2100 que
533 2026 807 2081 falsorum.
846 2017 978 2074 illud
1015 2024 1194 2069 autem
1215 2012 1600 2070 subobscurum
1628 2013 1730 2068 est,
1757 2000 1874 2058 Non
1904 2015 1982 2052 ue.-

395 2091 720 2174 numdabilur
740 2123 870 2166 terra
886 2110 938 2162 in
964 2103 1393 2174 conﬁrmationem
1422 2095 1598 2167 :quod
1620 2103 1872 2165 putentur
1898 2091 1980 2152 in.-

397 2207 762 2279 telligendtnn,
796 2203 896 2259 nisi
933 2215 1000 2255 ne
1027 2199 1096 2252 ita
1117 2195 1351 2249 venditio
1381 2192 1746 2254 conﬁrmetur,
1770 2195 1830 2246 ut
1864 2200 1984 2251 eam

399 2316 508 2355 non
521 2277 756 2367 “recipiat
785 2292 1026 2349 venditor
1053 2299 1288 2355 tempore
1314 2279 1661 2342 remissionis,
1689 2277 1828 2345 sicut
1850 2291 1988 2346 μνω-

399 2399 613 2460 ceptum
643 2396 744 2443 est.
776 2385 926 2452 Quod
959 2394 1084 2436 vero
1123 2376 1392 2447 sequitur,
1436 2371 1642 2440 utrique
1671 2367 1848 2422 sensui
1893 2381 1984 2437 po-

397 2491 507 2538 test
533 2493 825 2550 congruere
846 2517 860 2542 ,
893 2476 1005 2530 sive
1045 2473 1275 2542 legatur,
1306 2466 1371 2530 Et
1412 2475 1545 2522 terra
1573 2479 1674 2529 non
1713 2460 1986 2531 penatium-

399 2575 534 2630 bitur
589 2575 644 2630 in
695 2568 1133 2644 profanationem;
1201 2561 1314 2622 sive
1344 2601 1356 2623 ,
1420 2558 1473 2611 in
1524 2554 1983 2623 conﬁrmationem.

398 2669 624 2726 Secutus
649 2665 844 2736 quippe
868 2658 1106 2730 adiunxit
1125 2699 1138 2721 ,
1168 2651 1284 2708 Mea
1324 2651 1454 2712 enim
1481 2656 1554 2706 est
1584 2657 1754 2712 terra,
1785 2653 1988 2715 propter.

399 2761 536 2833 quod
567 2757 805 2830 proselyti
834 2765 878 2808 et
908 2752 1087 2807 incolat
1112 2765 1194 2803 vos
1224 2746 1340 2800 estis
1366 2753 1483 2800 ante
1507 2757 1605 2796 nte.

473 2826 607 2910 XCI.
638 2850 739 2924 [|b.
765 2862 894 2911 xxv,
917 2842 1032 2915 24.]
1055 2840 1121 2896 Et
1136 2854 1222 2910 per
1243 2852 1437 2893 onmem
1459 2843 1643 2893 terrent
1665 2826 1989 2899 possessionis

399 2956 577 3000 nostra
603 2917 880 2996 mercedem
909 2934 1091 2989 dabitis
1119 2940 1261 2984 terra:
1290 2944 1307 2982 :
1332 2926 1421 2982 alii
1451 2933 1626 2991 autem
1654 2919 1867 2982 codices
1895 2917 1989 2984 ha-

400 3038 565 3099 bent,
610 3028 1004 3098 redemptionem
1047 3021 1228 3076 dabitis
1271 3029 1438 3074 terraz.
1481 3014 1683 3070 Sensus
1726 3026 1854 3081 ergo
1901 3008 1990 3076 his

399 3137 486 3184 est
517 3143 530 3178 :
563 3123 683 3177 Non
704 3115 1082 3176 venuntdabitur
1109 3120 1241 3166 terra
1262 3110 1314 3164 in
1343 3105 1765 3178 profanationem,
1784 3101 1835 3164 id
1869 3108 1986 3168 est,

401 3219 508 3275 illis
531 3215 618 3286 qui
645 3229 708 3268 ea
736 3217 952 3266 utantur
972 3208 1024 3261 in
1056 3203 1300 3273 iniuriam
1330 3197 1636 3261 Creatoris;
1666 3203 1761 3250 aut
1786 3196 1839 3256 in
1861 3209 1988 3252 εοη.

405 3283 744 3380 [irritationem
769 3343 785 3369 ,
815 3300 866 3355 id
891 3306 974 3354 est
999 3339 1013 3361 ,
1040 3304 1098 3350 ut
1130 3308 1246 3348 eam
1287 3298 1496 3358 emptor
1522 3293 1778 3358 perpetuo
1809 3283 1988 3354 passio

405 3375 530 3459 deat
551 3441 567 3467 ,
597 3412 695 3456 nec
720 3402 868 3449 certo
895 3387 1186 3446 secundum
1225 3384 1316 3440 Dei
1342 3389 1664 3452 praeceptum
1709 3375 1998 3438 intervallo.

404 3489 935 3553 annorumrestituat
973 3479 1254 3549 venditori.
1288 3474 1407 3544 Mea
1448 3481 1521 3541 est
1563 3470 1694 3526 enim
1718 3511 1735 3537 ,
1781 3468 1986 3538 inquit,

404 3601 535 3645 terra
560 3584 738 3642 tunde
762 3579 1053 3638 secundum
1079 3588 1256 3630 meum
1282 3575 1603 3642 pra-ceptum
1631 3580 1694 3623 ea
1723 3563 1799 3623 uti
1829 3561 1993 3618 debe-

402 3685 493 3740 tis.
535 3683 710 3752 Atque
752 3686 812 3731 ut
848 3672 1155 3729 ostenderet
1184 3681 1332 3726 suam
1377 3677 1535 3728 esse,
1574 3674 1680 3713 non
1719 3657 1986 3727 ipsorum.

406 3775 533 3847 quid
563 3748 664 3843 ipsi
694 3772 747 3825 in
773 3783 835 3824 ea
857 3777 1056 3824 essent.
1082 3765 1472 3829 consequenter
1493 3749 1754 3823 adjunxit,
1781 3748 1986 3811 dicens,

405 3845 627 3938 Propter
662 3863 798 3937 quod
839 3856 1078 3931 praselyti
1116 3864 1164 3908 et
1205 3851 1388 3908 incola:
1427 3863 1518 3910 vos,
1551 3845 1669 3900 estis
1711 3851 1829 3898 ante
1863 3857 1942 3896 me
1971 3855 1991 3894 :

407 3932 636 4021 hoc-est,
665 3932 916 4020 Quamvis
946 3945 1220 4016 proselyti,
1253 3942 1303 3994 id
1333 3947 1416 3993 est
1439 3936 1657 3991 advenat
1685 3934 1792 3990 sint
1814 3932 1986 4006 vobis,

405 4054 494 4122 qui
523 4065 587 4104 ex
614 4042 922 4115 alienigenis
952 4039 1310 4109 adiunguntur
1331 4030 1477 4102 genti
1504 4037 1734 4093 vestrae;
1763 4035 1817 4084 et
1839 4026 1987 4085 ineo-

404 4145 472 4199 laa
496 4186 510 4208 ,
555 4141 606 4196 id
653 4147 736 4194 est
772 4151 878 4190 non
919 4135 970 4188 in
1013 4142 1152 4188 terra
1192 4126 1404 4197 propria
1449 4129 1724 4176 manentes
1761 4136 1774 4173 :
1811 4126 1988 4174 tamen

405 4237 566 4294 etiam
597 4247 694 4287 vos
717 4242 905 4285 ornues
926 4234 1052 4281 ante
1072 4237 1158 4276 me
1183 4219 1404 4274 advenae
1424 4215 1554 4268 estis
1573 4221 1627 4267 et
1653 4211 1856 4266 incolae.
1879 4210 2004 4266 an-

291 4331 308 4390 ‘t
403 4331 547 4386 Deus
573 4327 723 4391 dicit,
751 4323 861 4378 sive
886 4317 1156 4377 lsraelitis,
1188 4310 1329 4383 quod
1360 4307 1582 4362 aliarum
1609 4305 1843 4375 gentium
1876 4314 1985 4359 tere

303 4395 312 4414 ς
400 4437 540 4483 ram,
564 4432 696 4488 quas
717 4412 937 4484 expulit,
960 4410 1037 4463 eis
1052 4404 1290 4462 dederit:
1313 4402 1426 4458 sive
1447 4399 1590 4453 omni
1607 4395 1834 4462 homini,
1855 4409 1990 4464 quo:

405 4511 550 4567 niam
582 4487 703 4562 ante
735 4507 900 4559 Deum
927 4502 1016 4572 qui
1047 4511 1259 4568 semper
1299 4501 1480 4548 manet
1508 4493 1524 4524 ι
1547 4530 1562 4555 ,
1608 4501 1665 4554 et
1691 4490 1826 4543 sicut
1853 4487 1989 4543 scri-

403 4611 555 4674 ptum
584 4610 686 4663 est,
714 4598 907 4653 cadum
930 4605 981 4648 et
1007 4601 1200 4647 terram
1229 4587 1418 4658 implet
1449 4583 1662 4658 (Jerem.
1689 4597 1843 4648 ιιιιι,
1871 4577 1987 4653 26),

401 4695 588 4763 utique
620 4687 903 4760 przesentia
945 4699 1078 4750 sua,
1113 4681 1288 4740 omnis
1339 4678 1502 4738 homo
1537 4675 1740 4740 advena
1775 4683 1856 4727 est
1897 4688 1994 4727 na-

402 4785 635 4850 scendo,
663 4790 716 4836 et
753 4780 922 4834 incola
949 4775 1210 4841 vivendo;
1238 4770 1489 4844 quoniam
1528 4765 1864 4837 compellitur
1898 4763 1994 4818 rnb

402 4895 562 4953 grare
593 4873 891 4931 moriendo.

350 5023 378 5039 ,,
407 4947 433 4953 ⁷
481 4969 640 5026 xcu.
679 4965 784 5040 [ευ.
811 4980 954 5030 xxv,
983 4959 1102 5034 at}
1125 4957 1329 5015 Deinde
1359 4953 1670 5026 adjungitet
1692 4950 1850 5011 dicit,
1891 4947 1990 5003 Per

336 5052 354 5129 ς
403 5079 603 5121 omnem
633 5073 817 5116 terram
843 5053 1169 5128 possessionis
1187 5059 1364 5105 vestra:
1385 5046 1660 5101 mercedem
1689 5042 1871 5104 dabitis
1890 5050 1988 5093 ter-

403 5171 509 5222 rae,
541 5163 789 5224 tanquam
818 5146 1062 5220 inquilini
1088 5185 1103 5211 ,
1135 5143 1218 5198 vel
1248 5138 1662 5209 redemptionem.
1691 5132 1855 5198 Illud,
1890 5132 1991 5187 nisi

510 5333 584 5384 sic
752 5336 804 5380 At
827 5326 965 5386 editi,
988 5321 1167 5386 homini
1185 5319 1270 5386 qui
1291 5324 1398 5370 ante
1422 5325 1576 5368 Deum
1598 5324 1787 5378 semper
1808 5317 1988 5368 manet.

1175 236 1636 312 QUESTIONUM
1674 235 1730 294 s.
1774 229 2251 304 mansuetus.
2279 207 2836 294 usrrueucuun

2072 352 2244 419 fallor,
2260 350 2600 423 vultintelligi
2615 350 2756 422 quod
2777 347 2900 406 inde
2913 347 3208 407 reddebant
3223 349 3463 420 quodam
3481 354 3657 423 Iliada,

2073 460 2168 516 per
2192 445 2518 501 cessationcs
2544 443 2890 512 septimorum
2915 456 3248 513 quorumque
3271 457 3546 500 annorum
3566 486 3582 512 ,
3607 456 3658 503 et

2072 536 2495 607 quinquagesimi
2521 533 2668 599 anni,
2700 521 2856 605 quem
2885 542 3040 588 vocat
3060 535 3437 601 remissit'anis;
3467 546 3524 591 ut
3552 538 3656 607 ipsa

2074 631 2279 686 vacatio
2307 639 2464 686 terra
2491 629 2640 684 velut
2659 641 2874 684 metus
2894 627 3237 684 habitationis
3251 639 3352 684 aut
3370 629 3657 700 redemptio

2077 723 2310 778 essetab
2338 722 2432 775 illo
2450 721 2607 791 cuius
2633 735 2720 777 est.
2743 762 2757 785 ,
2786 721 2886 774 hoc
2909 728 2991 774 est
3026 719 3098 774 ab
3116 720 3234 788 ejus
3256 729 3510 775 creatore
3539 722 3638 776 Dea

2149 813 2328 870 ιιειιι.
2359 812 2460 887 [11).
2489 829 2638 880 una,
2656 810 2768 886 GL]
2801 811 2866 888 Et
2890 827 3078 884 ponam
3093 811 3484 880 tabernaculum
3509 829 3659 870 metut:

2078 908 2130 962 in
2151 907 2304 970 voltis,
2337 917 2384 960 et
2407 923 2516 960 non
2535 906 2908 970 abomimbitur.
2937 904 3110 960 anima
3133 921 3250 960 tua
3281 921 3395 960 una.
3427 906 3662 962 Animam

2079 1014 2232 1054 suam
2260 1000 2401 1054 Deus
2426 998 2752 1053 voluntatem
2779 1011 2927 1052 suam
2953 996 3100 1052 dicit.
3129 996 3245 1056 Non
3275 997 3430 1051 enim
3452 1006 3535 1051 est
3559 1011 3657 1050 ant-

2081 1091 2190 1144 mal-
2215 1089 2419 1144 habens
2443 1104 2638 1158 corpus
2667 1097 2720 1143 et
2745 1089 3010 1153 animam;
3033 1103 3206 1156 neque
3226 1086 3534 1142 stdtstautia
3556 1087 3659 1156 ejus

2081 1180 2344 1250 ejusmodi
2379 1189 2463 1236 est
2487 1221 2502 1247 ,
2528 1179 2826 1249 cujusmodi
2867 1188 3108 1234 creatura
3149 1177 3298 1248 ejus,
3339 1194 3466 1248 qua:
3498 1179 3660 1234 anim

2081 1271 2294 1336 dicitur,
2326 1286 2483 1341 quam
2512 1269 2658 1334 fecit,
2686 1270 2825 1325 sicut
2852 1285 2950 1340 per
2972 1269 3160 1326 lsaiam
3180 1269 3293 1340 ipse
3316 1277 3560 1336 testatur,
3585 1269 3656 1324 di-

2081 1381 2228 1430 cens,
2255 1365 2319 1418 Et
2337 1381 2536 1419 omnem
2558 1364 2740 1433 ﬂatum
2761 1379 2850 1434 ego
2873 1364 2968 1434 feci
2993 1360 3146 1432 (Isai.
3174 1377 3284 1416 ινιι
3317 1403 3334 1428 ,
3369 1362 3464 1431 £6)
3492 1380 3503 1415 :
3531 1360 3659 1431 quod

2083 1474 2205 1513 eum
2243 1457 2311 1513 de
2350 1457 2524 1512 anima
2555 1455 2784 1518 hominis
2811 1454 2996 1511 dicere
3020 1437 3405 1525 consequentia
3449 1452 3656 1508 manife-

2084 1558 2245 1606 stant.
2273 1548 2421 1606 Sicut
2447 1564 2575 1620 ergo
2602 1563 2724 1605 cum
2749 1547 2878 1603 dicit
2904 1547 3088 1604 oculos
3115 1535 3263 1614 suos,
3295 1557 3354 1603 et
3379 1547 3516 1601 labia
3539 1561 3655 1610 sua,

2083 1652 2139 1698 et
2177 1651 2369 1698 canora
2412 1641 2666 1704 vocabula
2713 1641 3074 1698 membrorum
3117 1637 3484 1710 corporalium
3505 1679 3519 1703 ,
3565 1651 3658 1693 nou

2085 1736 2268 1806 utique
2291 1734 2579 1804 accipimus
2605 1749 2726 1793 eum
2751 1733 2921 1789 forma
2947 1733 3187 1803 corporis
3213 1747 3339 1788 esse
3364 1729 3656 1792 deﬁnitum;

2085 1827 2180 1882 sed
2210 1827 2297 1882 illa
2322 1827 2498 1881 omnia
2529 1825 2893 1886 membrorum
2923 1824 3137 1879 nomina
3168 1839 3276 1878 non
3308 1821 3655 1892 intelligimus,

2085 1919 2187 1973 nisi
2231 1918 2452 1974 ell'ectus
2490 1918 2854 1987 Operationum
2903 1926 3061 1987 atque
3107 1917 3368 1970 virtutum
3397 1914 3464 1968 ιε
3507 1914 3575 1968 ita
3610 1923 3656 1968 et

2085 2025 2208 2064 cum
2235 2008 2399 2075 dicit,
2427 2008 2615 2062 Anima
2631 2024 2742 2063 mea
2766 2050 2782 2074 ,
2807 2008 3130 2063 voluntatem
3157 2006 3278 2077 eius
3301 2005 3555 2078 debemus
3577 2018 3657 2058 ac-

2086 2104 2284 2173 cipere.
2312 2099 2554 2157 Perfecto
2579 2101 2776 2170 quippe
2795 2099 3018 2170 simplex
3049 2099 3136 2153 illa
3165 2106 3356 2154 natura
3387 2111 3504 2167 quin
3531 2095 3654 2152 licus

2086 2197 2279 2252 dicitur
2301 2237 2316 2262 ,
2351 2211 2457 2250 non
2493 2201 2703 2251 constat
2729 2207 2798 2259 ex
2824 2206 3048 2266 corpore
3074 2200 3130 2247 et
3155 2190 3385 2262 spiritu;
3431 2203 3530 2246 nec
3555 2187 3655 2256 ipso

2088 2289 2275 2360 spiritu
2302 2286 2576 2352 mutabilis
2597 2295 2702 2353 est,
2728 2285 2866 2342 sicut
2887 2285 3065 2342 anima
3093 2301 3108 2338 :
3139 2282 3234 2340 sed
3263 2293 3322 2344 et
3350 2283 3564 2353 spiritus
3585 2287 3656 2335 est

2089 2382 2250 2448 Deus,
2273 2392 2329 2437 et
2353 2397 2565 2451 semper
2593 2379 2734 2435 idem
2761 2380 2894 2450 ipse,
2927 2377 3066 2448 apud
3093 2393 3250 2448 quem
3283 2393 3392 2433 non
3418 2385 3500 2431 est
3521 2389 3656 2430 com-

2090 2475 2312 2530 mutatio
2334 2471 2536 2545 (M065
2562 2488 2612 2538 t,
2648 2473 2759 2543 17).
2798 2470 2934 2525 Hinc
2957 2479 3136 2525 autem
3157 2477 3486 2538 acceperunt
3506 2464 3654 2536 Apol-

2089 2567 2344 2622 litlal'lslm
2358 2567 2712 2626 occasionem.
2736 2565 2828 2636 qui
2847 2564 3028 2624 dicunt
3045 2565 3280 2620 annnam
3304 2578 3412 2618 non
3429 2560 3658 2618 habuisse

2091 2661 2438 2716 mediatorum
2466 2659 2564 2713 Dei
2585 2657 2958 2722 cuminum,
2991 2654 3261 2712 hominem
3291 2653 3559 2718 Christum
3578 2649 3654 2704 lc-

2090 2769 2212 2810 sum
2242 2752 2290 2826 (1
2307 2752 2440 2806 alim.
2483 2768 2554 2818 ιι,
2601 2750 2654 2824 5)
2683 2792 2698 2818 ,
2735 2750 2836 2804 sed
2863 2759 3070 2805 tantum
3107 2747 3343 2804 Verbum
3369 2755 3426 2802 et
3459 2758 3655 2802 metu

2090 2846 2256 2901 fuisse
2275 2887 2289 2912 ,
2335 2860 2457 2901 omn
2485 2845 2718 2910 diceret,
2762 2843 2944 2897 Tristis
2968 2852 3040 2898 est
3065 2843 3236 2896 animo
3265 2859 3380 2896 mea
3415 2855 3570 2910 usque
3596 2828 3677 2891 ad.

2091 2951 2300 2995 mortem
2330 2939 2541 3013 (Matth.
2581 2953 2732 3004 xm,
2769 2938 2862 3009 58)
2897 2955 2910 2992 :
2946 2937 3040 2994 sed
3080 2937 3194 3008 ipso
3233 2936 3354 3006 ejus
3396 2946 3540 2998 actu,
3575 2930 3654 3000 qui

2091 3033 2248 3089 nobis
2274 3049 2370 3103 per
2397 3032 2754 3103 evangelicum
2780 3031 3079 3087 declaratur
3119 3030 3400 3085 historiam
3425 3070 3442 3096 ,
3476 3028 3548 3080 sic
3570 3039 3652 3094 ap-

2092 3137 2279 3197 parent
2303 3126 2550 3181 humanae
2589 3126 2782 3180 animm
2807 3125 2978 3181 cilicia
3000 3166 3015 3192 ,
3061 3132 3120 3180 ut
3157 3124 3284 3179 hinc
3311 3122 3552 3180 dubitare
3573 3117 3653 3171 tle-

2091 3219 2285 3275 mentis
2311 3219 2399 3272 sit.

2153 3309 2344 3365 ‘KClV.
2377 3307 2475 3381 [lb.
2507 3324 2665 3378 xxvi,
2706 3309 2794 3374 35,
2836 3307 2952 3382 36.]
2979 3307 3115 3376 de
3141 3314 3262 3374 est,
3310 3305 3454 3379 quod
3488 3299 3652 3358 incite-

2092 3401 2306 3456 diensias
2345 3415 2536 3470 pcenas
2559 3416 2680 3456 cum
2709 3400 3000 3454 minaretur
3025 3401 3164 3455 Deus
3183 3440 3199 3465 ,
3240 3399 3380 3454 dixit
3403 3396 3546 3452 inter
3559 3407 3651 3448 (3:3-

2095 3500 2206 3548 tera
2224 3533 2238 3557 ,
2286 3491 2357 3544 Et
2393 3500 2649 3545 consumet
2693 3507 2780 3546 vos
2808 3491 3165 3562 parentamus:
3201 3489 3438 3561 gladius;
3465 3481 3651 3542 deinde

2093 3583 2188 3648 ait,
2216 3579 2286 3636 Et
2304 3581 2398 3635 erit
2416 3590 2549 3635 terra
2567 3590 2729 3636 uestra
2753 3580 2970 3646 deserta,
3003 3591 3050 3635 et
3079 3581 3309 3638 civitates
3331 3590 3501 3635 uesta-at
3525 3581 3653 3632 erant

2076 3673 2306 3728 .desertat
2331 3688 2348 3724 :
2373 3682 2492 3728 tunc
2514 3671 2636 3726 bene
2652 3673 2827 3727 sentiet
2847 3682 2980 3727 terra
2994 3672 3200 3730 sabbata
3227 3688 3341 3740 sua,
3373 3685 3542 3726 omnes
3559 3667 3651 3720 dies

2093 3764 2414 3822 desolationis
2433 3780 2540 3819 suat
2557 3782 2577 3831 ;
2593 3773 2639 3818 et
2662 3779 2748 3820 vos
2770 3765 2911 3819 eritis
2931 3764 2984 3820 in
3008 3773 3140 3818 terra
3153 3763 3472 3818 inimicorum
3487 3767 3650 3814 vestro-

2093 3859 2248 3912 rum?
2276 3855 2554 3924 Quomodo
2581 3871 2710 3928 ergo
2735 3863 3013 3910 consumet
3050 3868 3143 3912 eos
3168 3854 3376 3926 gladius
3394 3895 3409 3920 ,
3451 3852 3494 3906 si
3515 3853 3652 3905 erum

2094 3953 2149 4009 in
2189 3962 2329 4007 terra
2360 3951 2699 4007 inimicorum
2738 3947 2997 4006 suorum?
3027 3951 3108 4003 An
3147 3948 3200 4002 iu
3231 3949 3352 4018 ipsa
3379 3957 3510 4002 terra
3535 3953 3648 3996 eon-

2095 4053 2302 4111 sumat,
2331 4043 2582 4114 quoniam
2617 4050 2793 4114 strage
2830 4051 3160 4098 mortuorum
3192 4039 3331 4096 facta
3377 4053 3476 4094 non
3511 4038 3651 4090 erunt

2094 4137 2167 4194 ibi
2185 4137 2212 4191 Ἰ
2236 4138 2316 4192 An
2338 4143 2596 4192 consumet
2620 4151 2727 4204 vos,
2756 4135 2833 4192 sic
2852 4137 2944 4202 ait,
2975 4149 3038 4191 ac
3065 4133 3114 4190 si
3139 4135 3365 4202 diceret,
3397 4126 3649 4188 iuterﬁciet

2097 4243 2196 4286 vos
2218 4271 2234 4298 ,
2262 4237 2319 4285 ut
2351 4229 2417 4284 ad
2445 4230 2598 4286 istam
2624 4229 3082 4298 consumptionem
3121 4229 3194 4283 illi
3224 4231 3546 4299 pertineant,
3574 4218 3648 4291 qui

2094 4322 2270 4394 gladio
2290 4322 2500 4390 cadent,
2529 4337 2634 4377 non
2658 4337 2847 4378 omnes
2879 4339 2894 4376 :
2924 4321 3353 4393 quandoquidem
3379 4318 3528 4392 paulo
3547 4317 3648 4385 post

2095 4414 2246 4481 dicit,
2280 4413 2346 4468 Et
2375 4415 2448 4469 eis
2473 4414 2558 4486 qui
2586 4414 2782 4469 residui
2809 4423 2928 4469 sunt
2953 4430 3018 4470 ea:
3043 4413 3196 4480 vobis,
3221 4413 3542 4486 super-duram
3561 4409 3651 4476 for-

2097 4507 2331 4530 ---:J.°..-..-
2355 4506 2408 4530 ε..
2447 4521 2529 4530 μ..
2564 4521 2726 4530 ---μω
2749 4507 2774 4530 ο
2814 4505 2884 4530 Α..
2916 4505 3206 4530 ..---.-.r.-._.
3239 4502 3552 4530 ι---η-ιυ.ιι..η
3581 4495 3648 4530 Αἵ-

2096 4507 2333 4561 midinem
2353 4506 2409 4560 in
2441 4521 2530 4561 cor
2556 4521 2728 4562 eorum
2748 4507 2774 4561 Ρ
2803 4505 2884 4562 An
2915 4505 3209 4562 secundum
3239 4502 3552 4578 hyperbolen
3581 4495 3648 4550 di—
3662 4495 3695 4573 ξ,

2095 4610 2238 4656 ctum
2281 4607 2364 4655 est
2385 4640 2401 4666 ,
2440 4608 2694 4655 consumet
2726 4616 2812 4656 vos
2843 4617 2864 4656 :
2891 4601 3183 4657 secundum
3225 4601 3394 4671 quem
3427 4588 3647 4666 loquendi

2096 4692 2313 4748 modum
2336 4701 2389 4747 et
2413 4692 2732 4748 abundantia
2756 4709 2941 4749 eorum
2965 4694 3102 4748 diota
3128 4703 3211 4749 est
3233 4695 3368 4748 sicut
3388 4703 3539 4745 arena
3563 4697 3649 4738 ma-
3679 4671 3689 4707 ’

2097 4785 2172 4841 ris
2201 4783 2351 4856 (Gen.
2393 4800 2499 4841 χχιι
2524 4827 2538 4851 ,
2573 4786 2638 4840 1-7
2660 4828 2674 4854 ,
2719 4796 2771 4842 et
2798 4802 2967 4852 χχιιι,
3007 4785 3140 4856 12)?
3169 4785 3465 4844 Secundum
3508 4781 3645 4836 istum

2099 4879 2314 4935 modum
2341 4879 2499 4933 etiam
2521 4878 2727 4942 dicitur,
2757 4877 2907 4950 quod
2925 4860 3117 4935 deinde
3151 4880 3388 4951 sequitur
3407 4919 3421 4943 ,
3462 4871 3526 4928 ΕΙ
3556 4881 3646 4938 ἔθετ’

2097 4983 2330 5044 sequetur
2364 4988 2447 5027 eos
2475 4989 2628 5027 sonus
2651 4971 2765 5043 {alii
2788 4972 3002 5027 volantis
3029 4987 3048 5026 :
3078 4973 3128 5027 id
3157 4979 3275 5040 est,
3315 4973 3431 5043 quia
3472 4963 3642 5023 nimius

2099 5067 2151 5122 in
2177 5066 2255 5121 eis
2278 5066 2436 5120 timor
2462 5064 2582 5132 erit,
2611 5073 2665 5119 ut
2689 5075 2744 5120 et
2768 5064 3031 5121 levissima
3059 5079 3281 5136 quinque
3308 5058 3591 5119 formident.

2161 5247 2179 5278 ⁸
2203 5250 2285 5295 Its.
2308 5243 2630 5308 Corbeiensis,
2652 5249 2793 5309 atque
2814 5248 3052 5296 mm.

1870 5596 1894 5620 ω

2037 5828 2078 5857 ,ιη
2100 5822 2149 5840 ’.Ὗ
