3862 6300
1595 274 1791 331 LIBER

1931 270 2173 331 Alﬁ-US.
3406 281 3428 325 π
3449 290 3458 334 ς
3480 288 3504 332 :3.

1192 507 1728 634 LIBER.
1769 442 2552 633 QUARTUS.
2595 440 2615 447 ”

1542 692 1838 763 Quaestioues
1857 690 1909 739 in
1937 696 2187 740 Numeros.

299 955 521 1021 Qumsr.
544 949 959 1026 l.[Nuu.cap.t,
991 951 1029 1021 Ῡ
1064 948 1243 1024 1-44.]
1282 947 1416 1016 Quid
1442 946 1683 1020 estquod
1706 947 1817 1002 sin-

227 1047 380 1116 gulos
402 1045 470 1101 de
492 1034 709 1116 singulis
732 1043 972 1100 tribubus
992 1044 1116 1114 eligi
1133 1043 1283 1113 jubet
1304 1042 1590 1113 principes,
1614 1055 1816 1112 eosque

226 1138 464 1207 appellat
511 1136 827 1207 χιλιάρχουςῖ
866 1151 1000 1206 quos
1043 1135 1257 1206 quidam
1303 1134 1450 1209 latini
1496 1134 1815 1215 interpretes

227 1226 470 1285 tribunos
517 1224 955 1300 appellaverunt:
985 1236 1226 1298 χιλίαρχοι
1268 1236 1444 1281 autem
1491 1225 1738 1280 videnlur
1784 1238 1813 1277 a

226 1321 375 1375 mille
401 1319 779 1391 cognominati.
826 1318 932 1374 Sed
970 1334 1088 1373 cum
1128 1319 1405 1373 consilium
1435 1316 1625 1371 .lothor
1661 1330 1816 1369 socer

225 1411 395 1485 Moysi
421 1428 618 1483 genero
661 1427 759 1467 suo
796 1411 983 1475 daret,
1018 1409 1159 1481 quod
1188 1412 1348 1465 etiam
1381 1410 1520 1465 Deus
1558 1407 1815 1479 approba-

226 1506 321 1570 vit,
373 1505 442 1561 de
484 1504 780 1560 ordinando
830 1504 1022 1581 populo
1066 1503 1163 1579 sub
1212 1502 1557 1572 principibus,
1607 1508 1664 1553 ut
1709 1513 1813 1552 non

225 1613 419 1654 omnes
447 1598 686 1667 omnium
716 1612 893 1667 causa:
922 1596 1138 1667 Moysen
1170 1596 1303 1650 ultra
1340 1597 1480 1649 vires
1510 1601 1811 1655 onerarent,

227 1695 510 1760 χιλιάρχους
537 1689 823 1760 appellavit
842 1686 1243 1745 constituendos
1262 1701 1421 1756 super
1450 1685 1694 1740 millenos
1721 1683 1814 1737 ho-

225 1782 426 1849 mines,
468 1778 833 1854 iuramipxou;
874 1796 1035 1851 super
1074 1786 1324 1835 centenos
1349 1820 1363 1843 ,
1396 1787 1449 1832 et
1476 1782 1815 1844 πεντακοντάρ-

228 1899 371 1944 κους,
406 1890 567 1947 super
607 1876 1037 1946 quinquagenos,
1085 1882 1138 1927 et
1176 1876 1487 1939 δεκαδάρχους
1526 1882 1685 1938 super
1722 1867 1815 1921 de-

224 1982 329 2022 nos
354 1984 368 2025 :
392 1965 461 2020 ab
490 1967 618 2037 ipsis
645 1966 897 2033 numeris,
929 1963 1118 2033 quibus
1139 1971 1449 2033 prmessent,
1473 1960 1815 2030 cognomina-

226 2066 312 2112 tos
356 2056 553 2129 (Extd.
606 2073 771 2127 xvnt,
820 2053 1032 2128 14-25).
1078 2053 1469 2125 Numquidnam
1519 2061 1571 2106 et
1610 2051 1694 2105 hic
1737 2052 1814 2104 sic

226 2149 523 2220 accipiendi
555 2157 677 2217 sunt
705 2156 982 2219 χιλίαρχρι,
1025 2144 1163 2216 quod
1200 2144 1392 2214 singuli
1435 2149 1613 2198 essent
1657 2157 1816 2209 super

227 2244 478 2298 millenos
496 2242 520 2297 ?
539 2241 656 2297 Non
674 2241 857 2311 utique
882 2257 895 2291 :
920 2254 1089 2309 neque
1110 2237 1250 2292 enim
1277 2235 1556 2291 universus
1579 2234 1813 2287 omnium

228 2336 460 2407 populus
477 2335 639 2390 lsrael
659 2333 938 2389 duodecim
962 2332 1234 2386 hominum
1254 2330 1413 2385 millia
1438 2337 1561 2383 tunc
1582 2328 1811 2382 fuerunt.

226 2428 479 2501 Singulos
517 2428 658 2481 enim
687 2426 846 2496 elegit
876 2424 941 2478 de
970 2423 1189 2493 singulis
1218 2422 1492 2485 tribubus,
1537 2436 1656 2491 quae
1685 2421 1816 2475 duo-

228 2520 402 2576 decim
431 2520 600 2575 tribus
628 2504 812 2589 procul
840 2516 998 2600 dnbio
1028 2531 1134 2569 non
1162 2515 1405 2569 millenos
1430 2512 1692 2579 homines,
1720 2514 1813 2567 sed

227 2612 395 2668 multa
438 2611 599 2666 millia
644 2610 1005 2665 continebant.
1037 2607 1237 2661 Nomen
1270 2622 1393 2677 ergo
1424 2621 1705 2661 commune
1734 2614 1817 2660 est

226 2718 345 2758 cum
374 2684 516 2765 illis,
559 2701 649 2773 qui
689 2704 739 2754 in
781 2698 967 2754 Exodo
1006 2697 1337 2769 appellantur
1362 2706 1639 2768 χιλίαρχοι,
1672 2694 1812 2765 quod

174 2838 181 2843 .
226 2778 593 2865 unusquisque
624 2792 830 2846 illorum
864 2799 1005 2869 esset
1035 2789 1179 2843 mille
1209 2788 1479 2871 hominum
1517 2788 1761 2857 princeps
1794 2805 1808 2841 :

228 2887 453 2943 istorum
497 2895 671 2941 autem
713 2885 1075 2954 unusquisque
1103 2882 1321 2936 millium
1356 2881 1603 2953 princeps
1627 2923 1640 2946 ,
1673 2896 1808 2950 quo-

228 2957 371 3036 niam
402 2982 513 3038 sive
542 2997 569 3035 a
601 2980 776 3046 mille,
806 2962 920 3032 sive
945 2992 974 3031 a
1004 2975 1251 3039 millibus,
1284 2972 1467 3029 eadem
1498 2974 1811 3044 compositio

229 3054 460 3128 nominis
488 3078 729 3149 resonat,
758 3078 814 3151 ut
834 3067 1166 3147 appellentur
1192 3075 1454 3161 χιλίαρηι.
1636 3058 1639 3063 λ
1676 3080 1679 3083 λ

301 3184 365 3255 il.
412 3182 510 3265 [lb.
543 3200 585 3251 ι,
628 3181 842 3261 20-46]
884 3180 1067 3237 Merito
1093 3180 1348 3261 qumritur
1380 3178 1503 3261 quid
1545 3179 1645 3251 sibi
1687 3180 1813 3233 velit

227 3276 369 3348 quod
403 3290 496 3345 per
520 3290 705 3341 omnes
729 3274 917 3345 tribus,
948 3272 1035 3343 ubi
1063 3280 1435 3345 computantur
1468 3286 1559 3341 per
1580 3271 1813 3349 singulas

226 3383 470 3439 quasque
502 3366 591 3435 lilii
622 3364 778 3429 Israel
808 3364 860 3421 in
888 3372 1042 3437 male
1084 3361 1334 3427 militari,
1368 3361 1558 3441 dicitur
1578 3403 1592 3427 ,
1634 3378 1814 3423 secun-

233 3460 357 3515 dum
382 3457 775 3533 prapinquitates
805 3469 997 3539 eorum,
1029 3449 1303 3521 secundum
1332 3451 1577 3529 populum
1605 3466 1778 3523 eorum
1799 3492 1814 3517 ,

232 3549 510 3609 secundant
545 3549 719 3603 domos
755 3546 1063 3620 familiarum
1103 3559 1307 3625 eorum,
1346 3541 1617 3625 secundum
1647 3560 1821 3597 nume-

232 3661 349 3701 rum
371 3644 631 3705 nominum
660 3656 834 3711 eorum
857 3683 869 3704 ,
898 3622 1168 3713 secundum
1206 3645 1358 3707 caput
1390 3652 1600 3713 eorum;
1627 3644 1680 3711 et
1704 3635 1819 3689 hrec

234 3735 469 3807 quinque
510 3712 755 3788 similiter
797 3730 1015 3793 omnino
1057 3735 1400 3798 repetuntur,
1442 3726 1614 3781 donec
1653 3726 1820 3803 tribus

236 3844 425 3901 omnes
462 3827 827 3897 compleantur
859 3842 871 3878 :
906 3822 1055 3895 quasi
1082 3820 1224 3877 aliud
1259 3821 1363 3884 sit,
1392 3820 1664 3875 secundum
1699 3836 1819 3890 pro-

237 3920 539 3994 pinqaitatcs
566 3934 770 3981 eorum,
800 3914 941 3970 aliud
976 3914 1249 3993 secundum
1275 3911 1520 3993 populos,
1562 3909 1704 3977 aliud
1740 3928 1819 3991 se-

236 4015 462 4079 cundum
498 4012 675 4077 domos
701 4009 1047 4082 (nuntiarunt,
1075 4005 1215 4060 aliud
1246 4005 1520 4069 secundum
1562 4021 1820 4073 numerum

238 4106 501 4175 nuntiatum
519 4146 536 4172 ,
563 4103 706 4160 aliud
734 4100 1005 4173 secundum
1027 4108 1177 4170 caput
1202 4114 1219 4162 ;
1247 4112 1367 4159 cum
1396 4096 1571 4166 potius
1600 4096 1817 4171 videan-

241 4209 325 4259 tur
366 4200 486 4256 aliis
514 4198 686 4259 verbis
712 4195 898 4269 eadem
936 4192 1235 4264 signiﬁcare
1276 4191 1375 4245 ista
1409 4189 1607 4267 omnia.
1639 4190 1819 4245 Inten—

240 4293 441 4347 tionem
469 4299 646 4345 autem
676 4296 875 4352 movet,
902 4286 1021 4355 quia
1054 4292 1159 4338 tam
1201 4283 1480 4351 diligenter
1506 4297 1601 4351 per
1636 4297 1821 4339 omnes

241 4385 408 4441 tribus
433 4382 619 4440 eadem
661 4388 1003 4453 repetuntur,
1034 4387 1091 4441 ut
1135 4391 1238 4443 non
1285 4376 1478 4453 frustra
1511 4374 1623 4455 ﬁeri
1652 4376 1822 4461 qpivis

237 4475 465 4549 iudicet,
497 4472 703 4545 etiamsi
742 4487 851 4526 non
889 4470 1163 4543 inteliigat.
1192 4466 1454 4539 Nimirum
1481 4482 1608 4537 ergo
1638 4483 1824 4525 nume-

243 4584 331 4637 rus
372 4571 493 4651 ipse
535 4565 732 4641 aliquid
776 4563 1006 4639 insinuat
1047 4561 1393 4631 sacramenti,
1440 4569 1496 4615 ut
1539 4561 1639 4637 hoc
1682 4561 1821 4633 idem

242 4664 522 4735 quinquies
562 4661 709 4735 varie
753 4666 1041 4729 repetatur.
1085 4657 1218 4713 Nam
1260 4657 1360 4711 iste
1400 4671 1653 4731 numerus
1690 4655 1824 4721 sicut

245 4756 294 4812 in
324 4757 457 4827 ipsis
478 4755 712 4828 quinque
736 4752 885 4806 libris
911 4750 1101 4829 Moysi,
1132 4748 1185 4805 id
1209 4758 1291 4804 est
1318 4749 1610 4819 quinarius,
1638 4749 1695 4807 in
1717 4747 1821 4817 Ye-

245 4859 355 4906 tere
395 4849 739 4911 Testamento
780 4845 1022 4901 maxime
1077 4840 1497 4909 commendatur.
1556 4840 1648 4895 Illa
1697 4855 1824 4913 vero

245 4956 359 5007 (iure
406 4916 661 5007 deinceps
705 4946 931 5007 quatuor
968 4941 1374 5005 connectuntur,
1426 4932 1477 4986 id
1514 4940 1595 4988 est
1634 4947 1826 5007 mascu-

249 5028 386 5101 lina,
428 5049 463 5101 tt
488 5028 663 5107 pigiuti
690 5027 838 5097 annis
872 5035 921 5099 et
956 5042 1145 5100 supra,
1186 5022 1350 5101 omnis
1388 5023 1475 5101 qui
1510 5022 1731 5105 procedit
1773 5022 1825 5076 in

248 5125 455 5201 virtute,
486 5123 757 5196 recognitio
794 5137 1000 5191 eorum;
1029 5117 1270 5189 quamvis
1296 5124 1349 5189 et
1377 5116 1489 5193 ipsa
1515 5132 1613 5193 per
1637 5130 1825 5193 pmnes

252 5216 413 5277 tribus
442 5216 633 5291 eodem
668 5228 888 5285 prorsus
914 5210 1071 5283 tundo
1113 5217 1419 5285 nepetantur
1442 5251 1458 5281 ,
1505 5206 1706 5287 habent
1734 5223 1825 5263 ue-

251 5309 531 5379 cessarialn
572 5305 945 5376 diﬂcrsmiante
988 5302 1124 5383 Cum
1167 5302 1308 5378 suis)
1332 5310 1583 5387 ageretur
1620 5300 1687 5367 de
1728 5316 1828 5367 nn-

253 5413 395 5461 mero
443 5401 703 5473 maritare
741 5396 1092 5469 multitudinis
1123 5395 1190 5455 ad
1224 5393 1619 5487 unianimam
1660 5393 1824 5473 perli-

256 5491 443 5559 nemis,
478 5490 863 5546 discernendus
894 5497 1009 5545 erat
1036 5502 1235 5555 sexus,
1282 5485 1403 5541 ideo
1440 5485 1672 5571 positum
1702 5493 1785 5559 est
1806 5524 1823 5551 ,

254 5562 436 5639 Omina
460 5581 758 5641 masculina.
788 5580 855 5636 Et
878 5597 945 5637 ne
964 5580 1168 5651 parvuli
1192 5579 1352 5636 etiam
1373 5566 1824 5649 computareutur,

258 5671 555 5741 adjunctum
579 5682 681 5741 est,
710 5691 740 5726 a
766 5674 939 5744 viginti
963 5658 1109 5729 annis
1129 5684 1180 5729 et
1200 5690 1374 5743 supra.
1400 5671 1603 5749 Rursus
1630 5686 1696 5726 ne
1724 5671 1826 5724 im-

259 5760 405 5822 bellis
442 5774 571 5821 mtas
608 5765 895 5820 senectutis
933 5775 1393 5823 annumeraretur.
1437 5765 1669 5821 additum
1713 5775 1823 5824 est.

1921 946 2082 1000 omnis
2114 947 2202 1016 qui
2232 947 2455 1016 procedit
2486 948 2540 1002 in
2567 950 2764 1005 uirtute.
2802 952 2870 1008 Et
2902 955 3077 1011 omnia
3108 958 3501 1015 concluduntur

1919 1038 2085 1092 verbo
2109 1037 2227 1108 ejus
2254 1040 2432 1107 operis
2456 1041 2598 1110 quod
2628 1042 2788 1099 ﬁebat
2810 1085 2825 1109 ,
2857 1055 2914 1101 ut
2948 1047 3155 1105 dicatur
3178 1093 3193 1119 ,
3225 1056 3499 1124 recognitio

1921 1145 2111 1183 eorum.
2144 1129 2454 1201 Recognitio
2485 1134 2624 1199 enim
2655 1133 2771 1189 [nec
2795 1136 2973 1207 ﬁebat,
2999 1150 3055 1193 ut
3082 1140 3353 1197 hominum
3380 1145 3500 1198 mil.

1920 1221 1987 1275 lia
2007 1230 2453 1289 computarentur.
2477 1222 2718 1294 Quinque
2739 1226 2896 1296 igitur
2917 1229 3028 1297 illa,
3054 1234 3497 1305 propinquitates,

1922 1312 2122 1381 populi,
2150 1312 2341 1367 domus
2368 1315 2701 1382 Familiarum,
2729 1335 2980 1383 numerus
3007 1326 3303 1391 nominum,
3323 1338 3375 1383 et
3404 1344 3500 1383 ea-

1923 1413 2041 1473 put;
2074 1414 2127 1459 et
2156 1406 2256 1459 ista
2279 1406 2469 1469 deinde
2497 1418 2743 1479 quatuor,
2773 1428 2955 1478 sexus,
2984 1424 3144 1479 tetas,
3186 1423 3383 1487 virtus,
3416 1438 3500 1477 reo

1921 1496 2183 1564 cognitio,
2226 1497 2451 1553 fortasse
2484 1500 2537 1553 in
2568 1502 2684 1570 ipso
2712 1519 2934 1560 numero
2978 1507 3176 1577 aliquid
3206 1510 3496 1566 insinuant.

1920 1585 1974 1640 Si
2003 1587 2143 1641 enim
2185 1588 2371 1642 horum
2407 1589 2631 1645 duorum
2674 1610 3013 1651 numerorum
3036 1640 3048 1663 ,
3081 1600 3131 1653 id
3158 1611 3237 1655 est
3272 1604 3499 1672 quinarii

1920 1684 1975 1730 et
1996 1679 2338 1746 quaternarii,
2373 1681 2506 1739 alter
2533 1683 2913 1751 multiplicetur
2947 1703 3012 1742 ex
3038 1691 3224 1757 altero,
3254 1694 3305 1747 id
3336 1704 3499 1750 estut

1919 1768 2198 1837 quinquies
2224 1772 2488 1838 quaterni,
2519 1781 2610 1826 aut
2630 1783 2817 1843 quater
2837 1778 2981 1846 quini
3010 1778 3500 1857 dueantur,qigiuti

1921 1858 2071 1914 ﬁunt.
2103 1860 2219 1928 Quo
2246 1879 2469 1919 numero
2494 1866 2653 1920 etiam
2689 1867 3107 1926 adolescentium
3148 1886 3277 1928 mtas
3306 1877 3394 1933 illa
3421 1880 3497 1932 si-

1918 1950 2214 2019 gniﬁcatur.
2257 1952 2355 2019 Qui
2401 1971 2655 2012 numerus
2698 1971 3146 2023 commemoratur
3188 1974 3242 2017 et
3286 1967 3499 2033 quando

1918 2042 2143 2096 intratur
2182 2044 2233 2098 in
2275 2055 2469 2100 terram
2508 2048 2872 2115 promissionis
2904 2068 2918 2105 :
2946 2061 2999 2107 et
3032 2053 3223 2108 dicitur
3254 2056 3341 2109 illa
3369 2069 3500 2113 :etas

1918 2134 2097 2205 viginti
2140 2152 2432 2206 annorum,
2475 2157 2593 2211 quae
2634 2158 2738 2197 non
2781 2145 3124 2202 declinaverit
3162 2151 3213 2202 in
3255 2150 3499 2207 dextram

1917 2233 2009 2278 aut
2052 2226 2340 2282 sinistram.
2392 2230 2488 2284 Ubi
2533 2233 2661 2286 mihi
2712 2234 2956 2297 videntur
3006 2240 3288 2307 signiﬁcari
3327 2245 3501 2299 sancti

1921 2316 2104 2372 lideles
2134 2334 2197 2372 ex
2223 2328 2448 2389 utroque
2478 2322 2816 2379 Testamento
2842 2327 2997 2382 ﬁdem
3028 2346 3205 2384 veram
3234 2342 3498 2389 tenentes.

1918 2405 2049 2462 Nam
2070 2408 2233 2463 Vetus
2253 2411 2649 2469 Testamentum
2665 2418 2895 2487 quinque
2923 2420 3068 2475 libris
3083 2422 3248 2495 Moysi
3271 2428 3502 2482 maxime

1918 2498 2156 2564 excellit,
2188 2510 2241 2555 et
2265 2501 2467 2557 Novum
2496 2516 2722 2574 quatuor
2754 2508 3073 2580 Evangeliis.

1988 2588 2074 2642 ill.
2097 2588 2198 2661 [11).
2214 2607 2251 2657 ι,
2273 2591 2551 2666 5].]Quod
2567 2598 2637 2650 ait
2653 2596 2717 2651 de
2736 2599 3075 2657 tabernaculo
3097 2604 3498 2675 distendendo‘,

1919 2679 2175 2747 levando,
2203 2683 2455 2752 erigenda
2477 2728 2490 2751 ,
2521 2687 2587 2740 Et
2612 2689 2894 2759 alienigena
2916 2694 2998 2759 qui
3024 2697 3284 2749 accesserit
3311 2699 3499 2751 moria-

1918 2776 2034 2833 tur;
2058 2769 2146 2827 hic
2168 2772 2463 2843 alienigena
2492 2776 2866 2847 intelligendus
2882 2790 2965 2837 est
2988 2784 3151 2837 etiam
3170 2800 3232 2838 ex
3250 2784 3354 2840 illis
3378 2788 3495 2843 tiliis

1918 2857 2080 2916 lsrael
2100 2900 2114 2923 ,
2139 2861 2230 2930 qui
2255 2878 2359 2919 non
2389 2864 2458 2919 de
2478 2866 2565 2933 illa
2596 2868 2732 2923 tribu
2762 2869 2973 2930 fuerunt
2998 2874 3039 2937 ³,
3068 2888 3224 2941 quam
3254 2875 3501 2937 taberna-

1916 2953 2037 3007 eulo
2058 2955 2263 3011 servire
2288 2960 2566 3027 praecepit,
2600 2960 2651 3033 id
2692 2970 2775 3016 est
2812 2964 2899 3032 qui
2932 2980 3037 3019 non
3068 2964 3226 3025 fuerit
3264 2967 3332 3023 de
3359 2969 3497 3025 tribu

1915 3042 2064 3099 Levi.
2093 3044 2282 3103 Mirum
2319 3058 2400 3103 est
2440 3058 2619 3107 autem
2666 3053 2932 3119 quomodo
2958 3055 3178 3119 abusive
3206 3057 3501 3127 alienigena

1916 3134 2110 3193 dicitur
2130 3176 2143 3200 ,
2190 3138 2332 3206 quod
2359 3140 2524 3210 magis
2552 3142 2771 3199 alterius
2801 3145 3010 3212 generis
3035 3146 3299 3203 hominem
3338 3150 3503 3218 signi-

1918 3228 2069 3295 ﬁent,
2103 3229 2157 3287 id
2198 3242 2281 3287 est
2307 3235 2581 3300 ἀλλογενὴς,
2611 3246 2665 3290 et
2707 3252 2810 3291 non
2839 3238 3004 3307 magis
3029 3242 3280 3314 ἀλλόφυλος
3300 3283 3314 3307 ,
3360 3242 3504 3311 quod

1920 3320 2181 3388 signiﬁcat
2225 3324 2446 3378 alterius
2472 3325 2637 3383 tribus
2669 3325 2940 3383 hominem
2969 3348 2981 3383 :
3013 3346 3117 3398 quo
3146 3333 3358 3399 nomine
3386 3349 3504 3395 ma-

1919 3414 2001 3481 gis
2046 3415 2209 3472 utitur
2249 3416 2518 3487 Scriptura
2550 3419 2604 3474 in
2631 3420 2853 3475 aliarum
2885 3424 3121 3490 gentium
3168 3425 3501 3493 hominibus,

1923 3511 1982 3562 ut
2041 3505 2295 3579 allophyli
2348 3511 2718 3579 appellentur,
2777 3513 2929 3581 quasi
2986 3515 3211 3571 aliarum
3270 3514 3501 3574 tribuum

1923 3596 2186 3651 homines.
3432 3648 3435 3649 ,

1925 3734 1929 3739 .
1995 3686 2082 3745 ιγ.
2116 3687 2215 3759 [lb.
2238 3704 2314 3755 ιιι,
2344 3689 2487 3762 5-7.]
2519 3691 2584 3745 Et
2608 3693 2801 3757 locutus
2826 3694 3156 3753 estDomimts
3180 3699 3249 3754 ad
3272 3688 3503 3771 Moysen,

1926 3778 2097 3853 dicens
2114 3820 2130 3845 ,
2155 3780 2339 3850 Accipe
2367 3782 2551 3837 tribum
2575 3782 2728 3847 Levi;
2757 3794 2805 3839 et
2827 3795 3013 3843 statues
3041 3805 3121 3842 eos
3147 3790 3199 3846 in
3235 3804 3506 3859 conspectu

1924 3870 2096 3941 Aaron
2128 3875 2402 3943 sacerdotis
2422 3918 2434 3940 ,
2480 3886 2524 3931 et
2550 3878 2900 3933 ministrabant
2926 3881 2971 3934 ei
2994 3896 3013 3934 :
3038 3894 3083 3936 et
3111 3886 3385 3939 custodiant
3414 3905 3506 3942 cu-

1925 3967 2115 4021 stodias
2133 3971 2243 4037 ejus
2261 4009 2276 4033 ,
2304 3979 2346 4022 et
2367 3970 2621 4025 custodias
2648 3971 2870 4039 ﬁliorum
2893 3971 3057 4028 Israel
3078 4015 3091 4037 ,
3122 3979 3509 4034 antetaberna-

1926 4059 2097 4112 culum
2127 4061 2416 4115 testimonii.
2446 4062 2588 4128 Quas
2613 4072 2818 4136 φυλακάς
2847 4082 3053 4136 graecus
3097 4070 3255 4136 dixit,
3290 4071 3383 4126 has
3413 4090 3511 4127 no-

1927 4150 2025 4204 stri
2050 4151 2368 4219 interpretes
2391 4154 2479 4208 alii
2504 4155 2775 4222 custodias,
2807 4158 2897 4211 alii
2926 4161 3160 4213 excubias
3181 4161 3509 4233 interpretati

1928 4250 2071 4296 sunt.
2103 4242 2207 4297 Sed
2238 4244 2428 4299 mirum
2452 4245 2553 4298 nisi
2585 4246 2776 4314 vigiliae
2801 4248 2990 4302 melius
3017 4250 3262 4304 dicuntur
3286 4267 3405 4321 qum
3430 4270 3510 4311 so-

1928 4332 2041 4386 lent
2066 4334 2117 4386 in
2143 4336 2332 4388 castris
2362 4345 2630 4388 teruarum
2659 4336 2908 4395 horarum
2938 4338 3365 4397 observationem
3410 4344 3508 4398 ha~

1928 4422 2074 4480 bere.
2106 4424 2255 4479 Unde
2298 4427 2553 4494 scriptum
2581 4436 2664 4483 est
2686 4469 2699 4492 ,
2736 4429 2929 4493 Quarta
2957 4442 3121 4485 autem
3149 4433 3319 4503 vigilia
3348 4440 3507 4490 noctis

1929 4516 2058 4571 venit
2085 4515 2152 4571 ad
2180 4533 2263 4571 eos
2284 4559 2297 4581 ,
2340 4518 2603 4573 ambulans
2637 4536 2788 4590 super
2826 4537 2967 4576 mare
3001 4522 3211 4589 (Matth.
3240 4542 3346 4591 xw,
3369 4528 3465 4596 ‘25)
3497 4546 3513 4581 :

1932 4606 2034 4664 hoc
2063 4619 2145 4665 est
2164 4652 2179 4675 ,
2215 4620 2333 4678 post
2360 4627 2555 4667 nonam
2585 4613 2768 4669 horam
2807 4617 3007 4683 noctis,
3039 4631 3155 4687 post
3184 4629 3291 4675 tres
3320 4623 3509 4678 videli-

1929 4710 2014 4755 cet
2040 4701 2265 4770 vigilias.
2295 4703 2362 4757 Et
2404 4705 2586 4758 multis
2606 4704 2738 4759 locis
2767 4706 3159 4775 Scripturarum
3189 4714 3354 4767 nostri
3382 4717 3511 4784 \"igi.

1929 4792 2029 4847 lias
2056 4792 2389 4863 interpretati
2414 4804 2556 4861 sunt,
2583 4811 2714 4865 quas
2740 4797 2911 4852 ϐιωρί
2936 4807 3142 4871 φνὶαχάς
3170 4815 3379 4857 vocant.
3414 4790 3543 4859 Ubi;

1930 4886 2074 4940 nulla
2100 4886 2359 4955 dubitatio
2388 4895 2503 4953 est,
2553 4889 2720 4956 spatia
2751 4892 2993 4944 nocturni
3037 4894 3288 4961 temporis
3309 4896 3511 4963 signiti-

1928 4978 2039 5032 eari
2071 4994 2084 5031 :
2116 4978 2258 5047 quod
2286 4987 2414 5047 puto
2436 4988 2490 5041 et
2521 4978 2607 5034 hic
2640 4980 3025 5049 accipiendum.
3054 4984 3331 5046 Quoinodo
3370 4986 3511 5037 enim

1930 5070 2131 5126 Levita:
2167 5070 2423 5141 iubentur
2450 5072 2735 5127 observare
2778 5074 3047 5137 custodias
3091 5074 3305 5138 Aaron,
3337 5090 3389 5129 et
3418 5093 3513 5130 cn-

1931 5163 2132 5219 stodias
2158 5164 2384 5219 ﬁliorum
2415 5165 2607 5230 Israel,
2654 5164 2706 5219 id
2758 5177 2842 5218 est
2888 5171 3091 5235 φυλακάς
3118 5213 3124 5219 .
3157 5166 3255 5219 nisi
3288 5166 3515 5222 fortasse

1932 5257 2129 5311 dictum
2153 5267 2235 5312 est
2257 5298 2273 5323 ,
2301 5274 2368 5312 ne
2400 5266 2645 5325 putarent
2674 5256 2741 5310 ab
2763 5256 3109 5309 observandis
3139 5257 3329 5325 vigiliis
3352 5301 3366 5321 ,
3395 5276 3513 5326 qua:

1934 5349 2149 5419 proprie
2177 5350 2227 5403 in
2254 5348 2443 5404 castris
2472 5347 2745 5401 observari
2776 5347 2984 5412 solent,
3016 5357 3230 5416 propter
3259 5352 3515 5404 honorent

1933 5457 2040 5513 quo
2065 5441 2367 5503 serviebant
2388 5438 2758 5500 tabernaculo,
2792 5438 3051 5492 immunes
3076 5453 3134 5493 se
3159 5456 3278 5495 esse
3298 5442 3514 5507 debere,

1933 5548 2054 5587 cum
2081 5541 2137 5595 et
2162 5532 2304 5600 ipsos
2324 5537 2598 5599 oporteret
2629 5540 2844 5598 propter
2872 5545 3034 5598 opera
3059 5529 3379 5587 tabernaCnIi
3408 5552 3517 5589 non

1999 5647 2014 5678 ι
2041 5645 2229 5703 mensi,
2254 5640 2603 5753 distinpiimtdo.
2618 5648 2723 5705 uss.
2748 5640 2999 5711 Becqensis
3015 5647 3067 5693 et
3090 5642 3412 5715 Michaelinus,
3426 5646 3503 5697 dis

1999 5705 2187 5754 utendo.
2214 5704 2299 5754 Alii
2321 5719 2399 5754 me
2420 5705 2536 5754 iuris
2556 5709 2698 5754 natm.
2723 5700 3068 5754 distrtnacttda.

1934 5705 2187 5769 (etuianda.
2214 5700 2299 5767 Alii
2321 5700 2536 5770 niclipris
2556 5700 2698 5769 noue,
2723 5700 3068 5824 (ti-fit'ingenab.

1998 5772 2017 5799 ’
2044 5775 2179 5819 Juxta
2208 5777 2277 5816 Er.
2304 5766 2448 5824 Lugd.
2475 5776 2590 5816 Ven.
2619 5772 2747 5824 l.0\°.,
2796 5762 2979 5816 nerant.
3044 5771 3068 5813 li

1998 5762 2179 5819 "mm
2208 5764 2277 5816 ε’νὲ
2304 5762 2448 5830 mea;
2475 5762 2590 5816 ven.
2619 5762 2747 5826 ista.
2772 5762 3100 5824 animum.
3434 5835 3457 5862 δ
