3862 6298
405 257 506 319 719

401 382 580 437 Minus
602 388 829 445 vicissim
849 386 1135 443 observare
1160 379 1386 452 vigilias,
1430 390 1548 447 qua:
1575 373 1982 435 observarentur

400 478 457 531 in
486 478 605 536 aliis
628 480 1039 549 circumquaque
1061 473 1247 531 castris
1278 469 1505 525 ﬁliorum
1531 463 1727 522 Israel?

474 573 541 627 Ὺ.
561 570 641 645 [In
666 586 741 632 ιιι,
764 568 875 641 10.]
892 567 1184 639 Alienigena
1203 564 1289 634 qui
1309 560 1521 631 tetigerit
1543 556 1801 610 morietur.
1832 550 1981 618 Qua:-

342 643 379 715 Ῐ’
399 643 628 723 rendum
654 660 920 732 quomodo
945 658 1136 714 dixerit
1165 657 1217 710 in
1244 653 1500 718 Levitico,
1536 650 1632 716 Qui
1669 643 1881 716 tetigerit
1908 652 1982 695 ta-

351 750 359 759 “
404 752 731 812 bernaculum
751 748 1142 819 sanctiﬁcabitur
1171 745 1351 816 (Leuit.
1380 758 1455 809 γι,
1479 740 1567 811 18)
1596 757 1608 792 :
1636 752 1757 792 cum
1786 735 1872 788 hic
1899 732 1982 787 di-

403 857 524 913 cat,
555 845 847 916 Alienigena
862 841 947 913 qui
971 838 1219 912 tetigerit,
1250 836 1525 899 morietur;
1555 830 1740 886 volens
1767 822 1983 894 intelligi

404 954 501 996 eos
538 938 627 1009 qui
656 952 763 993 non
791 943 971 991 essent
995 932 1063 988 de
1091 931 1232 987 tribu
1275 927 1422 985 Levi.
1453 927 1533 982 An
1563 925 1697 979 forte
1724 920 1843 985 hic,
1875 918 1987 972 teti-

1216 254 1677 332 QUESTIONUM
1715 253 1772 310 S.
1813 243 2178 307 AUGUSTINI
2216 242 2280 299 IN
2321 234 2877 297 HEPTATEUCHUM
3570 234 3657 293 ηο

2090 362 2436 416 vestimentum
2456 357 2858 430 hyacinthinum,
2879 362 2937 409 ut
2952 353 3125 425 ipsum
3144 350 3523 408 vestimentum
3543 351 3654 425 hya-

2089 453 2384 510 cinthinum
2410 450 2514 506 alia
2538 465 2596 505 re
2614 446 2961 519 operiendam
2991 446 3330 517 praeciperet,
3350 443 3493 515 quod
3513 448 3655 500 vesti-

2088 554 2325 600 mentum
2343 543 2452 613 jam
2468 556 2631 611 super
2645 541 2814 597 altare
2837 550 3012 605 esset;
3040 554 3103 594 ae
3122 539 3199 594 sic
3224 534 3461 593 breviter
3484 548 3655 595 utrum-

2089 654 2193 711 que
2234 636 2711 707 complecteretur,
2756 642 2812 689 et
2849 634 3165 690 vestimento
3208 631 3553 705 hyacinthino
3589 632 3653 687 al-

2090 737 2204 783 tare
2232 726 2576 798 operiendum
2596 766 2613 790 ,
2640 734 2695 781 et
2737 725 3112 780 vestimentum
3144 722 3544 794 hyacinthinum
3567 722 3653 778 alio

2090 821 2323 893 tegmine
2360 818 2726 890 Operiendum.
2773 814 3059 886 Subjunxit
3100 814 3340 886 denique
3379 813 3517 869 unde
3547 828 3653 869 coo-

2090 912 2251 983 periri
2291 912 2450 968 vellet
2494 910 2869 965 vestimentum
2924 907 3366 980 hyacinthinum,
3416 921 3533 962 cum
3573 907 3655 963 ad-

404 996 569 1105 gerit;
614 1030 680 1086 ad
728 1028 1037 1098 obsequium
1063 1024 1257 1081 dixerit
1280 1019 1584 1084 servitutis,
1612 1012 1754 1087 quod
1792 1027 1823 1066 a
1858 1009 1985 1066 solis
2086 1004 2217 1075 jecit
2242 1046 2256 1070 ,
2304 1002 2371 1057 Et
2406 1001 2699 1073 adoperient
2740 999 2871 1054 illud
2918 1001 3227 1071 aper-immo
3283 996 3495 1068 pelliceo
3540 999 3652 1068 hya-

304 1108 317 1150 ³¹
404 1100 607 1181 Levitis
652 1120 834 1178 deberi
890 1114 1234 1175 tabernaculo
1298 1108 1598 1183 praecepit?
1655 1105 1778 1160 hinc
1839 1100 1985 1158 enim

403 1216 733 1288 loquebatur.

476 1287 567 1363 Vl.
598 1306 694 1381 [lb.
735 1321 812 1373 ιιι,
845 1301 1055 1375 12-31.]
1080 1299 1217 1370 Quid
1236 1306 1320 1355 est
1345 1295 1486 1369 quod
1514 1294 1726 1351 Levitas
1754 1304 1852 1362 pro
1879 1287 1987 1359 pri-

405 1399 687 1471 mogenilis
731 1396 959 1452 ﬁliorum
1002 1392 1165 1449 Israel
1194 1391 1295 1447 sibi
1341 1390 1483 1445 Deus
1518 1387 1771 1457 deputat,
1819 1382 1891 1436 ita
1930 1387 1990 1436 ut

343 1509 347 1513 ·
404 1486 697 1547 numeratis
721 1484 1088 1559 primogenitis
1108 1482 1305 1553 populi,
1329 1480 1417 1551 qui
1442 1479 1617 1550 plures
1638 1473 1840 1531 inventi
1864 1479 1988 1527 sunt

402 1599 563 1655 quam
589 1589 705 1638 erat
729 1592 982 1635 numerus
1014 1576 1347 1638 Levitarum,
1394 1576 1615 1642 argento
1655 1566 1987 1623 redimeren-

404 1654 525 1741 tur,
555 1673 789 1745 quinque
818 1670 963 1725 siclis
989 1682 1089 1738 pro
1116 1680 1221 1721 uno
1250 1662 1422 1719 datis?
1475 1659 1629 1730 Quod
1658 1674 1754 1729 pro
1786 1654 1990 1727 pecori-

403 1766 507 1822 bus
532 1779 639 1820 non
681 1760 1024 1825 estfactum,
1069 1773 1190 1813 cum
1217 1766 1272 1812 et
1308 1768 1499 1825 pecora
1546 1752 1848 1807 chitarum
1891 1760 1989 1818 pro

402 1854 774 1927 primogenitis
802 1866 1053 1924 pecorum
1082 1849 1244 1905 Israel
1273 1846 1373 1901 sibi
1402 1858 1521 1899 esse
1549 1840 1794 1897 voluerit.
1840 1838 1987 1905 Quo-

404 1948 566 2007 modo
586 1948 836 2016 deinceps
856 1944 1208 2017 primogenita
1222 1955 1405 1995 eorum
1425 1938 1510 1993 vel
1536 1950 1783 2007 pecorum
1803 1947 1987 1989 eorum

402 2039 742 2112 pertinebant
768 2038 834 2092 ad
876 2037 1073 2102 Deum,
1121 2034 1209 2088 ubi
1242 2032 1399 2103 jussit
1425 2027 1693 2084 immunda
1725 2026 1989 2097 primoge-

405 2131 517 2187 nita
542 2130 630 2187 vel
659 2129 887 2184 humana
913 2125 1105 2181 mutari
1132 2122 1357 2179 ovibus?
1382 2118 1663 2188 Quomodo
1685 2132 1789 2172 non
1811 2124 1865 2171 ct
1891 2128 1990 2186 pro

403 2223 524 2280 istis
550 2222 803 2290 deinceps
845 2215 1215 2289 primogenitis
1241 2210 1685 2282 computabantur
1713 2206 1805 2261 ﬁlii
1832 2204 1991 2261 Levi-

406 2322 583 2370 tarum
613 2311 885 2383 (manebat
903 2309 1044 2363 enim
1080 2307 1133 2361 in
1170 2304 1402 2377 posteris
1429 2302 1615 2357 eadem
1644 2299 1810 2354 tribus
1829 2339 1845 2365 ,
1872 2311 1991 2367 qua:

406 2414 592 2478 posset
615 2420 710 2474 pro
731 2400 1096 2474 primogenitis
1118 2394 1500 2470 posterioribus
1523 2387 1864 2462 computari);
1886 2388 1989 2443 nisi

406 2497 529 2568 quia
556 2494 683 2551 illud
707 2494 907 2565 justum
937 2490 1071 2557 fuit,
1096 2498 1156 2544 ut
1185 2488 1274 2559 qui
1305 2492 1653 2543 nascerentur
1676 2483 1743 2538 de
1769 2481 1875 2536 illis
1899 2480 1990 2551 qui

403 2590 514 2659 jam
533 2588 599 2643 ad
619 2589 912 2658 portionem
933 2582 1143 2639 Domini
1160 2579 1496 2652 pertinebant
1514 2618 1529 2643 ,
1560 2576 1738 2631 datam
1757 2589 1852 2644 pro
1879 2573 1992 2644 pri-

405 2678 691 2753 mogenitis
716 2679 803 2749 qui
822 2677 888 2733 de
906 2676 1140 2747 [Egypto
1165 2673 1430 2738 exierunt,
1455 2672 1565 2741 jam
1587 2669 1725 2724 Deus
1746 2666 1990 2737 proprios

402 2774 654 2836 haberet,
703 2780 953 2840 tanquam
984 2783 1112 2823 suos
1134 2766 1202 2821 de
1230 2765 1362 2830 suis,
1393 2778 1495 2818 nec
1524 2768 1740 2832 possent
1761 2771 1855 2829 pro
1888 2756 1992 2811 illis

401 2868 547 2939 juste
574 2865 905 2936 computari,
933 2862 1025 2933 qui
1049 2860 1305 2930 deinceps
1334 2854 1671 2927 primogeniti
1694 2853 1803 2908 Deo
1828 2849 1994 2907 debe-

379 2957 639 3015 ~bantur?
668 2956 745 3011 De
772 2956 1021 3010 universo
1048 2951 1243 3022 quippe
1280 2947 1481 3020 populo
1500 2986 1516 3013 ,
1546 2955 1602 3001 et
1636 2944 1705 3000 de
1728 2941 1993 2999 universis

406 3049 693 3121 pecoribus
719 3048 893 3119 populi
912 3046 1033 3101 data
1049 3054 1132 3100 est
1154 3042 1329 3114 portio
1346 3042 1457 3096 Deo
1474 3053 1574 3111 pro
1598 3034 1989 3109 primogenitis:

404 3150 463 3198 et
500 3140 615 3197 hinc
644 3140 819 3211 portio
847 3146 964 3194 erat
1004 3136 1203 3192 Levita:
1226 3142 1283 3189 et
1327 3130 1522 3202 pecora
1547 3142 1754 3185 eorum.
1782 3126 1901 3181 Jam
1947 3124 1993 3179 si

405 3233 534 3305 quid
559 3233 895 3304 genuissent,
948 3229 1040 3285 Dei
1067 3236 1221 3294 erat;
1248 3240 1357 3281 non
1382 3230 1591 3295 poterat
1615 3222 1717 3278 hoc
1743 3230 1991 3291 tanquam

406 3342 439 3380 a
470 3326 667 3397 populo
685 3324 800 3379 dari
825 3366 839 3391 ,
870 3321 1010 3394 quod
1053 3320 1163 3390 jam
1192 3318 1427 3373 alienum
1468 3324 1584 3372 erat
1617 3333 1631 3369 :
1662 3328 1726 3370 ac
1769 3328 1867 3384 per
1894 3312 1995 3368 hoc

406 3417 587 3474 debita
615 3416 867 3486 deinceps
890 3411 1241 3485 primogenita
1263 3410 1373 3465 Deo
1394 3407 1545 3463 reddi
1562 3406 1872 3478 Oportebat;
1896 3420 1995 3462 nec

404 3522 510 3579 pro
558 3507 640 3562 his
689 3504 985 3575 computari
1012 3509 1257 3572 posteros
1280 3498 1586 3554 Levitarum
1624 3497 1708 3552 vel
1738 3510 1992 3567 pecorum

400 3612 616 3654 eorum.
1356 3628 1362 3647 ;

480 3690 593 3746 VII.
613 3690 712 3763 [lb.
735 3705 809 3757 ιν,
835 3686 915 3760 7.]
938 3685 1072 3742 Cum
1100 3682 1416 3755 praeciperet
1433 3679 1500 3736 de
1529 3679 1762 3736 tollenda
1786 3692 1993 3745 mensa,

398 3785 564 3856 jussit
593 3798 714 3838 cum
746 3782 830 3836 illa
870 3789 924 3835 et
951 3792 1118 3849 panes
1146 3775 1260 3830 tolli
1285 3775 1363 3831 sic
1387 3774 1572 3830 dicens
1597 3792 1611 3828 :
1643 3772 1710 3827 Et
1730 3790 1885 3844 panes
1910 3773 1996 3843 qui

405 3893 603 3947 semper
626 3888 776 3943 super
806 3887 916 3925 eam
941 3878 1107 3924 erunt.
1138 3867 1254 3922 Non
1274 3867 1455 3937 utique
1482 3866 1570 3921 isti
1596 3880 1809 3935 semper
1835 3878 1997 3935 super

404 3980 531 4022 eam
559 3971 748 4029 erunt,
799 3961 893 4016 sed
922 3959 1123 4014 similes
1148 3973 1334 4014 eorum
1365 3977 1378 4012 :
1410 3956 1532 4027 quia
1560 3956 1637 4011 illi
1683 3955 1998 4012 aufereban-

410 4064 533 4120 tur,
567 4062 623 4108 et
666 4058 909 4107 recentes
956 4048 1193 4119 quotidie
1238 4047 1597 4118 ponebantur;
1648 4046 1775 4101 dum
1818 4054 1993 4101 tamen

397 4147 528 4205 sine
572 4142 799 4216 panibus
837 4155 1023 4197 mensa
1067 4156 1172 4195 non
1216 4139 1628 4208 relinqueretur.
1675 4136 1799 4191 Ideo
1826 4136 1993 4202 dixit,

402 4238 493 4309 qui
518 4252 714 4309 semper
731 4252 882 4307 super
908 4250 1018 4288 eam
1036 4242 1182 4287 erunt
1205 4248 1224 4286 :
1251 4233 1356 4287 hoe
1379 4239 1461 4286 est
1483 4270 1498 4296 ,
1521 4230 1642 4302 quia
1670 4244 1881 4300 semper
1905 4244 1998 4300 pa-

403 4346 538 4398 nes,
565 4347 673 4386 non
703 4329 828 4401 quia
852 4328 926 4384 illi
947 4342 1178 4398 semper.

480 4423 615 4480 Vill.
645 4421 745 4497 [lb.
766 4438 838 4489 ιν,
872 4420 985 4495 11.]
1014 4420 1081 4475 Et
1100 4436 1251 4492 super
1276 4422 1440 4475 altare
1462 4433 1673 4472 aureum
1702 4417 1997 4488 adoperient

402 4520 757 4574 vestimentum
803 4516 1214 4586 hyacinthinum,
1259 4524 1307 4568 et
1330 4513 1622 4583 adoperient
1667 4510 1798 4566 illud
1825 4511 1996 4582 operi-

413 4617 586 4663 mento
616 4607 825 4677 pelticeo
852 4605 1197 4676 hyacinthina.
1228 4603 1415 4658 Posset
1442 4602 1541 4658 ista
1570 4601 1767 4657 locutio
1792 4600 1994 4669 videri,

336 4694 343 4700 “
404 4681 573 4770 quam
592 4697 741 4753 velut
758 4694 1041 4751 absurdam
1063 4701 1117 4749 et
1139 4707 1245 4749 non
1266 4693 1525 4763 integrant
1556 4691 1705 4746 latini
1730 4692 1995 4761 interpre-

407 4799 496 4846 tes
524 4788 812 4845 transferre
836 4786 1151 4850 noluerunt;
1184 4784 1235 4839 id
1263 4794 1379 4852 est,
1406 4800 1557 4854 super
1593 4784 1753 4838 altare
1788 4799 1997 4838 aureum

403 4882 710 4954 adoperient
751 4879 1096 4934 uestimentum
1140 4876 1522 4949 ltyacintltinum
1557 4892 1575 4931 :
1605 4884 1853 4947 tanquam
1900 4876 1998 4933 de-

405 4972 589 5031 buerit
616 4971 720 5027 dici
740 5011 755 5037 ,
796 4970 864 5025 Et
884 4969 1052 5025 altare
1079 4984 1299 5024 aureum
1341 4967 1652 5038 adoperient
1678 4967 1997 5024 vestimento

398 5065 775 5137 hyacinthino.
789 5062 921 5119 Nam
933 5062 1224 5132 adoperient
1235 5061 1579 5114 vestimentum
1591 5058 1993 5129 hyacinthinum,

412 5157 520 5212 hoc
562 5155 775 5213 videtur
824 5154 1153 5226 signiﬁcare,
1208 5150 1350 5222 quod
1399 5150 1571 5221 ipsum
1622 5149 1994 5204 vestimentum

409 5249 626 5305 aliunde
652 5247 1020 5318 adoperiretur
1042 5287 1057 5311 ,
1089 5259 1195 5299 non
1216 5241 1357 5313 quod
1386 5242 1500 5312 ipso
1549 5240 1867 5297 vestimento
1903 5240 1997 5296 ad-

408 5340 712 5410 Operiretur
737 5337 905 5392 altare
931 5336 972 5389 ί.
1000 5333 1109 5390 Sed
1154 5332 1286 5389 mihi
1315 5330 1523 5387 videtur
1551 5346 1657 5387 non
1687 5339 1794 5386 tam
1827 5345 1996 5401 genus

397 5432 700 5488 locutionis
723 5444 862 5495 esse,
888 5443 1047 5500 quam
1061 5426 1419 5484 subobscurus
1437 5438 1647 5480 sensus.
1670 5422 1784 5479 Hoc
1801 5422 1997 5494 quippe

407 5526 633 5597 intelligi
677 5531 886 5595 potest,
944 5520 1013 5576 Et
1053 5538 1206 5593 super
1248 5519 1409 5575 altare
1447 5534 1657 5573 aureum
1705 5514 1996 5589 adoperient

473 5658 491 5689 ι
515 5656 655 5718 aditi,
686 5652 881 5718 aliiaide
916 5651 1185 5718 operiretur
1226 5650 1414 5713 altare;
1457 5650 1650 5703 omissis
1679 5648 1870 5718 verbis,
1902 5660 1997 5700 non

409 5718 537 5787 quod
558 5712 663 5783 ipso
671 5712 1303 5780 vestimento'adoperirctur,
1317 5712 1429 5780 quae
1446 5725 1512 5766 ex
1523 5721 1628 5765 Mss.
1645 5712 1983 5766 restituuntur.

2091 1096 2336 1151 cintln'no.

2164 1189 2255 1244 1X.
2281 1188 2378 1261 [lb.
2416 1204 2470 1255 ν,
2502 1187 2639 1259 6-8.]
2665 1186 2784 1254 Vir,
2815 1194 2905 1241 aut
2944 1186 3158 1252 mulier,
3188 1184 3492 1255 quicumque
3512 1183 3659 1253 fecerit

2092 1281 2155 1335 ab
2174 1281 2403 1335 omnibus
2430 1280 2647 1352 peccatis
2670 1279 2933 1345 humanis,
2965 1288 3010 1332 et
3039 1277 3325 1349 despiciens
3365 1276 3653 1348 despexerit,

2094 1384 2139 1430 et
2164 1374 2446 1445 deliquerit,
2470 1374 2642 1428 anima
2660 1372 2756 1428 illa
2782 1370 3095 1427 annuntiabit
3121 1377 3385 1442 peccatum
3406 1370 3537 1441 quod
3558 1385 3659 1439 pec-

2093 1468 2250 1535 cavit,
2274 1476 2320 1521 et
2338 1468 2561 1522 restituet
2588 1467 2825 1520 delictum
2857 1481 2876 1519 :
2902 1474 3055 1536 caput
3071 1465 3088 1496 ⁸
3113 1473 3160 1518 et
3184 1464 3394 1534 quintus
3417 1464 3521 1533 ejus
3547 1463 3659 1534 adji-

2094 1560 2186 1614 ciet
2208 1575 2358 1630 super
2394 1558 2525 1613 illud
2542 1599 2557 1625 ,
2584 1567 2633 1612 et
2661 1557 2836 1613 reddet
2861 1556 2944 1611 cui
2968 1556 3178 1625 deliquit
3204 1556 3273 1609 ei.
3302 1554 3367 1610 Si
3394 1564 3555 1609 autem
3574 1569 3657 1607 non

2095 1650 2245 1720 fuerit
2282 1649 2474 1704 homini
2510 1650 2805 1720 proximus,
2838 1649 2910 1703 ita
2934 1655 2989 1701 ut
3027 1646 3208 1702 reddat
3254 1646 3336 1700 illi
3360 1644 3660 1701 delictumad

2094 1740 2296 1810 ipsum;
2336 1740 2573 1795 delictum
2600 1740 2735 1810 quod
2761 1739 2988 1793 redditur
3012 1737 3263 1803 Domino,
3288 1736 3537 1791 sacerdoti
3553 1737 3658 1801 erit,

2096 1839 2299 1901 excepto
2322 1830 2478 1884 ariete
2501 1830 2874 1902 prapitiationis
2914 1845 3004 1900 per
3048 1844 3197 1898 quem
3231 1827 3461 1882 exorabit
3496 1827 3546 1880 in
3586 1827 3659 1881 illo

2096 1939 2188 1993 pro
2215 1939 2291 1977 eo.
2337 1922 2433 1978 Hic
2460 1938 2521 1978 ea
2549 1932 2765 1994 peccata
2805 1921 3147 1993 intelligenda
3178 1930 3341 1987 sunt,
3377 1936 3591 1991 quorum
3618 1921 3659 1975 in

2096 2012 2182 2069 his
2207 2014 2364 2069 rebus
2389 2015 2714 2085 perpetratio
2741 2022 2856 2079 est,
2905 2028 3025 2084 qua:
3053 2012 3282 2084 pecunia
3323 2011 3528 2067 restitui
3556 2025 3660 2081 pos-

2095 2113 2239 2159 sunt.
2267 2103 2381 2159 Non
2410 2105 2551 2160 enim
2602 2104 2757 2159 aliter
2787 2103 2994 2160 diceret
3042 2102 3316 2174 quomodo
3360 2100 3659 2157 restituenda

2097 2196 2239 2263 sint,
2269 2195 2372 2250 nisi
2400 2195 2592 2251 damna
2637 2194 2941 2266 pecuniaria
2971 2193 3216 2249 fuissent.
3247 2192 3409 2248 Jubet
3433 2193 3565 2247 enim
3588 2205 3660 2244 re-

2097 2286 2243 2341 stitui
2267 2294 2426 2357 caput
2451 2294 2509 2342 et
2543 2286 2791 2357 quintas,
2845 2285 2898 2340 id
2925 2294 3038 2351 est,
3069 2293 3239 2339 totum
3274 2284 3406 2340 illud
3431 2281 3659 2355 quidquid

2098 2387 2214 2445 est,
2262 2388 2317 2433 et
2361 2378 2602 2449 quintam
2650 2378 2767 2448 ejus
2816 2385 3020 2448 partem
3045 2419 3060 2445 ,
3116 2386 3346 2449 excepto
3386 2374 3547 2430 ariete
3586 2372 3660 2442 qui

2098 2468 2268 2525 fuerat
2310 2468 2612 2525 oﬁ'erendus
2640 2469 2693 2524 in
2723 2468 3042 2525 sacrificium
3086 2467 3153 2523 ad
3196 2466 3517 2538 expiandum
3544 2463 3659 2518 deli-

2098 2568 2262 2616 clum.
2293 2560 2453 2616 Jubet
2484 2570 2661 2616 autem
2703 2560 2833 2616 illud
2878 2559 3020 2630 quod
3057 2559 3361 2615 restituitur
3396 2554 3660 2614 sacerdotis

2098 2667 2237 2717 esse,
2262 2651 2315 2706 id
2339 2659 2440 2718 est,
2467 2651 2637 2722 ipsum
2661 2659 2821 2721 caput
2839 2659 2894 2706 et
2911 2650 3172 2721 quintam,
3200 2651 3248 2705 si
3278 2665 3385 2704 non
3412 2656 3489 2704 est
3510 2644 3661 2718 proxi-

2097 2758 2219 2799 mus
2253 2743 2303 2799 ei
2353 2745 2406 2797 in
2429 2759 2591 2814 quem
2619 2743 2963 2799 commissum
2989 2752 3091 2799 est.
3138 2740 3242 2798 Ubi
3274 2742 3455 2812 utique
3482 2736 3655 2793 intelli-

2099 2837 2238 2909 gitur
2263 2846 2388 2893 tunc
2416 2838 2646 2893 Domino
2674 2835 3005 2893 reddendum
3030 2834 3172 2906 quod
3199 2835 3274 2890 sit
3297 2831 3597 2898 sacerdotis,
3619 2829 3658 2883 si

2101 2927 2263 2984 homo
2293 2929 2406 3000 ipse
2435 2943 2541 2984 non
2570 2928 2802 2999 supersit
2827 2927 2919 2999 qui
2949 2926 3200 2983 damnum
3232 2941 3423 2997 passus
3449 2932 3551 2989 est,
3580 2935 3661 2975 nec

2100 3020 2375 3090 proximus
2400 3019 2537 3089 ejus,
2562 3034 2718 3090 quem
2748 3028 2875 3089 puto
2897 3017 3163 3075 hmredem
3190 3017 3417 3089 intelligi
3432 3014 3658 3072 voluisse.

2100 3110 2208 3169 Sed
2233 3111 2301 3167 de
2329 3111 2445 3182 ipso
2475 3110 2693 3165 homine
2734 3110 2864 3164 nihil
2904 3109 3038 3165 dixit
3065 3108 3346 3180 Scriptura
3375 3126 3389 3164 :
3420 3112 3660 3164 verumta-

2101 3220 2224 3260 men
2253 3219 2373 3260 cum
2398 3202 2547 3272 dicit,
2576 3202 2638 3259 Si
2657 3219 2757 3256 non
2781 3203 2829 3257 ei
2852 3202 3005 3272 fuerit
3025 3203 3310 3275 proximus,
3339 3202 3436 3258 sub
3455 3201 3548 3257 bac
3566 3196 3662 3253 bre-

2100 3296 2264 3352 vitate
2294 3295 2559 3363 insinuat,
2609 3304 2734 3350 tunc
2758 3294 2927 3365 quaeri
2955 3294 3255 3365 proximum
3291 3293 3408 3365 ejus
3430 3333 3447 3359 ,
3490 3290 3531 3345 si
3566 3288 3661 3358 ipse

2101 3402 2209 3442 non
2233 3385 2411 3443 fuerit.
2439 3386 2494 3442 Si
2522 3395 2698 3442 autem
2732 3400 2830 3441 nec
2854 3385 3127 3456 proximus
3154 3386 3294 3451 erit,
3346 3383 3559 3441 Domino
3581 3393 3656 3434 re-

2101 3480 2378 3546 stituetur,
2433 3493 2502 3534 ne
2540 3477 2853 3548 impunitum
2905 3485 3178 3533 remaneat
3214 3475 3361 3548 quod
3401 3471 3658 3530 admissum

2102 3580 2185 3628 est
2215 3588 2228 3625 :
2258 3570 2401 3642 quod
2446 3580 2623 3626 tamen
2655 3585 2759 3626 non
2784 3569 2940 3626 cedat
2988 3570 3041 3625 in
3089 3568 3412 3625 sacriﬁcium
3432 3608 3446 3633 ,
3489 3562 3572 3620 sed
3604 3561 3660 3615 sit

2102 3664 2417 3721 sacerdotis.
2462 3662 2552 3719 Sic
2604 3677 2733 3720 sane
2784 3662 2946 3717 verba
2983 3660 3274 3732 Scriptura:
3322 3650 3659 3729 distinguenda

2102 3762 2255 3821 sunt,
2290 3754 2354 3810 Si
2370 3762 2537 3808 autem
2560 3771 2660 3808 non
2682 3753 2831 3825 fuerit
2856 3752 3050 3807 homini
3073 3752 3463 3823 proximus,';ita
3490 3755 3537 3800 ut
3559 3741 3656 3799 red-

2103 3849 2191 3903 dat
2219 3848 2297 3902 illi
2341 3847 2577 3902 delictum
2626 3847 2695 3899 ad
2724 3846 2887 3917 ipsum
2909 3862 2928 3899 :
2954 3846 3235 3901 locutionis
3262 3854 3350 3901 est
3377 3842 3511 3899 enim
3539 3832 3658 3908 quod

2103 3937 2340 4003 addidit,
2371 3937 2438 3991 ad
2464 3937 2668 4007 ipsum;
2698 3942 2791 3990 aut
2816 3935 2951 3990 forte
2978 3935 3045 3988 ad
3074 3935 3239 4006 ipsum
3266 3933 3429 4000 dixit,
3451 3926 3577 4001 quod
3601 3921 3656 3978 ad

2103 4030 2275 4101 ipsum
2306 4029 2604 4099 pertineat,
2637 4027 2688 4082 id
2712 4034 2794 4083 est
2822 4027 2936 4096 ipse
2964 4025 3255 4097 possideat.
3290 4022 3487 4081 Deinde
3509 4013 3658 4086 seuui-

2105 4130 2190 4177 tur
2210 4163 2224 4187 ,
2269 4119 2526 4176 Delictum
2572 4120 2707 4191 quod
2748 4118 2977 4174 redditur
3008 4117 3249 4185 Domino,
3276 4114 3517 4175 sacerdoti
3545 4108 3657 4165 erit:

2103 4213 2360 4269 delictum
2387 4223 2568 4268 autem
2609 4213 2771 4280 dicit,
2799 4226 2921 4266 cum
2962 4210 3199 4282 redditur
3226 4226 3291 4267 ea
3340 4226 3423 4267 res
3449 4220 3554 4279 qua:
3578 4213 3657 4272 per

2104 4302 2356 4360 delictum
2385 4304 2557 4359 ablata
2587 4314 2686 4359 est.

2174 4397 2243 4452 X.
2272 4395 2375 4470 [lb.
2403 4413 2457 4465 v,
2491 4397 2544 4463 6,
2570 4397 2646 4470 7.]
2689 4395 2863 4466 Quaeri
2886 4405 3063 4453 autem
3092 4405 3296 4467 potest,
3328 4388 3577 4469 quomodo
3610 4385 3654 4439 in

2104 4487 2289 4545 Exodo
2326 4487 2553 4557 dicitur,
2599 4488 2644 4543 si
2697 4487 2817 4559 quis
2862 4487 3069 4543 furatus
3110 4487 3271 4544 fuerit
3320 4486 3531 4543 vitulum
3579 4483 3653 4532 aut

2104 4598 2287 4645 ovem,
2325 4583 2605 4639 restituere
2636 4581 2831 4638 debere
2859 4582 3096 4653 quinque
3131 4583 3325 4640 vitulos
3354 4580 3434 4638 vel
3459 4583 3653 4650 quatuor

2104 4690 2252 4741 oves,
2276 4674 2321 4730 si
2349 4674 2621 4741 occiderit,
2655 4684 2746 4729 aut
2770 4673 3102 4741 vendiderit;
3133 4675 3176 4730 si
3200 4682 3376 4732 autem
3397 4668 3528 4744 quod
3554 4664 3655 4718 τώδε

2104 4768 2315 4834 tulerit,
2367 4768 2568 4824 salvum
2622 4765 2760 4836 apud
2790 4781 2914 4821 eum
2954 4766 3250 4837 reperitur,
3301 4764 3510 4835 duplum
3551 4765 3651 4809 0550

2103 4860 2489 4915 restituendum
2521 4857 2713 4931 (Exod.
2745 4873 2896 4923 χχιι,
2948 4859 3001 4922 1,
3044 4858 3140 4929 4);
3174 4875 3296 4915 cum
3338 4857 3423 4913 hic
3471 4842 3649 4908 restitui

2097 4949 2285 5021 jubeat
2312 4960 2471 5019 caput
2497 4960 2550 5004 et
2578 4947 2813 5017 quintam
2838 4989 2853 5013 ,
2887 4948 3028 5018 quod
3051 4948 3205 5020 longe
3229 4957 3311 5005 est
3336 4948 3487 5005 etiam
3512 4956 3539 4994 a
3565 4936 3649 4992 du-

2101 5044 2225 5115 plo;
2270 5052 2468 5113 quanto
2512 5040 2680 5111 magis
2704 5057 2735 5095 a
2760 5038 3056 5113 quadruplo
3079 5041 3164 5096 vel
3194 5041 3470 5113 quinquies
3489 5022 3649 5089 tanto?

2100 5133 2210 5189 Nisi
2239 5132 2375 5188 forte
2402 5132 2524 5203 quia
2555 5130 2640 5186 hic
2667 5132 2776 5199 ait,
2818 5130 2928 5198 Vir,
2956 5141 3042 5186 aut
3066 5132 3264 5200 mulier,
3291 5132 3569 5203 quicumque
3583 5120 3649 5189 [ε’

2101 5226 2224 5280 cerit
2255 5224 2320 5279 ab
2342 5221 2572 5279 omnibus
2598 5222 2811 5292 peccatis
2836 5222 3102 5289 humanis,
3131 5231 3344 5294 peccata
3371 5206 3648 5291 ignorantia:

2100 5316 2273 5372 voluit
2308 5315 2529 5387 intelligi
2553 5313 2784 5371 humana
2818 5325 3054 5386 peccata.
3092 5314 3231 5371 Fieri
3260 5316 3398 5372 enim
3423 5311 3577 5383 potest
3602 5304 3648 5351 ut

2099 5424 2289 5481 parum
2330 5407 2687 5476 attendendo,
2735 5423 2833 5479 per
2855 5407 3227 5479 negligentiam
3250 5404 3470 5479 trajiciat
3512 5399 3649 5452 homo

2164 5525 2181 5556 ι
2205 5523 2343 5584 Fditi,
2367 5521 2577 5574 restituet
2600 5518 2831 5584 delictum
2850 5525 2897 5584 et
2913 5521 3102 5584 quintus
3120 5535 3139 5584 ,'
3159 5523 3353 5584 omisso,
3374 5519 3524 5584 ειηηιιο
3546 5515 3647 5584 ΡΨ

2164 5534 2181 5556 ι
2206 5534 2343 5584 mni,
2367 5534 2576 5574 restituet
2600 5534 2831 5573 aeuctum
2850 5534 2897 5572 et
2996 5534 3102 5574 tuas
3120 5535 3139 5585 ;
3159 5534 3353 5583 omisso,
3374 5534 3524 5582 captu-
3546 5534 3646 5559 η*-

2098 5585 2247 5650 loque
2269 5592 2395 5649 post,
2418 5585 2486 5636 ita
2520 5590 2571 5634 ut
2607 5582 2787 5634 reddat
2806 5581 2883 5650 illi
2906 5534 3133 5650 meum:
3162 5582 3322 5650 ipsum
3337 5598 3356 5650 ;

2099 5631 2566 5775 Eﬁti‘tsauegra'vimus
2577 5631 3020 5710 ιιιιιάιιιέιιιέίοώιίί
3035 5631 3109 5698 sa
3118 5631 3366 5719 ἰιιέξῷιῖ
3381 5631 3646 5711 concordi“

2592 5751 2601 5756 .
2704 5746 2747 5761 ..φ

2592 5752 2601 5756 -
2721 5752 2747 5761 νγ

2524 5752 2851 5812 ΤεέθῖαἿῢῆζεῖ
3007 5788 3043 5808 -,
3078 5798 3084 5806 .
3150 5774 3223 5812 -‘;.i
3266 5780 3285 5807 ε
3326 5779 3363 5801 ι’
