3862 6342
1980 158 1991 189 \

1881 242 2011 253 Mla-ar
2030 246 2035 251 ι
2060 240 2117 258 ..ι

267 372 394 429 721

266 506 410 546 rem
449 489 675 547 alienam
697 491 750 545 in
775 500 889 546 rem
908 500 1059 545 suam
1080 504 1095 543 :
1115 484 1260 558 quod
1287 482 1409 541 ideo
1451 490 1729 555 peccatum
1770 488 1888 546 est,

266 584 421 652 quia
454 583 499 638 si
525 582 806 653 diligenter
830 580 1229 645 attenderetur,
1257 594 1367 633 non
1399 576 1791 632 admitteretur.
1820 573 1890 630 Et

268 673 411 730 haec
449 676 615 730 voluit
659 675 833 744 capite
860 682 916 729 et
952 672 1135 743 quinta
1166 671 1411 738 restitui,
1458 684 1565 725 non
1590 669 1728 723 sicut
1750 666 1887 723 furta

267 766 567 821 mulctari.
600 765 731 822 Nam
760 766 803 821 si
831 764 967 820 furta
996 772 1053 820 et
1077 762 1292 819 fraudes
1312 763 1399 817 hic
1427 760 1846 817 intellexerimus
1866 800 1884 827 ,

264 874 413 929 quae
446 874 551 914 non
579 874 675 929 per
699 858 1045 929 ignorantiam
1075 856 1407 928 negligentiae.
1426 896 1442 923 ,
1472 855 1567 911 sed
1596 853 1803 910 furandi
1829 863 1884 911 et

266 952 581 1008 fraudandi
604 953 783 1009 animo
805 951 1226 1019 committuntur,
1252 958 1308 1005 et
1333 948 1454 1005 ideo
1471 948 1611 1004 dicta
1635 948 1880 1015 humana,

211 1088 218 1097 .
266 1046 419 1116 quia
456 1047 507 1100 in
537 1046 780 1102 homines
823 1045 994 1110 ﬁunt;
1044 1044 1165 1110 ille,
1212 1042 1315 1099 nisi
1360 1041 1542 1109 fallor,
1582 1041 1685 1097 erit
1707 1040 1881 1097 exitus

267 1137 612 1207 quaestionis
639 1138 829 1207 hujus,
881 1146 939 1193 ut
967 1136 1090 1192 ideo
1134 1135 1223 1205 qui
1254 1134 1380 1190 fecit
1423 1149 1528 1188 non
1575 1132 1763 1188 reddat
1794 1133 1881 1188 vel

260 1226 515 1297 duplum
540 1270 553 1290 .
579 1227 701 1299 quia
722 1243 828 1283 non
851 1226 1268 1299 deprehenditur
1293 1226 1376 1281 vel
1401 1225 1760 1291 convincitur,
1783 1224 1880 1280 sed

260 1318 659 1388 ignorantibus
687 1337 716 1376 a
742 1336 850 1392 quo
878 1322 1075 1375 factum
1104 1321 1212 1385 sit,
1240 1319 1325 1375 vel
1350 1328 1525 1385 utrum
1552 1318 1749 1374 factum
1773 1318 1877 1383 sit,

259 1406 399 1479 ipse
460 1413 740 1467 annuntiat
781 1413 1033 1468 delictum
1074 1427 1250 1467 suum.
1288 1411 1422 1465 Cum
1466 1412 1608 1466 enim
1657 1410 1881 1466 dixisset

260 1499 567 1573 Scriptura
588 1545 603 1570 ,
622 1503 730 1569 Vir,
750 1511 838 1558 aut
860 1504 1058 1566 mulier,
1087 1504 1387 1574 quicumque
1426 1504 1597 1573 fecerit
1622 1504 1685 1557 ab
1710 1504 1876 1559 omni-

260 1592 372 1647 bus
398 1594 618 1663 peccatis
638 1594 892 1659 humanis,
906 1603 953 1648 et
972 1594 1252 1663 despiciens
1272 1593 1572 1664 despexerit,
1592 1602 1638 1647 et
1655 1593 1878 1665 delique-

263 1687 372 1753 rit,
411 1686 468 1741 id
489 1696 571 1742 est
596 1686 987 1743 contemnendo
1016 1688 1114 1741 ista
1135 1686 1492 1751 commiserit;
1520 1685 1794 1756 adjunxit,
1821 1695 1877 1741 et

267 1777 397 1844 ait,
434 1777 617 1831 Anima
649 1778 741 1832 illa
761 1778 1078 1833 annuntiabit
1099 1785 1355 1848 peccatum
1379 1775 1516 1846 quod
1544 1778 1794 1847 peccavit,
1825 1786 1874 1832 et

258 1867 515 1922 restituet
557 1866 823 1936 delictum,
854 1876 1004 1941 caput
1038 1876 1088 1922 et
1127 1868 1331 1939 quintus
1374 1869 1486 1938 ejus
1516 1882 1537 1922 :
1569 1866 1709 1923 forte
1744 1881 1874 1938 ergo

257 1968 569 2031 propterea
599 1970 824 2027 tantum,
852 1961 977 2031 quia
1004 1961 1117 2031 ipse
1147 1958 1515 2024 annuntiavit;
1543 1967 1599 2013 et
1616 1958 1740 2014 ideo
1764 1972 1872 2015 non

260 2064 340 2106 eo
371 2050 576 2105 damno
610 2051 920 2121 plectendus
942 2050 1073 2117 fuit,
1093 2065 1201 2122 quo
1230 2050 1400 2107 furem
1424 2050 1871 2122 comprehensum

258 2144 357 2199 vel
387 2143 697 2199 convictum
724 2144 882 2214 plecti
902 2152 1195 2215 oporteret.

343 2234 447 2292 XI.
475 2234 573 2309 [11).
590 2251 642 2303 v,
668 2234 784 2308 21.]
813 2235 986 2291 Verba
1015 2250 1135 2307 quae
1158 2236 1429 2305 Scriptura
1445 2235 1577 2291 dicit
1594 2235 1806 2291 mulieri
1838 2250 1871 2291 a

260 2328 564 2385 sacerdote
583 2327 828 2394 dicenda,
850 2329 1061 2399 quando
1089 2345 1119 2383 a
1149 2329 1452 2399 suspicione
1475 2329 1721 2386 adulterii
1746 2345 1867 2386 eam

262 2420 506 2476 maritus
527 2418 757 2485 adducit,
791 2418 885 2474 Det
912 2436 1023 2473 eam
1051 2418 1301 2474 Dominus
1319 2420 1375 2474 in
1395 2419 1715 2474 maledictum
1740 2429 1789 2475 et
1811 2421 1867 2475 in

262 2506 726 2575 exsecramentum,
752 2525 957 2581 graecus
977 2509 1138 2566 habet
1161 2515 1379 2579 ινόρκιον.
1397 2510 1515 2579 Quo
1532 2511 1696 2567 verbo
1724 2511 1869 2567 vide-

264 2610 364 2660 tur
396 2601 1064 2673 signiﬁcarijuramentum
1103 2616 1199 2673 per
1236 2602 1692 2669 exsecrationem;
1720 2603 1870 2659 velut

266 2699 318 2753 si
345 2698 635 2769 quisquam
664 2696 826 2764 dicat,
856 2696 944 2752 Sic
968 2710 1074 2751 non
1100 2694 1229 2750 mihi
1260 2695 1388 2751 illud
1416 2704 1472 2751 et
1499 2696 1628 2750 illud
1656 2697 1869 2751 contin-

267 2800 370 2861 gat
406 2808 419 2844 :
448 2789 534 2845 vel
556 2801 701 2845 certe
729 2790 800 2843 ita
821 2788 984 2859 juret,
1020 2786 1155 2843 Illud
1182 2796 1237 2842 et
1260 2786 1390 2842 illud
1416 2786 1544 2842 mihi
1571 2788 1865 2857 contingat,

267 2882 319 2939 si
350 2880 564 2949 fecero,
587 2880 669 2936 vel
696 2895 800 2936 non
839 2879 1037 2936 fecero.
1080 2879 1157 2934 Ita
1182 2880 1286 2934 hoc
1309 2877 1510 2933 dictum
1544 2887 1648 2946 est,
1675 2877 1777 2933 Det
1820 2888 1869 2934 te

271 2973 536 3030 Dominus
558 2974 613 3028 in
637 2973 957 3029 maledictum
978 2981 1023 3027 et
1042 2973 1096 3027 in
1124 2981 1552 3027 exsecramentum
1569 3012 1584 3037 ,
1612 2979 1864 3042 tanquam

268 3064 568 3133 diceretur,
598 3074 655 3120 ut
680 3063 750 3121 de
783 3073 835 3120 te
857 3064 1039 3135 jurent
1063 3078 1182 3134 quae
1209 3076 1303 3133 per
1339 3061 1759 3116 exsecrationem
1780 3060 1868 3131 ju-

270 3156 509 3223 rsbunt;
536 3158 614 3213 sic
638 3172 743 3212 non
769 3156 848 3213 eis
871 3157 1162 3227 contingat,
1193 3162 1305 3221 aut,
1337 3153 1439 3210 hoc
1463 3154 1545 3209 eis
1571 3154 1862 3225 contingat,

269 3250 384 3306 nisi
413 3249 515 3305 hoc
542 3258 632 3305 aut
651 3249 780 3304 illud
803 3249 1085 3304 fecerint‘.

351 3339 468 3396 XII.
501 3340 599 3415 [lb.
630 3357 702 3406 γι,
735 3339 943 3415 14-17.]
961 3339 1028 3393 Et
1053 3338 1228 3406 offeret
1252 3354 1435 3391 munus
1460 3338 1860 3408 suumZDomino,

274 3449 471 3505 agnum
496 3433 789 3489 anniculam
817 3433 925 3487 sine
951 3432 1071 3485 vitio
1092 3431 1145 3485 in
1171 3430 1551 3484 holocaustoma
1569 3471 1585 3496 ,
1615 3439 1662 3484 et
1679 3446 1865 3501 agnam

274 3524 575 3579 anniculam
612 3528 721 3580 sine
752 3525 872 3578 vitio
909 3539 1066 3577 unam
1092 3524 1147 3577 in
1182 3530 1458 3592 peccatum.
1493 3521 1607 3577 Hoc
1646 3521 1861 3593 quidam

274 3618 450 3675 nostri
474 3618 787 3686 interpretes
813 3615 1099 3671 transferre
1121 3613 1425 3679 noluerunt,
1451 3613 1614 3668 veluti
1640 3612 1867 3668 locutio-

275 3725 405 3765 nem
432 3710 731 3764 inusitatam
748 3708 993 3771 vitantes,
1012 3715 1066 3762 et
1084 3706 1348 3771 dixerunt,
1374 3722 1465 3776 pro
1486 3715 1712 3777 peccato,
1732 3720 1859 3772 non,

273 3802 329 3855 in
352 3809 631 3872 peccatum,
657 3815 779 3855 cum
802 3800 870 3855 sit
894 3813 1083 3855 sensus
1111 3798 1166 3852 in
1199 3812 1262 3851 ea
1303 3796 1567 3852 locutione
1586 3839 1601 3863 ,
1633 3796 1724 3867 qui
1753 3811 1863 3852 non

275 3894 455 3950 fuerat
482 3892 892 3963 perturbandos.
925 3891 991 3946 In
1016 3898 1273 3962 peccatum
1297 3889 1495 3960 quippe
1518 3889 1719 3946 dictum
1755 3898 1858 3956 est,

275 3986 401 4057 quia
428 3984 532 4040 hoc
556 3985 727 4054 ipsum
757 3982 899 4055 quod
928 3997 1025 4053 pro
1050 3990 1267 4053 peccato
1294 3981 1638 4046 offerebatur,
1668 3996 1860 4052 pecca-

277 4084 390 4129 tum
437 4073 744 4130 vocabatur.
789 4072 939 4129 Unde
976 4072 1105 4127 illud
1147 4080 1228 4127 est
1263 4070 1403 4143 apud
1440 4071 1752 4141 Apostolum
1793 4071 1862 4126 de

278 4164 508 4222 Domino
532 4164 761 4230 Christo,
792 4163 925 4217 Eum
959 4163 1045 4232 qui
1065 4179 1165 4217 non
1192 4169 1395 4216 noverat
1425 4168 1711 4232 peccatum,
1740 4177 1861 4231 pec-

277 4268 449 4313 catum
469 4273 563 4329 pro
576 4256 716 4312 nobis
737 4257 855 4329 fecit
882 4255 948 4325 (ll
968 4254 1087 4311 Cor.
1110 4272 1163 4321 v,
1190 4254 1286 4324 21)
1316 4272 1330 4307 :
1363 4254 1504 4309 Deus
1535 4254 1693 4309 Pater
1715 4254 1860 4310 scili-

279 4360 382 4413 cet,
430 4349 599 4406 Deum
641 4347 836 4405 Filium
873 4363 971 4419 pro
1010 4347 1163 4403 nobis
1198 4346 1322 4403 fecit
1358 4355 1633 4417 peccatum
1656 4387 1672 4413 ,
1701 4345 1753 4400 id
1779 4354 1862 4402 est

279 4440 598 4497 sacriﬁcium
628 4454 725 4511 pro
749 4448 988 4510 peccato.
1012 4438 1162 4495 Sicut
1182 4453 1310 4510 ergo
1336 4452 1504 4510 agnus
1528 4438 1583 4493 in
1611 4437 1861 4493 holocau-

279 4542 485 4598 stoma,
531 4540 587 4586 ut
623 4531 797 4602 ipsum
838 4545 1002 4602 pecus
1043 4539 1188 4586 esset
1222 4530 1653 4596 holocaustoma;
1690 4531 1771 4586 sic
1808 4540 1863 4587 et

278 4639 415 4694 agna
444 4625 496 4679 in
522 4632 820 4694 peccatum,
849 4632 907 4678 ut
930 4624 1102 4693 ipsum
1130 4638 1294 4694 pecus
1320 4632 1463 4679 esset
1481 4632 1779 4694 peccatum,
1808 4624 1861 4680 id

279 4725 359 4770 est
388 4715 707 4771 sacriﬁcium
729 4714 877 4771 ﬁeret
895 4730 989 4786 pro
1005 4725 1243 4786 peccato,
1264 4714 1403 4770 sicut
1421 4713 1490 4769 de
1513 4716 1702 4779 ariete,
1716 4715 1859 4786 quod

280 4808 536 4880 sequitur,
563 4809 619 4862 in
647 4808 867 4863 salutare
880 4807 1027 4872 dicit,
1052 4814 1302 4877 tanquam
1322 4806 1492 4875 ipsum
1509 4806 1583 4862 sit
1606 4806 1857 4874 salutare,

280 4914 403 4956 cum
428 4901 496 4955 sit
521 4901 839 4956 sacriﬁcium
874 4898 1141 4954 salutaris.
1166 4895 1321 4964 Quod
1348 4904 1536 4966 postea
1568 4897 1863 4967 repetendo

280 4993 583 5049 manifestat
614 5011 627 5048 :
658 5008 780 5047 nam
805 5003 861 5047 et
883 4991 1009 5046 illud
1035 5006 1129 5061 pro
1154 4999 1360 5060 peccato
1376 4987 1526 5053 dicit,
1547 4987 1691 5059 quod
1713 4988 1859 5058 prius

279 5086 482 5141 dixerat
503 5086 557 5141 in
587 5093 876 5158 peccatum;
895 5091 952 5138 et
977 5084 1081 5138 hoc
1100 5080 1403 5151 sacriﬁcium
1430 5078 1689 5149 salutaris,
1714 5081 1859 5151 quod

279 5181 423 5249 prius
439 5178 666 5242 dixerat,
695 5178 749 5231 in
772 5178 1013 5231 salutare.

346 5270 486 5326 Xill.
514 5269 612 5344 [lb.
636 5285 751 5335 vm,
782 5267 895 5341 24.]
923 5267 1141 5323 Locutus
1155 5277 1229 5322 est
1252 5266 1500 5322 Dominus
1522 5268 1591 5323 ad
1616 5267 1853 5340 Moysen,

282 5363 466 5428 dicens,
493 5361 606 5416 Hoc
639 5371 710 5417 est
746 5361 809 5415 de
833 5359 1037 5415 Levitis.
1066 5360 1179 5415 Hoc
1203 5359 1293 5415 alii
1329 5361 1661 5431 interpretati
1690 5370 1852 5428 sunt,

286 5453 408 5510 ﬂtec
426 5464 496 5510 est
522 5454 604 5509 lea:
628 5453 691 5508 de
728 5451 912 5508 Levitis
944 5470 957 5507 :
988 5451 1082 5507 sed
1125 5450 1266 5522 quod
1308 5451 1561 5520 scriptum
1603 5460 1706 5519 est,
1740 5450 1856 5507 Hoc

283 5556 348 5601 est
382 5547 445 5602 de
481 5545 701 5615 Levitis,
740 5543 1054 5615 intelligitur
1079 5543 1278 5600 dictum
1300 5583 1316 5612 ,
1349 5542 1461 5600 Hoc
1486 5545 1753 5601 constituo
1786 5545 1855 5603 de

285 5636 494 5695 Levitis.

513 5764 729 5830 quinque
752 5771 805 5837 et
823 5771 945 5827 ttat.,
966 5761 1455 5883 nisi‘illtt'g‘fecerutt.
1477 5730 1581 5817 “Alli

318 5828 507 5881 κιαιιό
519 5828 583 5880 de
598 5828 971 5883 tefecertntmn.
989 5833 1042 5878 et
1053 5835 1146 5883 ιιι-η
1265 5826 1353 5879 hoc
1366 5826 1490 5881 illud
1505 5828 1849 5883 deterecermt.

284 5827 372 5881 tisi
383 5828 507 5881 illud
519 5826 583 5880 de
598 5826 971 5893 tefeceritttm
989 5833 1042 5878 et
1053 5834 1146 5891 t-lr.,
1158 5826 1254 5883 nisi
1265 5826 1353 5879 hoc
1366 5826 1490 5881 illud
1505 5828 1568 5881 de
1580 5830 1849 5895 tefccerint.

1644 359 1852 420 LIBER
1887 356 2235 428 QUARTUS.

2072 483 2207 541 xw.
2236 484 2334 559 [ιδ.
2360 502 2472 556 vm,
2496 488 2709 567 24.26.]
2733 492 2931 550 Deinde
2950 475 3189 566 sequitur
3216 512 3231 551 :
3258 497 3305 552 Α
3330 498 3507 570 quinto
3523 509 3574 555 et
3644 538 3649 541 .

2871 339 3167 387 ,[*ιιοτξβτς--ννν
3219 351 3297 375 τε...

2870 393 2874 401 .
2940 368 2997 396 ’ττι
3019 350 3350 406 θηειέθὲζῗῖξδέ-’.ιξί

1994 576 2226 633 vicesimo
2260 596 2396 635 anno
2433 590 2480 636 et
2506 599 2691 655 supra,
2720 584 2994 641 introibant
3020 587 3307 643 ministrare
3332 590 3387 645 in
3415 592 3575 647 minio

1992 671 2196 725 sterium
2219 672 2271 726 in
2289 671 2522 743 operibus
2547 675 2602 729 in
2620 675 2938 733 tabernaculo
2960 678 3261 746 testimonii;
3280 690 3328 735 et
3349 698 3382 736 a
3407 686 3563 754 quin-
3612 682 3619 745 ί

3473 378 3579 438 723

3617 604 3627 615 .
3644 531 3670 615 ’ξ

1990 766 2297 835 quagenario
2320 766 2511 821 recedet
2526 769 2589 823 ab
2612 769 3066 836 administratione,
3086 782 3132 827 et
3158 790 3257 828 non
3279 774 3568 846 operabitur

1988 854 2126 909 ultra
2146 855 2168 928 (
2177 867 2224 910 et
2258 857 2555 913 ministrabit
2587 863 2745 930 frater
2772 860 2917 932 ejus)
2956 879 2971 917 :
2998 862 3051 916 in
3077 863 3398 919 tabernaculo
3423 867 3568 920 testi-
3617 850 3643 899 ’ί

1988 948 2145 1002 monii
2164 950 2415 1005 custodire
2433 951 2723 1016 custodias;
2752 970 2906 1023 opera
2934 964 3100 1009 autem
3128 971 3227 1010 non
3252 957 3569 1028 operabitur.

1987 1036 2141 1093 Hune
2166 1053 2381 1094 sensum
2409 1039 2698 1098 obscurum
2727 1041 2852 1098 facit
2872 1050 3145 1115 ὺπέρϐατον,
3174 1046 3315 1117 quod
3336 1048 3409 1102 ita
3437 1063 3567 1105 con-
3604 1078 3611 1087 -

1985 1130 2159 1186 fusum
2185 1141 2288 1198 est,
2313 1140 2562 1203 tanquam
2584 1133 2650 1189 de
2668 1135 2784 1205 ipso
2807 1134 2970 1191 fratre
2994 1137 3063 1191 sit
3081 1137 3299 1205 dictum,
3318 1140 3571 1195 custodire

1984 1222 2275 1287 custodias;
2302 1236 2425 1276 cum
2447 1222 2647 1278 dictum
2672 1225 2742 1279 sit
2760 1224 2829 1281 de
2855 1225 2967 1293 illo,
2998 1227 3087 1297 qui
3115 1227 3328 1283 recedit“
3346 1229 3412 1284 ab
3436 1246 3567 1302 ope-

1984 1315 2152 1383 ribus,
2180 1323 2234 1369 et
2262 1316 2556 1371 remanebit
2587 1316 2730 1384 illic,
2752 1318 2806 1371 in
2834 1318 3154 1374 tabernaculo
3180 1324 3447 1377 testimonii
3471 1339 3567 1377 cu-
3602 1315 3609 1352 λ

1982 1408 2171 1463 stodire
2194 1409 2447 1463 custodias
2463 1426 2482 1474 ;
2498 1426 2651 1480 opera
2675 1419 2840 1465 autem
2863 1428 2963 1466 non
2978 1413 3297 1483 operabitur;
3316 1415 3410 1470 sed
3436 1430 3567 1486 ope-

1983 1497 2189 1554 rabitur
2217 1497 2384 1553 frater
2408 1500 2524 1570 eius
2545 1541 2562 1567 ,
2592 1498 2643 1554 id
2682 1508 2796 1567 est,
2825 1502 2915 1571 qui
2954 1501 3189 1557 nondum
3216 1504 3459 1574 pervenit
3492 1505 3562 1559 ad

3604 1146 3610 1157 1

1981 1598 2193 1645 aetatem
2220 1590 2743 1661 quinquagenariam,
2770 1607 2801 1646 a
2828 1592 3011 1663 viginti
3036 1594 3270 1665 quinque
3295 1596 3450 1651 annis
3476 1597 3562 1651 in-
3610 1590 3614 1593 “

1980 1681 2183 1751 cipiens
2225 1682 2458 1751 operari.
2505 1683 2643 1753 Ergo
2690 1683 2760 1738 ita
2799 1684 3225 1755 distinguendum
3271 1696 3354 1741 est
3393 1705 3405 1741 :
3438 1687 3562 1741 Eta

1977 1773 2408 1843 quinquagenaria
2440 1773 2635 1828 recedet
2659 1774 2721 1828 ab
2746 1773 3206 1842 administratione,
3234 1787 3281 1833 et
3306 1794 3408 1834 non
3435 1795 3563 1851 ope-

1977 1865 2171 1919 rabitur
2191 1865 2345 1930 ultra,
2367 1874 2415 1919 et
2438 1865 2738 1920 ministrabit
2764 1868 2921 1937 frater
2945 1868 3076 1939 ejus.
3104 1868 3303 1925 Deinde
3328 1870 3465 1926 redit
3490 1873 3561 1927 ad

1977 1956 2129 2013 illum
2154 1957 2683 2029 quinquagenarium,
2710 1954 2779 2013 de
2797 1973 2904 2029 quo
2926 1959 3258 2030 loquebatur,
3286 1972 3340 2017 et
3377 1962 3443 2018 de
3469 1964 3564 2018 illo

1977 2049 2208 2119 explicat
2227 2058 2418 2105 caetera
2438 2091 2453 2117 ,
2482 2048 2686 2115 dicens,
2716 2047 2783 2103 In
2812 2050 3132 2106 tabernaculo
3158 2054 3430 2108 testimonii
3465 2071 3561 2109 cu-

1974 2143 2167 2197 stodire
2198 2144 2487 2207 custodias;
2524 2158 2678 2214 opera
2721 2152 2889 2197 autem
2923 2160 3027 2198 non
3064 2145 3369 2215 operabitur.
3407 2146 3565 2214 Quod

1975 2235 2121 2290 enim
2163 2235 2255 2299 ait,
2289 2234 2555 2299 custodire,
2589 2232 2922 2299 subauditur,
2955 2234 3190 2304 incipiet,
3221 2246 3470 2307 tanquam
3503 2236 3562 2291 id

1974 2340 2084 2381 uno
2124 2326 2290 2381 verbo
2324 2324 2565 2393 diceret,
2595 2323 2863 2380 custodiet
2897 2324 3184 2380 custodias.
3229 2325 3379 2382 Solet
3414 2327 3560 2383 enim

1974 2416 2169 2472 usitate
2193 2417 2354 2471 etiam
2379 2416 2435 2472 in
2460 2415 2639 2472 latinis
2664 2416 3017 2476 locationibus
3044 2417 3305 2473 inllnitum
3336 2417 3559 2475 verbum

1974 2510 2100 2581 poni
2138 2526 2236 2580 pro
2256 2510 2424 2566 ﬁnito.

2046 2622 2161 2676 XV.
2195 2621 2294 2695 [lb.
2326 2639 2399 2690 tx,
2431 2622 2613 2697 642.]
2641 2623 2774 2680 Cum
2800 2624 3019 2680 Pascha;
3048 2634 3286 2695 tempore
3312 2624 3551 2695 quidam,

1973 2718 2066 2789 qui
2100 2716 2359 2772 immundi
2400 2714 2521 2772 facti
2559 2726 2711 2772 erant
2749 2731 2911 2787 super
2939 2718 3169 2771 animam
3214 2715 3473 2782 hominis,
3503 2714 3560 2770 id

1974 2820 2057 2868 est
2086 2824 2249 2879 super
2273 2817 2571 2877 mortuum,
2598 2816 2899 2880 quaererent
2926 2806 3196 2878 quomodo
3234 2805 3437 2862 Pascha
3475 2804 3560 2861 fa~

1973 2910 2158 2958 cerent
2176 2918 2190 2968 ;
2210 2901 2457 2972 quoniam
2482 2899 2760 2971 oportebat
2779 2914 2871 2955 eos
2890 2899 2958 2954 ab
2982 2896 3331 2954 immunditiis
3350 2905 3559 2967 septem

1973 2992 2163 3049 diebus
2192 2991 2454 3063 puriﬁcari
2484 2990 2774 3047 secundum
2813 2990 3008 3059 Legem
3039 3006 3052 3042 :
3080 2987 3350 3044 consuluit
3368 2987 3555 3056 Domie

1973 3100 2099 3140 num
2130 3085 2357 3155 Moyses,
2389 3092 2444 3138 et
2468 3097 2785 3151 responsum
2825 3080 3064 3151 accepit,
3104 3081 3418 3151 cuicumque
3452 3079 3560 3137 tale

1971 3176 2168 3248 aliquid
2188 3175 2484 3241 accidisset,
2509 3174 2595 3230 vel
2622 3183 2725 3228 tam
2750 3174 2804 3229 in
2827 3172 3114 3244 longinquo
3138 3172 3331 3228 itinere
3356 3161 3567 3228 consti-'

1972 3276 2118 3322 tutus
2146 3276 2308 3334 esset,
2332 3274 2389 3321 ut
2415 3281 2520 3320 non
2547 3273 2727 3335 posset
2747 3279 3050 3328 occurrere,
3080 3264 3188 3320 alio
3215 3278 3400 3319 mense
3427 3278 3555 3319 eum

1972 3359 2150 3414 facere
2192 3358 2387 3413 debere
2412 3357 2637 3423 Pascha,
2671 3366 2891 3425 propter
2914 3355 3056 3411 diem
3086 3355 3286 3411 mensis
3306 3363 3558 3426 quartum

1972 3449 2258 3514 decimum,
2307 3448 2397 3503 ubi
2441 3448 2580 3501 luna:
2626 3461 2879 3501 numerus
2918 3446 3321 3501 observabatur.
3358 3444 3466 3502 Sed
3507 3446 3558 3500 si

1970 3550 2239 3611 quzeratur
2256 3538 2381 3609 quid
2403 3540 2656 3605 facerent,
2678 3536 2724 3592 si
2751 3534 2886 3591 forte
2907 3536 3026 3592 talis
3046 3535 3377 3591 immunditia
3395 3536 3558 3591 etiam

1970 3632 2038 3687 ad
2079 3631 2368 3686 secundum
2411 3645 2647 3685 mensem
2683 3637 3021 3693 occurreret;
3064 3627 3294 3682 arbitror
3331 3627 3385 3681 id
3414 3628 3557 3698 quod

1970 3722 2170 3778 dictum
2208 3730 2291 3776 est
2326 3720 2393 3776 de
2437 3719 2673 3775 secundo
2699 3734 2918 3786 mense,
2963 3729 3209 3790 tanquam
3238 3718 3553 3789 regulariter

1970 3815 2135 3871 fuisse
2175 3813 2533 3880 retinendum,
2572 3821 2629 3866 ut
2663 3813 2820 3868 tertio
2843 3825 3027 3866 mense
3050 3811 3429 3878 observarent,
3461 3822 3559 3868 aut

1970 3916 2119 3963 certe
2146 3904 2347 3961 Pascha
2386 3920 2490 3960 non
2521 3904 2694 3975 egisse
2730 3903 2818 3959 tali
2860 3902 3180 3959 necessitate
3202 3945 3217 3971 ,
3248 3903 3316 3959 ad
3343 3903 3554 3975 culpam

1967 4015 2076 4057 non
2103 3998 2407 4070 pertineret.

2039 4112 2179 4168 XVI.
2210 4109 2307 4185 [11).
2330 4128 2404 4176 tx,
2439 4109 2653 4184 15-23.]
2676 4109 2742 4164 Et
2770 4110 2853 4164 die
2874 4125 2976 4182 qua
3003 4119 3244 4164 statutum
3268 4118 3341 4165 est
3382 4109 3551 4165 taber-

1966 4207 2224 4272 naculum,
2252 4206 2374 4261 texit
2399 4204 2552 4259 nubes
2573 4201 2952 4258 tabernaculum
2970 4244 2985 4268 ,
3011 4204 3217 4258 domum
3245 4204 3556 4261 testimonii:

1966 4305 2014 4351 et
2054 4313 2257 4367 vespere
2297 4303 2404 4350 erat
2431 4311 2582 4365 super
2616 4292 2993 4348 tabernaculum
3028 4294 3164 4349 velut
3189 4295 3380 4365 species
3419 4297 3552 4368 ignis

1966 4404 2123 4459 usque
2141 4402 2303 4441 mane.
2331 4384 2416 4439 Ita
2441 4384 2592 4455 fiebat
2616 4399 2845 4455 semper;
2872 4382 3025 4438 nubes
3056 4385 3247 4456 tegebat
3280 4383 3413 4440 illud
3447 4387 3551 4455 die,

1965 4488 2013 4533 et
2037 4479 2225 4548 species
2249 4476 2380 4547 ignis
2402 4485 2564 4530 nocte.
2589 4473 2656 4529 Et
2681 4491 2798 4528 cum
2823 4475 3126 4529 ascendisset
3151 4476 3303 4532 nubes
3327 4493 3361 4531 a
3388 4479 3557 4533 taber-

1965 4569 2168 4637 naculo,
2199 4577 2244 4624 et
2270 4578 2441 4639 postea
2458 4566 2809 4639 promovebant
2834 4567 2930 4638 ﬁlii
2952 4564 3158 4623 Israel:
3175 4579 3221 4625 et
3238 4572 3291 4625 in
3314 4569 3425 4629 loco
3444 4573 3557 4628 ubi-

1966 4678 2176 4732 cumque
2195 4669 2392 4716 steterot
2417 4660 2592 4725 nubes,
2623 4659 2692 4714 ibi
2718 4668 2884 4715 castra
2911 4660 3224 4715 collocabant
3248 4663 3345 4726 ﬁlii
3363 4661 3551 4721 Israel.

1966 4751 2070 4806 Per
2101 4759 2405 4823 prmeeptum
2446 4748 2655 4805 Domini
2691 4757 2858 4804 castra
2894 4750 3211 4805 collocabant
3241 4752 3339 4822 filii
3362 4751 3551 4819 Israel,

1964 4854 2011 4901 et
2044 4863 2132 4916 per
2158 4852 2463 4916 prteceptum
2497 4842 2705 4898 Domini
2728 4844 3102 4914 promovebant.
3138 4844 3326 4901 Omnes
3359 4846 3467 4901 dies
3503 4849 3555 4902 in

1963 4936 2143 5007 quibus
2166 4934 2442 4990 obumbrat
2472 4935 2626 4989 nubes
2656 4951 2809 5007 super
2844 4936 3250 5003 tabernaculum,
3277 4937 3332 4991 in
3372 4938 3554 4993 castris

1963 5037 2110 5083 erunt
2137 5028 2233 5098 filii
2259 5025 2425 5083 Israel
2461 5044 2480 5083 :
2513 5038 2561 5082 et
2593 5027 2796 5099 quando
2829 5029 3173 5100 protraxerit‘
3212 5026 3366 5082 nubes
3400 5044 3554 5100 super

1963 5120 2341 5176 tabernaculum
2372 5120 2479 5176 dies
2507 5120 2710 5193 plures;
2732 5128 2779 5174 et
2805 5118 3086 5175 custodient
3126 5118 3223 5187 filii
3247 5116 3414 5174 Israel
3454 5136 3549 5173 cu-

1963 5214 2181 5269 stodiam
2207 5212 2324 5281 Dei,
2348 5222 2395 5269 et
2430 5230 2531 5270 non
2560 5211 2932 5284 promovebant.
2960 5209 3030 5264 Et
3062 5210 3187 5279 erit,
3227 5226 3343 5265 cum
3372 5212 3549 5266 texerit

1961 5306 2115 5361 nubes
2133 5306 2238 5360 dies
2264 5320 2472 5359 numero
2495 5320 2649 5375 super
2674 5298 3092 5367 tabernaculum;
3118 5318 3209 5371 per
3226 5317 3395 5357 vocem
3430 5301 3544 5355 Do.

1960 5397 2084 5452 mini
2120 5396 2174 5450 in
2199 5395 2379 5450 castris
2401 5402 2567 5460 erunt,
2592 5401 2640 5447 et
2664 5409 2754 5464 per
2778 5392 3080 5465 prleceptum
3112 5390 3319 5447 Domini
3343 5410 3547 5463 promo-

1959 5490 2156 5546 vebant.
2186 5487 2253 5543 Et
2268 5488 2362 5542 erit
2388 5502 2502 5541 cum
2523 5486 2674 5556 fuerit
2699 5484 2854 5539 nubes
2878 5501 2910 5539 a
2940 5501 3145 5554 vespera
3178 5501 3333 5556 usque
3363 5503 3541 5552 mane,

1958 5593 2005 5639 et
2060 5580 2338 5639 ascenderit
2387 5580 2545 5635 nubes
2589 5594 2775 5647 mane,
2818 5587 2865 5633 et
2909 5576 3265 5649 promovebant
3306 5577 3423 5643 die;
3471 5578 3548 5634 vel

1956 5764 2037 5879 mi
2062 5762 2199 5837 editi,
2222 5760 2501 5826 protexerit.
2523 5766 2725 5822 Atllss.,
2745 5755 3038 5825 protraxerit
3057 5768 3075 5807 :
3087 5756 3228 5818 juxta
3246 5749 3546 5817 ω,φῆει.

2032 5840 2098 5879 ttt.
2628 5842 2641 5863 ι
2826 5878 2829 5879 ν
3216 5860 3277 5870 ς..
3299 5858 3322 5869 -
3537 5870 3546 5878 _

2032 5840 2098 5881 ατο
2628 5860 2629 5863 ‘
2824 5878 2832 5885 .
3216 5860 3277 5870 ...ο
3299 5858 3322 5869 ο
3537 5856 3559 5878 .ο
