3862 6346
1128 356 1590 428 QUA‘ISTIONUM
1630 357 1688 414 S.
1725 350 2210 425 DUGUSHNIJN
2235 353 2799 413 HEPTATEUCHUM
3568 358 3664 420 ἸΝ

2038 470 2365 526 movebunt?
2394 470 2461 526 Et
2489 472 2614 536 erit,
2637 471 2835 542 inquit,
2868 487 2988 528 eum
3007 472 3207 528 texerit
3231 471 3410 528 nubes
3432 471 3546 528 dies
3570 490 3664 530 tta-

2037 571 2176 618 ntero
2211 580 2364 634 super
2399 565 2796 623 tabernaculum:
2823 563 2880 618 id
2905 572 3024 632 esti
3052 554 3394 622 disaster-to
3419 579 3658 634 numero,

2037 656 2128 724 qui
2168 667 2421 709 numerus
2449 655 2626 724 utique
2655 655 2764 710 Deo
2793 656 3062 726 placeret:
3099 671 3209 728 per
3239 672 3430 710 vocem
3457 657 3656 714 Domini

2036 747 2090 800 in
2111 747 2289 802 castris
2309 755 2474 812 erant,
2505 757 2551 800 et
2578 759 2667 817 per
2683 757 2991 819 praceptum
3008 747 3241 803 Dorm'ni
3269 751 3657 820 promovebant.

2039 838 2188 893 llane
2215 836 2422 894 videtur
2458 838 2637 894 dicere
2662 851 2846 895 vocem
2889 839 3100 896 Domini
3135 840 3377 912 signum
3405 842 3551 911 quod
3579 843 3661 899 dat

2037 929 2374 997 destotione,
2419 939 2478 984 et
2519 940 2665 984 motu
2703 929 3052 1002 nubisz'quia
3093 940 3164 987 et
3211 947 3328 988 vox
3371 932 3656 1003 loquentis,

2039 1023 2221 1092 procul
2241 1021 2405 1078 dubio
2423 1023 2633 1093 signum
2667 1031 2752 1078 est
2778 1022 3084 1079 voluntatis.
3119 1023 3302 1091 Quod
3329 1039 3472 1094 ergo
3501 1025 3596 1091 ait,
3620 1036 3661 1080 et

2037 1133 2131 1186 per
2153 1125 2483 1187 praemuni,
2507 1115 2611 1171 hoc
2633 1114 2777 1171 idem
2803 1115 3018 1186 signum
3041 1126 3186 1188 puto
3210 1116 3650 1186 intelligendum.

2035 1208 2350 1279 Quanquam
2390 1216 2571 1277 posset
2612 1222 2714 1262 vox
2755 1216 2812 1264 et
2850 1217 3188 1279 prmeeptqtn
3254 1207 3486 1264 Domini
3539 1208 3655 1263 illud

2038 1301 2201 1354 etiam
2224 1299 2392 1369 accipi
2420 1299 2562 1370 quod
2585 1300 2794 1356 locutus
2817 1311 2918 1366 est,
2943 1311 2999 1356 ut
3027 1301 3205 1369 solet,
3232 1299 3311 1357 ad
3337 1300 3583 1373 Moysen,
3605 1310 3655 1358 et

2037 1391 2294 1461 princepit
2330 1375 2433 1446 hoc
2467 1390 2602 1446 ﬁeri.
2647 1391 2832 1462 Neque
2872 1392 3016 1448 enim
3049 1392 3280 1449 scirent
3329 1391 3412 1446 illi
3444 1407 3652 1461 promo-

2039 1481 2269 1538 vendnm
2294 1496 2415 1538 esse
2439 1482 2577 1540 nube
2603 1495 2970 1554 promovente,-
2996 1493 3053 1540 et
3070 1483 3351 1542 standum
3378 1498 3503 1541 esse
3522 1485 3650 1542 nube

2039 1582 2234 1641 stante,
2263 1573 2364 1628 nisi
2382 1574 2484 1630 hoc
2503 1575 2583 1630 eis
2605 1583 2732 1630 ante
2757 1576 3168 1646 praciperetur.

2111 1667 2169 1723 In
2212 1667 2296 1722 bis
2331 1677 2509 1724 autent
2555 1683 2674 1739 qua:
2716 1668 2857 1725 dicta
2902 1680 3021 1726 sunt
3067 1669 3332 1725 nondum
3378 1670 3645 1740 apparuit,

2041 1768 2222 1816 utrum
2259 1776 2352 1830 per
2389 1760 2531 1817 diem
2572 1769 2775 1816 tantum
2816 1760 3214 1830 ambularetur,
3259 1774 3336 1818 an
3375 1763 3540 1818 etiam
3565 1777 3651 1833 per

2043 1861 2274 1918 noctem,
2304 1853 2596 1910 secundum
2619 1855 2831 1925 signum
2872 1854 3012 1925 quod
3043 1855 3229 1911 nubes
3257 1863 3417 1911 motu
3443 1868 3543 1912 suo
3565 1853 3649 1912 da-

2041 1944 2152 2000 bat.
2184 1944 2450 2002 Fortassis
2490 1946 2634 2003 enim
2668 1947 2908 2017 quamvis
2950 1949 3130 2016 plures
3181 1948 3313 2004 dies
3367 1948 3427 2005 in
3470 1951 3648 2006 castris

2041 2044 2322 2093 manerent
2343 2036 2484 2094 nube
2510 2053 2617 2093 non
2639 2046 2982 2108 promovente
3001 2075 3017 2107 ,
3045 2039 3238 2110 potuit
3267 2049 3458 2097 tamen
3484 2042 3644 2111 palari

2043 2131 2238 2186 nubem
2269 2147 2372 2187 non
2393 2131 2570 2189 solere
2597 2133 2889 2190 ascendere
2903 2134 2979 2189 (de
2997 2135 3220 2202 castris,
3249 2144 3314 2192 et
3336 2136 3551 2206 signum
3571 2134 3648 2189 iti-

341 363 448 420 725

340 487 492 532 nocte
519 483 566 531 et
608 476 654 530 si
700 473 978 530 ascertderit
1013 473 1178 529 'nubes
1202 475 1244 537 ί,
1275 473 1674 543 promovebant:
1721 470 1802 524 tlie
1847 469 1926 524 vel

344 583 515 622 mense
561 566 642 621 die
701 567 986 622 abundante
1031 567 1162 620 nube
1203 565 1526 620 obumbrante
1564 580 1716 635 super
1760 563 1925 628 illud,

347 662 403 717 in
433 662 610 716 castris
653 670 796 714 erant
823 661 919 728 ﬁlii
942 659 1107 715 Israel
1125 693 1141 724 ,~
1176 670 1226 714 et
1255 673 1354 714 non
1388 659 1759 730 promovebant.
1785 655 1928 722 Quo-

347 754 486 807 niam
537 770 625 822 per
654 763 956 824 prteceptum
983 752 1189 807 Domini
1222 752 1598 823 promovebant.
1637 749 1930 806 Custodiam

344 847 557 901 Domini
604 847 945 901 custodierunt
991 863 1078 916 per
1112 854 1417 916 prteceptam
1446 843 1651 898 Domini
1685 843 1737 896 in
1773 851 1929 895 manu

350 939 540 1010 Moysi.

419 1031 584 1085 Totus
627 1029 713 1084 ltic
752 1031 899 1086 locus
945 1029 1225 1100 diligenter
1266 1028 1611 1100 exponendas
1651 1035 1765 1094 est,
1793 1039 1927 1098 quo-

349 1120 488 1174 niam
517 1120 779 1176 inusitatis
807 1121 1089 1189 generibus
1116 1122 1446 1178 locutimtum
1471 1121 1786 1177 obscuratae
1823 1126 1927 1176 est.

349 1213 416 1268 Et
444 1215 546 1276 die.
577 1216 765 1285 inquit,
789 1232 888 1287 qua
917 1225 1156 1270 statutum
1179 1225 1253 1270 est
1277 1215 1673 1281 tabernaculum,
1702 1213 1824 1268 texit
1845 1229 1932 1266 ms-

345 1307 428 1362 bes
458 1308 868 1372 tabernaculum,
902 1307 1106 1362 dontum
1149 1307 1417 1362 testimonii
1445 1323 1464 1360 :
1504 1306 1644 1362 idem
1681 1305 1930 1361 taberna-

347 1399 525 1453 culum
559 1400 846 1470 appellavit
883 1399 1101 1454 domum
1148 1399 1457 1455 testimonii.
1487 1398 1555 1453 Et
1585 1413 1784 1467 vespere
1822 1406 1933 1450 erat

348 1507 502 1559 super
527 1489 906 1545 tabernaculum
931 1491 1062 1545 velut
1091 1491 1280 1561 species
1301 1491 1432 1561 ignis
1461 1506 1618 1560 usque
1644 1499 1807 1543 mone.
1842 1486 1932 1542 Ita

347 1582 497 1650 ﬁebat
522 1598 736 1650 semper.
770 1580 971 1636 Deinde
997 1581 1278 1651 diligenter
1305 1580 1590 1650 exprimit,
1619 1579 1743 1649 quid
1777 1578 1934 1634 (iebat

348 1687 582 1742 semper,
613 1673 804 1735 Nubes,
830 1672 1018 1741 inquit;
1037 1670 1227 1742 tegebat
1252 1671 1382 1725 illud
1411 1670 1511 1736 die,
1529 1679 1574 1724 et
1593 1670 1782 1740 species
1799 1670 1934 1740 ignis

348 1775 511 1819 nocte.
537 1764 602 1817 Et
631 1781 745 1818 cum
765 1763 1068 1819 ascendisset
1095 1763 1248 1818 nubes
1269 1780 1299 1816 α
1327 1763 1669 1827 tabernaculo,
1691 1773 1738 1815 ct
1764 1771 1937 1832 postea

349 1853 704 1926 promovebant
728 1851 820 1924 ﬁlii
839 1852 1022 1908 Israel.
1047 1853 1147 1908 Ista
1167 1854 1427 1910 sententia
1449 1854 1673 1909 obscura
1702 1869 1805 1908 non
1827 1862 1932 1920 est,

347 1946 450 2002 nisi
498 1956 712 2016 propter
749 1947 893 2002 illam
926 1946 1242 2001 locutionem
1289 1946 1376 2002 ubi
1411 1945 1672 2012 additur,
1695 1955 1759 2000 et.
1791 1944 1936 2001 Ordo

350 2041 493 2096 enim
522 2039 808 2095 verborum
837 2040 1042 2110 integer
1083 2039 1346 2109 sequitur,
1386 2039 1596 2094 etiamsi
1637 2038 1777 2094 desit
1822 2038 1935 2108 ipsa

349 2131 672 2201 conjunctio,
713 2132 869 2186 utsic
891 2132 1120 2194 dicatur,
1155 2129 1363 2185 Etcum
1400 2130 1700 2186 ascendisset
1727 2129 1881 2184 nubes
1905 2146 1938 2183 a

353 2225 690 2289 tabernaculo,
724 2235 896 2294 postea
922 2226 1280 2295 promovebant
1304 2224 1399 2292 ﬁlii
1436 2223 1602 2278 Israel
1642 2240 1661 2278 :
1697 2224 1939 2294 quamvis

352 2327 408 2372 et
441 2316 611 2384 ipsum
641 2315 783 2386 quod
823 2315 1022 2371 dictum
1061 2320 1164 2381 est,
1198 2326 1401 2387 postea,
1431 2317 1474 2370 si
1509 2315 1751 2382 deesset,
1782 2315 1938 2385 plena

354 2417 538 2476 posset
561 2422 680 2462 esse
709 2409 990 2463 sententia.
1023 2408 1225 2463 Deinde
1262 2410 1519 2478 sequitur,
1547 2408 1758 2473 dicens,
1790 2407 1857 2461 Et
1883 2409 1940 2461 in

355 2500 463 2554 loco
502 2500 796 2571 ubicumque
838 2508 1040 2555 steterat
1075 2500 1248 2566 nubes,
1300 2502 1368 2555 ibi
1413 2510 1578 2556 castra
1624 2500 1940 2555 collocabant

2043 2225 2192 2280 neris
2208 2223 2360 2288 dare,
2389 2224 2491 2281 ttlsi
2518 2240 2614 2294 per
2637 2224 2804 2281 diem.
2833 2226 3085 2296 Sequitur
3122 2232 3266 2298 ergo
3302 2235 3362 2282 et
3385 2226 3558 2282 dieit:
3584 2224 3645 2280 Et

2042 2316 2156 2382 erit,
2187 2331 2302 2370 eum
2329 2317 2478 2386 fuerit
2496 2316 2650 2372 nubes
2683 2333 2715 2371 a
2750 2333 2964 2389 vespera
2986 2327 3147 2389 usque
3177 2325 3374 2384 "sane,
3393 2327 3444 2373 et
3475 2333 3642 2372 ascen-

2043 2408 2170 2462 derit
2195 2407 2354 2464 uubes
2376 2421 2542 2473 mane,
2567 2419 2616 2464 et
2638 2411 2996 2481 promovebant
3028 2412 3137 2466 dte.
3170 2411 3402 2468 Hic-illa
3435 2410 3640 2481 copula-

2044 2502 2148 2557 tiva
2191 2502 2496 2572 coniunctio
2535 2519 2686 2560 more
2710 2504 2999 2576 Scriptura:
3029 2506 3214 2575 posita
3255 2514 3366 2561 est.
3417 2505 3548 2561 Nam
3583 2499 3640 2560 ei

361 2595 452 2649 lilii
478 2594 663 2651 Israel.

426 2685 541 2739 lloc
576 2692 754 2740 autem
792 2691 959 2740 totum
1000 2683 1140 2755 quod
1181 2685 1477 2752 faciebant,
1510 2685 1577 2740 ad
1618 2695 1938 2758 prmccptum

355 2777 563 2830 Domini
605 2775 876 2841 referens,
916 2777 988 2832 ita
1030 2777 1439 2846 complectitur:
1476 2775 1577 2831 Per
1603 2787 1935 2849 prwceptum,

355 2869 542 2938 inquit,
575 2867 784 2922 Domini
823 2877 988 2924 castra
1025 2868 1339 2924 collocabant
1386 2868 1482 2938 ﬁlii
1522 2867 1725 2935 Israel,
1765 2877 1810 2923 et
1852 2885 1941 2940 per

357 2958 662 3030 priveeptam
689 2957 899 3013 Domini
938 2960 1318 3028 promovebant.
1364 2957 1693 3028 Praeceptum
1730 2957 1940 3012 Domini

353 3050 585 3119 appellat
605 3051 810 3121 signum
839 3049 1012 3120 ipsum
1041 3050 1182 3120 quod
1204 3051 1365 3104 liebat
1402 3050 1452 3104 in
1470 3049 1624 3104 nube
1643 3090 1658 3116 ,
1685 3049 1797 3104 sive
1817 3065 1938 3104 cum

355 3151 520 3200 staret
557 3143 883 3198 obumbrans
922 3143 1319 3198 tabernaculum
1345 3183 1361 3210 ,
1396 3150 1453 3196 ut
1483 3149 1655 3196 castra
1680 3141 1939 3196 consiste-

355 3246 506 3301 rent;
549 3236 662 3292 sive
708 3250 831 3291 cum
859 3235 1224 3301 ascendisset,
1252 3243 1414 3304 atque
1454 3234 1588 3288 ultra
1614 3241 1936 3302 moveretur,

355 3333 416 3382 ut
440 3343 559 3384 eam
583 3327 805 3384 elevatis
833 3327 1025 3396 castris
1063 3335 1435 3397 sequerentur.
1476 3325 1696 3382 Mutavit
1728 3341 1857 3381 sane
1887 3327 1939 3381 in

353 3417 456 3476 hac
496 3418 758 3476 sententia
788 3419 1052 3474 narrantis
1079 3416 1318 3485 modum,
1365 3427 1421 3474 et
1455 3427 1703 3489 tanquam
1745 3416 1940 3488 prtedi-

353 3527 482 3567 cens
507 3521 665 3584 atque
692 3512 1052 3582 praenuntians
1093 3512 1256 3570 verba
1279 3510 1439 3566 futuri
1470 3512 1721 3580 temporis
1743 3511 1941 3566 habere

353 3603 532 3673 coepit.
563 3603 745 3674 Neque
772 3604 914 3659 enim
941 3605 1037 3671 ait,
1069 3602 1174 3659 Per
1203 3613 1510 3675 ρτωσεριιιιη
1539 3602 1746 3658 Domini
1773 3613 1940 3659 castra

353 3694 809 3765 collombantﬁlii
834 3694 1034 3760 Israel;
1060 3695 1179 3764 sed,
1206 3694 1560 3751 collocabant:
1598 3711 1696 3752 nec
1719 3697 1814 3762 ait,
1851 3712 1941 3766 per

353 3796 658 3858 pra'ceptum
701 3788 906 3844 Domini
944 3788 1351 3859 promovebant;
1394 3789 1520 3860 sed,
1561 3791 1937 3860 promovebant.

323 3949 326 3952 ἢ
353 3877 425 3934 Et
453 3877 592 3934 banc
615 3879 831 3935 modum
858 3880 1095 3935 etiamin
1133 3881 1581 3950 consequentibus
1608 3890 1817 3947 servat,
1847 3883 1936 3952 qui

353 3964 545 4024 modus
588 3988 638 4024 tn
681 3969 968 4039 Scripturis
1008 3979 1090 4025 est
1124 3970 1574 4025 inusitatissimus.
1601 3970 1732 4028 Nam
1763 3972 1939 4029 verbis

323 4048 610 4132 ‘prmteriti
663 4063 916 4134 temporis
965 4077 1109 4134 sirpe
1161 4063 1338 4117 futura
1387 4063 1636 4132 praedicta
1682 4081 1801 4122 esse
1841 4082 1938 4122 no-

355 4149 561 4217 vimus;
617 4149 754 4205 sicut
795 4159 905 4218 est,
960 4125 1233 4230 lialderu'nt
1284 4153 1463 4206 manus
1507 4170 1643 4209 meas
1695 4153 1740 4209 et
1787 4158 1938 4228 pedes

358 4241 379 4314 (
400 4239 543 4297 Psal.
581 4258 705 4308 xm,
757 4235 880 4313 l7);
918 4225 998 4310 si,
1040 4225 1187 4297 Sicul
1220 4243 1326 4298 ovis
1367 4241 1436 4297 ad
1468 4225 1830 4301 immolandum
1869 4242 1937 4304 du

353 4344 462 4389 ctus
500 4343 570 4389 est
615 4329 784 4409 (Isai.
831 4331 940 4403 ιω,
975 4321 1081 4408 7);
1122 4323 1172 4391 ei
1219 4331 1617 4393 innumerabilia
1659 4332 1781 4396 talia
1820 4359 1832 4395 :
1881 4335 1938 4397 ut

352 4438 527 4484 autem
549 4423 797 4502 narrator
823 4444 998 4483 rerum
1048 4423 1316 4500 gestarum
1370 4429 1549 4486 verbis
1589 4426 1764 4488 utatur
1805 4443 1935 4489 tctn-

353 4521 500 4589 poris
534 4519 690 4574 futuri
711 4519 877 4586 ,Sicut
913 4511 1014 4577 hoc
1040 4509 1186 4591 loco,
1211 4517 1526 4581 difﬁcillime
1560 4524 1613 4580 in
1651 4525 1935 4598 Scripturis

351 4611 574 4666 inveniri
609 4611 800 4681 potest.
1089 4685 1091 4688 p
1173 4682 1178 4694 ‘

423 4701 565 4773 Ergo
588 4701 929 4776 posteaquam
955 4693 1124 4784 dixit,
1153 4697 1221 4763 de
1243 4705 1332 4764 die
1357 4717 1412 4764 et
1431 4719 1622 4780 nocte,
1652 4727 1757 4783 quo
1783 4714 1932 4785 signo

306 4789 323 4862 Τ
349 4795 687 4868 promoveret
716 4799 958 4869 populus,
989 4792 1071 4855 vel
1093 4791 1368 4878 maneret;
1406 4819 1474 4859 ne
1500 4813 1817 4876 putarentur
1839 4822 1933 4876 per

311 4885 315 4890 ⁷
346 4885 557 4944 noctein
583 4879 855 4945 ambulare
883 4900 935 4945 et
958 4908 1051 4962 per
1079 4881 1219 4948 diem
1240 4893 1414 4952 solere
1442 4897 1742 4967 considere,
1772 4907 1931 4972 atque

347 4981 449 5036 hoc
479 4975 665 5036 diebus‘
695 4973 942 5036 omnibus
963 4981 1170 5050 facere,
1200 4976 1416 5041 secutus
1439 4985 1715 5058 adjnnxit,
1742 4998 1798 5045 et
1821 4989 1926 5058 ait,

349 5070 534 5128 Omnes
560 5067 664 5126 dies
683 5072 737 5126 in
765 5070 940 5150 quibus
965 5065 1224 5150 obumbrat
1260 5069 1414 5132 nubes
1444 5094 1598 5148 super
1627 5061 1928 5135 tabernacul—

342 5164 470 5230 lum,
495 5163 546 5217 in
572 5162 747 5217 castris
777 5161 920 5218 erant
945 5159 1040 5234 ﬁlii
1072 5152 1238 5221 Israel
1255 5185 1275 5235 ;
1303 5178 1350 5222 et
1386 5169 1588 5242 quando
1625 5163 1930 5242 protraxerit

341 5255 495 5310 nubes
519 5244 668 5327 super
683 5243 1059 5312 tabernaculum
1078 5243 1182 5312 dies
1197 5241 1389 5334 plures.
1402 5239 1611 5317 Deinde
1625 5239 1928 5322 admonens

340 5360 449 5403 non
479 5345 579 5402 hoc
599 5349 663 5421 ex
708 5339 918 5402 illorum
955 5347 1272 5426 necessitate
1313 5347 1573 5426 [leri,sed
1604 5345 1676 5426 rex
1710 5352 1800 5410 Dei
1831 5373 1925 5410 vo-

340 5435 576 5503 luntate,
603 5419 690 5522 Ἐἰ
734 5436 1042 5504 custodiant,
1309 5417 1612 5520 ﬁlii'vlsrae‘l
1647 5441 1927 5502 custodiam

338 5525 458 5595 Dei,
493 5527 543 5582 id
583 5519 694 5595 est,
739 5527 1033 5583 Custodiam
1079 5525 1235 5601 quam
1257 5519 1515 5607 ~pt‘u‘cepil
1547 5527 1718 5604 Deus;
1750 5527 1797 5592 et
1823 5556 1924 5594 non

340 5616 717 5690 promovebant.
735 5620 798 5674 Et
820 5619 1068 5691 tanquam
1098 5613 1383 5692 diceretur,
1407 5625 1628 5695 Quando
1653 5646 1779 5702 ergo
1801 5647 1924 5702 pro-

399 5755 932 5832 ξξεὲρίέξιὲἓέιξιεειίεῆον
945 5771 1154 5832 omne
1166 5758 1228 5809 iis
1248 5759 1452 5832 interim
1469 5765 1762 5832 concordant.
1781 5766 1921 5832 editi.

333 5816 420 5882 qut
440 5816 535 5866 hoc
555 5822 742 5870 tantum
762 5817 868 5875 loco
883 5816 1091 5888 habent;
1106 5829 1153 5875 et
1174 5835 1286 5876 cum
1299 5822 1370 5878 sic
1387 5823 1655 5883 ascenderit
1674 5825 1838 5882 nubes.

2043 2593 2281 2650 detracta
2319 2595 2508 2665 plenus
2545 2603 2629 2651 est
2667 2611 2856 2652 sensus
2886 2595 2990 2653 hoc
3015 2597 3182 2652 modo
3214 2614 3230 2650 :
3264 2595 3340 2651 Et
3377 2597 3508 2662 erit,
3535 2609 3635 2650 eant

2044 2687 2194 2757 fuerit
2213 2686 2367 2742 nubes
2393 2703 2426 2740 a
2453 2701 2658 2758 vespera
2682 2703 2840 2760 usque
2873 2705 3040 2754 mane,
3072 2696 3119 2743 et
3160 2689 3460 2743 ascenderit
3491 2685 3634 2741 nubes

2044 2793 2212 2845 mane,
2239 2777 2600 2850 promovebant
2623 2777 2722 2832 die.
2754 2778 2958 2834 Deinde
2981 2779 3102 2849 quia
3126 2788 3185 2834 et
3218 2786 3386 2834 nocte
3410 2779 3455 2834 si
3482 2779 3633 2846 nubes

2044 2871 2359 2925 ascenderet
2381 2869 2800 2940 promovebant,
2824 2878 2983 2940 atque
3014 2869 3114 2925 iter
3149 2877 3484 2926 nocturnam
3509 2868 3550 2921 si
3576 2867 3631 2920 il-

2043 2959 2135 3015 lud
2167 2962 2375 3030 signum
2415 2961 2723 3032 acciperent
2747 2961 2975 3031 agebant
2994 3003 3009 3027 ,
3035 2960 3292 3031 adiunxit
3317 2967 3380 3017 et
3403 2960 3476 3013 ait
3509 2976 3522 3012 :
3555 2954 3634 3012 Vel

2045 3061 2190 3106 nocte
2214 3061 2262 3106 et
2289 3053 2332 3106 si
2365 3053 2644 3107 ascenderit
2669 3053 2823 3108 nubes
2843 3093 2858 3120 ,
2886 3051 3277 3125 promovebant.
3307 3050 3416 3108 Sed
3449 3047 3630 3105 locutio

2045 3154 2130 3200 est
2154 3144 2454 3200 inusitatiOr
2481 3163 2496 3200 :
2522 3155 2630 3200 non
2652 3145 2795 3200 enim
2819 3155 3020 3201 tantum
3050 3144 3292 3215 pbsitntn
3316 3150 3423 3208 est,
3450 3151 3530 3206 et;
3547 3137 3628 3194 sed

2044 3252 2110 3292 eo
2141 3252 2289 3292 more
2309 3236 2537 3308 positum
2560 3245 2662 3304 est,
2691 3253 2796 3308 quo
2825 3253 2930 3292 non
2958 3238 3112 3294 solet.
3153 3235 3312 3293 Unde
3344 3233 3473 3290 mibi
3497 3231 3629 3288 vide-

2045 3337 2132 3385 tur
2156 3337 2568 3399 prmposteratus
2593 3328 2728 3384 ordo
2756 3328 3073 3393 verborum,
3106 3329 3255 3384 sicut
3302 3338 3450 3394 sape
3491 3331 3542 3379 et
3578 3322 3623 3376 in

2043 3421 2224 3477 latinis
2242 3420 2594 3476 locationibus
2622 3419 2738 3478 lteri
2759 3423 2925 3477 solet:
2949 3419 3092 3490 quod
3111 3435 3291 3490 genus
3309 3412 3622 3484 antistrophe

2044 3512 2257 3569 dicitur.
2280 3513 2511 3569 Proinde
2537 3515 2582 3568 si
2611 3514 2683 3570 ita
2708 3512 2934 3580 dicatur,
2957 3512 3034 3567 vel
3057 3521 3104 3567 et
3126 3521 3278 3567 nocte
3298 3511 3344 3564 si
3363 3504 3622 3565 ascertderit

2044 3606 2218 3674 nubes,
2245 3607 2639 3677 promovebant;
2667 3615 2759 3662 aut
2781 3616 2928 3662 certe
2948 3607 3040 3673 ita,
3068 3606 3112 3661 si
3135 3615 3188 3660 et
3219 3613 3366 3659 nocte
3396 3599 3616 3657 ascende-

2044 3697 2111 3753 rit
2131 3695 2308 3761 nubes,
2327 3697 2703 3767 promovebant,
2735 3696 3078 3766 planissimus
3097 3709 3300 3752 sensus
3324 3702 3426 3750 est.

2116 3790 2301 3847 Adhuc
2324 3799 2501 3848 autem
2538 3790 2851 3847 occurrebat
2891 3788 3171 3860 cogitanti,
3206 3797 3264 3849 ut
3303 3785 3439 3842 scire
3477 3789 3616 3838 ve..et

2045 3894 2226 3942 utrum
2259 3885 2528 3956 quomodo
2568 3885 2836 3956 cognitum
2873 3894 2967 3940 est.
2992 3884 3168 3942 solere
3216 3883 3341 3939 illos
3377 3879 3440 3950 ad
3467 3876 3616 3934 nubis

2043 3979 2250 4050 signum
2294 3977 2481 4034 diebus
2521 3959 2852 4034 et'noctibus
2892 3976 3204 4043 ambulare,
3232 3975 3319 4031 vel
3360 3972 3536 4032 diebus
3567 3975 3612 4021 ct

2043 4071 2288 4126 noctibus
2316 4071 2370 4126 in
2398 4070 2772 4136 castris‘esse,
2801 4069 2873 4124 ita
2917 4069 3078 4124 etiam
3102 4068 3348 4124 solerent
3387 4078 3478 4134 per
3513 4061 3612 4116 dies

2043 4171 2251 4218 tantum
2275 4173 2513 4229 manere,
2541 4160 2703 4217 etiam
2728 4174 2952 4231 quorum
2982 4160 3236 4216 noctibus
3260 4156 3604 4214 ambulat-ent:

2042 4254 2185 4325 quod
2208 4255 2438 4310 arbitror
2464 4252 2791 4323 Scriptorum
2814 4253 2864 4308 in
2885 4253 3339 4323 consequentibus
3353 4249 3608 4307 intimasse

2041 4349 2162 4400 eum
2203 4345 2365 4413 dicit,
2395 4344 2494 4400 Die
2521 4345 2598 4400 vel
2626 4351 2794 4400 mense
2817 4343 2946 4410 disi,
2971 4343 3263 4401 αιαηααπω
3293 4343 3419 4398 nube
3450 4337 3603 4395 obum-

2043 4437 2216 4491 brante
2243 4453 2392 4510 super
2416 4436 2583 4504 illud,
2613 4436 2668 4490 in
2695 4435 2872 4491 castris
2900 4445 3046 4490 erant
3082 4436 3178 4506 ﬁlii
3221 4433 3420 4504 Israel,
3449 4439 3492 4486 st
3516 4441 3602 4482 non

2039 4529 2416 4601 promovebant.
2453 4527 2585 4597 Quia
2609 4528 2751 4583 enim
2778 4527 3018 4594 dixerat,
3041 4529 3117 4582 vel
3141 4537 3289 4584 nocte
3312 4536 3360 4582 et
3377 4525 3421 4578 si
3443 4532 3598 4576 ascen-

2039 4621 2165 4676 derit
2186 4621 2359 4688 nubes,
2385 4621 2739 4693 premebant
2757 4637 2776 4688 ;
2798 4629 3050 4691 tanquam
3069 4622 3308 4677 restabat
3323 4628 3378 4674 ut
3397 4617 3596 4674 diceret.

2037 4714 2126 4771 die
2148 4725 2323 4771 autem
2349 4716 2396 4770 si
2419 4729 2528 4770 non
2551 4715 2873 4779 ascenderit,
2893 4729 3004 4769 non
3029 4715 3595 4784 promovebutit,-quan-

2037 4807 2108 4864 do
2134 4809 2284 4879 quasi
2313 4813 2629 4879 promovere
2653 4806 2854 4863 debere
2882 4806 3198 4861 videbantur
3221 4823 3234 4860 :
3257 4803 3350 4860 sed
3372 4798 3488 4872 quia
3503 4795 3594 4850 hoc

2036 4899 2196 4955 etiam
2225 4899 2412 4954 diebus
2438 4898 2677 4969 pluribus
2699 4896 2818 4952 ﬁeri
2857 4905 3095 4968 poterat,
3127 4904 3185 4951 ut
3223 4893 3455 4951 noctibus
3487 4900 3588 4941 am»-

2035 4990 2301 5057 bnlarent,
2326 4992 2672 5060 promovente
2689 4988 2852 5055 nube,
2874 4997 2929 5043 et
2953 5001 3016 5043 ea
3036 4998 3284 5044 manente
3299 4985 3478 5042 diebus
3492 4991 3590 5034 non

2034 5081 2386 5146 ambularent,-
2416 5081 2537 5136 ideo
2563 5081 2757 5151 posuit,
2778 5081 2860 5135 die
2879 5080 2960 5136 vel
2984 5097 3156 5136 mense
3321 5077 3429 5156 Non
3448 5070 3582 5133 dixit.

2035 5190 2237 5241 mense,
2262 5188 2329 5230 ne
2355 5173 2424 5228 ibi
2454 5182 2508 5230 et
2531 5183 2714 5230 noctes
2734 5174 2976 5246 ejusdem
2995 5175 3194 5232 mensis
3211 5174 3582 5244 acciperentur;
3611 5175 3628 5222 ί

2033 5266 2150 5333 sed,
2180 5270 2348 5321 tum
2371 5265 2492 5331 dici,
2517 5265 2571 5321 id
2593 5274 2680 5322 est
2706 5281 2894 5323 mense
2919 5279 2986 5322 ex
3010 5277 3072 5323 ea
3091 5275 3250 5337 parte
3271 5273 3366 5337 qus
3391 5262 3496 5318 dles
3515 5253 3578 5311 illi
3613 5255 3619 5264 '

2034 5358 2151 5425 luit,
2171 5363 2280 5412 non
2303 5371 2368 5413 ex
2385 5372 2453 5412 ea
2479 5369 2582 5428 qua
2609 5362 2736 5413 nos:
2759 5357 2858 5412 Die
2878 5364 2996 5429 ergo
3025 5359 3103 5412 vel
3126 5374 3288 5413 mense
3310 5353 3422 5417 disi,
3442 5349 3579 5404 dim-

2032 5450 2183 5504 dante
2211 5449 2340 5504 nube
2380 5449 2739 5514 obumbrante,
2766 5448 2820 5504 id
2845 5457 2957 5515 est,
2987 5447 3284 5504 abundante
3319 5446 3369 5501 in
3407 5441 3574 5497 obmné

2030 5539 2256 5606 brando,
2273 5539 2357 5596 vel
2377 5537 2732 5596 abundantius
2742 5539 3124 5607 obumbrante,
3145 5521 3572 5612 super-illudut!“

2030 5635 2234 5690 scilicet
2279 5633 2675 5689 tabernaculum
2695 5673 2711 5700 ,
2752 5634 2805 5688 in
2832 5635 3009 5688 castris
3034 5642 3180 5689 erant
3219 5629 3312 5702 ﬁlii
3335 5620 3488 5682 Israel
3497 5655 3508 5684 ι
3531 5619 3575 5670 α

2030 5745 2130 5784 non
2147 5727 2526 5808 promovebant.
2549 5725 2827 5782 Postremo
2849 5727 3082 5800 repetiit,
3103 5726 3275 5808 divina
3294 5715 3569 5808 attcth'llale

1917 5802 1922 5912 ἦ
2029 5799 2260 5892 tactum,”
2289 5801 2377 5879 cui
2414 5817 2593 5881 resisti
2633 5811 2816 5892 utique
2842 5799 2952 5884 non
2983 5799 3242 5891 debebat,
3269 5799 3563 5887 tum:
