  <div class='ocr_page' id='page_1' title='image "/cluster/home/n/w/nwhite01/storage/ocr_20150623/34/uva.x000826574/381.png"; bbox 0 0 3862 6344; ppageno 0'>
   <div class='ocr_carea' id='block_1_1' title="bbox 370 364 474 424">
    <p class='ocr_par' dir='ltr' id='par_1_1' title="bbox 370 364 474 424">
     <span class='ocr_line' id='line_1_1' title="bbox 370 364 474 424; baseline -0.019 0"><span class='ocrx_word' id='word_1_1' title='bbox 370 364 474 424; x_wconf 67' lang='grc'><strong>727</strong></span> 
     </span>
    </p>
   </div>
   <div class='ocr_carea' id='block_1_2' title="bbox 446 453 1962 551">
    <p class='ocr_par' dir='ltr' id='par_1_2' title="bbox 446 453 1962 551">
     <span class='ocr_line' id='line_1_2' title="bbox 446 453 1962 551; baseline -0.018 -15"><span class='ocrx_word' id='word_1_2' title='bbox 446 478 565 536; x_wconf 68' lang='lat' dir='ltr'><strong>XX.</strong></span> <span class='ocrx_word' id='word_1_3' title='bbox 608 475 707 551; x_wconf 85' lang='lat' dir='ltr'><strong>[lb.</strong></span> <span class='ocrx_word' id='word_1_4' title='bbox 730 489 825 538; x_wconf 81' lang='lat' dir='ltr'><strong>xu,</strong></span> <span class='ocrx_word' id='word_1_5' title='bbox 850 471 929 545; x_wconf 79' lang='grc'><strong>1.]</strong></span> <span class='ocrx_word' id='word_1_6' title='bbox 956 470 1030 526; x_wconf 91' lang='lat' dir='ltr'><strong>De</strong></span> <span class='ocrx_word' id='word_1_7' title='bbox 1058 482 1223 524; x_wconf 88' lang='lat' dir='ltr'><strong>uxore</strong></span> <span class='ocrx_word' id='word_1_8' title='bbox 1248 465 1413 537; x_wconf 81' lang='lat' dir='ltr'><strong>Moysi</strong></span> <span class='ocrx_word' id='word_1_9' title='bbox 1436 461 1765 551; x_wconf 63' lang='lat' dir='ltr'><strong>Ethiopissa</strong></span> <span class='ocrx_word' id='word_1_10' title='bbox 1794 453 1962 551; x_wconf 74' lang='lat' dir='ltr'><strong>quzeri</strong></span> 
     </span>
    </p>
   </div>
   <div class='ocr_carea' id='block_1_3' title="bbox 375 549 1963 634">
    <p class='ocr_par' dir='ltr' id='par_1_3' title="bbox 375 549 1963 634">
     <span class='ocr_line' id='line_1_3' title="bbox 375 549 1963 634; baseline -0.016 -8"><span class='ocrx_word' id='word_1_11' title='bbox 375 572 535 633; x_wconf 84' lang='lat' dir='ltr'><strong>solet,</strong></span> <span class='ocrx_word' id='word_1_12' title='bbox 565 549 739 623; x_wconf 82' lang='lat' dir='ltr'><strong>utrum</strong></span> <span class='ocrx_word' id='word_1_13' title='bbox 775 565 887 634; x_wconf 89' lang='lat' dir='ltr'><strong>ipsa</strong></span> <span class='ocrx_word' id='word_1_14' title='bbox 915 562 985 617; x_wconf 97' lang='lat' dir='ltr'><strong>sit</strong></span> <span class='ocrx_word' id='word_1_15' title='bbox 1011 559 1116 615; x_wconf 90' lang='lat' dir='ltr'><strong>filia</strong></span> <span class='ocrx_word' id='word_1_16' title='bbox 1144 557 1361 621; x_wconf 80' lang='lat' dir='ltr'><strong>Jotbor,</strong></span> <span class='ocrx_word' id='word_1_17' title='bbox 1392 570 1459 610; x_wconf 88' lang='lat' dir='ltr'><strong>an</strong></span> <span class='ocrx_word' id='word_1_18' title='bbox 1488 554 1709 609; x_wconf 89' lang='lat' dir='ltr'><strong>alteram</strong></span> <span class='ocrx_word' id='word_1_19' title='bbox 1736 549 1963 612; x_wconf 87' lang='lat' dir='ltr'><strong>duxerit,</strong></span> 
     </span>
    </p>
   </div>
   <div class='ocr_carea' id='block_1_4' title="bbox 373 640 1968 727">
    <p class='ocr_par' dir='ltr' id='par_1_4' title="bbox 373 640 1968 727">
     <span class='ocr_line' id='line_1_4' title="bbox 373 640 1968 727; baseline -0.011 -15"><span class='ocrx_word' id='word_1_20' title='bbox 373 660 459 716; x_wconf 85' lang='lat' dir='ltr'><strong>vel</strong></span> <span class='ocrx_word' id='word_1_21' title='bbox 489 655 859 727; x_wconf 88' lang='lat' dir='ltr'><strong>superduxerit</strong></span> <span class='ocrx_word' id='word_1_22' title='bbox 889 671 902 708; x_wconf 92' lang='lat'>:</span> <span class='ocrx_word' id='word_1_23' title='bbox 932 651 1026 707; x_wconf 91' lang='lat' dir='ltr'><strong>sed</strong></span> <span class='ocrx_word' id='word_1_24' title='bbox 1066 652 1236 721; x_wconf 85' lang='lat' dir='ltr'><strong>ipsam</strong></span> <span class='ocrx_word' id='word_1_25' title='bbox 1275 647 1437 702; x_wconf 87' lang='lat' dir='ltr'><strong>fuisse</strong></span> <span class='ocrx_word' id='word_1_26' title='bbox 1461 643 1718 701; x_wconf 85' lang='lat' dir='ltr'><strong>credibile</strong></span> <span class='ocrx_word' id='word_1_27' title='bbox 1755 650 1839 696; x_wconf 90' lang='lat' dir='ltr'><strong>est</strong></span> <span class='ocrx_word' id='word_1_28' title='bbox 1862 658 1875 695; x_wconf 90' lang='lat'><strong>:</strong></span> <span class='ocrx_word' id='word_1_29' title='bbox 1898 640 1968 695; x_wconf 91' lang='lat' dir='ltr'><strong>de</strong></span> 
     </span>
    </p>
   </div>
   <div class='ocr_carea' id='block_1_5' title="bbox 375 734 1967 817">
    <p class='ocr_par' dir='ltr' id='par_1_5' title="bbox 375 734 1967 817">
     <span class='ocr_line' id='line_1_5' title="bbox 375 734 1967 817; baseline -0.011 -10"><span class='ocrx_word' id='word_1_30' title='bbox 375 749 673 807; x_wconf 80' lang='lat' dir='ltr'><strong>Madianitis</strong></span> <span class='ocrx_word' id='word_1_31' title='bbox 711 748 903 817; x_wconf 82' lang='lat' dir='ltr'><strong>quippe</strong></span> <span class='ocrx_word' id='word_1_32' title='bbox 927 752 1072 811; x_wconf 90' lang='lat' dir='ltr'><strong>erat,</strong></span> <span class='ocrx_word' id='word_1_33' title='bbox 1101 743 1191 814; x_wconf 88' lang='lat' dir='ltr'><strong>qui</strong></span> <span class='ocrx_word' id='word_1_34' title='bbox 1234 742 1571 812; x_wconf 89' lang='lat' dir='ltr'><strong>reperiuntur</strong></span> <span class='ocrx_word' id='word_1_35' title='bbox 1608 738 1662 791; x_wconf 92' lang='lat' dir='ltr'><strong>in</strong></span> <span class='ocrx_word' id='word_1_36' title='bbox 1693 734 1967 805; x_wconf 88' lang='lat' dir='ltr'><strong>Paralipo-</strong></span> 
     </span>
    </p>
   </div>
   <div class='ocr_carea' id='block_1_6' title="bbox 375 825 1973 907">
    <p class='ocr_par' dir='ltr' id='par_1_6' title="bbox 375 825 1973 907">
     <span class='ocr_line' id='line_1_6' title="bbox 375 825 1973 907; baseline -0.011 -11"><span class='ocrx_word' id='word_1_37' title='bbox 375 855 569 896; x_wconf 93' lang='lat' dir='ltr'><strong>menon</strong></span> <span class='ocrx_word' id='word_1_38' title='bbox 598 838 879 907; x_wconf 60' lang='lat' dir='ltr'><strong>IEtltiopes</strong></span> <span class='ocrx_word' id='word_1_39' title='bbox 920 835 1080 901; x_wconf 91' lang='lat' dir='ltr'><strong>dicti,</strong></span> <span class='ocrx_word' id='word_1_40' title='bbox 1108 832 1321 905; x_wconf 87' lang='lat' dir='ltr'><strong>quando</strong></span> <span class='ocrx_word' id='word_1_41' title='bbox 1349 841 1535 887; x_wconf 89' lang='lat' dir='ltr'><strong>contra</strong></span> <span class='ocrx_word' id='word_1_42' title='bbox 1582 844 1675 885; x_wconf 89' lang='lat' dir='ltr'><strong>eos</strong></span> <span class='ocrx_word' id='word_1_43' title='bbox 1717 825 1973 899; x_wconf 77' lang='lat' dir='ltr'><strong>pugnavit</strong></span> 
     </span>
    </p>
   </div>
   <div class='ocr_carea' id='block_1_7' title="bbox 376 922 1972 1001">
    <p class='ocr_par' dir='ltr' id='par_1_7' title="bbox 376 922 1972 1001">
     <span class='ocr_line' id='line_1_7' title="bbox 376 922 1972 1001; baseline -0.009 -15"><span class='ocrx_word' id='word_1_44' title='bbox 376 929 650 1001; x_wconf 85' lang='lat' dir='ltr'><strong>Josapbat.</strong></span> <span class='ocrx_word' id='word_1_45' title='bbox 693 927 823 982; x_wconf 85' lang='lat' dir='ltr'><strong>Nam</strong></span> <span class='ocrx_word' id='word_1_46' title='bbox 855 928 908 982; x_wconf 91' lang='lat' dir='ltr'><strong>in</strong></span> <span class='ocrx_word' id='word_1_47' title='bbox 934 926 1017 981; x_wconf 86' lang='lat' dir='ltr'><strong>bis</strong></span> <span class='ocrx_word' id='word_1_48' title='bbox 1045 924 1177 980; x_wconf 90' lang='lat' dir='ltr'><strong>locis</strong></span> <span class='ocrx_word' id='word_1_49' title='bbox 1203 922 1397 979; x_wconf 87' lang='lat' dir='ltr'><strong>dicitur</strong></span> <span class='ocrx_word' id='word_1_50' title='bbox 1417 935 1512 976; x_wconf 90' lang='lat' dir='ltr'><strong>eos</strong></span> <span class='ocrx_word' id='word_1_51' title='bbox 1536 927 1848 990; x_wconf 89' lang='lat' dir='ltr'><strong>persecutus</strong></span> <span class='ocrx_word' id='word_1_52' title='bbox 1874 932 1972 986; x_wconf 78' lang='lat' dir='ltr'><strong>po-</strong></span> 
     </span>
    </p>
   </div>
   <div class='ocr_carea' id='block_1_8' title="bbox 386 1010 1968 1095">
    <p class='ocr_par' dir='ltr' id='par_1_8' title="bbox 386 1010 1968 1095">
     <span class='ocr_line' id='line_1_8' title="bbox 386 1010 1968 1095; baseline -0.009 -16"><span class='ocrx_word' id='word_1_53' title='bbox 386 1024 544 1095; x_wconf 88' lang='lat' dir='ltr'><strong>pulus</strong></span> <span class='ocrx_word' id='word_1_54' title='bbox 580 1022 771 1086; x_wconf 91' lang='lat' dir='ltr'><strong>Israel,</strong></span> <span class='ocrx_word' id='word_1_55' title='bbox 798 1019 886 1075; x_wconf 89' lang='lat' dir='ltr'><strong>ubi</strong></span> <span class='ocrx_word' id='word_1_56' title='bbox 926 1018 1224 1073; x_wconf 72' lang='lat' dir='ltr'><strong>Madianittn</strong></span> <span class='ocrx_word' id='word_1_57' title='bbox 1261 1015 1501 1071; x_wconf 84' lang='lat' dir='ltr'><strong>habitant</strong></span> <span class='ocrx_word' id='word_1_58' title='bbox 1527 1013 1606 1085; x_wconf 92' lang='lat' dir='ltr'><strong>(Il</strong></span> <span class='ocrx_word' id='word_1_59' title='bbox 1632 1010 1812 1066; x_wconf 86' lang='lat' dir='ltr'><strong>Paral.</strong></span> <span class='ocrx_word' id='word_1_60' title='bbox 1848 1025 1968 1077; x_wconf 77' lang='lat' dir='ltr'><strong>xw,</strong></span> 
     </span>
    </p>
   </div>
   <div class='ocr_carea' id='block_1_9' title="bbox 381 1103 1971 1186">
    <p class='ocr_par' dir='ltr' id='par_1_9' title="bbox 381 1103 1971 1186">
     <span class='ocr_line' id='line_1_9' title="bbox 381 1103 1971 1186; baseline -0.011 -13"><span class='ocrx_word' id='word_1_61' title='bbox 381 1115 572 1186; x_wconf 70' lang='grc'><strong>9-14),</strong></span> <span class='ocrx_word' id='word_1_62' title='bbox 601 1114 690 1184; x_wconf 89' lang='lat' dir='ltr'><strong>qui</strong></span> <span class='ocrx_word' id='word_1_63' title='bbox 718 1126 857 1168; x_wconf 92' lang='lat' dir='ltr'><strong>nunc</strong></span> <span class='ocrx_word' id='word_1_64' title='bbox 879 1110 1131 1165; x_wconf 85' lang='lat' dir='ltr'><strong>Saraceni</strong></span> <span class='ocrx_word' id='word_1_65' title='bbox 1161 1107 1518 1180; x_wconf 82' lang='lat' dir='ltr'><strong>appellantur.</strong></span> <span class='ocrx_word' id='word_1_66' title='bbox 1557 1103 1665 1161; x_wconf 85' lang='lat' dir='ltr'><strong>Sed</strong></span> <span class='ocrx_word' id='word_1_67' title='bbox 1708 1116 1849 1158; x_wconf 91' lang='lat' dir='ltr'><strong>nunc</strong></span> <span class='ocrx_word' id='word_1_68' title='bbox 1875 1116 1971 1157; x_wconf 91' lang='lat' dir='ltr'><strong>eos</strong></span> 
     </span>
    </p>
   </div>
   <div class='ocr_carea' id='block_1_10' title="bbox 380 1194 1974 1275">
    <p class='ocr_par' dir='ltr' id='par_1_10' title="bbox 380 1194 1974 1275">
     <span class='ocr_line' id='line_1_10' title="bbox 380 1194 1974 1275; baseline -0.01 -12"><span class='ocrx_word' id='word_1_69' title='bbox 380 1206 664 1275; x_wconf 67' lang='lat' dir='ltr'><strong>JEtbiopes</strong></span> <span class='ocrx_word' id='word_1_70' title='bbox 693 1217 851 1259; x_wconf 88' lang='lat' dir='ltr'><strong>nemo</strong></span> <span class='ocrx_word' id='word_1_71' title='bbox 881 1201 992 1257; x_wconf 74' lang='lat' dir='ltr'><strong>fere</strong></span> <span class='ocrx_word' id='word_1_72' title='bbox 1015 1200 1268 1270; x_wconf 82' lang='lat' dir='ltr'><strong>appellat,</strong></span> <span class='ocrx_word' id='word_1_73' title='bbox 1290 1198 1429 1253; x_wconf 88' lang='lat' dir='ltr'><strong>sicut</strong></span> <span class='ocrx_word' id='word_1_74' title='bbox 1451 1195 1637 1269; x_wconf 69' lang='lat' dir='ltr'><strong>solent</strong></span> <span class='ocrx_word' id='word_1_75' title='bbox 1659 1194 1895 1249; x_wconf 89' lang='lat' dir='ltr'><strong>locorum</strong></span> <span class='ocrx_word' id='word_1_76' title='bbox 1916 1199 1974 1247; x_wconf 89' lang='lat' dir='ltr'><strong>et</strong></span> 
     </span>
    </p>
   </div>
   <div class='ocr_carea' id='block_1_11' title="bbox 383 1287 1731 1368">
    <p class='ocr_par' dir='ltr' id='par_1_11' title="bbox 383 1287 1731 1368">
     <span class='ocr_line' id='line_1_11' title="bbox 383 1287 1731 1368; baseline -0.009 -15"><span class='ocrx_word' id='word_1_77' title='bbox 383 1297 617 1368; x_wconf 89' lang='lat' dir='ltr'><strong>gentium</strong></span> <span class='ocrx_word' id='word_1_78' title='bbox 648 1295 860 1349; x_wconf 90' lang='lat' dir='ltr'><strong>nomina</strong></span> <span class='ocrx_word' id='word_1_79' title='bbox 887 1293 1201 1363; x_wconf 91' lang='lat' dir='ltr'><strong>plerumque</strong></span> <span class='ocrx_word' id='word_1_80' title='bbox 1226 1296 1488 1345; x_wconf 83' lang='lat' dir='ltr'><strong>vetustate</strong></span> <span class='ocrx_word' id='word_1_81' title='bbox 1516 1287 1731 1343; x_wconf 88' lang='lat' dir='ltr'><strong>mutari.</strong></span> 
     </span>
    </p>
   </div>
   <div class='ocr_carea' id='block_1_12' title="bbox 453 1380 1976 1460">
    <p class='ocr_par' dir='ltr' id='par_1_12' title="bbox 453 1380 1976 1460">
     <span class='ocr_line' id='line_1_12' title="bbox 453 1380 1976 1460; baseline -0.007 -16"><span class='ocrx_word' id='word_1_82' title='bbox 453 1386 593 1444; x_wconf 79' lang='lat' dir='ltr'><strong>XXI.</strong></span> <span class='ocrx_word' id='word_1_83' title='bbox 624 1386 719 1460; x_wconf 93' lang='lat' dir='ltr'><strong>[lb.</strong></span> <span class='ocrx_word' id='word_1_84' title='bbox 745 1402 861 1452; x_wconf 74' lang='grc' dir='ltr'>χιιι,</span> <span class='ocrx_word' id='word_1_85' title='bbox 891 1383 1104 1455; x_wconf 75' lang='grc'><strong>18-26.]</strong></span> <span class='ocrx_word' id='word_1_86' title='bbox 1129 1383 1191 1437; x_wconf 85' lang='lat' dir='ltr'><strong>Et</strong></span> <span class='ocrx_word' id='word_1_87' title='bbox 1214 1383 1342 1437; x_wconf 77' lang='lat' dir='ltr'><strong>dixit</strong></span> <span class='ocrx_word' id='word_1_88' title='bbox 1368 1382 1436 1436; x_wconf 91' lang='lat' dir='ltr'><strong>ad</strong></span> <span class='ocrx_word' id='word_1_89' title='bbox 1462 1397 1566 1447; x_wconf 87' lang='lat' dir='ltr'><strong>eos,</strong></span> <span class='ocrx_word' id='word_1_90' title='bbox 1592 1380 1855 1435; x_wconf 81' lang='lat' dir='ltr'><strong>Ascendite</strong></span> <span class='ocrx_word' id='word_1_91' title='bbox 1877 1380 1976 1434; x_wconf 88' lang='lat' dir='ltr'><strong>ista</strong></span> 
     </span>
    </p>
   </div>
   <div class='ocr_carea' id='block_1_13' title="bbox 384 1470 1977 1544">
    <p class='ocr_par' dir='ltr' id='par_1_13' title="bbox 384 1470 1977 1544">
     <span class='ocr_line' id='line_1_13' title="bbox 384 1470 1977 1544; baseline -0.007 -9"><span class='ocrx_word' id='word_1_92' title='bbox 384 1495 549 1535; x_wconf 87' lang='lat' dir='ltr'><strong>eremo</strong></span> <span class='ocrx_word' id='word_1_93' title='bbox 568 1520 582 1544; x_wconf 92' lang='lat'><strong>,</strong></span> <span class='ocrx_word' id='word_1_94' title='bbox 605 1488 651 1532; x_wconf 88' lang='lat' dir='ltr'><strong>et</strong></span> <span class='ocrx_word' id='word_1_95' title='bbox 670 1475 948 1531; x_wconf 87' lang='lat' dir='ltr'><strong>ascendetis</strong></span> <span class='ocrx_word' id='word_1_96' title='bbox 988 1475 1040 1528; x_wconf 87' lang='lat' dir='ltr'><strong>in</strong></span> <span class='ocrx_word' id='word_1_97' title='bbox 1068 1483 1284 1528; x_wconf 81' lang='lat' dir='ltr'><strong>montem</strong></span> <span class='ocrx_word' id='word_1_98' title='bbox 1302 1513 1317 1537; x_wconf 92' lang='lat'><strong>,</strong></span> <span class='ocrx_word' id='word_1_99' title='bbox 1344 1480 1390 1527; x_wconf 89' lang='lat' dir='ltr'><strong>et</strong></span> <span class='ocrx_word' id='word_1_100' title='bbox 1410 1470 1633 1525; x_wconf 72' lang='lat' dir='ltr'><strong>videbitis</strong></span> <span class='ocrx_word' id='word_1_101' title='bbox 1656 1480 1840 1525; x_wconf 88' lang='lat' dir='ltr'><strong>terram</strong></span> <span class='ocrx_word' id='word_1_102' title='bbox 1862 1484 1977 1537; x_wconf 69' lang='lat' dir='ltr'><strong>quas</strong></span> 
     </span>
    </p>
   </div>
   <div class='ocr_carea' id='block_1_14' title="bbox 383 1546 1976 1639">
    <p class='ocr_par' dir='ltr' id='par_1_14' title="bbox 383 1546 1976 1639">
     <span class='ocr_line' id='line_1_14' title="bbox 383 1546 1976 1639; baseline -0.005 -15"><span class='ocrx_word' id='word_1_103' title='bbox 383 1570 450 1626; x_wconf 89' lang='lat' dir='ltr'><strong>sit</strong></span> <span class='ocrx_word' id='word_1_104' title='bbox 473 1611 489 1637; x_wconf 92' lang='lat'><strong>,</strong></span> <span class='ocrx_word' id='word_1_105' title='bbox 516 1546 567 1623; x_wconf 72' lang='lat' dir='ltr'><strong>et</strong></span> <span class='ocrx_word' id='word_1_106' title='bbox 592 1570 839 1639; x_wconf 81' lang='lat' dir='ltr'><strong>populum</strong></span> <span class='ocrx_word' id='word_1_107' title='bbox 865 1566 951 1637; x_wconf 85' lang='lat' dir='ltr'><strong>qui</strong></span> <span class='ocrx_word' id='word_1_108' title='bbox 976 1565 1159 1619; x_wconf 78' lang='lat' dir='ltr'><strong>insidet</strong></span> <span class='ocrx_word' id='word_1_109' title='bbox 1183 1580 1335 1634; x_wconf 89' lang='lat' dir='ltr'><strong>super</strong></span> <span class='ocrx_word' id='word_1_110' title='bbox 1358 1579 1469 1617; x_wconf 85' lang='lat' dir='ltr'><strong>eam</strong></span> <span class='ocrx_word' id='word_1_111' title='bbox 1489 1602 1505 1629; x_wconf 93' lang='lat'><strong>,</strong></span> <span class='ocrx_word' id='word_1_112' title='bbox 1533 1563 1579 1617; x_wconf 90' lang='lat' dir='ltr'><strong>si</strong></span> <span class='ocrx_word' id='word_1_113' title='bbox 1605 1562 1750 1633; x_wconf 80' lang='lat' dir='ltr'><strong>fortis</strong></span> <span class='ocrx_word' id='word_1_114' title='bbox 1777 1571 1851 1616; x_wconf 87' lang='lat' dir='ltr'><strong>est</strong></span> <span class='ocrx_word' id='word_1_115' title='bbox 1886 1570 1976 1616; x_wconf 89' lang='lat' dir='ltr'><strong>aut</strong></span> 
     </span>
    </p>
   </div>
   <div class='ocr_carea' id='block_1_15' title="bbox 385 1653 1975 1732">
    <p class='ocr_par' dir='ltr' id='par_1_15' title="bbox 385 1653 1975 1732">
     <span class='ocr_line' id='line_1_15' title="bbox 385 1653 1975 1732; baseline -0.007 -16"><span class='ocrx_word' id='word_1_116' title='bbox 385 1662 640 1732; x_wconf 78' lang='lat' dir='ltr'><strong>inﬁrmus,</strong></span> <span class='ocrx_word' id='word_1_117' title='bbox 666 1661 708 1714; x_wconf 84' lang='lat' dir='ltr'><strong>si</strong></span> <span class='ocrx_word' id='word_1_118' title='bbox 742 1659 889 1730; x_wconf 81' lang='lat' dir='ltr'><strong>pauci</strong></span> <span class='ocrx_word' id='word_1_119' title='bbox 919 1665 1035 1712; x_wconf 88' lang='lat' dir='ltr'><strong>sunt</strong></span> <span class='ocrx_word' id='word_1_120' title='bbox 1062 1665 1149 1709; x_wconf 92' lang='lat' dir='ltr'><strong>aut</strong></span> <span class='ocrx_word' id='word_1_121' title='bbox 1176 1655 1342 1709; x_wconf 83' lang='lat' dir='ltr'><strong>multi.</strong></span> <span class='ocrx_word' id='word_1_122' title='bbox 1374 1653 1697 1724; x_wconf 79' lang='lat' dir='ltr'><strong>Exposuisse</strong></span> <span class='ocrx_word' id='word_1_123' title='bbox 1722 1653 1975 1724; x_wconf 88' lang='lat' dir='ltr'><strong>intelligi-</strong></span> 
     </span>
    </p>
   </div>
   <div class='ocr_carea' id='block_1_16' title="bbox 387 1744 1978 1822">
    <p class='ocr_par' dir='ltr' id='par_1_16' title="bbox 387 1744 1978 1822">
     <span class='ocr_line' id='line_1_16' title="bbox 387 1744 1978 1822; baseline -0.008 -13"><span class='ocrx_word' id='word_1_124' title='bbox 387 1766 495 1822; x_wconf 85' lang='lat' dir='ltr'><strong>tur,</strong></span> <span class='ocrx_word' id='word_1_125' title='bbox 528 1751 817 1808; x_wconf 89' lang='lat' dir='ltr'><strong>sccundum</strong></span> <span class='ocrx_word' id='word_1_126' title='bbox 847 1750 972 1820; x_wconf 91' lang='lat' dir='ltr'><strong>quid</strong></span> <span class='ocrx_word' id='word_1_127' title='bbox 1002 1749 1216 1812; x_wconf 80' lang='lat' dir='ltr'><strong>dixerit,</strong></span> <span class='ocrx_word' id='word_1_128' title='bbox 1238 1747 1280 1802; x_wconf 90' lang='lat' dir='ltr'><strong>si</strong></span> <span class='ocrx_word' id='word_1_129' title='bbox 1301 1754 1473 1817; x_wconf 82' lang='lat' dir='ltr'><strong>potem</strong></span> <span class='ocrx_word' id='word_1_130' title='bbox 1498 1754 1571 1799; x_wconf 87' lang='lat' dir='ltr'><strong>est</strong></span> <span class='ocrx_word' id='word_1_131' title='bbox 1597 1752 1687 1798; x_wconf 89' lang='lat' dir='ltr'><strong>aut</strong></span> <span class='ocrx_word' id='word_1_132' title='bbox 1710 1744 1941 1813; x_wconf 79' lang='lat' dir='ltr'><strong>inﬁrmus</strong></span> <span class='ocrx_word' id='word_1_133' title='bbox 1956 1760 1978 1809; x_wconf 89' lang='lat'><strong>;</strong></span> 
     </span>
    </p>
   </div>
   <div class='ocr_carea' id='block_1_17' title="bbox 388 1834 1978 1913">
    <p class='ocr_par' dir='ltr' id='par_1_17' title="bbox 388 1834 1978 1913">
     <span class='ocr_line' id='line_1_17' title="bbox 388 1834 1978 1913; baseline -0.006 -13"><span class='ocrx_word' id='word_1_134' title='bbox 388 1846 492 1900; x_wconf 86' lang='lat' dir='ltr'><strong>hoc</strong></span> <span class='ocrx_word' id='word_1_135' title='bbox 512 1852 613 1907; x_wconf 88' lang='lat' dir='ltr'><strong>est,</strong></span> <span class='ocrx_word' id='word_1_136' title='bbox 628 1842 670 1896; x_wconf 87' lang='lat' dir='ltr'><strong>si</strong></span> <span class='ocrx_word' id='word_1_137' title='bbox 694 1842 842 1913; x_wconf 83' lang='lat' dir='ltr'><strong>pauci</strong></span> <span class='ocrx_word' id='word_1_138' title='bbox 864 1848 980 1895; x_wconf 90' lang='lat' dir='ltr'><strong>sunt</strong></span> <span class='ocrx_word' id='word_1_139' title='bbox 1004 1848 1092 1893; x_wconf 89' lang='lat' dir='ltr'><strong>aut</strong></span> <span class='ocrx_word' id='word_1_140' title='bbox 1118 1836 1284 1893; x_wconf 88' lang='lat' dir='ltr'><strong>multi.</strong></span> <span class='ocrx_word' id='word_1_141' title='bbox 1307 1836 1440 1892; x_wconf 86' lang='lat' dir='ltr'><strong>Nam</strong></span> <span class='ocrx_word' id='word_1_142' title='bbox 1464 1834 1732 1907; x_wconf 85' lang='lat' dir='ltr'><strong>quomodo</strong></span> <span class='ocrx_word' id='word_1_143' title='bbox 1757 1845 1978 1906; x_wconf 83' lang='lat' dir='ltr'><strong>possent</strong></span> 
     </span>
    </p>
   </div>
   <div class='ocr_carea' id='block_1_18' title="bbox 388 1926 1975 2003">
    <p class='ocr_par' dir='ltr' id='par_1_18' title="bbox 388 1926 1975 2003">
     <span class='ocr_line' id='line_1_18' title="bbox 388 1926 1975 2003; baseline -0.008 -11"><span class='ocrx_word' id='word_1_144' title='bbox 388 1936 457 1992; x_wconf 90' lang='lat' dir='ltr'><strong>de</strong></span> <span class='ocrx_word' id='word_1_145' title='bbox 501 1943 683 1991; x_wconf 90' lang='lat' dir='ltr'><strong>monte</strong></span> <span class='ocrx_word' id='word_1_146' title='bbox 724 1932 1107 2003; x_wconf 85' lang='lat' dir='ltr'><strong>prospicientes</strong></span> <span class='ocrx_word' id='word_1_147' title='bbox 1147 1928 1348 1985; x_wconf 90' lang='lat' dir='ltr'><strong>sentire</strong></span> <span class='ocrx_word' id='word_1_148' title='bbox 1395 1927 1747 1982; x_wconf 82' lang='lat' dir='ltr'><strong>humanarum</strong></span> <span class='ocrx_word' id='word_1_149' title='bbox 1786 1926 1975 1981; x_wconf 88' lang='lat' dir='ltr'><strong>virium</strong></span> 
     </span>
    </p>
   </div>
   <div class='ocr_carea' id='block_1_19' title="bbox 387 2019 1980 2084">
    <p class='ocr_par' dir='ltr' id='par_1_19' title="bbox 387 2019 1980 2084">
     <span class='ocr_line' id='line_1_19' title="bbox 387 2019 1980 2084; baseline -0.006 0"><span class='ocrx_word' id='word_1_150' title='bbox 387 2026 792 2084; x_wconf 87' lang='lat' dir='ltr'><strong>fortitudinem?</strong></span> <span class='ocrx_word' id='word_1_151' title='bbox 822 2024 1004 2079; x_wconf 88' lang='lat' dir='ltr'><strong>Potest</strong></span> <span class='ocrx_word' id='word_1_152' title='bbox 1041 2033 1095 2078; x_wconf 92' lang='lat' dir='ltr'><strong>et</strong></span> <span class='ocrx_word' id='word_1_153' title='bbox 1130 2022 1265 2077; x_wconf 88' lang='lat' dir='ltr'><strong>alius</strong></span> <span class='ocrx_word' id='word_1_154' title='bbox 1290 2034 1483 2078; x_wconf 89' lang='lat' dir='ltr'><strong>sensus</strong></span> <span class='ocrx_word' id='word_1_155' title='bbox 1507 2033 1628 2075; x_wconf 87' lang='lat' dir='ltr'><strong>esse</strong></span> <span class='ocrx_word' id='word_1_156' title='bbox 1656 2019 1823 2074; x_wconf 91' lang='lat' dir='ltr'><strong>multo</strong></span> <span class='ocrx_word' id='word_1_157' title='bbox 1849 2034 1980 2075; x_wconf 82' lang='lat' dir='ltr'><strong>eon-</strong></span> 
     </span>
    </p>
   </div>
   <div class='ocr_carea' id='block_1_20' title="bbox 387 2110 1977 2191">
    <p class='ocr_par' dir='ltr' id='par_1_20' title="bbox 387 2110 1977 2191">
     <span class='ocr_line' id='line_1_20' title="bbox 387 2110 1977 2191; baseline -0.006 -16"><span class='ocrx_word' id='word_1_158' title='bbox 387 2119 661 2191; x_wconf 90' lang='lat' dir='ltr'><strong>gruentior</strong></span> <span class='ocrx_word' id='word_1_159' title='bbox 689 2117 918 2171; x_wconf 86' lang='lat' dir='ltr'><strong>veritati.</strong></span> <span class='ocrx_word' id='word_1_160' title='bbox 946 2114 1100 2183; x_wconf 88' lang='lat' dir='ltr'><strong>Quod</strong></span> <span class='ocrx_word' id='word_1_161' title='bbox 1127 2114 1221 2179; x_wconf 87' lang='lat' dir='ltr'><strong>ait,</strong></span> <span class='ocrx_word' id='word_1_162' title='bbox 1243 2112 1533 2168; x_wconf 86' lang='lat' dir='ltr'><strong>Ascendetis</strong></span> <span class='ocrx_word' id='word_1_163' title='bbox 1557 2111 1612 2166; x_wconf 90' lang='lat' dir='ltr'><strong>in</strong></span> <span class='ocrx_word' id='word_1_164' title='bbox 1639 2120 1857 2166; x_wconf 80' lang='lat' dir='ltr'><strong>montem</strong></span> <span class='ocrx_word' id='word_1_165' title='bbox 1876 2152 1892 2177; x_wconf 95' lang='lat'><strong>,</strong></span> <span class='ocrx_word' id='word_1_166' title='bbox 1922 2110 1977 2165; x_wconf 88' lang='lat' dir='ltr'><strong>iu</strong></span> 
     </span>
    </p>
   </div>
   <div class='ocr_carea' id='block_1_21' title="bbox 388 2200 1978 2282">
    <p class='ocr_par' dir='ltr' id='par_1_21' title="bbox 388 2200 1978 2282">
     <span class='ocr_line' id='line_1_21' title="bbox 388 2200 1978 2282; baseline -0.006 -14"><span class='ocrx_word' id='word_1_167' title='bbox 388 2213 561 2282; x_wconf 82' lang='lat' dir='ltr'><strong>ipsam</strong></span> <span class='ocrx_word' id='word_1_168' title='bbox 601 2218 795 2264; x_wconf 88' lang='lat' dir='ltr'><strong>terram</strong></span> <span class='ocrx_word' id='word_1_169' title='bbox 839 2206 1003 2270; x_wconf 81' lang='lat' dir='ltr'><strong>dixit,</strong></span> <span class='ocrx_word' id='word_1_170' title='bbox 1031 2220 1191 2276; x_wconf 91' lang='lat' dir='ltr'><strong>quam</strong></span> <span class='ocrx_word' id='word_1_171' title='bbox 1237 2204 1516 2274; x_wconf 89' lang='lat' dir='ltr'><strong>explorare</strong></span> <span class='ocrx_word' id='word_1_172' title='bbox 1554 2202 1822 2258; x_wconf 87' lang='lat' dir='ltr'><strong>volebant.</strong></span> <span class='ocrx_word' id='word_1_173' title='bbox 1859 2200 1978 2258; x_wconf 83' lang='lat' dir='ltr'><strong>Non</strong></span> 
     </span>
    </p>
   </div>
   <div class='ocr_carea' id='block_1_22' title="bbox 389 2295 1976 2372">
    <p class='ocr_par' dir='ltr' id='par_1_22' title="bbox 389 2295 1976 2372">
     <span class='ocr_line' id='line_1_22' title="bbox 389 2295 1976 2372; baseline -0.006 -13"><span class='ocrx_word' id='word_1_174' title='bbox 389 2304 533 2359; x_wconf 90' lang='lat' dir='ltr'><strong>enim</strong></span> <span class='ocrx_word' id='word_1_175' title='bbox 552 2308 768 2372; x_wconf 88' lang='lat' dir='ltr'><strong>possent</strong></span> <span class='ocrx_word' id='word_1_176' title='bbox 786 2298 943 2353; x_wconf 81' lang='lat' dir='ltr'><strong>facile</strong></span> <span class='ocrx_word' id='word_1_177' title='bbox 963 2298 1328 2367; x_wconf 77' lang='lat' dir='ltr'><strong>exploratores</strong></span> <span class='ocrx_word' id='word_1_178' title='bbox 1351 2295 1592 2366; x_wconf 78' lang='lat' dir='ltr'><strong>intelligi,</strong></span> <span class='ocrx_word' id='word_1_179' title='bbox 1614 2295 1701 2351; x_wconf 92' lang='lat' dir='ltr'><strong>ubi</strong></span> <span class='ocrx_word' id='word_1_180' title='bbox 1726 2307 1976 2365; x_wconf 86' lang='lat' dir='ltr'><strong>tanquam</strong></span> 
     </span>
    </p>
   </div>
   <div class='ocr_carea' id='block_1_23' title="bbox 390 2389 1978 2467">
    <p class='ocr_par' dir='ltr' id='par_1_23' title="bbox 390 2389 1978 2467">
     <span class='ocr_line' id='line_1_23' title="bbox 390 2389 1978 2467; baseline -0.004 -16"><span class='ocrx_word' id='word_1_181' title='bbox 390 2394 787 2467; x_wconf 79' lang='lat' dir='ltr'><strong>peregrinantes</strong></span> <span class='ocrx_word' id='word_1_182' title='bbox 814 2392 989 2446; x_wconf 91' lang='lat' dir='ltr'><strong>omnia</strong></span> <span class='ocrx_word' id='word_1_183' title='bbox 1023 2390 1417 2462; x_wconf 89' lang='lat' dir='ltr'><strong>perquirebant.</strong></span> <span class='ocrx_word' id='word_1_184' title='bbox 1458 2389 1590 2447; x_wconf 83' lang='lat' dir='ltr'><strong>Nam</strong></span> <span class='ocrx_word' id='word_1_185' title='bbox 1616 2391 1661 2444; x_wconf 93' lang='lat' dir='ltr'><strong>si</strong></span> <span class='ocrx_word' id='word_1_186' title='bbox 1681 2389 1749 2445; x_wconf 92' lang='lat' dir='ltr'><strong>de</strong></span> <span class='ocrx_word' id='word_1_187' title='bbox 1780 2390 1978 2445; x_wconf 89' lang='lat' dir='ltr'><strong>montis</strong></span> 
     </span>
    </p>
   </div>
   <div class='ocr_carea' id='block_1_24' title="bbox 391 2483 1979 2555">
    <p class='ocr_par' dir='ltr' id='par_1_24' title="bbox 391 2483 1979 2555">
     <span class='ocr_line' id='line_1_24' title="bbox 391 2483 1979 2555; baseline -0.004 -11"><span class='ocrx_word' id='word_1_188' title='bbox 391 2489 590 2544; x_wconf 81' lang='lat' dir='ltr'><strong>vertice</strong></span> <span class='ocrx_word' id='word_1_189' title='bbox 610 2501 705 2542; x_wconf 93' lang='lat' dir='ltr'><strong>eos</strong></span> <span class='ocrx_word' id='word_1_190' title='bbox 727 2483 1089 2555; x_wconf 83' lang='lat' dir='ltr'><strong>putaverimus</strong></span> <span class='ocrx_word' id='word_1_191' title='bbox 1108 2483 1452 2553; x_wconf 85' lang='lat' dir='ltr'><strong>conspexisse</strong></span> <span class='ocrx_word' id='word_1_192' title='bbox 1473 2491 1690 2547; x_wconf 89' lang='lat' dir='ltr'><strong>terram,</strong></span> <span class='ocrx_word' id='word_1_193' title='bbox 1713 2490 1768 2538; x_wconf 91' lang='lat' dir='ltr'><strong>et</strong></span> <span class='ocrx_word' id='word_1_194' title='bbox 1792 2484 1979 2551; x_wconf 88' lang='lat' dir='ltr'><strong>explo-</strong></span> 
     </span>
    </p>
   </div>
   <div class='ocr_carea' id='block_1_25' title="bbox 388 2572 1977 2647">
    <p class='ocr_par' dir='ltr' id='par_1_25' title="bbox 388 2572 1977 2647">
     <span class='ocr_line' id='line_1_25' title="bbox 388 2572 1977 2647; baseline -0.003 -13"><span class='ocrx_word' id='word_1_195' title='bbox 388 2593 574 2643; x_wconf 89' lang='lat' dir='ltr'><strong>rasse;</strong></span> <span class='ocrx_word' id='word_1_196' title='bbox 597 2575 864 2647; x_wconf 88' lang='lat' dir='ltr'><strong>quomodo</strong></span> <span class='ocrx_word' id='word_1_197' title='bbox 892 2582 1109 2645; x_wconf 88' lang='lat' dir='ltr'><strong>possent</strong></span> <span class='ocrx_word' id='word_1_198' title='bbox 1133 2574 1412 2644; x_wconf 74' lang='lat' dir='ltr'><strong>exquirere</strong></span> <span class='ocrx_word' id='word_1_199' title='bbox 1432 2574 1608 2628; x_wconf 88' lang='lat' dir='ltr'><strong>omnia</strong></span> <span class='ocrx_word' id='word_1_200' title='bbox 1634 2588 1754 2645; x_wconf 65' lang='lat' dir='ltr'><strong>quae</strong></span> <span class='ocrx_word' id='word_1_201' title='bbox 1769 2572 1977 2644; x_wconf 82' lang='lat' dir='ltr'><strong>Moyses</strong></span> 
     </span>
    </p>
   </div>
   <div class='ocr_carea' id='block_1_26' title="bbox 391 2665 1977 2743">
    <p class='ocr_par' dir='ltr' id='par_1_26' title="bbox 391 2665 1977 2743">
     <span class='ocr_line' id='line_1_26' title="bbox 391 2665 1977 2743; baseline -0.004 -16"><span class='ocrx_word' id='word_1_202' title='bbox 391 2669 713 2743; x_wconf 88' lang='lat' dir='ltr'><strong>exquirenda</strong></span> <span class='ocrx_word' id='word_1_203' title='bbox 748 2668 1033 2739; x_wconf 74' lang='lat' dir='ltr'><strong>prmcepit?</strong></span> <span class='ocrx_word' id='word_1_204' title='bbox 1058 2665 1325 2738; x_wconf 92' lang='lat' dir='ltr'><strong>quomodo</strong></span> <span class='ocrx_word' id='word_1_205' title='bbox 1351 2667 1548 2722; x_wconf 89' lang='lat' dir='ltr'><strong>intrare</strong></span> <span class='ocrx_word' id='word_1_206' title='bbox 1571 2665 1830 2733; x_wconf 86' lang='lat' dir='ltr'><strong>civitates,</strong></span> <span class='ocrx_word' id='word_1_207' title='bbox 1845 2682 1977 2737; x_wconf 90' lang='lat' dir='ltr'><strong>quas</strong></span> 
     </span>
    </p>
   </div>
   <div class='ocr_carea' id='block_1_27' title="bbox 389 2758 1978 2832">
    <p class='ocr_par' dir='ltr' id='par_1_27' title="bbox 389 2758 1978 2832">
     <span class='ocr_line' id='line_1_27' title="bbox 389 2758 1978 2832; baseline -0.003 -13"><span class='ocrx_word' id='word_1_208' title='bbox 389 2778 485 2819; x_wconf 89' lang='lat' dir='ltr'><strong>eos</strong></span> <span class='ocrx_word' id='word_1_209' title='bbox 528 2763 796 2832; x_wconf 90' lang='lat' dir='ltr'><strong>Scriptura</strong></span> <span class='ocrx_word' id='word_1_210' title='bbox 826 2760 963 2815; x_wconf 86' lang='lat' dir='ltr'><strong>dixit</strong></span> <span class='ocrx_word' id='word_1_211' title='bbox 1004 2758 1261 2816; x_wconf 82' lang='lat' dir='ltr'><strong>intrasse?</strong></span> <span class='ocrx_word' id='word_1_212' title='bbox 1305 2758 1572 2829; x_wconf 91' lang='lat' dir='ltr'><strong>quomodo</strong></span> <span class='ocrx_word' id='word_1_213' title='bbox 1608 2758 1676 2814; x_wconf 90' lang='lat' dir='ltr'><strong>de</strong></span> <span class='ocrx_word' id='word_1_214' title='bbox 1708 2758 1796 2813; x_wconf 92' lang='lat' dir='ltr'><strong>illa</strong></span> <span class='ocrx_word' id='word_1_215' title='bbox 1839 2758 1978 2815; x_wconf 86' lang='lat' dir='ltr'><strong>valle</strong></span> 
     </span>
    </p>
   </div>
   <div class='ocr_carea' id='block_1_28' title="bbox 388 2851 1975 2923">
    <p class='ocr_par' dir='ltr' id='par_1_28' title="bbox 388 2851 1975 2923">
     <span class='ocr_line' id='line_1_28' title="bbox 388 2851 1975 2923; baseline -0.004 -11"><span class='ocrx_word' id='word_1_216' title='bbox 388 2856 601 2912; x_wconf 90' lang='lat' dir='ltr'><strong>botrum</strong></span> <span class='ocrx_word' id='word_1_217' title='bbox 632 2855 846 2918; x_wconf 88' lang='lat' dir='ltr'><strong>tollere,</strong></span> <span class='ocrx_word' id='word_1_218' title='bbox 881 2861 1099 2923; x_wconf 88' lang='lat' dir='ltr'><strong>propter</strong></span> <span class='ocrx_word' id='word_1_219' title='bbox 1136 2867 1294 2922; x_wconf 89' lang='lat' dir='ltr'><strong>quem</strong></span> <span class='ocrx_word' id='word_1_220' title='bbox 1323 2861 1377 2907; x_wconf 90' lang='lat' dir='ltr'><strong>et</strong></span> <span class='ocrx_word' id='word_1_221' title='bbox 1410 2851 1528 2908; x_wconf 91' lang='lat' dir='ltr'><strong>loco</strong></span> <span class='ocrx_word' id='word_1_222' title='bbox 1556 2866 1753 2907; x_wconf 91' lang='lat' dir='ltr'><strong>nomen</strong></span> <span class='ocrx_word' id='word_1_223' title='bbox 1778 2860 1862 2907; x_wconf 89' lang='lat' dir='ltr'><strong>est</strong></span> <span class='ocrx_word' id='word_1_224' title='bbox 1888 2851 1975 2907; x_wconf 91' lang='lat' dir='ltr'><strong>in-</strong></span> 
     </span>
    </p>
   </div>
   <div class='ocr_carea' id='block_1_29' title="bbox 389 2943 1976 3015">
    <p class='ocr_par' dir='ltr' id='par_1_29' title="bbox 389 2943 1976 3015">
     <span class='ocr_line' id='line_1_29' title="bbox 389 2943 1976 3015; baseline -0.003 -12"><span class='ocrx_word' id='word_1_225' title='bbox 389 2948 580 3010; x_wconf 87' lang='lat' dir='ltr'><strong>ditum,</strong></span> <span class='ocrx_word' id='word_1_226' title='bbox 610 2955 667 3001; x_wconf 92' lang='lat' dir='ltr'><strong>ut</strong></span> <span class='ocrx_word' id='word_1_227' title='bbox 696 2946 846 3000; x_wconf 80' lang='lat' dir='ltr'><strong>vallis</strong></span> <span class='ocrx_word' id='word_1_228' title='bbox 872 2944 1019 3000; x_wconf 89' lang='lat' dir='ltr'><strong>Botri</strong></span> <span class='ocrx_word' id='word_1_229' title='bbox 1048 2946 1065 2976; x_wconf 85' lang='grc'>¹</span> <span class='ocrx_word' id='word_1_230' title='bbox 1096 2943 1401 3000; x_wconf 84' lang='lat' dir='ltr'><strong>diceretur?</strong></span> <span class='ocrx_word' id='word_1_231' title='bbox 1430 2944 1487 2999; x_wconf 93' lang='lat' dir='ltr'><strong>In</strong></span> <span class='ocrx_word' id='word_1_232' title='bbox 1508 2944 1625 3014; x_wconf 88' lang='lat' dir='ltr'><strong>ipso</strong></span> <span class='ocrx_word' id='word_1_233' title='bbox 1648 2959 1776 3015; x_wconf 85' lang='lat' dir='ltr'><strong>ergo</strong></span> <span class='ocrx_word' id='word_1_234' title='bbox 1794 2951 1976 2999; x_wconf 91' lang='lat' dir='ltr'><strong>monte</strong></span> 
     </span>
    </p>
   </div>
   <div class='ocr_carea' id='block_1_30' title="bbox 390 3035 1972 3109">
    <p class='ocr_par' dir='ltr' id='par_1_30' title="bbox 390 3035 1972 3109">
     <span class='ocr_line' id='line_1_30' title="bbox 390 3035 1972 3109; baseline -0.004 -14"><span class='ocrx_word' id='word_1_235' title='bbox 390 3038 766 3109; x_wconf 83' lang='lat' dir='ltr'><strong>explorabatur</strong></span> <span class='ocrx_word' id='word_1_236' title='bbox 792 3045 953 3103; x_wconf 89' lang='lat' dir='ltr'><strong>terra,</strong></span> <span class='ocrx_word' id='word_1_237' title='bbox 984 3036 1106 3105; x_wconf 87' lang='lat' dir='ltr'><strong>quia</strong></span> <span class='ocrx_word' id='word_1_238' title='bbox 1134 3036 1245 3105; x_wconf 91' lang='lat' dir='ltr'><strong>ipsa</strong></span> <span class='ocrx_word' id='word_1_239' title='bbox 1275 3042 1392 3090; x_wconf 88' lang='lat' dir='ltr'><strong>erat</strong></span> <span class='ocrx_word' id='word_1_240' title='bbox 1416 3051 1535 3106; x_wconf 61' lang='lat' dir='ltr'><strong>qua:</strong></span> <span class='ocrx_word' id='word_1_241' title='bbox 1573 3035 1972 3105; x_wconf 85' lang='lat' dir='ltr'><strong>exploraretur:</strong></span> 
     </span>
    </p>
   </div>
   <div class='ocr_carea' id='block_1_31' title="bbox 392 3124 1976 3198">
    <p class='ocr_par' dir='ltr' id='par_1_31' title="bbox 392 3124 1976 3198">
     <span class='ocr_line' id='line_1_31' title="bbox 392 3124 1976 3198; baseline -0.001 -14"><span class='ocrx_word' id='word_1_242' title='bbox 392 3139 447 3184; x_wconf 91' lang='lat' dir='ltr'><strong>et</strong></span> <span class='ocrx_word' id='word_1_243' title='bbox 476 3128 547 3183; x_wconf 88' lang='lat' dir='ltr'><strong>ibi</strong></span> <span class='ocrx_word' id='word_1_244' title='bbox 566 3136 679 3183; x_wconf 88' lang='lat' dir='ltr'><strong>erat</strong></span> <span class='ocrx_word' id='word_1_245' title='bbox 707 3126 922 3198; x_wconf 87' lang='lat' dir='ltr'><strong>quidam</strong></span> <span class='ocrx_word' id='word_1_246' title='bbox 949 3124 1253 3195; x_wconf 87' lang='lat' dir='ltr'><strong>depressior</strong></span> <span class='ocrx_word' id='word_1_247' title='bbox 1277 3124 1446 3192; x_wconf 91' lang='lat' dir='ltr'><strong>locus,</strong></span> <span class='ocrx_word' id='word_1_248' title='bbox 1474 3125 1543 3181; x_wconf 92' lang='lat' dir='ltr'><strong>de</strong></span> <span class='ocrx_word' id='word_1_249' title='bbox 1568 3139 1673 3195; x_wconf 86' lang='lat' dir='ltr'><strong>qua</strong></span> <span class='ocrx_word' id='word_1_250' title='bbox 1698 3125 1837 3181; x_wconf 83' lang='lat' dir='ltr'><strong>valle</strong></span> <span class='ocrx_word' id='word_1_251' title='bbox 1875 3126 1976 3182; x_wconf 85' lang='lat' dir='ltr'><strong>bo-</strong></span> 
     </span>
    </p>
   </div>
   <div class='ocr_carea' id='block_1_32' title="bbox 390 3218 867 3274">
    <p class='ocr_par' dir='ltr' id='par_1_32' title="bbox 390 3218 867 3274">
     <span class='ocr_line' id='line_1_32' title="bbox 390 3218 867 3274; baseline -0.008 0"><span class='ocrx_word' id='word_1_252' title='bbox 390 3228 506 3274; x_wconf 89' lang='lat' dir='ltr'><strong>trus</strong></span> <span class='ocrx_word' id='word_1_253' title='bbox 532 3218 739 3272; x_wconf 82' lang='lat' dir='ltr'><strong>ablatus</strong></span> <span class='ocrx_word' id='word_1_254' title='bbox 766 3225 867 3271; x_wconf 91' lang='lat' dir='ltr'><strong>est.</strong></span> 
     </span>
    </p>
   </div>
   <div class='ocr_carea' id='block_1_33' title="bbox 472 3304 1978 3381">
    <p class='ocr_par' dir='ltr' id='par_1_33' title="bbox 472 3304 1978 3381">
     <span class='ocr_line' id='line_1_33' title="bbox 472 3304 1978 3381; baseline -0.001 -16"><span class='ocrx_word' id='word_1_255' title='bbox 472 3309 637 3365; x_wconf 78' lang='lat' dir='ltr'><strong>XXII.</strong></span> <span class='ocrx_word' id='word_1_256' title='bbox 668 3308 767 3381; x_wconf 80' lang='lat' dir='ltr'><strong>[lb.</strong></span> <span class='ocrx_word' id='word_1_257' title='bbox 799 3322 914 3375; x_wconf 88' lang='lat' dir='ltr'><strong>xut,</strong></span> <span class='ocrx_word' id='word_1_258' title='bbox 942 3304 1057 3379; x_wconf 72' lang='lat'><strong>33.]</strong></span> <span class='ocrx_word' id='word_1_259' title='bbox 1103 3305 1169 3361; x_wconf 85' lang='lat' dir='ltr'><strong>Et</strong></span> <span class='ocrx_word' id='word_1_260' title='bbox 1194 3304 1507 3378; x_wconf 86' lang='lat' dir='ltr'><strong>protulerunt</strong></span> <span class='ocrx_word' id='word_1_261' title='bbox 1552 3322 1783 3378; x_wconf 76' lang='lat' dir='ltr'><strong>pavorem</strong></span> <span class='ocrx_word' id='word_1_262' title='bbox 1831 3318 1978 3365; x_wconf 75' lang='lat' dir='ltr'><strong>terra:</strong></span> 
     </span>
    </p>
   </div>
   <div class='ocr_carea' id='block_1_34' title="bbox 390 3396 1977 3473">
    <p class='ocr_par' dir='ltr' id='par_1_34' title="bbox 390 3396 1977 3473">
     <span class='ocr_line' id='line_1_34' title="bbox 390 3396 1977 3473; baseline 0.001 -19"><span class='ocrx_word' id='word_1_263' title='bbox 390 3417 541 3473; x_wconf 88' lang='lat' dir='ltr'><strong>quam</strong></span> <span class='ocrx_word' id='word_1_264' title='bbox 567 3401 971 3472; x_wconf 74' lang='lat' dir='ltr'><strong>exploraverunt.</strong></span> <span class='ocrx_word' id='word_1_265' title='bbox 994 3396 1246 3453; x_wconf 82' lang='lat' dir='ltr'><strong>Pavorem</strong></span> <span class='ocrx_word' id='word_1_266' title='bbox 1274 3406 1420 3452; x_wconf 68' lang='lat' dir='ltr'><strong>terrm</strong></span> <span class='ocrx_word' id='word_1_267' title='bbox 1443 3397 1597 3465; x_wconf 87' lang='lat' dir='ltr'><strong>dixit,</strong></span> <span class='ocrx_word' id='word_1_268' title='bbox 1626 3414 1733 3455; x_wconf 87' lang='lat' dir='ltr'><strong>non</strong></span> <span class='ocrx_word' id='word_1_269' title='bbox 1752 3415 1858 3470; x_wconf 92' lang='lat' dir='ltr'><strong>quo</strong></span> <span class='ocrx_word' id='word_1_270' title='bbox 1880 3416 1977 3471; x_wconf 84' lang='lat' dir='ltr'><strong>pa-</strong></span> 
     </span>
    </p>
   </div>
   <div class='ocr_carea' id='block_1_35' title="bbox 390 3492 1973 3566">
    <p class='ocr_par' dir='ltr' id='par_1_35' title="bbox 390 3492 1973 3566">
     <span class='ocr_line' id='line_1_35' title="bbox 390 3492 1973 3566; baseline 0.001 -16"><span class='ocrx_word' id='word_1_271' title='bbox 390 3494 548 3551; x_wconf 89' lang='lat' dir='ltr'><strong>vebat</strong></span> <span class='ocrx_word' id='word_1_272' title='bbox 566 3494 754 3551; x_wconf 86' lang='lat' dir='ltr'><strong>eadem</strong></span> <span class='ocrx_word' id='word_1_273' title='bbox 780 3503 940 3559; x_wconf 89' lang='lat' dir='ltr'><strong>terra,</strong></span> <span class='ocrx_word' id='word_1_274' title='bbox 965 3492 1060 3550; x_wconf 90' lang='lat' dir='ltr'><strong>sed</strong></span> <span class='ocrx_word' id='word_1_275' title='bbox 1081 3508 1238 3564; x_wconf 86' lang='lat' dir='ltr'><strong>quem</strong></span> <span class='ocrx_word' id='word_1_276' title='bbox 1259 3509 1326 3548; x_wconf 92' lang='lat' dir='ltr'><strong>ex</strong></span> <span class='ocrx_word' id='word_1_277' title='bbox 1348 3508 1412 3549; x_wconf 87' lang='lat' dir='ltr'><strong>ea</strong></span> <span class='ocrx_word' id='word_1_278' title='bbox 1438 3502 1577 3549; x_wconf 88' lang='lat' dir='ltr'><strong>terra</strong></span> <span class='ocrx_word' id='word_1_279' title='bbox 1599 3505 1973 3566; x_wconf 87' lang='lat' dir='ltr'><strong>conceperant.</strong></span> 
     </span>
    </p>
   </div>
   <div class='ocr_carea' id='block_1_36' title="bbox 466 3582 1978 3658">
    <p class='ocr_par' dir='ltr' id='par_1_36' title="bbox 466 3582 1978 3658">
     <span class='ocr_line' id='line_1_36' title="bbox 466 3582 1978 3658; baseline 0.001 -16"><span class='ocrx_word' id='word_1_280' title='bbox 466 3585 655 3642; x_wconf 84' lang='lat' dir='ltr'><strong>XXIII.</strong></span> <span class='ocrx_word' id='word_1_281' title='bbox 688 3584 784 3658; x_wconf 89' lang='lat' dir='ltr'><strong>[lb.</strong></span> <span class='ocrx_word' id='word_1_282' title='bbox 814 3600 922 3652; x_wconf 77' lang='lat' dir='ltr'><strong>xiv,</strong></span> <span class='ocrx_word' id='word_1_283' title='bbox 951 3582 1030 3657; x_wconf 89' lang='lat'><strong>9.]</strong></span> <span class='ocrx_word' id='word_1_284' title='bbox 1068 3583 1229 3641; x_wconf 83' lang='lat' dir='ltr'><strong>Caleb</strong></span> <span class='ocrx_word' id='word_1_285' title='bbox 1258 3592 1313 3639; x_wconf 91' lang='lat' dir='ltr'><strong>et</strong></span> <span class='ocrx_word' id='word_1_286' title='bbox 1332 3583 1489 3640; x_wconf 84' lang='lat' dir='ltr'><strong>Jcsus</strong></span> <span class='ocrx_word' id='word_1_287' title='bbox 1525 3584 1669 3641; x_wconf 80' lang='lat' dir='ltr'><strong>Nave</strong></span> <span class='ocrx_word' id='word_1_288' title='bbox 1700 3584 1978 3655; x_wconf 86' lang='lat' dir='ltr'><strong>loquentes</strong></span> 
     </span>
    </p>
   </div>
   <div class='ocr_carea' id='block_1_37' title="bbox 390 3675 1979 3749">
    <p class='ocr_par' dir='ltr' id='par_1_37' title="bbox 390 3675 1979 3749">
     <span class='ocr_line' id='line_1_37' title="bbox 390 3675 1979 3749; baseline -0.001 -14"><span class='ocrx_word' id='word_1_289' title='bbox 390 3678 459 3735; x_wconf 89' lang='lat' dir='ltr'><strong>ad</strong></span> <span class='ocrx_word' id='word_1_290' title='bbox 488 3679 743 3749; x_wconf 89' lang='lat' dir='ltr'><strong>populum</strong></span> <span class='ocrx_word' id='word_1_291' title='bbox 775 3677 936 3733; x_wconf 87' lang='lat' dir='ltr'><strong>Israel</strong></span> <span class='ocrx_word' id='word_1_292' title='bbox 977 3693 1045 3733; x_wconf 91' lang='lat' dir='ltr'><strong>ne</strong></span> <span class='ocrx_word' id='word_1_293' title='bbox 1081 3676 1330 3732; x_wconf 88' lang='lat' dir='ltr'><strong>timerent</strong></span> <span class='ocrx_word' id='word_1_294' title='bbox 1373 3675 1575 3746; x_wconf 79' lang='lat' dir='ltr'><strong>ingredi</strong></span> <span class='ocrx_word' id='word_1_295' title='bbox 1617 3686 1811 3733; x_wconf 88' lang='lat' dir='ltr'><strong>terram</strong></span> <span class='ocrx_word' id='word_1_296' title='bbox 1852 3693 1979 3748; x_wconf 84' lang='lat' dir='ltr'><strong>pro-</strong></span> 
     </span>
    </p>
   </div>
   <div class='ocr_carea' id='block_1_38' title="bbox 391 3765 1981 3837">
    <p class='ocr_par' dir='ltr' id='par_1_38' title="bbox 391 3765 1981 3837">
     <span class='ocr_line' id='line_1_38' title="bbox 391 3765 1981 3837; baseline -0.002 -9"><span class='ocrx_word' id='word_1_297' title='bbox 391 3771 679 3837; x_wconf 72' lang='lat' dir='ltr'><strong>missionis,</strong></span> <span class='ocrx_word' id='word_1_298' title='bbox 709 3769 958 3826; x_wconf 89' lang='lat' dir='ltr'><strong>dixerunt</strong></span> <span class='ocrx_word' id='word_1_299' title='bbox 980 3768 1120 3825; x_wconf 91' lang='lat' dir='ltr'><strong>inter</strong></span> <span class='ocrx_word' id='word_1_300' title='bbox 1146 3776 1377 3824; x_wconf 81' lang='lat' dir='ltr'><strong>caetera:</strong></span> <span class='ocrx_word' id='word_1_301' title='bbox 1407 3765 1508 3822; x_wconf 80' lang='lat' dir='ltr'><strong>Vos</strong></span> <span class='ocrx_word' id='word_1_302' title='bbox 1526 3777 1695 3823; x_wconf 85' lang='lat' dir='ltr'><strong>autem</strong></span> <span class='ocrx_word' id='word_1_303' title='bbox 1720 3784 1785 3824; x_wconf 89' lang='lat' dir='ltr'><strong>ne</strong></span> <span class='ocrx_word' id='word_1_304' title='bbox 1810 3769 1981 3825; x_wconf 84' lang='lat' dir='ltr'><strong>timue-</strong></span> 
     </span>
    </p>
   </div>
   <div class='ocr_carea' id='block_1_39' title="bbox 394 3859 1981 3933">
    <p class='ocr_par' dir='ltr' id='par_1_39' title="bbox 394 3859 1981 3933">
     <span class='ocr_line' id='line_1_39' title="bbox 394 3859 1981 3933; baseline -0.001 -16"><span class='ocrx_word' id='word_1_305' title='bbox 394 3863 507 3918; x_wconf 88' lang='lat' dir='ltr'><strong>ritis</strong></span> <span class='ocrx_word' id='word_1_306' title='bbox 532 3863 773 3933; x_wconf 86' lang='lat' dir='ltr'><strong>populum</strong></span> <span class='ocrx_word' id='word_1_307' title='bbox 798 3870 964 3927; x_wconf 67' lang='lat' dir='ltr'><strong>terra,</strong></span> <span class='ocrx_word' id='word_1_308' title='bbox 986 3861 1224 3931; x_wconf 77' lang='lat' dir='ltr'><strong>quoniam</strong></span> <span class='ocrx_word' id='word_1_309' title='bbox 1245 3860 1388 3914; x_wconf 90' lang='lat' dir='ltr'><strong>cibus</strong></span> <span class='ocrx_word' id='word_1_310' title='bbox 1414 3859 1555 3914; x_wconf 85' lang='lat' dir='ltr'><strong>nobis</strong></span> <span class='ocrx_word' id='word_1_311' title='bbox 1576 3870 1711 3915; x_wconf 85' lang='lat' dir='ltr'><strong>sunt.</strong></span> <span class='ocrx_word' id='word_1_312' title='bbox 1734 3861 1981 3916; x_wconf 68' lang='lat' dir='ltr'><strong>Abscesa&#39;t</strong></span> 
     </span>
    </p>
   </div>
   <div class='ocr_carea' id='block_1_40' title="bbox 395 3948 1979 4021">
    <p class='ocr_par' dir='ltr' id='par_1_40' title="bbox 395 3948 1979 4021">
     <span class='ocr_line' id='line_1_40' title="bbox 395 3948 1979 4021; baseline 0.001 -15"><span class='ocrx_word' id='word_1_313' title='bbox 395 3952 528 4006; x_wconf 89' lang='lat' dir='ltr'><strong>enim</strong></span> <span class='ocrx_word' id='word_1_314' title='bbox 554 3961 749 4021; x_wconf 84' lang='lat' dir='ltr'><strong>tempus</strong></span> <span class='ocrx_word' id='word_1_315' title='bbox 769 3950 831 4003; x_wconf 91' lang='lat' dir='ltr'><strong>ab</strong></span> <span class='ocrx_word' id='word_1_316' title='bbox 850 3951 941 4013; x_wconf 88' lang='lat' dir='ltr'><strong>eis,</strong></span> <span class='ocrx_word' id='word_1_317' title='bbox 964 3948 1213 4003; x_wconf 75' lang='lat' dir='ltr'><strong>Dominus</strong></span> <span class='ocrx_word' id='word_1_318' title='bbox 1236 3957 1404 4003; x_wconf 89' lang='lat' dir='ltr'><strong>autem</strong></span> <span class='ocrx_word' id='word_1_319' title='bbox 1427 3949 1481 4002; x_wconf 89' lang='lat' dir='ltr'><strong>in</strong></span> <span class='ocrx_word' id='word_1_320' title='bbox 1503 3950 1682 4015; x_wconf 86' lang='lat' dir='ltr'><strong>nobis;</strong></span> <span class='ocrx_word' id='word_1_321' title='bbox 1707 3967 1770 4005; x_wconf 90' lang='lat' dir='ltr'><strong>ne</strong></span> <span class='ocrx_word' id='word_1_322' title='bbox 1795 3953 1979 4008; x_wconf 74' lang='lat' dir='ltr'><strong>timue-</strong></span> 
     </span>
    </p>
   </div>
   <div class='ocr_carea' id='block_1_41' title="bbox 392 4039 1980 4115">
    <p class='ocr_par' dir='ltr' id='par_1_41' title="bbox 392 4039 1980 4115">
     <span class='ocr_line' id='line_1_41' title="bbox 392 4039 1980 4115; baseline 0.001 -18"><span class='ocrx_word' id='word_1_323' title='bbox 392 4044 506 4098; x_wconf 87' lang='lat' dir='ltr'><strong>ritis</strong></span> <span class='ocrx_word' id='word_1_324' title='bbox 542 4058 645 4097; x_wconf 86' lang='lat' dir='ltr'><strong>eos.</strong></span> <span class='ocrx_word' id='word_1_325' title='bbox 675 4041 829 4110; x_wconf 85' lang='lat' dir='ltr'><strong>Quod</strong></span> <span class='ocrx_word' id='word_1_326' title='bbox 862 4042 1062 4096; x_wconf 91' lang='lat' dir='ltr'><strong>dictum</strong></span> <span class='ocrx_word' id='word_1_327' title='bbox 1091 4051 1203 4107; x_wconf 90' lang='lat' dir='ltr'><strong>est,</strong></span> <span class='ocrx_word' id='word_1_328' title='bbox 1233 4039 1384 4095; x_wconf 84' lang='lat' dir='ltr'><strong>Cibus</strong></span> <span class='ocrx_word' id='word_1_329' title='bbox 1410 4041 1553 4096; x_wconf 89' lang='lat' dir='ltr'><strong>nobis</strong></span> <span class='ocrx_word' id='word_1_330' title='bbox 1590 4050 1727 4108; x_wconf 86' lang='lat' dir='ltr'><strong>sunt,</strong></span> <span class='ocrx_word' id='word_1_331' title='bbox 1760 4040 1980 4115; x_wconf 81' lang='lat' dir='ltr'><strong>intelligi</strong></span> 
     </span>
    </p>
   </div>
   <div class='ocr_carea' id='block_1_42' title="bbox 395 4133 1975 4205">
    <p class='ocr_par' dir='ltr' id='par_1_42' title="bbox 395 4133 1975 4205">
     <span class='ocr_line' id='line_1_42' title="bbox 395 4133 1975 4205; baseline 0.002 -16"><span class='ocrx_word' id='word_1_332' title='bbox 395 4134 701 4200; x_wconf 86' lang='lat' dir='ltr'><strong>voluerunt,</strong></span> <span class='ocrx_word' id='word_1_333' title='bbox 732 4147 1108 4189; x_wconf 90' lang='lat' dir='ltr'><strong>consumemus</strong></span> <span class='ocrx_word' id='word_1_334' title='bbox 1134 4150 1248 4190; x_wconf 86' lang='lat' dir='ltr'><strong>eos.</strong></span> <span class='ocrx_word' id='word_1_335' title='bbox 1269 4133 1421 4202; x_wconf 88' lang='lat' dir='ltr'><strong>Quod</strong></span> <span class='ocrx_word' id='word_1_336' title='bbox 1447 4148 1575 4190; x_wconf 91' lang='lat' dir='ltr'><strong>vero</strong></span> <span class='ocrx_word' id='word_1_337' title='bbox 1601 4135 1975 4205; x_wconf 85' lang='lat' dir='ltr'><strong>adjunxerunt,</strong></span> 
     </span>
    </p>
   </div>
   <div class='ocr_carea' id='block_1_43' title="bbox 391 4224 1980 4296">
    <p class='ocr_par' dir='ltr' id='par_1_43' title="bbox 391 4224 1980 4296">
     <span class='ocr_line' id='line_1_43' title="bbox 391 4224 1980 4296; baseline 0.001 -14"><span class='ocrx_word' id='word_1_338' title='bbox 391 4226 643 4282; x_wconf 76' lang='lat' dir='ltr'><strong>Abscessit</strong></span> <span class='ocrx_word' id='word_1_339' title='bbox 676 4227 808 4281; x_wconf 86' lang='lat' dir='ltr'><strong>enim</strong></span> <span class='ocrx_word' id='word_1_340' title='bbox 833 4235 1028 4296; x_wconf 82' lang='lat' dir='ltr'><strong>tempus</strong></span> <span class='ocrx_word' id='word_1_341' title='bbox 1055 4226 1119 4280; x_wconf 89' lang='lat' dir='ltr'><strong>ab</strong></span> <span class='ocrx_word' id='word_1_342' title='bbox 1138 4228 1230 4293; x_wconf 88' lang='lat' dir='ltr'><strong>eis,</strong></span> <span class='ocrx_word' id='word_1_343' title='bbox 1254 4224 1505 4281; x_wconf 85' lang='lat' dir='ltr'><strong>Dominus</strong></span> <span class='ocrx_word' id='word_1_344' title='bbox 1528 4237 1697 4282; x_wconf 84' lang='lat' dir='ltr'><strong>autem</strong></span> <span class='ocrx_word' id='word_1_345' title='bbox 1718 4229 1772 4281; x_wconf 88' lang='lat' dir='ltr'><strong>in</strong></span> <span class='ocrx_word' id='word_1_346' title='bbox 1798 4230 1939 4283; x_wconf 87' lang='lat' dir='ltr'><strong>nobis</strong></span> <span class='ocrx_word' id='word_1_347' title='bbox 1961 4246 1980 4284; x_wconf 92' lang='lat'><strong><em>:</em></strong></span> 
     </span>
    </p>
   </div>
   <div class='ocr_carea' id='block_1_44' title="bbox 391 4315 1980 4389">
    <p class='ocr_par' dir='ltr' id='par_1_44' title="bbox 391 4315 1980 4389">
     <span class='ocr_line' id='line_1_44' title="bbox 391 4315 1980 4389; baseline 0.001 -15"><span class='ocrx_word' id='word_1_348' title='bbox 391 4318 524 4375; x_wconf 88' lang='lat' dir='ltr'><strong>satis</strong></span> <span class='ocrx_word' id='word_1_349' title='bbox 563 4316 843 4389; x_wconf 84' lang='lat' dir='ltr'><strong>diligenter</strong></span> <span class='ocrx_word' id='word_1_350' title='bbox 871 4330 977 4372; x_wconf 91' lang='lat' dir='ltr'><strong>non</strong></span> <span class='ocrx_word' id='word_1_351' title='bbox 1017 4315 1299 4383; x_wconf 84' lang='lat' dir='ltr'><strong>dixerunt,</strong></span> <span class='ocrx_word' id='word_1_352' title='bbox 1328 4315 1602 4373; x_wconf 81' lang='lat' dir='ltr'><strong>Abscessit</strong></span> <span class='ocrx_word' id='word_1_353' title='bbox 1628 4318 1884 4375; x_wconf 88' lang='lat' dir='ltr'><strong>Dominus</strong></span> <span class='ocrx_word' id='word_1_354' title='bbox 1910 4320 1980 4377; x_wconf 84' lang='lat' dir='ltr'><strong>ab</strong></span> 
     </span>
    </p>
   </div>
   <div class='ocr_carea' id='block_1_45' title="bbox 391 4406 1979 4480">
    <p class='ocr_par' dir='ltr' id='par_1_45' title="bbox 391 4406 1979 4480">
     <span class='ocr_line' id='line_1_45' title="bbox 391 4406 1979 4480; baseline 0.002 -15"><span class='ocrx_word' id='word_1_355' title='bbox 391 4409 504 4475; x_wconf 88' lang='lat' dir='ltr'><strong>eis;</strong></span> <span class='ocrx_word' id='word_1_356' title='bbox 533 4409 677 4478; x_wconf 91' lang='lat' dir='ltr'><strong>impii</strong></span> <span class='ocrx_word' id='word_1_357' title='bbox 704 4410 899 4479; x_wconf 84' lang='lat' dir='ltr'><strong>quippe</strong></span> <span class='ocrx_word' id='word_1_358' title='bbox 930 4407 1223 4479; x_wconf 89' lang='lat' dir='ltr'><strong>antiquitus</strong></span> <span class='ocrx_word' id='word_1_359' title='bbox 1249 4406 1463 4464; x_wconf 88' lang='lat' dir='ltr'><strong>fuerunt</strong></span> <span class='ocrx_word' id='word_1_360' title='bbox 1486 4426 1499 4462; x_wconf 90' lang='lat'><strong>:</strong></span> <span class='ocrx_word' id='word_1_361' title='bbox 1525 4409 1619 4466; x_wconf 88' lang='lat' dir='ltr'><strong>sed</strong></span> <span class='ocrx_word' id='word_1_362' title='bbox 1643 4410 1893 4480; x_wconf 89' lang='lat' dir='ltr'><strong>quoniam</strong></span> <span class='ocrx_word' id='word_1_363' title='bbox 1922 4421 1979 4468; x_wconf 93' lang='lat' dir='ltr'><strong>et</strong></span> 
     </span>
    </p>
   </div>
   <div class='ocr_carea' id='block_1_46' title="bbox 391 4500 1982 4573">
    <p class='ocr_par' dir='ltr' id='par_1_46' title="bbox 391 4500 1982 4573">
     <span class='ocr_line' id='line_1_46' title="bbox 391 4500 1982 4573; baseline 0.003 -16"><span class='ocrx_word' id='word_1_364' title='bbox 391 4500 571 4571; x_wconf 85' lang='lat' dir='ltr'><strong>impiis</strong></span> <span class='ocrx_word' id='word_1_365' title='bbox 589 4501 796 4556; x_wconf 88' lang='lat' dir='ltr'><strong>occulta</strong></span> <span class='ocrx_word' id='word_1_366' title='bbox 822 4500 1223 4571; x_wconf 84' lang='lat' dir='ltr'><strong>dispensatione</strong></span> <span class='ocrx_word' id='word_1_367' title='bbox 1245 4501 1439 4557; x_wconf 67' lang='lat' dir='ltr'><strong>divina:</strong></span> <span class='ocrx_word' id='word_1_368' title='bbox 1458 4504 1804 4573; x_wconf 71' lang='lat' dir='ltr'><strong>providentia:</strong></span> <span class='ocrx_word' id='word_1_369' title='bbox 1822 4505 1982 4563; x_wconf 86' lang='lat' dir='ltr'><strong>datur</strong></span> 
     </span>
    </p>
   </div>
   <div class='ocr_carea' id='block_1_47' title="bbox 392 4591 1976 4671">
    <p class='ocr_par' dir='ltr' id='par_1_47' title="bbox 392 4591 1976 4671">
     <span class='ocr_line' id='line_1_47' title="bbox 392 4591 1976 4671; baseline 0.008 -26"><span class='ocrx_word' id='word_1_370' title='bbox 392 4597 605 4661; x_wconf 88' lang='lat' dir='ltr'><strong>tempus</strong></span> <span class='ocrx_word' id='word_1_371' title='bbox 634 4591 858 4647; x_wconf 89' lang='lat' dir='ltr'><strong>Ilorendi</strong></span> <span class='ocrx_word' id='word_1_372' title='bbox 888 4600 1047 4662; x_wconf 88' lang='lat' dir='ltr'><strong>atque</strong></span> <span class='ocrx_word' id='word_1_373' title='bbox 1075 4593 1359 4663; x_wconf 84' lang='lat' dir='ltr'><strong>regnandi,</strong></span> <span class='ocrx_word' id='word_1_374' title='bbox 1389 4595 1670 4662; x_wconf 80' lang='lat' dir='ltr'><strong>Abscessit,</strong></span> <span class='ocrx_word' id='word_1_375' title='bbox 1713 4599 1976 4671; x_wconf 91' lang='lat' dir='ltr'><strong>inquiunt,</strong></span> 
     </span>
    </p>
   </div>
   <div class='ocr_carea' id='block_1_48' title="bbox 393 4681 1974 4761">
    <p class='ocr_par' dir='ltr' id='par_1_48' title="bbox 393 4681 1974 4761">
     <span class='ocr_line' id='line_1_48' title="bbox 393 4681 1974 4761; baseline 0.008 -24"><span class='ocrx_word' id='word_1_376' title='bbox 393 4690 594 4752; x_wconf 81' lang='lat' dir='ltr'><strong>tempus</strong></span> <span class='ocrx_word' id='word_1_377' title='bbox 616 4682 679 4736; x_wconf 92' lang='lat' dir='ltr'><strong>ab</strong></span> <span class='ocrx_word' id='word_1_378' title='bbox 704 4684 796 4746; x_wconf 87' lang='lat' dir='ltr'><strong>eis,</strong></span> <span class='ocrx_word' id='word_1_379' title='bbox 818 4681 1071 4738; x_wconf 85' lang='lat' dir='ltr'><strong>Dominus</strong></span> <span class='ocrx_word' id='word_1_380' title='bbox 1096 4694 1264 4739; x_wconf 88' lang='lat' dir='ltr'><strong>autem</strong></span> <span class='ocrx_word' id='word_1_381' title='bbox 1288 4686 1342 4739; x_wconf 90' lang='lat' dir='ltr'><strong>in</strong></span> <span class='ocrx_word' id='word_1_382' title='bbox 1376 4687 1536 4742; x_wconf 92' lang='lat' dir='ltr'><strong>nobis.</strong></span> <span class='ocrx_word' id='word_1_383' title='bbox 1565 4687 1682 4745; x_wconf 88' lang='lat' dir='ltr'><strong>Non</strong></span> <span class='ocrx_word' id='word_1_384' title='bbox 1705 4690 1974 4761; x_wconf 88' lang='lat' dir='ltr'><strong>dixerunt,</strong></span> 
     </span>
    </p>
   </div>
   <div class='ocr_carea' id='block_1_49' title="bbox 390 4772 1975 4851">
    <p class='ocr_par' dir='ltr' id='par_1_49' title="bbox 390 4772 1975 4851">
     <span class='ocr_line' id='line_1_49' title="bbox 390 4772 1975 4851; baseline 0.006 -23"><span class='ocrx_word' id='word_1_385' title='bbox 390 4772 672 4829; x_wconf 79' lang='lat' dir='ltr'><strong>Abseessit</strong></span> <span class='ocrx_word' id='word_1_386' title='bbox 698 4781 910 4842; x_wconf 89' lang='lat' dir='ltr'><strong>tempus</strong></span> <span class='ocrx_word' id='word_1_387' title='bbox 935 4772 1005 4828; x_wconf 86' lang='lat' dir='ltr'><strong>ab</strong></span> <span class='ocrx_word' id='word_1_388' title='bbox 1030 4773 1132 4842; x_wconf 89' lang='lat' dir='ltr'><strong>eis,</strong></span> <span class='ocrx_word' id='word_1_389' title='bbox 1165 4783 1221 4830; x_wconf 90' lang='lat' dir='ltr'><strong>et</strong></span> <span class='ocrx_word' id='word_1_390' title='bbox 1255 4786 1496 4832; x_wconf 88' lang='lat' dir='ltr'><strong>nostrum</strong></span> <span class='ocrx_word' id='word_1_391' title='bbox 1531 4781 1790 4837; x_wconf 89' lang='lat' dir='ltr'><strong>successit</strong></span> <span class='ocrx_word' id='word_1_392' title='bbox 1817 4800 1831 4835; x_wconf 91' lang='lat'><strong>:</strong></span> <span class='ocrx_word' id='word_1_393' title='bbox 1858 4784 1975 4851; x_wconf 86' lang='lat' dir='ltr'><strong>sed,</strong></span> 
     </span>
    </p>
   </div>
   <div class='ocr_carea' id='block_1_50' title="bbox 389 4863 1978 4944">
    <p class='ocr_par' dir='ltr' id='par_1_50' title="bbox 389 4863 1978 4944">
     <span class='ocr_line' id='line_1_50' title="bbox 389 4863 1978 4944; baseline 0.007 -24"><span class='ocrx_word' id='word_1_394' title='bbox 389 4865 643 4920; x_wconf 82' lang='lat' dir='ltr'><strong>Dominus</strong></span> <span class='ocrx_word' id='word_1_395' title='bbox 664 4874 833 4918; x_wconf 86' lang='lat' dir='ltr'><strong>autem</strong></span> <span class='ocrx_word' id='word_1_396' title='bbox 852 4863 905 4918; x_wconf 87' lang='lat' dir='ltr'><strong>in</strong></span> <span class='ocrx_word' id='word_1_397' title='bbox 930 4864 1092 4931; x_wconf 89' lang='lat' dir='ltr'><strong>nobis,</strong></span> <span class='ocrx_word' id='word_1_398' title='bbox 1118 4880 1223 4921; x_wconf 90' lang='lat' dir='ltr'><strong>non</strong></span> <span class='ocrx_word' id='word_1_399' title='bbox 1251 4874 1479 4938; x_wconf 89' lang='lat' dir='ltr'><strong>tempus.</strong></span> <span class='ocrx_word' id='word_1_400' title='bbox 1502 4868 1579 4925; x_wconf 92' lang='lat' dir='ltr'><strong>Illi</strong></span> <span class='ocrx_word' id='word_1_401' title='bbox 1599 4871 1744 4926; x_wconf 90' lang='lat' dir='ltr'><strong>enim</strong></span> <span class='ocrx_word' id='word_1_402' title='bbox 1770 4882 1978 4944; x_wconf 86' lang='lat' dir='ltr'><strong>tempus</strong></span> 
     </span>
    </p>
   </div>
   <div class='ocr_carea' id='block_1_51' title="bbox 390 4955 1976 5031">
    <p class='ocr_par' dir='ltr' id='par_1_51' title="bbox 390 4955 1976 5031">
     <span class='ocr_line' id='line_1_51' title="bbox 390 4955 1976 5031; baseline 0.005 -18"><span class='ocrx_word' id='word_1_403' title='bbox 390 4956 714 5020; x_wconf 81' lang='lat' dir='ltr'><strong>habuerunt,</strong></span> <span class='ocrx_word' id='word_1_404' title='bbox 746 4956 831 5011; x_wconf 89' lang='lat' dir='ltr'><strong>isti</strong></span> <span class='ocrx_word' id='word_1_405' title='bbox 865 4955 1143 5012; x_wconf 90' lang='lat' dir='ltr'><strong>Dominum</strong></span> <span class='ocrx_word' id='word_1_406' title='bbox 1166 4956 1334 5015; x_wconf 87' lang='lat' dir='ltr'><strong>Deum</strong></span> <span class='ocrx_word' id='word_1_407' title='bbox 1361 4968 1655 5031; x_wconf 85' lang='lat' dir='ltr'><strong>temporum</strong></span> <span class='ocrx_word' id='word_1_408' title='bbox 1682 4973 1976 5021; x_wconf 87' lang='lat' dir='ltr'><strong>creatorem</strong></span> 
     </span>
    </p>
   </div>
   <div class='ocr_carea' id='block_1_52' title="bbox 388 5048 1977 5123">
    <p class='ocr_par' dir='ltr' id='par_1_52' title="bbox 388 5048 1977 5123">
     <span class='ocr_line' id='line_1_52' title="bbox 388 5048 1977 5123; baseline 0.004 -17"><span class='ocrx_word' id='word_1_409' title='bbox 388 5058 444 5106; x_wconf 87' lang='lat' dir='ltr'><strong>et</strong></span> <span class='ocrx_word' id='word_1_410' title='bbox 473 5048 833 5106; x_wconf 88' lang='lat' dir='ltr'><strong>ordinatorem</strong></span> <span class='ocrx_word' id='word_1_411' title='bbox 852 5089 870 5116; x_wconf 92' lang='lat'><strong>,</strong></span> <span class='ocrx_word' id='word_1_412' title='bbox 892 5055 950 5104; x_wconf 90' lang='lat' dir='ltr'><strong>et</strong></span> <span class='ocrx_word' id='word_1_413' title='bbox 970 5048 1294 5121; x_wconf 82' lang='lat' dir='ltr'><strong>quibusque,</strong></span> <span class='ocrx_word' id='word_1_414' title='bbox 1328 5058 1388 5107; x_wconf 89' lang='lat' dir='ltr'><strong>ut</strong></span> <span class='ocrx_word' id='word_1_415' title='bbox 1412 5052 1463 5108; x_wconf 91' lang='lat' dir='ltr'><strong>ei</strong></span> <span class='ocrx_word' id='word_1_416' title='bbox 1493 5053 1696 5123; x_wconf 83' lang='lat' dir='ltr'><strong>placet,</strong></span> <span class='ocrx_word' id='word_1_417' title='bbox 1723 5055 1977 5113; x_wconf 88' lang='lat' dir='ltr'><strong>distribu-</strong></span> 
     </span>
    </p>
   </div>
   <div class='ocr_carea' id='block_1_53' title="bbox 385 5148 581 5197">
    <p class='ocr_par' dir='ltr' id='par_1_53' title="bbox 385 5148 581 5197">
     <span class='ocr_line' id='line_1_53' title="bbox 385 5148 581 5197; baseline -0.02 0"><span class='ocrx_word' id='word_1_418' title='bbox 385 5148 581 5197; x_wconf 75' lang='lat' dir='ltr'><strong>torem.</strong></span> 
     </span>
    </p>
   </div>
   <div class='ocr_carea' id='block_1_54' title="bbox 466 5230 1978 5310">
    <p class='ocr_par' dir='ltr' id='par_1_54' title="bbox 466 5230 1978 5310">
     <span class='ocr_line' id='line_1_54' title="bbox 466 5230 1978 5310; baseline 0.007 -22"><span class='ocrx_word' id='word_1_419' title='bbox 466 5230 654 5288; x_wconf 81' lang='lat' dir='ltr'><strong>XXIV.</strong></span> <span class='ocrx_word' id='word_1_420' title='bbox 681 5230 781 5305; x_wconf 93' lang='lat' dir='ltr'><strong>[lb.</strong></span> <span class='ocrx_word' id='word_1_421' title='bbox 802 5247 892 5300; x_wconf 88' lang='lat' dir='ltr'><strong>xv,</strong></span> <span class='ocrx_word' id='word_1_422' title='bbox 916 5230 1130 5306; x_wconf 61' lang='grc' dir='ltr'>ξηιλ]</span> <span class='ocrx_word' id='word_1_423' title='bbox 1166 5234 1320 5303; x_wconf 90' lang='lat' dir='ltr'><strong>Quod</strong></span> <span class='ocrx_word' id='word_1_424' title='bbox 1368 5236 1672 5306; x_wconf 63' lang='lat' dir='ltr'><strong>praecipitur</strong></span> <span class='ocrx_word' id='word_1_425' title='bbox 1712 5241 1978 5310; x_wconf 91' lang='lat' dir='ltr'><strong>quomodo</strong></span> 
     </span>
    </p>
   </div>
   <div class='ocr_carea' id='block_1_55' title="bbox 392 5324 1979 5401">
    <p class='ocr_par' dir='ltr' id='par_1_55' title="bbox 392 5324 1979 5401">
     <span class='ocr_line' id='line_1_55' title="bbox 392 5324 1979 5401; baseline 0.006 -21"><span class='ocrx_word' id='word_1_426' title='bbox 392 5324 676 5396; x_wconf 86' lang='lat' dir='ltr'><strong>expientur</strong></span> <span class='ocrx_word' id='word_1_427' title='bbox 703 5334 918 5394; x_wconf 86' lang='lat' dir='ltr'><strong>peccata</strong></span> <span class='ocrx_word' id='word_1_428' title='bbox 938 5339 1057 5394; x_wconf 69' lang='lat' dir='ltr'><strong>quae</strong></span> <span class='ocrx_word' id='word_1_429' title='bbox 1082 5338 1190 5380; x_wconf 88' lang='lat' dir='ltr'><strong>non</strong></span> <span class='ocrx_word' id='word_1_430' title='bbox 1214 5335 1405 5396; x_wconf 87' lang='lat' dir='ltr'><strong>sponte</strong></span> <span class='ocrx_word' id='word_1_431' title='bbox 1423 5330 1843 5401; x_wconf 89' lang='lat' dir='ltr'><strong>committuntur,</strong></span> <span class='ocrx_word' id='word_1_432' title='bbox 1868 5351 1979 5391; x_wconf 84' lang='lat' dir='ltr'><strong>me-</strong></span> 
     </span>
    </p>
   </div>
   <div class='ocr_carea' id='block_1_56' title="bbox 392 5416 1975 5491">
    <p class='ocr_par' dir='ltr' id='par_1_56' title="bbox 392 5416 1975 5491">
     <span class='ocr_line' id='line_1_56' title="bbox 392 5416 1975 5491; baseline 0.005 -17"><span class='ocrx_word' id='word_1_433' title='bbox 392 5418 501 5474; x_wconf 90' lang='lat' dir='ltr'><strong>rito</strong></span> <span class='ocrx_word' id='word_1_434' title='bbox 526 5418 782 5489; x_wconf 62' lang='lat' dir='ltr'><strong>quieritur</strong></span> <span class='ocrx_word' id='word_1_435' title='bbox 798 5432 918 5487; x_wconf 75' lang='lat' dir='ltr'><strong>qua:</strong></span> <span class='ocrx_word' id='word_1_436' title='bbox 942 5417 1052 5473; x_wconf 88' lang='lat' dir='ltr'><strong>sint</strong></span> <span class='ocrx_word' id='word_1_437' title='bbox 1076 5416 1189 5489; x_wconf 80' lang='lat' dir='ltr'><strong>ipsa</strong></span> <span class='ocrx_word' id='word_1_438' title='bbox 1209 5428 1425 5491; x_wconf 86' lang='lat' dir='ltr'><strong>peccata</strong></span> <span class='ocrx_word' id='word_1_439' title='bbox 1445 5420 1737 5478; x_wconf 85' lang='lat' dir='ltr'><strong>nolentium</strong></span> <span class='ocrx_word' id='word_1_440' title='bbox 1761 5442 1775 5479; x_wconf 89' lang='lat'><strong>:</strong></span> <span class='ocrx_word' id='word_1_441' title='bbox 1799 5435 1975 5483; x_wconf 87' lang='lat' dir='ltr'><strong>utrum</strong></span> 
     </span>
    </p>
   </div>
   <div class='ocr_carea' id='block_1_57' title="bbox 388 5507 1980 5589">
    <p class='ocr_par' dir='ltr' id='par_1_57' title="bbox 388 5507 1980 5589">
     <span class='ocr_line' id='line_1_57' title="bbox 388 5507 1980 5589; baseline 0.007 -24"><span class='ocrx_word' id='word_1_442' title='bbox 388 5526 512 5581; x_wconf 78' lang='lat' dir='ltr'><strong>qua:</strong></span> <span class='ocrx_word' id='word_1_443' title='bbox 558 5525 588 5565; x_wconf 91' lang='lat' dir='ltr'><strong>a</strong></span> <span class='ocrx_word' id='word_1_444' title='bbox 638 5507 996 5565; x_wconf 85' lang='lat' dir='ltr'><strong>nescientibus</strong></span> <span class='ocrx_word' id='word_1_445' title='bbox 1043 5511 1475 5579; x_wconf 88' lang='lat' dir='ltr'><strong>committuntur;</strong></span> <span class='ocrx_word' id='word_1_446' title='bbox 1502 5528 1570 5569; x_wconf 89' lang='lat' dir='ltr'><strong>an</strong></span> <span class='ocrx_word' id='word_1_447' title='bbox 1613 5516 1771 5572; x_wconf 84' lang='lat' dir='ltr'><strong>etiam</strong></span> <span class='ocrx_word' id='word_1_448' title='bbox 1811 5519 1980 5589; x_wconf 86' lang='lat' dir='ltr'><strong>possit</strong></span> 
     </span>
    </p>
   </div>
   <div class='ocr_carea' id='block_1_58' title="bbox 389 5602 1975 5679">
    <p class='ocr_par' dir='ltr' id='par_1_58' title="bbox 389 5602 1975 5679">
     <span class='ocr_line' id='line_1_58' title="bbox 389 5602 1975 5679; baseline 0.003 -15"><span class='ocrx_word' id='word_1_449' title='bbox 389 5612 536 5659; x_wconf 76' lang='lat' dir='ltr'><strong>recte</strong></span> <span class='ocrx_word' id='word_1_450' title='bbox 563 5602 669 5658; x_wconf 87' lang='lat' dir='ltr'><strong>dici</strong></span> <span class='ocrx_word' id='word_1_451' title='bbox 700 5609 974 5672; x_wconf 75' lang='lat' dir='ltr'><strong>peccatum</strong></span> <span class='ocrx_word' id='word_1_452' title='bbox 1014 5616 1135 5659; x_wconf 87' lang='lat' dir='ltr'><strong>esse</strong></span> <span class='ocrx_word' id='word_1_453' title='bbox 1176 5604 1424 5673; x_wconf 87' lang='lat' dir='ltr'><strong>nolentis,</strong></span> <span class='ocrx_word' id='word_1_454' title='bbox 1453 5607 1596 5679; x_wconf 88' lang='lat' dir='ltr'><strong>quod</strong></span> <span class='ocrx_word' id='word_1_455' title='bbox 1621 5607 1798 5667; x_wconf 84' lang='lat' dir='ltr'><strong>facere</strong></span> <span class='ocrx_word' id='word_1_456' title='bbox 1825 5626 1975 5669; x_wconf 88' lang='lat' dir='ltr'><strong>com-</strong></span> 
     </span>
    </p>
   </div>
   <div class='ocr_carea' id='block_1_59' title="bbox 394 5740 1975 5851">
    <p class='ocr_par' dir='ltr' id='par_1_59' title="bbox 394 5740 1975 5851">
     <span class='ocr_line' id='line_1_59' title="bbox 394 5740 1975 5851; baseline 0.009 -65"><span class='ocrx_word' id='word_1_457' title='bbox 394 5742 683 5851; x_wconf 52' lang='lat' dir='ltr'><strong>Bu’rltnw‘blss.</strong></span> <span class='ocrx_word' id='word_1_458' title='bbox 709 5745 1003 5803; x_wconf 83' lang='lat' dir='ltr'><strong>constanter,</strong></span> <span class='ocrx_word' id='word_1_459' title='bbox 1029 5740 1212 5793; x_wconf 78' lang='lat' dir='ltr'><strong>Botrui.</strong></span> <span class='ocrx_word' id='word_1_460' title='bbox 1251 5741 1384 5806; x_wconf 80' lang='lat' dir='ltr'><strong>Apud</strong></span> <span class='ocrx_word' id='word_1_461' title='bbox 1406 5748 1534 5795; x_wconf 81' lang='lat' dir='ltr'><strong>Lxx.</strong></span> <span class='ocrx_word' id='word_1_462' title='bbox 1573 5753 1707 5799; x_wconf 69' lang='lat' dir='ltr'><strong>num.</strong></span> <span class='ocrx_word' id='word_1_463' title='bbox 1755 5761 1859 5813; x_wconf 81' lang='lat' dir='ltr'><strong>cap.</strong></span> <span class='ocrx_word' id='word_1_464' title='bbox 1900 5752 1975 5845; x_wconf 73' lang='lat'><strong>13,</strong></span> 
     </span>
    </p>
   </div>
   <div class='ocr_carea' id='block_1_60' title="bbox 1166 336 2832 421">
    <p class='ocr_par' dir='ltr' id='par_1_60' title="bbox 1166 336 2832 421">
     <span class='ocr_line' id='line_1_60' title="bbox 1166 336 2832 421; baseline -0.008 -12"><span class='ocrx_word' id='word_1_465' title='bbox 1166 344 1628 421; x_wconf 62' lang='lat' dir='ltr'><strong>QUIESTIONUM</strong></span> <span class='ocrx_word' id='word_1_466' title='bbox 1665 343 1725 402; x_wconf 87' lang='lat' dir='ltr'><strong>S.</strong></span> <span class='ocrx_word' id='word_1_467' title='bbox 1768 337 2135 398; x_wconf 82' lang='lat' dir='ltr'><strong>AUGUSTINI</strong></span> <span class='ocrx_word' id='word_1_468' title='bbox 2176 336 2239 393; x_wconf 85' lang='lat' dir='ltr'><strong>IN</strong></span> <span class='ocrx_word' id='word_1_469' title='bbox 2278 338 2832 397; x_wconf 77' lang='lat' dir='ltr'><strong>IIEP’I‘ATEUCIIUM</strong></span> 
     </span>
    </p>
   </div>
   <div class='ocr_carea' id='block_1_61' title="bbox 2024 5932 2072 5959">
    <p class='ocr_par' dir='ltr' id='par_1_61' title="bbox 2024 5932 2072 5959">
     <span class='ocr_line' id='line_1_61' title="bbox 2024 5932 2072 5959; baseline -0.042 0"><span class='ocrx_word' id='word_1_470' title='bbox 2024 5932 2072 5959; x_wconf 68' lang='lat' dir='ltr'><strong>-f</strong></span> 
     </span>
    </p>
   </div>
   <div class='ocr_carea' id='block_1_62' title="bbox 3368 307 3406 343">
    <p class='ocr_par' dir='ltr' id='par_1_62' title="bbox 3368 307 3406 343">
     <span class='ocr_line' id='line_1_62' title="bbox 3368 307 3406 343; baseline 0 0"><span class='ocrx_word' id='word_1_471' title='bbox 3368 307 3406 343; x_wconf 56' lang='grc' dir='ltr'><strong>έετ</strong></span> 
     </span>
    </p>
   </div>
   <div class='ocr_carea' id='block_1_63' title="bbox 3614 342 3704 403">
    <p class='ocr_par' dir='ltr' id='par_1_63' title="bbox 3614 342 3704 403">
     <span class='ocr_line' id='line_1_63' title="bbox 3614 342 3704 403; baseline 0.033 -3"><span class='ocrx_word' id='word_1_472' title='bbox 3614 342 3704 403; x_wconf 72' lang='grc' dir='ltr'><strong>7Ξ8</strong></span> 
     </span>
    </p>
   </div>
   <div class='ocr_carea' id='block_1_64' title="bbox 2076 446 3698 521">
    <p class='ocr_par' dir='ltr' id='par_1_64' title="bbox 2076 446 3698 521">
     <span class='ocr_line' id='line_1_64' title="bbox 2076 446 3698 521; baseline 0.006 -15"><span class='ocrx_word' id='word_1_473' title='bbox 2076 452 2293 521; x_wconf 87' lang='lat' dir='ltr'><strong>pellitur</strong></span> <span class='ocrx_word' id='word_1_474' title='bbox 2323 470 2337 507; x_wconf 90' lang='lat'>:</span> <span class='ocrx_word' id='word_1_475' title='bbox 2366 468 2489 508; x_wconf 85' lang='lat' dir='ltr'><strong>nam</strong></span> <span class='ocrx_word' id='word_1_476' title='bbox 2518 463 2574 509; x_wconf 90' lang='lat' dir='ltr'><strong>et</strong></span> <span class='ocrx_word' id='word_1_477' title='bbox 2616 455 2717 509; x_wconf 90' lang='lat' dir='ltr'><strong>hoc</strong></span> <span class='ocrx_word' id='word_1_478' title='bbox 2752 463 2939 510; x_wconf 90' lang='lat' dir='ltr'><strong>contra</strong></span> <span class='ocrx_word' id='word_1_479' title='bbox 2964 454 3331 511; x_wconf 72' lang='lat' dir='ltr'><strong>voluntatem</strong></span> <span class='ocrx_word' id='word_1_480' title='bbox 3381 446 3573 513; x_wconf 84' lang='lat' dir='ltr'><strong>facere</strong></span> <span class='ocrx_word' id='word_1_481' title='bbox 3606 456 3698 516; x_wconf 89' lang='lat' dir='ltr'><strong>dici</strong></span> 
     </span>
    </p>
   </div>
   <div class='ocr_carea' id='block_1_65' title="bbox 2077 544 3699 618">
    <p class='ocr_par' dir='ltr' id='par_1_65' title="bbox 2077 544 3699 618">
     <span class='ocr_line' id='line_1_65' title="bbox 2077 544 3699 618; baseline 0.005 -20"><span class='ocrx_word' id='word_1_482' title='bbox 2077 544 2231 599; x_wconf 90' lang='lat' dir='ltr'><strong>solet.</strong></span> <span class='ocrx_word' id='word_1_483' title='bbox 2261 545 2366 600; x_wconf 88' lang='lat' dir='ltr'><strong>Sed</strong></span> <span class='ocrx_word' id='word_1_484' title='bbox 2397 545 2579 615; x_wconf 87' lang='lat' dir='ltr'><strong>utique</strong></span> <span class='ocrx_word' id='word_1_485' title='bbox 2607 546 2721 601; x_wconf 90' lang='lat' dir='ltr'><strong>vult</strong></span> <span class='ocrx_word' id='word_1_486' title='bbox 2749 556 2968 617; x_wconf 86' lang='lat' dir='ltr'><strong>propter</strong></span> <span class='ocrx_word' id='word_1_487' title='bbox 2988 546 3137 618; x_wconf 89' lang='lat' dir='ltr'><strong>quod</strong></span> <span class='ocrx_word' id='word_1_488' title='bbox 3172 546 3345 612; x_wconf 82' lang='lat' dir='ltr'><strong>facit,</strong></span> <span class='ocrx_word' id='word_1_489' title='bbox 3380 554 3638 618; x_wconf 82' lang='lat' dir='ltr'><strong>tanquam</strong></span> <span class='ocrx_word' id='word_1_490' title='bbox 3659 552 3699 607; x_wconf 86' lang='lat' dir='ltr'><strong>si</strong></span> 
     </span>
    </p>
   </div>
   <div class='ocr_carea' id='block_1_66' title="bbox 2078 635 3696 710">
    <p class='ocr_par' dir='ltr' id='par_1_66' title="bbox 2078 635 3696 710">
     <span class='ocr_line' id='line_1_66' title="bbox 2078 635 3696 710; baseline 0.002 -20"><span class='ocrx_word' id='word_1_491' title='bbox 2078 636 2319 705; x_wconf 88' lang='lat' dir='ltr'><strong>pejerare</strong></span> <span class='ocrx_word' id='word_1_492' title='bbox 2338 635 2490 703; x_wconf 88' lang='lat' dir='ltr'><strong>nolit,</strong></span> <span class='ocrx_word' id='word_1_493' title='bbox 2512 645 2567 692; x_wconf 92' lang='lat' dir='ltr'><strong>et</strong></span> <span class='ocrx_word' id='word_1_494' title='bbox 2594 635 2721 692; x_wconf 80' lang='lat' dir='ltr'><strong>facit</strong></span> <span class='ocrx_word' id='word_1_495' title='bbox 2736 638 2754 669; x_wconf 76' lang='grc'>⁸</span> <span class='ocrx_word' id='word_1_496' title='bbox 2770 652 2892 692; x_wconf 88' lang='lat' dir='ltr'><strong>cum</strong></span> <span class='ocrx_word' id='word_1_497' title='bbox 2918 638 3032 692; x_wconf 85' lang='lat' dir='ltr'><strong>vult</strong></span> <span class='ocrx_word' id='word_1_498' title='bbox 3057 638 3286 705; x_wconf 86' lang='lat' dir='ltr'><strong>vivere,</strong></span> <span class='ocrx_word' id='word_1_499' title='bbox 3310 640 3363 693; x_wconf 86' lang='lat' dir='ltr'><strong>si</strong></span> <span class='ocrx_word' id='word_1_500' title='bbox 3395 639 3696 710; x_wconf 79' lang='lat' dir='ltr'><strong>quisquam,</strong></span> 
     </span>
    </p>
   </div>
   <div class='ocr_carea' id='block_1_67' title="bbox 2078 728 3703 804">
    <p class='ocr_par' dir='ltr' id='par_1_67' title="bbox 2078 728 3703 804">
     <span class='ocr_line' id='line_1_67' title="bbox 2078 728 3703 804; baseline 0.005 -21"><span class='ocrx_word' id='word_1_501' title='bbox 2078 729 2181 784; x_wconf 86' lang='lat' dir='ltr'><strong>nisi</strong></span> <span class='ocrx_word' id='word_1_502' title='bbox 2210 728 2425 797; x_wconf 88' lang='lat' dir='ltr'><strong>fecerit,</strong></span> <span class='ocrx_word' id='word_1_503' title='bbox 2464 738 2691 785; x_wconf 81' lang='lat' dir='ltr'><strong>mortem</strong></span> <span class='ocrx_word' id='word_1_504' title='bbox 2720 729 2968 785; x_wconf 89' lang='lat' dir='ltr'><strong>minetur.</strong></span> <span class='ocrx_word' id='word_1_505' title='bbox 3000 730 3123 785; x_wconf 77' lang='lat' dir='ltr'><strong>Vult</strong></span> <span class='ocrx_word' id='word_1_506' title='bbox 3152 744 3305 801; x_wconf 82' lang='lat' dir='ltr'><strong>ergo</strong></span> <span class='ocrx_word' id='word_1_507' title='bbox 3341 728 3571 798; x_wconf 88' lang='lat' dir='ltr'><strong>facere,</strong></span> <span class='ocrx_word' id='word_1_508' title='bbox 3597 736 3703 804; x_wconf 85' lang='lat' dir='ltr'><strong>quia</strong></span> 
     </span>
    </p>
   </div>
   <div class='ocr_carea' id='block_1_68' title="bbox 2078 821 3705 893">
    <p class='ocr_par' dir='ltr' id='par_1_68' title="bbox 2078 821 3705 893">
     <span class='ocr_line' id='line_1_68' title="bbox 2078 821 3705 893; baseline 0.002 -16"><span class='ocrx_word' id='word_1_509' title='bbox 2078 821 2195 877; x_wconf 88' lang='lat' dir='ltr'><strong>vult</strong></span> <span class='ocrx_word' id='word_1_510' title='bbox 2218 822 2398 878; x_wconf 87' lang='lat' dir='ltr'><strong>vivere</strong></span> <span class='ocrx_word' id='word_1_511' title='bbox 2425 840 2443 879; x_wconf 88' lang='lat'><strong>:</strong></span> <span class='ocrx_word' id='word_1_512' title='bbox 2473 830 2530 878; x_wconf 89' lang='lat' dir='ltr'><strong>et</strong></span> <span class='ocrx_word' id='word_1_513' title='bbox 2558 821 2678 878; x_wconf 88' lang='lat' dir='ltr'><strong>ideo</strong></span> <span class='ocrx_word' id='word_1_514' title='bbox 2711 836 2819 877; x_wconf 89' lang='lat' dir='ltr'><strong>non</strong></span> <span class='ocrx_word' id='word_1_515' title='bbox 2857 836 2952 893; x_wconf 88' lang='lat' dir='ltr'><strong>per</strong></span> <span class='ocrx_word' id='word_1_516' title='bbox 2991 822 3271 893; x_wconf 77' lang='lat' dir='ltr'><strong>seipsum‘</strong></span> <span class='ocrx_word' id='word_1_517' title='bbox 3298 823 3620 893; x_wconf 84' lang='lat' dir='ltr'><strong>appetendo</strong></span> <span class='ocrx_word' id='word_1_518' title='bbox 3656 837 3705 882; x_wconf 89' lang='lat' dir='ltr'><strong>ut</strong></span> 
     </span>
    </p>
   </div>
   <div class='ocr_carea' id='block_1_69' title="bbox 2078 912 3702 985">
    <p class='ocr_par' dir='ltr' id='par_1_69' title="bbox 2078 912 3702 985">
     <span class='ocr_line' id='line_1_69' title="bbox 2078 912 3702 985; baseline 0.003 -16"><span class='ocrx_word' id='word_1_519' title='bbox 2078 913 2270 971; x_wconf 88' lang='lat' dir='ltr'><strong>falsum</strong></span> <span class='ocrx_word' id='word_1_520' title='bbox 2295 914 2463 984; x_wconf 87' lang='lat' dir='ltr'><strong>juret,</strong></span> <span class='ocrx_word' id='word_1_521' title='bbox 2495 913 2590 970; x_wconf 89' lang='lat' dir='ltr'><strong>sed</strong></span> <span class='ocrx_word' id='word_1_522' title='bbox 2620 922 2678 969; x_wconf 94' lang='lat' dir='ltr'><strong>ut</strong></span> <span class='ocrx_word' id='word_1_523' title='bbox 2704 912 2897 969; x_wconf 87' lang='lat' dir='ltr'><strong>falsum</strong></span> <span class='ocrx_word' id='word_1_524' title='bbox 2922 914 3155 985; x_wconf 75' lang='lat' dir='ltr'><strong>iurando</strong></span> <span class='ocrx_word' id='word_1_525' title='bbox 3176 914 3369 971; x_wconf 80' lang='lat' dir='ltr'><strong>vivat.</strong></span> <span class='ocrx_word' id='word_1_526' title='bbox 3395 914 3558 983; x_wconf 85' lang='lat' dir='ltr'><strong>Quod</strong></span> <span class='ocrx_word' id='word_1_527' title='bbox 3578 917 3624 972; x_wconf 94' lang='lat' dir='ltr'><strong>si</strong></span> <span class='ocrx_word' id='word_1_528' title='bbox 3643 916 3702 974; x_wconf 86' lang='lat' dir='ltr'><strong>ita</strong></span> 
     </span>
    </p>
   </div>
   <div class='ocr_carea' id='block_1_70' title="bbox 2077 1007 3699 1079">
    <p class='ocr_par' dir='ltr' id='par_1_70' title="bbox 2077 1007 3699 1079">
     <span class='ocr_line' id='line_1_70' title="bbox 2077 1007 3699 1079; baseline 0.001 -16"><span class='ocrx_word' id='word_1_529' title='bbox 2077 1016 2183 1074; x_wconf 88' lang='lat' dir='ltr'><strong>est,</strong></span> <span class='ocrx_word' id='word_1_530' title='bbox 2212 1008 2393 1064; x_wconf 86' lang='lat' dir='ltr'><strong>nescio</strong></span> <span class='ocrx_word' id='word_1_531' title='bbox 2412 1016 2593 1063; x_wconf 90' lang='lat' dir='ltr'><strong>utrum</strong></span> <span class='ocrx_word' id='word_1_532' title='bbox 2620 1008 2824 1079; x_wconf 86' lang='lat' dir='ltr'><strong>possint</strong></span> <span class='ocrx_word' id='word_1_533' title='bbox 2848 1007 2956 1063; x_wconf 90' lang='lat' dir='ltr'><strong>diei</strong></span> <span class='ocrx_word' id='word_1_534' title='bbox 2985 1008 3083 1064; x_wconf 87' lang='lat' dir='ltr'><strong>ista</strong></span> <span class='ocrx_word' id='word_1_535' title='bbox 3105 1017 3359 1079; x_wconf 82' lang='lat' dir='ltr'><strong>peccata</strong></span> <span class='ocrx_word' id='word_1_536' title='bbox 3386 1008 3699 1076; x_wconf 83' lang='lat' dir='ltr'><strong>nolentium,</strong></span> 
     </span>
    </p>
   </div>
   <div class='ocr_carea' id='block_1_71' title="bbox 2080 1096 3699 1170">
    <p class='ocr_par' dir='ltr' id='par_1_71' title="bbox 2080 1096 3699 1170">
     <span class='ocr_line' id='line_1_71' title="bbox 2080 1096 3699 1170; baseline 0.002 -17"><span class='ocrx_word' id='word_1_537' title='bbox 2080 1099 2256 1170; x_wconf 88' lang='lat' dir='ltr'><strong>qualia</strong></span> <span class='ocrx_word' id='word_1_538' title='bbox 2283 1098 2369 1155; x_wconf 87' lang='lat' dir='ltr'><strong>hic</strong></span> <span class='ocrx_word' id='word_1_539' title='bbox 2401 1098 2647 1154; x_wconf 90' lang='lat' dir='ltr'><strong>dicuntur</strong></span> <span class='ocrx_word' id='word_1_540' title='bbox 2674 1098 2958 1169; x_wconf 83' lang='lat' dir='ltr'><strong>expianda.</strong></span> <span class='ocrx_word' id='word_1_541' title='bbox 2986 1096 3119 1154; x_wconf 84' lang='lat' dir='ltr'><strong>Nam</strong></span> <span class='ocrx_word' id='word_1_542' title='bbox 3149 1099 3206 1154; x_wconf 87' lang='lat' dir='ltr'><strong>si</strong></span> <span class='ocrx_word' id='word_1_543' title='bbox 3239 1098 3556 1170; x_wconf 83' lang='lat' dir='ltr'><strong>diligenter</strong></span> <span class='ocrx_word' id='word_1_544' title='bbox 3585 1116 3699 1157; x_wconf 87' lang='lat' dir='ltr'><strong>con-</strong></span> 
     </span>
    </p>
   </div>
   <div class='ocr_carea' id='block_1_72' title="bbox 2081 1188 3703 1263">
    <p class='ocr_par' dir='ltr' id='par_1_72' title="bbox 2081 1188 3703 1263">
     <span class='ocr_line' id='line_1_72' title="bbox 2081 1188 3703 1263; baseline 0.001 -18"><span class='ocrx_word' id='word_1_545' title='bbox 2081 1189 2369 1257; x_wconf 86' lang='lat' dir='ltr'><strong>sideretur,</strong></span> <span class='ocrx_word' id='word_1_546' title='bbox 2391 1188 2533 1245; x_wconf 89' lang='lat' dir='ltr'><strong>forte</strong></span> <span class='ocrx_word' id='word_1_547' title='bbox 2558 1190 2731 1261; x_wconf 90' lang='lat' dir='ltr'><strong>ipsum</strong></span> <span class='ocrx_word' id='word_1_548' title='bbox 2753 1204 2974 1260; x_wconf 88' lang='lat' dir='ltr'><strong>peccare</strong></span> <span class='ocrx_word' id='word_1_549' title='bbox 2994 1204 3157 1246; x_wconf 87' lang='lat' dir='ltr'><strong>nemo</strong></span> <span class='ocrx_word' id='word_1_550' title='bbox 3178 1191 3355 1257; x_wconf 86' lang='lat' dir='ltr'><strong>velit,</strong></span> <span class='ocrx_word' id='word_1_551' title='bbox 3376 1190 3482 1247; x_wconf 87' lang='lat' dir='ltr'><strong>sed</strong></span> <span class='ocrx_word' id='word_1_552' title='bbox 3504 1203 3703 1263; x_wconf 84' lang='lat' dir='ltr'><strong>prOpler</strong></span> 
     </span>
    </p>
   </div>
   <div class='ocr_carea' id='block_1_73' title="bbox 2082 1281 3701 1356">
    <p class='ocr_par' dir='ltr' id='par_1_73' title="bbox 2082 1281 3701 1356">
     <span class='ocr_line' id='line_1_73' title="bbox 2082 1281 3701 1356; baseline 0.003 -19"><span class='ocrx_word' id='word_1_553' title='bbox 2082 1281 2225 1337; x_wconf 88' lang='lat' dir='ltr'><strong>aliud</strong></span> <span class='ocrx_word' id='word_1_554' title='bbox 2246 1283 2324 1349; x_wconf 84' lang='lat' dir='ltr'><strong>fit,</strong></span> <span class='ocrx_word' id='word_1_555' title='bbox 2346 1284 2487 1353; x_wconf 92' lang='lat' dir='ltr'><strong>quod</strong></span> <span class='ocrx_word' id='word_1_556' title='bbox 2508 1283 2621 1338; x_wconf 92' lang='lat' dir='ltr'><strong>vult</strong></span> <span class='ocrx_word' id='word_1_557' title='bbox 2637 1283 2729 1354; x_wconf 87' lang='lat' dir='ltr'><strong>qui</strong></span> <span class='ocrx_word' id='word_1_558' title='bbox 2753 1292 2955 1355; x_wconf 87' lang='lat' dir='ltr'><strong>peccat.</strong></span> <span class='ocrx_word' id='word_1_559' title='bbox 2977 1283 3186 1340; x_wconf 81' lang='lat' dir='ltr'><strong>Omnes</strong></span> <span class='ocrx_word' id='word_1_560' title='bbox 3214 1284 3443 1356; x_wconf 82' lang='lat' dir='ltr'><strong>quippe</strong></span> <span class='ocrx_word' id='word_1_561' title='bbox 3469 1286 3701 1344; x_wconf 85' lang='lat' dir='ltr'><strong>homines</strong></span> 
     </span>
    </p>
   </div>
   <div class='ocr_carea' id='block_1_74' title="bbox 2081 1373 3700 1446">
    <p class='ocr_par' dir='ltr' id='par_1_74' title="bbox 2081 1373 3700 1446">
     <span class='ocr_line' id='line_1_74' title="bbox 2081 1373 3700 1446; baseline 0.004 -19"><span class='ocrx_word' id='word_1_562' title='bbox 2081 1373 2173 1444; x_wconf 87' lang='lat' dir='ltr'><strong>qui</strong></span> <span class='ocrx_word' id='word_1_563' title='bbox 2220 1374 2451 1430; x_wconf 88' lang='lat' dir='ltr'><strong>scientes</strong></span> <span class='ocrx_word' id='word_1_564' title='bbox 2502 1374 2703 1429; x_wconf 85' lang='lat' dir='ltr'><strong>faciunt</strong></span> <span class='ocrx_word' id='word_1_565' title='bbox 2738 1375 2881 1445; x_wconf 89' lang='lat' dir='ltr'><strong>quod</strong></span> <span class='ocrx_word' id='word_1_566' title='bbox 2922 1391 3030 1431; x_wconf 88' lang='lat' dir='ltr'><strong>non</strong></span> <span class='ocrx_word' id='word_1_567' title='bbox 3066 1377 3223 1446; x_wconf 84' lang='lat' dir='ltr'><strong>licet,</strong></span> <span class='ocrx_word' id='word_1_568' title='bbox 3264 1377 3483 1433; x_wconf 87' lang='lat' dir='ltr'><strong>vellent</strong></span> <span class='ocrx_word' id='word_1_569' title='bbox 3514 1377 3700 1434; x_wconf 88' lang='lat' dir='ltr'><strong>licere:</strong></span> 
     </span>
    </p>
   </div>
   <div class='ocr_carea' id='block_1_75' title="bbox 2085 1466 3700 1540">
    <p class='ocr_par' dir='ltr' id='par_1_75' title="bbox 2085 1466 3700 1540">
     <span class='ocr_line' id='line_1_75' title="bbox 2085 1466 3700 1540; baseline 0.004 -20"><span class='ocrx_word' id='word_1_570' title='bbox 2085 1480 2257 1537; x_wconf 89' lang='lat' dir='ltr'><strong>usque</strong></span> <span class='ocrx_word' id='word_1_571' title='bbox 2283 1466 2420 1521; x_wconf 88' lang='lat' dir='ltr'><strong>adeo</strong></span> <span class='ocrx_word' id='word_1_572' title='bbox 2449 1466 2622 1536; x_wconf 88' lang='lat' dir='ltr'><strong>ipsum</strong></span> <span class='ocrx_word' id='word_1_573' title='bbox 2661 1481 2886 1537; x_wconf 85' lang='lat' dir='ltr'><strong>peccare</strong></span> <span class='ocrx_word' id='word_1_574' title='bbox 2912 1482 3073 1524; x_wconf 89' lang='lat' dir='ltr'><strong>nemo</strong></span> <span class='ocrx_word' id='word_1_575' title='bbox 3096 1469 3324 1539; x_wconf 86' lang='lat' dir='ltr'><strong>appetit</strong></span> <span class='ocrx_word' id='word_1_576' title='bbox 3353 1477 3585 1540; x_wconf 88' lang='lat' dir='ltr'><strong>propter</strong></span> <span class='ocrx_word' id='word_1_577' title='bbox 3610 1469 3700 1526; x_wconf 71' lang='lat' dir='ltr'><strong>hoc</strong></span> 
     </span>
    </p>
   </div>
   <div class='ocr_carea' id='block_1_76' title="bbox 2084 1558 3697 1632">
    <p class='ocr_par' dir='ltr' id='par_1_76' title="bbox 2084 1558 3697 1632">
     <span class='ocr_line' id='line_1_76' title="bbox 2084 1558 3697 1632; baseline 0.003 -19"><span class='ocrx_word' id='word_1_578' title='bbox 2084 1559 2279 1628; x_wconf 88' lang='lat' dir='ltr'><strong>ipsum,</strong></span> <span class='ocrx_word' id='word_1_579' title='bbox 2320 1558 2414 1615; x_wconf 90' lang='lat' dir='ltr'><strong>sed</strong></span> <span class='ocrx_word' id='word_1_580' title='bbox 2457 1567 2679 1630; x_wconf 86' lang='lat' dir='ltr'><strong>propter</strong></span> <span class='ocrx_word' id='word_1_581' title='bbox 2727 1560 2857 1615; x_wconf 91' lang='lat' dir='ltr'><strong>illud</strong></span> <span class='ocrx_word' id='word_1_582' title='bbox 2906 1559 3051 1632; x_wconf 91' lang='lat' dir='ltr'><strong>quod</strong></span> <span class='ocrx_word' id='word_1_583' title='bbox 3087 1576 3155 1617; x_wconf 85' lang='lat' dir='ltr'><strong>ex</strong></span> <span class='ocrx_word' id='word_1_584' title='bbox 3206 1576 3286 1617; x_wconf 88' lang='lat' dir='ltr'><strong>eo</strong></span> <span class='ocrx_word' id='word_1_585' title='bbox 3333 1564 3697 1632; x_wconf 84' lang='lat' dir='ltr'><strong>consequitur.</strong></span> 
     </span>
    </p>
   </div>
   <div class='ocr_carea' id='block_1_77' title="bbox 2085 1652 3693 1725">
    <p class='ocr_par' dir='ltr' id='par_1_77' title="bbox 2085 1652 3693 1725">
     <span class='ocr_line' id='line_1_77' title="bbox 2085 1652 3693 1725; baseline 0.002 -18"><span class='ocrx_word' id='word_1_586' title='bbox 2085 1652 2215 1708; x_wconf 69' lang='lat' dir='ltr'><strong>Ilaec</strong></span> <span class='ocrx_word' id='word_1_587' title='bbox 2258 1653 2303 1707; x_wconf 89' lang='lat' dir='ltr'><strong>si</strong></span> <span class='ocrx_word' id='word_1_588' title='bbox 2346 1652 2419 1707; x_wconf 90' lang='lat' dir='ltr'><strong>ita</strong></span> <span class='ocrx_word' id='word_1_589' title='bbox 2462 1668 2523 1709; x_wconf 88' lang='lat' dir='ltr'><strong>se</strong></span> <span class='ocrx_word' id='word_1_590' title='bbox 2562 1653 2792 1723; x_wconf 88' lang='lat' dir='ltr'><strong>habent,</strong></span> <span class='ocrx_word' id='word_1_591' title='bbox 2825 1668 2930 1709; x_wconf 90' lang='lat' dir='ltr'><strong>non</strong></span> <span class='ocrx_word' id='word_1_592' title='bbox 2960 1662 3088 1709; x_wconf 88' lang='lat' dir='ltr'><strong>sunt</strong></span> <span class='ocrx_word' id='word_1_593' title='bbox 3114 1663 3359 1725; x_wconf 86' lang='lat' dir='ltr'><strong>peccata</strong></span> <span class='ocrx_word' id='word_1_594' title='bbox 3390 1654 3693 1724; x_wconf 85' lang='lat' dir='ltr'><strong>nolentium,</strong></span> 
     </span>
    </p>
   </div>
   <div class='ocr_carea' id='block_1_78' title="bbox 2086 1745 3696 1820">
    <p class='ocr_par' dir='ltr' id='par_1_78' title="bbox 2086 1745 3696 1820">
     <span class='ocr_line' id='line_1_78' title="bbox 2086 1745 3696 1820; baseline 0.002 -20"><span class='ocrx_word' id='word_1_595' title='bbox 2086 1745 2190 1801; x_wconf 88' lang='lat' dir='ltr'><strong>nisi</strong></span> <span class='ocrx_word' id='word_1_596' title='bbox 2234 1746 2604 1815; x_wconf 87' lang='lat' dir='ltr'><strong>nescentium;</strong></span> <span class='ocrx_word' id='word_1_597' title='bbox 2647 1761 2766 1819; x_wconf 60' lang='lat' dir='ltr'><strong>quas</strong></span> <span class='ocrx_word' id='word_1_598' title='bbox 2812 1746 3205 1803; x_wconf 83' lang='lat' dir='ltr'><strong>discernuntur</strong></span> <span class='ocrx_word' id='word_1_599' title='bbox 3240 1761 3278 1803; x_wconf 88' lang='lat' dir='ltr'><strong>a</strong></span> <span class='ocrx_word' id='word_1_600' title='bbox 3325 1747 3572 1820; x_wconf 80' lang='lat' dir='ltr'><strong>peccatis</strong></span> <span class='ocrx_word' id='word_1_601' title='bbox 3611 1762 3696 1803; x_wconf 86' lang='lat' dir='ltr'><strong>vo-</strong></span> 
     </span>
    </p>
   </div>
   <div class='ocr_carea' id='block_1_79' title="bbox 2086 1840 2328 1897">
    <p class='ocr_par' dir='ltr' id='par_1_79' title="bbox 2086 1840 2328 1897">
     <span class='ocr_line' id='line_1_79' title="bbox 2086 1840 2328 1897; baseline 0 -2"><span class='ocrx_word' id='word_1_602' title='bbox 2086 1840 2328 1897; x_wconf 89' lang='lat' dir='ltr'><strong>Ientium.</strong></span> 
     </span>
    </p>
   </div>
   <div class='ocr_carea' id='block_1_80' title="bbox 2158 1929 3693 2005">
    <p class='ocr_par' dir='ltr' id='par_1_80' title="bbox 2158 1929 3693 2005">
     <span class='ocr_line' id='line_1_80' title="bbox 2158 1929 3693 2005; baseline 0.001 -20"><span class='ocrx_word' id='word_1_603' title='bbox 2158 1929 2325 1985; x_wconf 76' lang='lat' dir='ltr'><strong>XXV.</strong></span> <span class='ocrx_word' id='word_1_604' title='bbox 2356 1930 2454 2002; x_wconf 82' lang='lat' dir='ltr'><strong>[lb.</strong></span> <span class='ocrx_word' id='word_1_605' title='bbox 2484 1946 2573 1998; x_wconf 91' lang='lat' dir='ltr'><strong>xv,</strong></span> <span class='ocrx_word' id='word_1_606' title='bbox 2592 1931 2680 1997; x_wconf 74' lang='lat'><strong>50,</strong></span> <span class='ocrx_word' id='word_1_607' title='bbox 2703 1929 2818 2005; x_wconf 61' lang='grc' dir='ltr'><strong>δι]</strong></span> <span class='ocrx_word' id='word_1_608' title='bbox 2847 1931 2916 1985; x_wconf 87' lang='lat' dir='ltr'><strong>Et</strong></span> <span class='ocrx_word' id='word_1_609' title='bbox 2938 1932 3111 1987; x_wconf 79' lang='lat' dir='ltr'><strong>animo</strong></span> <span class='ocrx_word' id='word_1_610' title='bbox 3132 1947 3496 2003; x_wconf 66' lang='lat' dir='ltr'><strong>quacumque</strong></span> <span class='ocrx_word' id='word_1_611' title='bbox 3530 1946 3693 2003; x_wconf 79' lang='lat' dir='ltr'><strong>pecea-</strong></span> 
     </span>
    </p>
   </div>
   <div class='ocr_carea' id='block_1_81' title="bbox 2086 2024 3687 2098">
    <p class='ocr_par' dir='ltr' id='par_1_81' title="bbox 2086 2024 3687 2098">
     <span class='ocr_line' id='line_1_81' title="bbox 2086 2024 3687 2098; baseline 0.002 -21"><span class='ocrx_word' id='word_1_612' title='bbox 2086 2024 2212 2077; x_wconf 86' lang='lat' dir='ltr'><strong>verit</strong></span> <span class='ocrx_word' id='word_1_613' title='bbox 2237 2024 2291 2077; x_wconf 90' lang='lat' dir='ltr'><strong>in</strong></span> <span class='ocrx_word' id='word_1_614' title='bbox 2319 2040 2472 2077; x_wconf 85' lang='lat' dir='ltr'><strong>manu</strong></span> <span class='ocrx_word' id='word_1_615' title='bbox 2506 2024 2754 2094; x_wconf 70' lang='lat' dir='ltr'><strong>superbire</strong></span> <span class='ocrx_word' id='word_1_616' title='bbox 2784 2041 2847 2080; x_wconf 75' lang='lat' dir='ltr'><strong>ea:</strong></span> <span class='ocrx_word' id='word_1_617' title='bbox 2879 2025 3148 2097; x_wconf 85' lang='lat' dir='ltr'><strong>indigenis,</strong></span> <span class='ocrx_word' id='word_1_618' title='bbox 3180 2035 3285 2079; x_wconf 73' lang='lat' dir='ltr'><strong>aut</strong></span> <span class='ocrx_word' id='word_1_619' title='bbox 3314 2041 3387 2081; x_wconf 79' lang='lat' dir='ltr'><strong>ea:</strong></span> <span class='ocrx_word' id='word_1_620' title='bbox 3414 2026 3687 2098; x_wconf 69' lang='lat' dir='ltr'><strong>proselytis,</strong></span> 
     </span>
    </p>
   </div>
   <div class='ocr_carea' id='block_1_82' title="bbox 2086 2112 3690 2185">
    <p class='ocr_par' dir='ltr' id='par_1_82' title="bbox 2086 2112 3690 2185">
     <span class='ocr_line' id='line_1_82' title="bbox 2086 2112 3690 2185; baseline 0.001 -17"><span class='ocrx_word' id='word_1_621' title='bbox 2086 2112 2253 2169; x_wconf 90' lang='lat' dir='ltr'><strong>Deum</strong></span> <span class='ocrx_word' id='word_1_622' title='bbox 2283 2116 2363 2168; x_wconf 81' lang='lat' dir='ltr'><strong>hic</strong></span> <span class='ocrx_word' id='word_1_623' title='bbox 2383 2117 2664 2180; x_wconf 72' lang='lat' dir='ltr'><strong>exacerbat,</strong></span> <span class='ocrx_word' id='word_1_624' title='bbox 2694 2124 2741 2169; x_wconf 87' lang='lat' dir='ltr'><strong>et</strong></span> <span class='ocrx_word' id='word_1_625' title='bbox 2767 2116 3184 2171; x_wconf 75' lang='lat' dir='ltr'><strong>exterminabitur</strong></span> <span class='ocrx_word' id='word_1_626' title='bbox 3204 2117 3397 2171; x_wconf 82' lang='lat' dir='ltr'><strong>animo</strong></span> <span class='ocrx_word' id='word_1_627' title='bbox 3419 2114 3516 2170; x_wconf 78' lang='lat' dir='ltr'><strong>illa</strong></span> <span class='ocrx_word' id='word_1_628' title='bbox 3534 2115 3595 2170; x_wconf 88' lang='lat' dir='ltr'><strong>de</strong></span> <span class='ocrx_word' id='word_1_629' title='bbox 3610 2132 3690 2185; x_wconf 82' lang='lat' dir='ltr'><strong>pe-</strong></span> 
     </span>
    </p>
   </div>
   <div class='ocr_carea' id='block_1_83' title="bbox 2088 2204 3686 2278">
    <p class='ocr_par' dir='ltr' id='par_1_83' title="bbox 2088 2204 3686 2278">
     <span class='ocr_line' id='line_1_83' title="bbox 2088 2204 3686 2278; baseline 0.001 -20"><span class='ocrx_word' id='word_1_630' title='bbox 2088 2204 2213 2275; x_wconf 86' lang='lat' dir='ltr'><strong>pulo</strong></span> <span class='ocrx_word' id='word_1_631' title='bbox 2234 2220 2361 2269; x_wconf 86' lang='lat' dir='ltr'><strong>suo;</strong></span> <span class='ocrx_word' id='word_1_632' title='bbox 2389 2206 2628 2275; x_wconf 84' lang='lat' dir='ltr'><strong>quoniam</strong></span> <span class='ocrx_word' id='word_1_633' title='bbox 2653 2207 2853 2261; x_wconf 85' lang='lat' dir='ltr'><strong>verbum</strong></span> <span class='ocrx_word' id='word_1_634' title='bbox 2880 2204 3087 2261; x_wconf 87' lang='lat' dir='ltr'><strong>Domini</strong></span> <span class='ocrx_word' id='word_1_635' title='bbox 3112 2206 3457 2278; x_wconf 81' lang='lat' dir='ltr'><strong>contempsit,</strong></span> <span class='ocrx_word' id='word_1_636' title='bbox 3483 2215 3533 2260; x_wconf 85' lang='lat' dir='ltr'><strong>et</strong></span> <span class='ocrx_word' id='word_1_637' title='bbox 3554 2222 3686 2261; x_wconf 73' lang='lat' dir='ltr'><strong>man-</strong></span> 
     </span>
    </p>
   </div>
   <div class='ocr_carea' id='block_1_84' title="bbox 2086 2294 3683 2367">
    <p class='ocr_par' dir='ltr' id='par_1_84' title="bbox 2086 2294 3683 2367">
     <span class='ocr_line' id='line_1_84' title="bbox 2086 2294 3683 2367; baseline 0.003 -20"><span class='ocrx_word' id='word_1_638' title='bbox 2086 2294 2209 2348; x_wconf 86' lang='lat' dir='ltr'><strong>data</strong></span> <span class='ocrx_word' id='word_1_639' title='bbox 2228 2296 2336 2365; x_wconf 84' lang='lat' dir='ltr'><strong>ejus</strong></span> <span class='ocrx_word' id='word_1_640' title='bbox 2356 2294 2657 2367; x_wconf 86' lang='lat' dir='ltr'><strong>disperdidit</strong></span> <span class='ocrx_word' id='word_1_641' title='bbox 2685 2311 2703 2351; x_wconf 92' lang='lat'><strong><em>:</em></strong></span> <span class='ocrx_word' id='word_1_642' title='bbox 2728 2297 3026 2351; x_wconf 84' lang='lat' dir='ltr'><strong>contritione</strong></span> <span class='ocrx_word' id='word_1_643' title='bbox 3059 2306 3359 2352; x_wconf 81' lang='lat' dir='ltr'><strong>conteretur</strong></span> <span class='ocrx_word' id='word_1_644' title='bbox 3382 2298 3559 2352; x_wconf 85' lang='lat' dir='ltr'><strong>anima</strong></span> <span class='ocrx_word' id='word_1_645' title='bbox 3584 2298 3683 2364; x_wconf 85' lang='lat' dir='ltr'><strong>illa,</strong></span> 
     </span>
    </p>
   </div>
   <div class='ocr_carea' id='block_1_85' title="bbox 2089 2391 3682 2465">
    <p class='ocr_par' dir='ltr' id='par_1_85' title="bbox 2089 2391 3682 2465">
     <span class='ocr_line' id='line_1_85' title="bbox 2089 2391 3682 2465; baseline 0.002 -22"><span class='ocrx_word' id='word_1_646' title='bbox 2089 2400 2349 2461; x_wconf 87' lang='lat' dir='ltr'><strong>peccatum</strong></span> <span class='ocrx_word' id='word_1_647' title='bbox 2390 2394 2499 2458; x_wconf 73' lang='lat' dir='ltr'><strong>eius</strong></span> <span class='ocrx_word' id='word_1_648' title='bbox 2533 2393 2587 2446; x_wconf 87' lang='lat' dir='ltr'><strong>iu</strong></span> <span class='ocrx_word' id='word_1_649' title='bbox 2625 2392 2737 2447; x_wconf 87' lang='lat' dir='ltr'><strong>illa.</strong></span> <span class='ocrx_word' id='word_1_650' title='bbox 2758 2391 2889 2459; x_wconf 67' lang='lat' dir='ltr'><strong>Quae</strong></span> <span class='ocrx_word' id='word_1_651' title='bbox 2912 2394 3022 2448; x_wconf 86' lang='lat' dir='ltr'><strong>sint</strong></span> <span class='ocrx_word' id='word_1_652' title='bbox 3048 2401 3273 2463; x_wconf 86' lang='lat' dir='ltr'><strong>peccata</strong></span> <span class='ocrx_word' id='word_1_653' title='bbox 3306 2408 3437 2465; x_wconf 65' lang='lat' dir='ltr'><strong>quae</strong></span> <span class='ocrx_word' id='word_1_654' title='bbox 3476 2391 3606 2447; x_wconf 79' lang='lat' dir='ltr'><strong>fiunt</strong></span> <span class='ocrx_word' id='word_1_655' title='bbox 3637 2391 3682 2447; x_wconf 90' lang='lat' dir='ltr'><strong>in</strong></span> 
     </span>
    </p>
   </div>
   <div class='ocr_carea' id='block_1_86' title="bbox 2090 2484 3681 2557">
    <p class='ocr_par' dir='ltr' id='par_1_86' title="bbox 2090 2484 3681 2557">
     <span class='ocr_line' id='line_1_86' title="bbox 2090 2484 3681 2557; baseline 0.001 -18"><span class='ocrx_word' id='word_1_656' title='bbox 2090 2498 2254 2540; x_wconf 84' lang='lat' dir='ltr'><strong>manu</strong></span> <span class='ocrx_word' id='word_1_657' title='bbox 2283 2484 2569 2553; x_wconf 68' lang='lat' dir='ltr'><strong>superbire,</strong></span> <span class='ocrx_word' id='word_1_658' title='bbox 2598 2485 2650 2540; x_wconf 92' lang='lat' dir='ltr'><strong>id</strong></span> <span class='ocrx_word' id='word_1_659' title='bbox 2680 2494 2763 2541; x_wconf 91' lang='lat' dir='ltr'><strong>est</strong></span> <span class='ocrx_word' id='word_1_660' title='bbox 2800 2486 3046 2557; x_wconf 85' lang='lat' dir='ltr'><strong>superbia</strong></span> <span class='ocrx_word' id='word_1_661' title='bbox 3083 2487 3529 2550; x_wconf 87' lang='lat' dir='ltr'><strong>committuntur,</strong></span> <span class='ocrx_word' id='word_1_662' title='bbox 3548 2484 3681 2541; x_wconf 80' lang='lat' dir='ltr'><strong>Scri-</strong></span> 
     </span>
    </p>
   </div>
   <div class='ocr_carea' id='block_1_87' title="bbox 2086 2574 3676 2649">
    <p class='ocr_par' dir='ltr' id='par_1_87' title="bbox 2086 2574 3676 2649">
     <span class='ocr_line' id='line_1_87' title="bbox 2086 2574 3676 2649; baseline -0.002 -18"><span class='ocrx_word' id='word_1_663' title='bbox 2086 2585 2242 2648; x_wconf 87' lang='lat' dir='ltr'><strong>ptura</strong></span> <span class='ocrx_word' id='word_1_664' title='bbox 2274 2576 2385 2647; x_wconf 88' lang='lat' dir='ltr'><strong>ipsa</strong></span> <span class='ocrx_word' id='word_1_665' title='bbox 2427 2577 2478 2631; x_wconf 93' lang='lat' dir='ltr'><strong>in</strong></span> <span class='ocrx_word' id='word_1_666' title='bbox 2508 2577 2956 2647; x_wconf 89' lang='lat' dir='ltr'><strong>consequentibus</strong></span> <span class='ocrx_word' id='word_1_667' title='bbox 2985 2578 3116 2632; x_wconf 92' lang='lat' dir='ltr'><strong>satis</strong></span> <span class='ocrx_word' id='word_1_668' title='bbox 3152 2578 3451 2649; x_wconf 86' lang='lat' dir='ltr'><strong>exposuit,</strong></span> <span class='ocrx_word' id='word_1_669' title='bbox 3491 2574 3676 2640; x_wconf 80' lang='lat' dir='ltr'><strong>ubisit,</strong></span> 
     </span>
    </p>
   </div>
   <div class='ocr_carea' id='block_1_88' title="bbox 2087 2667 3679 2743">
    <p class='ocr_par' dir='ltr' id='par_1_88' title="bbox 2087 2667 3679 2743">
     <span class='ocr_line' id='line_1_88' title="bbox 2087 2667 3679 2743; baseline 0 -22"><span class='ocrx_word' id='word_1_670' title='bbox 2087 2667 2340 2734; x_wconf 82' lang='lat' dir='ltr'><strong>Quoniam</strong></span> <span class='ocrx_word' id='word_1_671' title='bbox 2387 2671 2588 2723; x_wconf 84' lang='lat' dir='ltr'><strong>verbum</strong></span> <span class='ocrx_word' id='word_1_672' title='bbox 2631 2668 2839 2724; x_wconf 87' lang='lat' dir='ltr'><strong>Domini</strong></span> <span class='ocrx_word' id='word_1_673' title='bbox 2875 2670 3193 2743; x_wconf 83' lang='lat' dir='ltr'><strong>contempsit.</strong></span> <span class='ocrx_word' id='word_1_674' title='bbox 3229 2668 3400 2726; x_wconf 84' lang='lat' dir='ltr'><strong>Aliud</strong></span> <span class='ocrx_word' id='word_1_675' title='bbox 3446 2678 3530 2724; x_wconf 90' lang='lat' dir='ltr'><strong>est</strong></span> <span class='ocrx_word' id='word_1_676' title='bbox 3565 2680 3679 2737; x_wconf 85' lang='lat' dir='ltr'><strong>ergo</strong></span> 
     </span>
    </p>
   </div>
   <div class='ocr_carea' id='block_1_89' title="bbox 2087 2756 3673 2834">
    <p class='ocr_par' dir='ltr' id='par_1_89' title="bbox 2087 2756 3673 2834">
     <span class='ocr_line' id='line_1_89' title="bbox 2087 2756 3673 2834; baseline -0.001 -21"><span class='ocrx_word' id='word_1_677' title='bbox 2087 2765 2355 2829; x_wconf 70' lang='lat' dir='ltr'><strong>prmeepta</strong></span> <span class='ocrx_word' id='word_1_678' title='bbox 2384 2767 2762 2827; x_wconf 89' lang='lat' dir='ltr'><strong>contemnere,</strong></span> <span class='ocrx_word' id='word_1_679' title='bbox 2797 2760 2941 2815; x_wconf 91' lang='lat' dir='ltr'><strong>aliud</strong></span> <span class='ocrx_word' id='word_1_680' title='bbox 2973 2762 3148 2832; x_wconf 87' lang='lat' dir='ltr'><strong>magni</strong></span> <span class='ocrx_word' id='word_1_681' title='bbox 3176 2761 3412 2834; x_wconf 89' lang='lat' dir='ltr'><strong>quidem</strong></span> <span class='ocrx_word' id='word_1_682' title='bbox 3441 2756 3673 2830; x_wconf 89' lang='lat' dir='ltr'><strong>pendere,</strong></span> 
     </span>
    </p>
   </div>
   <div class='ocr_carea' id='block_1_90' title="bbox 2084 2851 3674 2923">
    <p class='ocr_par' dir='ltr' id='par_1_90' title="bbox 2084 2851 3674 2923">
     <span class='ocr_line' id='line_1_90' title="bbox 2084 2851 3674 2923; baseline 0 -16"><span class='ocrx_word' id='word_1_683' title='bbox 2084 2851 2183 2907; x_wconf 83' lang='lat' dir='ltr'><strong>sed</strong></span> <span class='ocrx_word' id='word_1_684' title='bbox 2212 2861 2303 2907; x_wconf 89' lang='lat' dir='ltr'><strong>aut</strong></span> <span class='ocrx_word' id='word_1_685' title='bbox 2333 2852 2575 2923; x_wconf 90' lang='lat' dir='ltr'><strong>ignarum</strong></span> <span class='ocrx_word' id='word_1_686' title='bbox 2600 2862 2786 2908; x_wconf 89' lang='lat' dir='ltr'><strong>contra</strong></span> <span class='ocrx_word' id='word_1_687' title='bbox 2820 2852 3015 2921; x_wconf 87' lang='lat' dir='ltr'><strong>facere,</strong></span> <span class='ocrx_word' id='word_1_688' title='bbox 3046 2862 3137 2910; x_wconf 90' lang='lat' dir='ltr'><strong>aut</strong></span> <span class='ocrx_word' id='word_1_689' title='bbox 3162 2854 3400 2910; x_wconf 90' lang='lat' dir='ltr'><strong>victum.</strong></span> <span class='ocrx_word' id='word_1_690' title='bbox 3426 2853 3556 2922; x_wconf 74' lang='lat' dir='ltr'><strong>Qua:</strong></span> <span class='ocrx_word' id='word_1_691' title='bbox 3580 2851 3674 2908; x_wconf 82' lang='lat' dir='ltr'><strong>duo</strong></span> 
     </span>
    </p>
   </div>
   <div class='ocr_carea' id='block_1_91' title="bbox 2085 2942 3675 3015">
    <p class='ocr_par' dir='ltr' id='par_1_91' title="bbox 2085 2942 3675 3015">
     <span class='ocr_line' id='line_1_91' title="bbox 2085 2942 3675 3015; baseline -0.001 -16"><span class='ocrx_word' id='word_1_692' title='bbox 2085 2942 2316 3000; x_wconf 88' lang='lat' dir='ltr'><strong>fortasse</strong></span> <span class='ocrx_word' id='word_1_693' title='bbox 2356 2944 2662 3013; x_wconf 88' lang='lat' dir='ltr'><strong>pertineant</strong></span> <span class='ocrx_word' id='word_1_694' title='bbox 2693 2943 2761 2999; x_wconf 91' lang='lat' dir='ltr'><strong>ad</strong></span> <span class='ocrx_word' id='word_1_695' title='bbox 2801 2943 2888 2999; x_wconf 89' lang='lat' dir='ltr'><strong>illa</strong></span> <span class='ocrx_word' id='word_1_696' title='bbox 2926 2954 3138 3015; x_wconf 86' lang='lat' dir='ltr'><strong>peccata</strong></span> <span class='ocrx_word' id='word_1_697' title='bbox 3167 2961 3296 3015; x_wconf 68' lang='lat' dir='ltr'><strong>quas</strong></span> <span class='ocrx_word' id='word_1_698' title='bbox 3324 2961 3358 3001; x_wconf 88' lang='lat' dir='ltr'><strong>a</strong></span> <span class='ocrx_word' id='word_1_699' title='bbox 3388 2943 3675 3001; x_wconf 88' lang='lat' dir='ltr'><strong>nolentibus</strong></span> 
     </span>
    </p>
   </div>
   <div class='ocr_carea' id='block_1_92' title="bbox 2084 3034 3670 3108">
    <p class='ocr_par' dir='ltr' id='par_1_92' title="bbox 2084 3034 3670 3108">
     <span class='ocr_line' id='line_1_92' title="bbox 2084 3034 3670 3108; baseline 0.005 -19"><span class='ocrx_word' id='word_1_700' title='bbox 2084 3034 2248 3100; x_wconf 82' lang='lat' dir='ltr'><strong>fiunt,</strong></span> <span class='ocrx_word' id='word_1_701' title='bbox 2273 3035 2342 3091; x_wconf 88' lang='lat' dir='ltr'><strong>de</strong></span> <span class='ocrx_word' id='word_1_702' title='bbox 2364 3035 2558 3106; x_wconf 89' lang='lat' dir='ltr'><strong>quibus</strong></span> <span class='ocrx_word' id='word_1_703' title='bbox 2589 3036 2832 3107; x_wconf 85' lang='lat' dir='ltr'><strong>superius</strong></span> <span class='ocrx_word' id='word_1_704' title='bbox 2856 3037 3313 3108; x_wconf 88' lang='lat' dir='ltr'><strong>quemadmodum</strong></span> <span class='ocrx_word' id='word_1_705' title='bbox 3354 3037 3468 3094; x_wconf 89' lang='lat' dir='ltr'><strong>Deo</strong></span> <span class='ocrx_word' id='word_1_706' title='bbox 3505 3035 3670 3108; x_wconf 76' lang='lat' dir='ltr'><strong>propi-</strong></span> 
     </span>
    </p>
   </div>
   <div class='ocr_carea' id='block_1_93' title="bbox 2086 3127 3670 3201">
    <p class='ocr_par' dir='ltr' id='par_1_93' title="bbox 2086 3127 3670 3201">
     <span class='ocr_line' id='line_1_93' title="bbox 2086 3127 3670 3201; baseline -0.001 -19"><span class='ocrx_word' id='word_1_707' title='bbox 2086 3128 2217 3182; x_wconf 89' lang='lat' dir='ltr'><strong>tiato</strong></span> <span class='ocrx_word' id='word_1_708' title='bbox 2240 3127 2586 3197; x_wconf 86' lang='lat' dir='ltr'><strong>expiarentur</strong></span> <span class='ocrx_word' id='word_1_709' title='bbox 2612 3127 2919 3195; x_wconf 87' lang='lat' dir='ltr'><strong>admonuit;</strong></span> <span class='ocrx_word' id='word_1_710' title='bbox 2948 3144 3010 3184; x_wconf 89' lang='lat' dir='ltr'><strong>ac</strong></span> <span class='ocrx_word' id='word_1_711' title='bbox 3036 3129 3163 3186; x_wconf 91' lang='lat' dir='ltr'><strong>inde</strong></span> <span class='ocrx_word' id='word_1_712' title='bbox 3199 3130 3442 3201; x_wconf 89' lang='lat' dir='ltr'><strong>subjecit</strong></span> <span class='ocrx_word' id='word_1_713' title='bbox 3471 3134 3670 3199; x_wconf 83' lang='lat' dir='ltr'><strong>peccata</strong></span> 
     </span>
    </p>
   </div>
   <div class='ocr_carea' id='block_1_94' title="bbox 2085 3219 3671 3292">
    <p class='ocr_par' dir='ltr' id='par_1_94' title="bbox 2085 3219 3671 3292">
     <span class='ocr_line' id='line_1_94' title="bbox 2085 3219 3671 3292; baseline 0 -18"><span class='ocrx_word' id='word_1_714' title='bbox 2085 3219 2368 3289; x_wconf 64' lang='lat' dir='ltr'><strong>superbiae,</strong></span> <span class='ocrx_word' id='word_1_715' title='bbox 2412 3233 2535 3275; x_wconf 90' lang='lat' dir='ltr'><strong>cum</strong></span> <span class='ocrx_word' id='word_1_716' title='bbox 2575 3220 2801 3291; x_wconf 88' lang='lat' dir='ltr'><strong>quisque</strong></span> <span class='ocrx_word' id='word_1_717' title='bbox 2849 3220 3229 3292; x_wconf 89' lang='lat' dir='ltr'><strong>superbiendo,</strong></span> <span class='ocrx_word' id='word_1_718' title='bbox 3277 3222 3333 3277; x_wconf 93' lang='lat' dir='ltr'><strong>id</strong></span> <span class='ocrx_word' id='word_1_719' title='bbox 3363 3228 3452 3277; x_wconf 84' lang='lat' dir='ltr'><strong>est</strong></span> <span class='ocrx_word' id='word_1_720' title='bbox 3488 3231 3671 3292; x_wconf 71' lang='lat' dir='ltr'><strong>praece-</strong></span> 
     </span>
    </p>
   </div>
   <div class='ocr_carea' id='block_1_95' title="bbox 2085 3312 3670 3385">
    <p class='ocr_par' dir='ltr' id='par_1_95' title="bbox 2085 3312 3670 3385">
     <span class='ocr_line' id='line_1_95' title="bbox 2085 3312 3670 3385; baseline -0.001 -19"><span class='ocrx_word' id='word_1_721' title='bbox 2085 3322 2235 3383; x_wconf 91' lang='lat' dir='ltr'><strong>ptum</strong></span> <span class='ocrx_word' id='word_1_722' title='bbox 2264 3313 2653 3369; x_wconf 90' lang='lat' dir='ltr'><strong>contemnendo</strong></span> <span class='ocrx_word' id='word_1_723' title='bbox 2680 3328 2959 3384; x_wconf 86' lang='lat' dir='ltr'><strong>perperam</strong></span> <span class='ocrx_word' id='word_1_724' title='bbox 3000 3313 3143 3369; x_wconf 88' lang='lat' dir='ltr'><strong>facit.</strong></span> <span class='ocrx_word' id='word_1_725' title='bbox 3170 3312 3332 3382; x_wconf 89' lang='lat' dir='ltr'><strong>Quod</strong></span> <span class='ocrx_word' id='word_1_726' title='bbox 3367 3325 3535 3385; x_wconf 88' lang='lat' dir='ltr'><strong>genus</strong></span> <span class='ocrx_word' id='word_1_727' title='bbox 3556 3324 3670 3384; x_wconf 87' lang='lat' dir='ltr'><strong>peo-</strong></span> 
     </span>
    </p>
   </div>
   <div class='ocr_carea' id='block_1_96' title="bbox 2086 3402 3662 3477">
    <p class='ocr_par' dir='ltr' id='par_1_96' title="bbox 2086 3402 3662 3477">
     <span class='ocr_line' id='line_1_96' title="bbox 2086 3402 3662 3477; baseline -0.001 -18"><span class='ocrx_word' id='word_1_728' title='bbox 2086 3402 2190 3459; x_wconf 88' lang='lat' dir='ltr'><strong>cati</strong></span> <span class='ocrx_word' id='word_1_729' title='bbox 2218 3418 2322 3457; x_wconf 89' lang='lat' dir='ltr'><strong>non</strong></span> <span class='ocrx_word' id='word_1_730' title='bbox 2345 3402 2478 3458; x_wconf 83' lang='lat' dir='ltr'><strong>dixit</strong></span> <span class='ocrx_word' id='word_1_731' title='bbox 2504 3403 2615 3458; x_wconf 91' lang='lat' dir='ltr'><strong>ullo</strong></span> <span class='ocrx_word' id='word_1_732' title='bbox 2642 3418 2837 3474; x_wconf 88' lang='lat' dir='ltr'><strong>genere</strong></span> <span class='ocrx_word' id='word_1_733' title='bbox 2873 3405 3123 3460; x_wconf 81' lang='lat' dir='ltr'><strong>sacriﬁcii</strong></span> <span class='ocrx_word' id='word_1_734' title='bbox 3163 3406 3384 3477; x_wconf 86' lang='lat' dir='ltr'><strong>purgari</strong></span> <span class='ocrx_word' id='word_1_735' title='bbox 3413 3412 3662 3475; x_wconf 85' lang='lat' dir='ltr'><strong>oportere,</strong></span> 
     </span>
    </p>
   </div>
   <div class='ocr_carea' id='block_1_97' title="bbox 2084 3492 3658 3565">
    <p class='ocr_par' dir='ltr' id='par_1_97' title="bbox 2084 3492 3658 3565">
     <span class='ocr_line' id='line_1_97' title="bbox 2084 3492 3658 3565; baseline -0.003 -16"><span class='ocrx_word' id='word_1_736' title='bbox 2084 3500 2336 3565; x_wconf 88' lang='lat' dir='ltr'><strong>tanquam</strong></span> <span class='ocrx_word' id='word_1_737' title='bbox 2364 3494 2656 3551; x_wconf 89' lang='lat' dir='ltr'><strong>insanabile</strong></span> <span class='ocrx_word' id='word_1_738' title='bbox 2680 3493 2925 3564; x_wconf 85' lang='lat' dir='ltr'><strong>judicans</strong></span> <span class='ocrx_word' id='word_1_739' title='bbox 2943 3537 2959 3562; x_wconf 91' lang='lat'><strong>,</strong></span> <span class='ocrx_word' id='word_1_740' title='bbox 2992 3496 3079 3551; x_wconf 88' lang='lat' dir='ltr'><strong>illa</strong></span> <span class='ocrx_word' id='word_1_741' title='bbox 3107 3496 3371 3552; x_wconf 86' lang='lat' dir='ltr'><strong>duntaxat</strong></span> <span class='ocrx_word' id='word_1_742' title='bbox 3399 3492 3658 3551; x_wconf 88' lang='lat' dir='ltr'><strong>curatione</strong></span> 
     </span>
    </p>
   </div>
   <div class='ocr_carea' id='block_1_98' title="bbox 2085 3583 3661 3660">
    <p class='ocr_par' dir='ltr' id='par_1_98' title="bbox 2085 3583 3661 3660">
     <span class='ocr_line' id='line_1_98' title="bbox 2085 3583 3661 3660; baseline -0.001 -19"><span class='ocrx_word' id='word_1_743' title='bbox 2085 3601 2204 3658; x_wconf 68' lang='lat' dir='ltr'><strong>quae</strong></span> <span class='ocrx_word' id='word_1_744' title='bbox 2232 3601 2329 3657; x_wconf 89' lang='lat' dir='ltr'><strong>per</strong></span> <span class='ocrx_word' id='word_1_745' title='bbox 2362 3586 2619 3642; x_wconf 78' lang='lat' dir='ltr'><strong>sacriﬁcia</strong></span> <span class='ocrx_word' id='word_1_746' title='bbox 2659 3588 2961 3658; x_wconf 80' lang='lat' dir='ltr'><strong>gerebatur,</strong></span> <span class='ocrx_word' id='word_1_747' title='bbox 2994 3589 3167 3660; x_wconf 90' lang='lat' dir='ltr'><strong>qualia</strong></span> <span class='ocrx_word' id='word_1_748' title='bbox 3209 3589 3461 3646; x_wconf 84' lang='lat' dir='ltr'><strong>facienda</strong></span> <span class='ocrx_word' id='word_1_749' title='bbox 3497 3587 3548 3641; x_wconf 90' lang='lat' dir='ltr'><strong>iu</strong></span> <span class='ocrx_word' id='word_1_750' title='bbox 3577 3583 3661 3639; x_wconf 81' lang='lat' dir='ltr'><strong>hac</strong></span> 
     </span>
    </p>
   </div>
   <div class='ocr_carea' id='block_1_99' title="bbox 2086 3675 3663 3753">
    <p class='ocr_par' dir='ltr' id='par_1_99' title="bbox 2086 3675 3663 3753">
     <span class='ocr_line' id='line_1_99' title="bbox 2086 3675 3663 3753; baseline -0.003 -19"><span class='ocrx_word' id='word_1_751' title='bbox 2086 3675 2361 3747; x_wconf 86' lang='lat' dir='ltr'><strong>Scriptura</strong></span> <span class='ocrx_word' id='word_1_752' title='bbox 2392 3678 2805 3749; x_wconf 83' lang='lat' dir='ltr'><strong>praecipiuntur:</strong></span> <span class='ocrx_word' id='word_1_753' title='bbox 2830 3696 2947 3751; x_wconf 70' lang='lat' dir='ltr'><strong>qua:</strong></span> <span class='ocrx_word' id='word_1_754' title='bbox 2968 3681 3012 3735; x_wconf 91' lang='lat' dir='ltr'><strong>si</strong></span> <span class='ocrx_word' id='word_1_755' title='bbox 3041 3696 3137 3751; x_wconf 88' lang='lat' dir='ltr'><strong>per</strong></span> <span class='ocrx_word' id='word_1_756' title='bbox 3159 3696 3217 3737; x_wconf 88' lang='lat' dir='ltr'><strong>se</strong></span> <span class='ocrx_word' id='word_1_757' title='bbox 3249 3682 3369 3753; x_wconf 87' lang='lat' dir='ltr'><strong>ipsa</strong></span> <span class='ocrx_word' id='word_1_758' title='bbox 3397 3677 3663 3735; x_wconf 80' lang='lat' dir='ltr'><strong>attendan-</strong></span> 
     </span>
    </p>
   </div>
   <div class='ocr_carea' id='block_1_100' title="bbox 2086 3768 3658 3841">
    <p class='ocr_par' dir='ltr' id='par_1_100' title="bbox 2086 3768 3658 3841">
     <span class='ocr_line' id='line_1_100' title="bbox 2086 3768 3658 3841; baseline 0 -19"><span class='ocrx_word' id='word_1_759' title='bbox 2086 3777 2197 3833; x_wconf 90' lang='lat' dir='ltr'><strong>tur,</strong></span> <span class='ocrx_word' id='word_1_760' title='bbox 2245 3768 2376 3824; x_wconf 90' lang='lat' dir='ltr'><strong>nulli</strong></span> <span class='ocrx_word' id='word_1_761' title='bbox 2430 3778 2646 3838; x_wconf 86' lang='lat' dir='ltr'><strong>peccato</strong></span> <span class='ocrx_word' id='word_1_762' title='bbox 2673 3772 2945 3841; x_wconf 80' lang='lat' dir='ltr'><strong>&#39;possunt</strong></span> <span class='ocrx_word' id='word_1_763' title='bbox 2995 3772 3232 3839; x_wconf 90' lang='lat' dir='ltr'><strong>mederi;</strong></span> <span class='ocrx_word' id='word_1_764' title='bbox 3280 3773 3328 3829; x_wconf 90' lang='lat' dir='ltr'><strong>si</strong></span> <span class='ocrx_word' id='word_1_765' title='bbox 3372 3780 3543 3827; x_wconf 89' lang='lat' dir='ltr'><strong>autem</strong></span> <span class='ocrx_word' id='word_1_766' title='bbox 3582 3779 3658 3822; x_wconf 77' lang='lat' dir='ltr'><strong>res</strong></span> 
     </span>
    </p>
   </div>
   <div class='ocr_carea' id='block_1_101' title="bbox 2086 3856 3659 3933">
    <p class='ocr_par' dir='ltr' id='par_1_101' title="bbox 2086 3856 3659 3933">
     <span class='ocr_line' id='line_1_101' title="bbox 2086 3856 3659 3933; baseline -0.002 -20"><span class='ocrx_word' id='word_1_767' title='bbox 2086 3858 2216 3928; x_wconf 63' lang='lat' dir='ltr'><strong>ipsa:</strong></span> <span class='ocrx_word' id='word_1_768' title='bbox 2244 3874 2464 3929; x_wconf 90' lang='lat' dir='ltr'><strong>quarum</strong></span> <span class='ocrx_word' id='word_1_769' title='bbox 2490 3859 2605 3915; x_wconf 65' lang='lat' dir='ltr'><strong>haec</strong></span> <span class='ocrx_word' id='word_1_770' title='bbox 2634 3871 2965 3917; x_wconf 88' lang='lat' dir='ltr'><strong>sacramenta</strong></span> <span class='ocrx_word' id='word_1_771' title='bbox 2994 3871 3117 3917; x_wconf 91' lang='lat' dir='ltr'><strong>sunt</strong></span> <span class='ocrx_word' id='word_1_772' title='bbox 3144 3863 3503 3933; x_wconf 89' lang='lat' dir='ltr'><strong>inquirantur,</strong></span> <span class='ocrx_word' id='word_1_773' title='bbox 3524 3859 3572 3914; x_wconf 88' lang='lat' dir='ltr'><strong>in</strong></span> <span class='ocrx_word' id='word_1_774' title='bbox 3590 3856 3659 3912; x_wconf 87' lang='lat' dir='ltr'><strong>eis</strong></span> 
     </span>
    </p>
   </div>
   <div class='ocr_carea' id='block_1_102' title="bbox 2086 3948 3656 4025">
    <p class='ocr_par' dir='ltr' id='par_1_102' title="bbox 2086 3948 3656 4025">
     <span class='ocr_line' id='line_1_102' title="bbox 2086 3948 3656 4025; baseline -0.001 -19"><span class='ocrx_word' id='word_1_775' title='bbox 2086 3950 2311 4007; x_wconf 88' lang='lat' dir='ltr'><strong>inveniri</strong></span> <span class='ocrx_word' id='word_1_776' title='bbox 2341 3953 2535 4023; x_wconf 89' lang='lat' dir='ltr'><strong>poterit</strong></span> <span class='ocrx_word' id='word_1_777' title='bbox 2564 3952 2806 4023; x_wconf 89' lang='lat' dir='ltr'><strong>purgatio</strong></span> <span class='ocrx_word' id='word_1_778' title='bbox 2832 3964 3187 4024; x_wconf 88' lang='lat' dir='ltr'><strong>peccatorum.</strong></span> <span class='ocrx_word' id='word_1_779' title='bbox 3212 3955 3370 4025; x_wconf 92' lang='lat' dir='ltr'><strong>Quod</strong></span> <span class='ocrx_word' id='word_1_780' title='bbox 3393 3968 3517 4025; x_wconf 86' lang='lat' dir='ltr'><strong>ergo</strong></span> <span class='ocrx_word' id='word_1_781' title='bbox 3540 3948 3656 4006; x_wconf 87' lang='lat' dir='ltr'><strong>scri-</strong></span> 
     </span>
    </p>
   </div>
   <div class='ocr_carea' id='block_1_103' title="bbox 2086 4040 3650 4118">
    <p class='ocr_par' dir='ltr' id='par_1_103' title="bbox 2086 4040 3650 4118">
     <span class='ocr_line' id='line_1_103' title="bbox 2086 4040 3650 4118; baseline 0.004 -22"><span class='ocrx_word' id='word_1_782' title='bbox 2086 4050 2234 4112; x_wconf 91' lang='lat' dir='ltr'><strong>ptum</strong></span> <span class='ocrx_word' id='word_1_783' title='bbox 2255 4050 2357 4109; x_wconf 88' lang='lat' dir='ltr'><strong>est,</strong></span> <span class='ocrx_word' id='word_1_784' title='bbox 2378 4040 2643 4110; x_wconf 86' lang='lat' dir='ltr'><strong>Peccator,</strong></span> <span class='ocrx_word' id='word_1_785' title='bbox 2660 4059 2775 4098; x_wconf 87' lang='lat' dir='ltr'><strong>cum</strong></span> <span class='ocrx_word' id='word_1_786' title='bbox 2790 4045 2976 4101; x_wconf 83' lang='lat' dir='ltr'><strong>venerit</strong></span> <span class='ocrx_word' id='word_1_787' title='bbox 2999 4047 3052 4100; x_wconf 90' lang='lat' dir='ltr'><strong>in</strong></span> <span class='ocrx_word' id='word_1_788' title='bbox 3070 4047 3383 4118; x_wconf 75' lang='lat' dir='ltr'><strong>profundum</strong></span> <span class='ocrx_word' id='word_1_789' title='bbox 3404 4045 3650 4103; x_wconf 71' lang='lat' dir='ltr'><strong>malorum.</strong></span> 
     </span>
    </p>
   </div>
   <div class='ocr_carea' id='block_1_104' title="bbox 2087 4133 3651 4208">
    <p class='ocr_par' dir='ltr' id='par_1_104' title="bbox 2087 4133 3651 4208">
     <span class='ocr_line' id='line_1_104' title="bbox 2087 4133 3651 4208; baseline -0.002 -20"><span class='ocrx_word' id='word_1_790' title='bbox 2087 4135 2359 4190; x_wconf 87' lang='lat' dir='ltr'><strong>contemnit</strong></span> <span class='ocrx_word' id='word_1_791' title='bbox 2397 4133 2576 4207; x_wconf 83' lang='lat' dir='ltr'><strong>(Prov.</strong></span> <span class='ocrx_word' id='word_1_792' title='bbox 2601 4150 2750 4201; x_wconf 81' lang='lat' dir='ltr'><strong>xvrn,</strong></span> <span class='ocrx_word' id='word_1_793' title='bbox 2773 4138 2849 4206; x_wconf 79' lang='lat'><strong>5),</strong></span> <span class='ocrx_word' id='word_1_794' title='bbox 2877 4136 2977 4193; x_wconf 86' lang='lat' dir='ltr'><strong>iste</strong></span> <span class='ocrx_word' id='word_1_795' title='bbox 3013 4137 3342 4208; x_wconf 83' lang='lat' dir='ltr'><strong>significatus</strong></span> <span class='ocrx_word' id='word_1_796' title='bbox 3370 4144 3483 4203; x_wconf 87' lang='lat' dir='ltr'><strong>est,</strong></span> <span class='ocrx_word' id='word_1_797' title='bbox 3512 4144 3651 4204; x_wconf 88' lang='lat' dir='ltr'><strong>quem</strong></span> 
     </span>
    </p>
   </div>
   <div class='ocr_carea' id='block_1_105' title="bbox 2086 4223 3648 4301">
    <p class='ocr_par' dir='ltr' id='par_1_105' title="bbox 2086 4223 3648 4301">
     <span class='ocr_line' id='line_1_105' title="bbox 2086 4223 3648 4301; baseline -0.001 -22"><span class='ocrx_word' id='word_1_798' title='bbox 2086 4223 2361 4296; x_wconf 86' lang='lat' dir='ltr'><strong>Scriptura</strong></span> <span class='ocrx_word' id='word_1_799' title='bbox 2387 4225 2488 4281; x_wconf 85' lang='lat' dir='ltr'><strong>hoc</strong></span> <span class='ocrx_word' id='word_1_800' title='bbox 2511 4226 2630 4281; x_wconf 80' lang='lat' dir='ltr'><strong>loco</strong></span> <span class='ocrx_word' id='word_1_801' title='bbox 2658 4226 2806 4295; x_wconf 89' lang='lat' dir='ltr'><strong>dicit,</strong></span> <span class='ocrx_word' id='word_1_802' title='bbox 2828 4227 2883 4282; x_wconf 89' lang='lat' dir='ltr'><strong>in</strong></span> <span class='ocrx_word' id='word_1_803' title='bbox 2902 4244 3056 4282; x_wconf 83' lang='lat' dir='ltr'><strong>manu</strong></span> <span class='ocrx_word' id='word_1_804' title='bbox 3071 4230 3322 4301; x_wconf 74' lang='lat' dir='ltr'><strong>superbia:</strong></span> <span class='ocrx_word' id='word_1_805' title='bbox 3340 4228 3648 4297; x_wconf 82' lang='lat' dir='ltr'><strong>delinquere.</strong></span> 
     </span>
    </p>
   </div>
   <div class='ocr_carea' id='block_1_106' title="bbox 2087 4314 3650 4390">
    <p class='ocr_par' dir='ltr' id='par_1_106' title="bbox 2087 4314 3650 4390">
     <span class='ocr_line' id='line_1_106' title="bbox 2087 4314 3650 4390; baseline -0.002 -20"><span class='ocrx_word' id='word_1_806' title='bbox 2087 4314 2201 4371; x_wconf 80' lang='lat' dir='ltr'><strong>Hoc</strong></span> <span class='ocrx_word' id='word_1_807' title='bbox 2239 4316 2398 4388; x_wconf 86' lang='lat' dir='ltr'><strong>igitur</strong></span> <span class='ocrx_word' id='word_1_808' title='bbox 2425 4316 2542 4373; x_wconf 90' lang='lat' dir='ltr'><strong>sine</strong></span> <span class='ocrx_word' id='word_1_809' title='bbox 2569 4332 2725 4388; x_wconf 65' lang='lat' dir='ltr'><strong>paena</strong></span> <span class='ocrx_word' id='word_1_810' title='bbox 2754 4317 2871 4389; x_wconf 88' lang='lat' dir='ltr'><strong>ejus</strong></span> <span class='ocrx_word' id='word_1_811' title='bbox 2897 4320 2989 4388; x_wconf 91' lang='lat' dir='ltr'><strong>qui</strong></span> <span class='ocrx_word' id='word_1_812' title='bbox 3018 4320 3339 4390; x_wconf 89' lang='lat' dir='ltr'><strong>committit,</strong></span> <span class='ocrx_word' id='word_1_813' title='bbox 3368 4333 3469 4375; x_wconf 91' lang='lat' dir='ltr'><strong>non</strong></span> <span class='ocrx_word' id='word_1_814' title='bbox 3494 4320 3650 4386; x_wconf 84' lang='lat' dir='ltr'><strong>potest</strong></span> 
     </span>
    </p>
   </div>
   <div class='ocr_carea' id='block_1_107' title="bbox 2085 4406 3650 4484">
    <p class='ocr_par' dir='ltr' id='par_1_107' title="bbox 2085 4406 3650 4484">
     <span class='ocr_line' id='line_1_107' title="bbox 2085 4406 3650 4484; baseline 0.001 -23"><span class='ocrx_word' id='word_1_815' title='bbox 2085 4406 2325 4472; x_wconf 90' lang='lat' dir='ltr'><strong>aboleri;</strong></span> <span class='ocrx_word' id='word_1_816' title='bbox 2357 4417 2515 4479; x_wconf 90' lang='lat' dir='ltr'><strong>atque</strong></span> <span class='ocrx_word' id='word_1_817' title='bbox 2553 4408 2676 4463; x_wconf 90' lang='lat' dir='ltr'><strong>ideo</strong></span> <span class='ocrx_word' id='word_1_818' title='bbox 2718 4422 2823 4464; x_wconf 91' lang='lat' dir='ltr'><strong>non</strong></span> <span class='ocrx_word' id='word_1_819' title='bbox 2868 4418 3045 4479; x_wconf 88' lang='lat' dir='ltr'><strong>potest</strong></span> <span class='ocrx_word' id='word_1_820' title='bbox 3085 4424 3205 4467; x_wconf 89' lang='lat' dir='ltr'><strong>esse</strong></span> <span class='ocrx_word' id='word_1_821' title='bbox 3252 4410 3579 4484; x_wconf 88' lang='lat' dir='ltr'><strong>impunitum,</strong></span> <span class='ocrx_word' id='word_1_822' title='bbox 3603 4411 3650 4459; x_wconf 76' lang='lat' dir='ltr'><strong>et</strong></span> 
     </span>
    </p>
   </div>
   <div class='ocr_carea' id='block_1_108' title="bbox 2086 4499 3646 4573">
    <p class='ocr_par' dir='ltr' id='par_1_108' title="bbox 2086 4499 3646 4573">
     <span class='ocr_line' id='line_1_108' title="bbox 2086 4499 3646 4573; baseline 0.003 -18"><span class='ocrx_word' id='word_1_823' title='bbox 2086 4514 2208 4555; x_wconf 92' lang='lat' dir='ltr'><strong>cum</strong></span> <span class='ocrx_word' id='word_1_824' title='bbox 2237 4499 2547 4571; x_wconf 64' lang='lat' dir='ltr'><strong>paenitendo</strong></span> <span class='ocrx_word' id='word_1_825' title='bbox 2570 4507 2788 4557; x_wconf 87' lang='lat' dir='ltr'><strong>sanatur</strong></span> <span class='ocrx_word' id='word_1_826' title='bbox 2814 4518 2828 4556; x_wconf 89' lang='lat'><strong>:</strong></span> <span class='ocrx_word' id='word_1_827' title='bbox 2858 4501 2970 4572; x_wconf 89' lang='lat' dir='ltr'><strong>ipsa</strong></span> <span class='ocrx_word' id='word_1_828' title='bbox 2996 4502 3139 4558; x_wconf 91' lang='lat' dir='ltr'><strong>enim</strong></span> <span class='ocrx_word' id='word_1_829' title='bbox 3168 4502 3385 4561; x_wconf 87' lang='lat' dir='ltr'><strong>afflictio</strong></span> <span class='ocrx_word' id='word_1_830' title='bbox 3409 4500 3646 4573; x_wconf 70' lang='lat' dir='ltr'><strong>paeniten-</strong></span> 
     </span>
    </p>
   </div>
   <div class='ocr_carea' id='block_1_109' title="bbox 2088 4588 3643 4666">
    <p class='ocr_par' dir='ltr' id='par_1_109' title="bbox 2088 4588 3643 4666">
     <span class='ocr_line' id='line_1_109' title="bbox 2088 4588 3643 4666; baseline -0.005 -17"><span class='ocrx_word' id='word_1_831' title='bbox 2088 4592 2157 4649; x_wconf 87' lang='lat' dir='ltr'><strong>tis</strong></span> <span class='ocrx_word' id='word_1_832' title='bbox 2182 4596 2338 4664; x_wconf 63' lang='lat' dir='ltr'><strong>poena</strong></span> <span class='ocrx_word' id='word_1_833' title='bbox 2365 4593 2569 4663; x_wconf 91' lang='lat' dir='ltr'><strong>peccati</strong></span> <span class='ocrx_word' id='word_1_834' title='bbox 2595 4600 2697 4663; x_wconf 89' lang='lat' dir='ltr'><strong>est,</strong></span> <span class='ocrx_word' id='word_1_835' title='bbox 2722 4594 2963 4666; x_wconf 86' lang='lat' dir='ltr'><strong>quamvis</strong></span> <span class='ocrx_word' id='word_1_836' title='bbox 2988 4593 3319 4652; x_wconf 88' lang='lat' dir='ltr'><strong>medicinalis</strong></span> <span class='ocrx_word' id='word_1_837' title='bbox 3344 4603 3397 4652; x_wconf 89' lang='lat' dir='ltr'><strong>et</strong></span> <span class='ocrx_word' id='word_1_838' title='bbox 3422 4588 3643 4649; x_wconf 85' lang='lat' dir='ltr'><strong>salubris.</strong></span> 
     </span>
    </p>
   </div>
   <div class='ocr_carea' id='block_1_110' title="bbox 2086 4682 3641 4757">
    <p class='ocr_par' dir='ltr' id='par_1_110' title="bbox 2086 4682 3641 4757">
     <span class='ocr_line' id='line_1_110' title="bbox 2086 4682 3641 4757; baseline -0.003 -19"><span class='ocrx_word' id='word_1_839' title='bbox 2086 4682 2279 4739; x_wconf 79' lang='lat' dir='ltr'><strong>Merito</strong></span> <span class='ocrx_word' id='word_1_840' title='bbox 2299 4682 2498 4755; x_wconf 84' lang='lat' dir='ltr'><strong>quippe</strong></span> <span class='ocrx_word' id='word_1_841' title='bbox 2526 4699 2780 4756; x_wconf 88' lang='lat' dir='ltr'><strong>magnum</strong></span> <span class='ocrx_word' id='word_1_842' title='bbox 2806 4684 3076 4754; x_wconf 90' lang='lat' dir='ltr'><strong>judicatur</strong></span> <span class='ocrx_word' id='word_1_843' title='bbox 3100 4695 3397 4757; x_wconf 89' lang='lat' dir='ltr'><strong>peccatum,</strong></span> <span class='ocrx_word' id='word_1_844' title='bbox 3423 4697 3537 4741; x_wconf 87' lang='lat' dir='ltr'><strong>cum</strong></span> <span class='ocrx_word' id='word_1_845' title='bbox 3563 4692 3641 4734; x_wconf 84' lang='lat' dir='ltr'><strong>su-</strong></span> 
     </span>
    </p>
   </div>
   <div class='ocr_carea' id='block_1_111' title="bbox 2086 4774 3643 4848">
    <p class='ocr_par' dir='ltr' id='par_1_111' title="bbox 2086 4774 3643 4848">
     <span class='ocr_line' id='line_1_111' title="bbox 2086 4774 3643 4848; baseline 0.001 -17"><span class='ocrx_word' id='word_1_846' title='bbox 2086 4775 2269 4846; x_wconf 86' lang='lat' dir='ltr'><strong>perbia</strong></span> <span class='ocrx_word' id='word_1_847' title='bbox 2315 4785 2640 4848; x_wconf 70' lang='lat' dir='ltr'><strong>pmceptum</strong></span> <span class='ocrx_word' id='word_1_848' title='bbox 2686 4778 2980 4833; x_wconf 89' lang='lat' dir='ltr'><strong>contemnit</strong></span> <span class='ocrx_word' id='word_1_849' title='bbox 3020 4798 3034 4834; x_wconf 89' lang='lat'><strong>:</strong></span> <span class='ocrx_word' id='word_1_850' title='bbox 3073 4779 3167 4835; x_wconf 91' lang='lat' dir='ltr'><strong>sed</strong></span> <span class='ocrx_word' id='word_1_851' title='bbox 3206 4794 3238 4835; x_wconf 93' lang='lat' dir='ltr'><strong>e</strong></span> <span class='ocrx_word' id='word_1_852' title='bbox 3275 4774 3560 4840; x_wconf 88' lang='lat' dir='ltr'><strong>contrario,</strong></span> <span class='ocrx_word' id='word_1_853' title='bbox 3596 4775 3643 4825; x_wconf 75' lang='grc' dir='ltr'><strong>ιιι</strong></span> 
     </span>
    </p>
   </div>
   <div class='ocr_carea' id='block_1_112' title="bbox 2085 4868 3638 4938">
    <p class='ocr_par' dir='ltr' id='par_1_112' title="bbox 2085 4868 3638 4938">
     <span class='ocr_line' id='line_1_112' title="bbox 2085 4868 3638 4938; baseline -0.003 -16"><span class='ocrx_word' id='word_1_854' title='bbox 2085 4868 2261 4923; x_wconf 88' lang='lat' dir='ltr'><strong>sanari</strong></span> <span class='ocrx_word' id='word_1_855' title='bbox 2293 4868 2480 4938; x_wconf 84' lang='lat' dir='ltr'><strong>possit,</strong></span> <span class='ocrx_word' id='word_1_856' title='bbox 2513 4884 2610 4925; x_wconf 90' lang='lat' dir='ltr'><strong>cor</strong></span> <span class='ocrx_word' id='word_1_857' title='bbox 2632 4869 2919 4924; x_wconf 91' lang='lat' dir='ltr'><strong>contritum</strong></span> <span class='ocrx_word' id='word_1_858' title='bbox 2948 4879 3004 4925; x_wconf 91' lang='lat' dir='ltr'><strong>et</strong></span> <span class='ocrx_word' id='word_1_859' title='bbox 3029 4869 3361 4927; x_wconf 88' lang='lat' dir='ltr'><strong>bumillatum</strong></span> <span class='ocrx_word' id='word_1_860' title='bbox 3392 4868 3523 4925; x_wconf 86' lang='lat' dir='ltr'><strong>Deus</strong></span> <span class='ocrx_word' id='word_1_861' title='bbox 3552 4874 3638 4915; x_wconf 86' lang='lat' dir='ltr'><strong>non</strong></span> 
     </span>
    </p>
   </div>
   <div class='ocr_carea' id='block_1_113' title="bbox 2084 4957 3638 5034">
    <p class='ocr_par' dir='ltr' id='par_1_113' title="bbox 2084 4957 3638 5034">
     <span class='ocr_line' id='line_1_113' title="bbox 2084 4957 3638 5034; baseline 0.001 -21"><span class='ocrx_word' id='word_1_862' title='bbox 2084 4959 2288 5030; x_wconf 89' lang='lat' dir='ltr'><strong>spernit</strong></span> <span class='ocrx_word' id='word_1_863' title='bbox 2329 4957 2503 5031; x_wconf 84' lang='lat' dir='ltr'><strong>(Psal.</strong></span> <span class='ocrx_word' id='word_1_864' title='bbox 2536 4976 2588 5027; x_wconf 83' lang='grc' dir='ltr'><strong>ι,</strong></span> <span class='ocrx_word' id='word_1_865' title='bbox 2615 4960 2727 5031; x_wconf 90' lang='lat' dir='ltr'><strong>I9).</strong></span> <span class='ocrx_word' id='word_1_866' title='bbox 2755 4958 3137 5019; x_wconf 79' lang='lat' dir='ltr'><strong>Verumtamen</strong></span> <span class='ocrx_word' id='word_1_867' title='bbox 3182 4963 3302 5034; x_wconf 87' lang='lat' dir='ltr'><strong>quia</strong></span> <span class='ocrx_word' id='word_1_868' title='bbox 3351 4964 3461 5019; x_wconf 89' lang='lat' dir='ltr'><strong>sine</strong></span> <span class='ocrx_word' id='word_1_869' title='bbox 3504 4966 3638 5027; x_wconf 64' lang='lat' dir='ltr'><strong>poena</strong></span> 
     </span>
    </p>
   </div>
   <div class='ocr_carea' id='block_1_114' title="bbox 2083 5044 3640 5123">
    <p class='ocr_par' dir='ltr' id='par_1_114' title="bbox 2083 5044 3640 5123">
     <span class='ocr_line' id='line_1_114' title="bbox 2083 5044 3640 5123; baseline -0.004 -15"><span class='ocrx_word' id='word_1_870' title='bbox 2083 5066 2193 5108; x_wconf 86' lang='lat' dir='ltr'><strong>non</strong></span> <span class='ocrx_word' id='word_1_871' title='bbox 2222 5051 2300 5116; x_wconf 86' lang='lat' dir='ltr'><strong>fit,</strong></span> <span class='ocrx_word' id='word_1_872' title='bbox 2328 5051 2452 5108; x_wconf 89' lang='lat' dir='ltr'><strong>ideo</strong></span> <span class='ocrx_word' id='word_1_873' title='bbox 2477 5052 2602 5108; x_wconf 92' lang='lat' dir='ltr'><strong>hinc</strong></span> <span class='ocrx_word' id='word_1_874' title='bbox 2633 5053 2756 5108; x_wconf 88' lang='lat' dir='ltr'><strong>talia</strong></span> <span class='ocrx_word' id='word_1_875' title='bbox 2782 5052 2920 5110; x_wconf 88' lang='lat' dir='ltr'><strong>dicta</strong></span> <span class='ocrx_word' id='word_1_876' title='bbox 2949 5064 3072 5111; x_wconf 91' lang='lat' dir='ltr'><strong>sunt</strong></span> <span class='ocrx_word' id='word_1_877' title='bbox 3097 5074 3109 5110; x_wconf 92' lang='lat'><strong>:</strong></span> <span class='ocrx_word' id='word_1_878' title='bbox 3134 5054 3328 5120; x_wconf 84' lang='lat' dir='ltr'><strong>Deum,</strong></span> <span class='ocrx_word' id='word_1_879' title='bbox 3362 5050 3544 5123; x_wconf 88' lang='lat' dir='ltr'><strong>inquit,</strong></span> <span class='ocrx_word' id='word_1_880' title='bbox 3571 5044 3640 5098; x_wconf 69' lang='lat' dir='ltr'><strong>llic</strong></span> 
     </span>
    </p>
   </div>
   <div class='ocr_carea' id='block_1_115' title="bbox 2086 5134 3635 5221">
    <p class='ocr_par' dir='ltr' id='par_1_115' title="bbox 2086 5134 3635 5221">
     <span class='ocr_line' id='line_1_115' title="bbox 2086 5134 3635 5221; baseline 0.005 -25"><span class='ocrx_word' id='word_1_881' title='bbox 2086 5143 2384 5208; x_wconf 77' lang='lat' dir='ltr'><strong>exacerbat;</strong></span> <span class='ocrx_word' id='word_1_882' title='bbox 2408 5144 2530 5214; x_wconf 91' lang='lat' dir='ltr'><strong>quia</strong></span> <span class='ocrx_word' id='word_1_883' title='bbox 2570 5144 2711 5199; x_wconf 90' lang='lat' dir='ltr'><strong>Deus</strong></span> <span class='ocrx_word' id='word_1_884' title='bbox 2754 5146 2997 5215; x_wconf 86' lang='lat' dir='ltr'><strong>superbis</strong></span> <span class='ocrx_word' id='word_1_885' title='bbox 3033 5146 3233 5202; x_wconf 87' lang='lat' dir='ltr'><strong>resistit</strong></span> <span class='ocrx_word' id='word_1_886' title='bbox 3260 5142 3541 5221; x_wconf 71' lang='lat' dir='ltr'><strong>(Jacobi&#39;tt&#39;.</strong></span> <span class='ocrx_word' id='word_1_887' title='bbox 3568 5134 3635 5203; x_wconf 75' lang='grc'><strong>6)·</strong></span> 
     </span>
    </p>
   </div>
   <div class='ocr_carea' id='block_1_116' title="bbox 2085 5229 3633 5311">
    <p class='ocr_par' dir='ltr' id='par_1_116' title="bbox 2085 5229 3633 5311">
     <span class='ocr_line' id='line_1_116' title="bbox 2085 5229 3633 5311; baseline -0.004 -23"><span class='ocrx_word' id='word_1_888' title='bbox 2085 5232 2154 5289; x_wconf 84' lang='lat' dir='ltr'><strong>Et</strong></span> <span class='ocrx_word' id='word_1_889' title='bbox 2189 5234 2600 5291; x_wconf 70' lang='lat' dir='ltr'><strong>exterminabitur</strong></span> <span class='ocrx_word' id='word_1_890' title='bbox 2623 5237 2793 5291; x_wconf 84' lang='lat' dir='ltr'><strong>anima</strong></span> <span class='ocrx_word' id='word_1_891' title='bbox 2837 5238 2930 5292; x_wconf 84' lang='lat' dir='ltr'><strong>illa</strong></span> <span class='ocrx_word' id='word_1_892' title='bbox 2962 5238 3026 5293; x_wconf 87' lang='lat' dir='ltr'><strong>de</strong></span> <span class='ocrx_word' id='word_1_893' title='bbox 3053 5240 3241 5311; x_wconf 86' lang='lat' dir='ltr'><strong>papula</strong></span> <span class='ocrx_word' id='word_1_894' title='bbox 3266 5254 3392 5302; x_wconf 86' lang='lat' dir='ltr'><strong>suo;</strong></span> <span class='ocrx_word' id='word_1_895' title='bbox 3414 5229 3633 5307; x_wconf 85' lang='lat' dir='ltr'><strong>quoniam</strong></span> 
     </span>
    </p>
   </div>
   <div class='ocr_carea' id='block_1_117' title="bbox 2084 5317 3712 5402">
    <p class='ocr_par' dir='ltr' id='par_1_117' title="bbox 2084 5317 3712 5402">
     <span class='ocr_line' id='line_1_117' title="bbox 2084 5317 3712 5402; baseline -0.009 -18"><span class='ocrx_word' id='word_1_896' title='bbox 2084 5328 2211 5384; x_wconf 84' lang='lat' dir='ltr'><strong>talis</strong></span> <span class='ocrx_word' id='word_1_897' title='bbox 2251 5327 2470 5384; x_wconf 89' lang='lat' dir='ltr'><strong>omnino</strong></span> <span class='ocrx_word' id='word_1_898' title='bbox 2498 5329 2551 5384; x_wconf 91' lang='lat' dir='ltr'><strong>in</strong></span> <span class='ocrx_word' id='word_1_899' title='bbox 2583 5344 2808 5385; x_wconf 90' lang='lat' dir='ltr'><strong>numero</strong></span> <span class='ocrx_word' id='word_1_900' title='bbox 2835 5332 3020 5387; x_wconf 87' lang='lat' dir='ltr'><strong>eorum</strong></span> <span class='ocrx_word' id='word_1_901' title='bbox 3056 5332 3146 5402; x_wconf 91' lang='lat' dir='ltr'><strong>qui</strong></span> <span class='ocrx_word' id='word_1_902' title='bbox 3186 5332 3254 5388; x_wconf 90' lang='lat' dir='ltr'><strong>ad</strong></span> <span class='ocrx_word' id='word_1_903' title='bbox 3292 5331 3452 5387; x_wconf 89' lang='lat' dir='ltr'><strong>Deum</strong></span> <span class='ocrx_word' id='word_1_904' title='bbox 3488 5317 3631 5395; x_wconf 82' lang='lat' dir='ltr'><strong>perti-</strong></span> <span class='ocrx_word' id='word_1_905' title='bbox 3705 5324 3712 5334; x_wconf 87' lang='lat'>‘</span> 
     </span>
    </p>
   </div>
   <div class='ocr_carea' id='block_1_118' title="bbox 2084 5413 3634 5487">
    <p class='ocr_par' dir='ltr' id='par_1_118' title="bbox 2084 5413 3634 5487">
     <span class='ocr_line' id='line_1_118' title="bbox 2084 5413 3634 5487; baseline -0.001 -14"><span class='ocrx_word' id='word_1_906' title='bbox 2084 5426 2235 5486; x_wconf 90' lang='lat' dir='ltr'><strong>nent,</strong></span> <span class='ocrx_word' id='word_1_907' title='bbox 2259 5424 2498 5475; x_wconf 85' lang='lat' dir='ltr'><strong>nonest.</strong></span> <span class='ocrx_word' id='word_1_908' title='bbox 2525 5420 2780 5486; x_wconf 81' lang='lat' dir='ltr'><strong>Quoniam</strong></span> <span class='ocrx_word' id='word_1_909' title='bbox 2812 5421 3013 5476; x_wconf 87' lang='lat' dir='ltr'><strong>verbum</strong></span> <span class='ocrx_word' id='word_1_910' title='bbox 3035 5420 3241 5476; x_wconf 84' lang='lat' dir='ltr'><strong>Domini</strong></span> <span class='ocrx_word' id='word_1_911' title='bbox 3272 5413 3569 5487; x_wconf 75' lang='lat' dir='ltr'><strong>contempsit.</strong></span> <span class='ocrx_word' id='word_1_912' title='bbox 3592 5415 3634 5461; x_wconf 64' lang='grc' dir='ltr'><strong>δ’</strong></span> 
     </span>
    </p>
   </div>
   <div class='ocr_carea' id='block_1_119' title="bbox 2082 5502 3629 5584">
    <p class='ocr_par' dir='ltr' id='par_1_119' title="bbox 2082 5502 3629 5584">
     <span class='ocr_line' id='line_1_119' title="bbox 2082 5502 3629 5584; baseline -0.001 -20"><span class='ocrx_word' id='word_1_913' title='bbox 2082 5511 2324 5568; x_wconf 86' lang='lat' dir='ltr'><strong>mandata</strong></span> <span class='ocrx_word' id='word_1_914' title='bbox 2356 5513 2464 5584; x_wconf 87' lang='lat' dir='ltr'><strong>ejus</strong></span> <span class='ocrx_word' id='word_1_915' title='bbox 2499 5511 2797 5584; x_wconf 87' lang='lat' dir='ltr'><strong>disperdidit</strong></span> <span class='ocrx_word' id='word_1_916' title='bbox 2819 5527 2836 5568; x_wconf 92' lang='lat'><strong><em>:</em></strong></span> <span class='ocrx_word' id='word_1_917' title='bbox 2856 5513 3151 5568; x_wconf 86' lang='lat' dir='ltr'><strong>contritione</strong></span> <span class='ocrx_word' id='word_1_918' title='bbox 3174 5518 3447 5568; x_wconf 82' lang='lat' dir='ltr'><strong>conteretur</strong></span> <span class='ocrx_word' id='word_1_919' title='bbox 3484 5502 3629 5560; x_wconf 73' lang='grc' dir='ltr'><em>απὶηια</em></span> 
     </span>
    </p>
   </div>
   <div class='ocr_carea' id='block_1_120' title="bbox 2147 5675 3629 5762">
    <p class='ocr_par' dir='ltr' id='par_1_120' title="bbox 2147 5675 3629 5762">
     <span class='ocr_line' id='line_1_120' title="bbox 2147 5675 3629 5762; baseline -0.001 -22"><span class='ocrx_word' id='word_1_920' title='bbox 2147 5691 2327 5762; x_wconf 62' lang='lat' dir='ltr'><strong>*_t-}dlti_,</strong></span> <span class='ocrx_word' id='word_1_921' title='bbox 2353 5697 2405 5740; x_wconf 89' lang='lat' dir='ltr'><strong>et</strong></span> <span class='ocrx_word' id='word_1_922' title='bbox 2427 5699 2532 5741; x_wconf 76' lang='lat' dir='ltr'><strong>Mss.</strong></span> <span class='ocrx_word' id='word_1_923' title='bbox 2557 5705 2656 5761; x_wconf 79' lang='lat' dir='ltr'><strong>uno</strong></span> <span class='ocrx_word' id='word_1_924' title='bbox 2677 5698 2890 5762; x_wconf 77' lang='lat' dir='ltr'><strong>excepto</strong></span> <span class='ocrx_word' id='word_1_925' title='bbox 2912 5692 3197 5762; x_wconf 65' lang='grc' dir='ltr'>ρει·δεὶεοεὶ</span> <span class='ocrx_word' id='word_1_926' title='bbox 3216 5691 3378 5742; x_wconf 90' lang='lat' dir='ltr'><strong>codice</strong></span> <span class='ocrx_word' id='word_1_927' title='bbox 3399 5687 3547 5740; x_wconf 62' lang='lat' dir='ltr'><strong>carent</strong></span> <span class='ocrx_word' id='word_1_928' title='bbox 3566 5675 3629 5726; x_wconf 77' lang='grc' dir='ltr'><strong>Ιιί³</strong></span> 
     </span>
    </p>
   </div>
   <div class='ocr_carea' id='block_1_121' title="bbox 2083 5751 3214 5817">
    <p class='ocr_par' dir='ltr' id='par_1_121' title="bbox 2083 5751 3214 5817">
     <span class='ocr_line' id='line_1_121' title="bbox 2083 5751 3214 5817; baseline 0.001 -15"><span class='ocrx_word' id='word_1_929' title='bbox 2083 5753 2265 5817; x_wconf 75' lang='lat' dir='ltr'><strong>verbis,</strong></span> <span class='ocrx_word' id='word_1_930' title='bbox 2290 5759 2515 5817; x_wconf 72' lang='lat' dir='ltr'><strong>umquam</strong></span> <span class='ocrx_word' id='word_1_931' title='bbox 2536 5751 2579 5801; x_wconf 87' lang='lat' dir='ltr'><strong>si</strong></span> <span class='ocrx_word' id='word_1_932' title='bbox 2609 5751 2828 5817; x_wconf 81' lang='lat' dir='ltr'><strong>pejerare</strong></span> <span class='ocrx_word' id='word_1_933' title='bbox 2850 5752 2982 5815; x_wconf 85' lang='lat' dir='ltr'><strong>nolit,</strong></span> <span class='ocrx_word' id='word_1_934' title='bbox 3013 5759 3067 5817; x_wconf 72' lang='lat' dir='ltr'><strong>et</strong></span> <span class='ocrx_word' id='word_1_935' title='bbox 3080 5751 3214 5817; x_wconf 69' lang='lat' dir='ltr'><strong>facit.</strong></span> 
     </span>
    </p>
   </div>
   <div class='ocr_carea' id='block_1_122' title="bbox 2144 5755 3333 5880">
    <p class='ocr_par' dir='ltr' id='par_1_122' title="bbox 2144 5755 3333 5880">
     <span class='ocr_line' id='line_1_122' title="bbox 2148 5755 3214 5865; baseline 0.002 -64"><span class='ocrx_word' id='word_1_936' title='bbox 2148 5755 2267 5845; x_wconf 63' lang='lat' dir='ltr'><strong>:bis,</strong></span> <span class='ocrx_word' id='word_1_937' title='bbox 2290 5759 2515 5826; x_wconf 76' lang='lat' dir='ltr'><strong>tanquam</strong></span> <span class='ocrx_word' id='word_1_938' title='bbox 2536 5755 2579 5801; x_wconf 86' lang='lat' dir='ltr'><strong>si</strong></span> <span class='ocrx_word' id='word_1_939' title='bbox 2609 5755 2828 5817; x_wconf 89' lang='lat' dir='ltr'><strong>pejerare</strong></span> <span class='ocrx_word' id='word_1_940' title='bbox 2850 5755 2982 5815; x_wconf 84' lang='lat' dir='ltr'><strong>nolit,</strong></span> <span class='ocrx_word' id='word_1_941' title='bbox 3013 5755 3214 5865; x_wconf 80' lang='lat' dir='ltr'><strong>et</strong></span> 
     </span>
     <span class='ocr_line' id='line_1_123' title="bbox 2144 5813 3333 5880; baseline 0.005 -19"><span class='ocrx_word' id='word_1_942' title='bbox 2144 5874 2149 5877; x_wconf 19' lang='grc' dir='ltr'><strong>Α</strong></span> <span class='ocrx_word' id='word_1_943' title='bbox 2194 5815 2309 5863; x_wconf 63' lang='lat' dir='ltr'><strong>aditi</strong></span> <span class='ocrx_word' id='word_1_944' title='bbox 2355 5814 2482 5864; x_wconf 86' lang='lat' dir='ltr'><strong>nullo</strong></span> <span class='ocrx_word' id='word_1_945' title='bbox 2503 5819 2656 5878; x_wconf 75' lang='lat' dir='ltr'><strong>pacto.</strong></span> <span class='ocrx_word' id='word_1_946' title='bbox 2683 5822 2786 5866; x_wconf 79' lang='lat' dir='ltr'><strong>Mss.</strong></span> <span class='ocrx_word' id='word_1_947' title='bbox 2814 5828 2952 5879; x_wconf 86' lang='lat' dir='ltr'><strong>vero,</strong></span> <span class='ocrx_word' id='word_1_948' title='bbox 2983 5813 3067 5867; x_wconf 85' lang='lat' dir='ltr'><strong>nul</strong></span> <span class='ocrx_word' id='word_1_949' title='bbox 3086 5829 3103 5867; x_wconf 86' lang='lat' dir='ltr'><strong>t</strong></span> <span class='ocrx_word' id='word_1_950' title='bbox 3122 5821 3333 5880; x_wconf 84' lang='lat' dir='ltr'><strong>peccato.</strong></span> 
     </span>
    </p>
   </div>
  </div>
