3862 6324
115 338 237 398 729

108 460 239 513 illa.
270 458 474 528 Quare
500 466 677 515 autem
705 455 1025 513 contritione
1051 459 1380 517 conteretur,
1409 464 1747 520 consequen-

115 560 209 607 ter
232 550 309 604 ad
311 551 523 621 jungit,
545 550 749 616 dicens,
777 546 1047 603 Peccatum
1073 547 1182 618 ejus
1208 545 1262 599 in
1290 542 1384 599 illa
1407 558 1507 599 :ac
1532 556 1629 612 per
1648 539 1750 597 hoc

113 644 160 697 si
189 643 297 698 tati
327 654 563 713 peccato
582 643 809 699 debitam
835 640 1210 697 contritionem
1237 638 1351 710 ipse
1373 636 1472 691 sibi
1498 635 1751 691 adhibeat

116 737 496 806 pmnitendo,
542 752 636 793 cor
674 734 983 799 contritum,
1011 742 1070 788 ut
1096 732 1294 787 dictum
1335 739 1437 797 est,
1472 731 1613 784 Deus
1641 743 1748 784 non

115 840 394 901 Spernet.
423 831 675 900 Quamvis
704 830 760 885 in
786 843 960 901 graeco
989 841 1094 883 non
1123 825 1323 881 dictum
1361 825 1433 878 sit
1475 822 1577 878 hoc
1605 822 1745 890 loco,

119 925 464 980 contritione
490 932 810 987 conteretur;
839 921 931 977 sed
949 962 964 988 ,
1002 918 1265 974 esuritione
1301 924 1549 970 exteretur
1576 915 1748 969 anima

115 1016 221 1069 illa
250 1032 273 1071 :
301 1016 463 1087 quod
490 1017 561 1071 ita
587 1015 753 1084 accipi
778 1020 971 1084 potest,
999 1010 1150 1082 quasi
1175 1010 1319 1063 omni
1341 1006 1501 1062 modo
1528 1005 1747 1062 terendo

116 1113 546 1182 exstinguatur,
573 1125 637 1165 ac
666 1123 771 1163 non
806 1107 893 1162 sit.
916 1104 1022 1161 Sed
1052 1104 1194 1175 prius
1215 1110 1399 1156 natura
1428 1099 1747 1156 immortali-

118 1203 257 1257 tatis
289 1202 503 1257 animm
530 1202 670 1257 hunc
698 1198 1024 1255 intellectum
1054 1202 1284 1251 recusat.
1307 1191 1510 1248 Deinde
1537 1191 1582 1246 si
1604 1190 1746 1261 quod

118 1293 439 1357 exteritur,
461 1298 604 1349 omni
632 1291 792 1348 modo
817 1290 1121 1346 elllceretur
1141 1295 1329 1342 utnon
1358 1284 1448 1349 sit,
1471 1299 1575 1339 non
1601 1283 1746 1339 dice-

118 1393 211 1440 ret
258 1385 339 1440 de
385 1388 650 1456 sapiente,
678 1383 744 1438 Et
782 1381 970 1453 gradus
1009 1379 1249 1435 ostiorum
1285 1377 1394 1446 ejus
1433 1382 1621 1429 exterat
1659 1388 1746 1445 pes

121 1489 252 1534 tum
280 1478 488 1551 (Eccli.
512 1494 585 1543 vr,
612 1476 723 1549 36).
752 1475 949 1530 Verum
994 1473 1086 1528 illa
1134 1469 1386 1526 discretio
1428 1467 1597 1537 magis
1632 1481 1746 1521 ma-

118 1574 336 1644 gisque
371 1570 762 1628 consideranda
792 1576 893 1635 est,
921 1579 1101 1622 utrum
1126 1579 1287 1621 nemo
1315 1572 1502 1635 peccet
1524 1562 1625 1617 nisi
1653 1569 1745 1617 aut

119 1665 393 1734 ignarus,
424 1672 515 1718 aut
545 1662 735 1728 victus,
763 1668 855 1716 aut
880 1668 1257 1723 contemnens;
1283 1654 1425 1711 unde
1453 1669 1595 1710 nunc
1623 1652 1742 1708 lon-

118 1770 256 1825 gum
290 1765 392 1809 est
418 1755 708 1824 disputare.

194 1845 422 1902 XXVI.
447 1843 542 1918 [Ib.
574 1862 682 1910 xvi,
711 1845 799 1909 i3,
831 1842 941 1916 14.]
964 1840 1099 1910 Quid
1138 1848 1221 1895 est
1259 1836 1402 1910 quod
1442 1837 1648 1893 Dathan
1687 1846 1742 1893 et

121 1936 379 2004 Abiron,
414 1951 536 1991 cum
569 1935 620 1989 in
649 1934 965 1990 seditionem
996 1929 1481 1993 consurrexissem,
1510 1928 1679 1983 vocati
1708 1941 1740 1983 a

123 2027 347 2098 Moyse,
384 2042 450 2082 ac
484 2027 711 2096 superbe
748 2034 803 2081 et
841 2023 1093 2093 iniuriose
1130 2020 1533 2090 respondentes,
1564 2017 1736 2072 Num-

122 2117 259 2187 quid
308 2116 590 2188 pussillum
633 2116 748 2181 hoc,
787 2114 1025 2184 quoniam
1071 2111 1287 2167 edua‘isti
1332 2128 1422 2165 nos
1454 2110 1509 2164 in
1553 2118 1740 2165 terram

124 2210 393 2279 ﬂuentem
430 2209 510 2262 lac
539 2216 583 2261 et
611 2207 736 2272 mel,
769 2205 1048 2274 interﬁcere
1077 2219 1168 2257 nos
1194 2203 1247 2256 in
1271 2202 1478 2256 eremo?
1501 2201 1740 2270 quoniam

125 2317 302 2370 prices
331 2300 501 2364 nobis,
526 2300 757 2369 princeps
784 2314 834 2353 es
866 2299 883 2329 ί
911 2315 924 2351 :
952 2306 1002 2353 et
1028 2305 1084 2350 tu
1106 2296 1160 2350 in
1188 2305 1373 2350 terram
1392 2295 1633 2365 ﬂuentem
1659 2294 1739 2348 lac

123 2400 174 2445 et
205 2394 315 2446 mel
347 2390 601 2445 induxisli
638 2406 749 2455 nos,
787 2398 833 2443 et
867 2388 1047 2443 dedisti
1076 2387 1218 2441 nobis
1244 2394 1428 2441 sortem
1456 2385 1566 2456 agri
1591 2394 1637 2439 et
1666 2385 1740 2439 vi-

125 2499 289 2546 neas;
321 2492 450 2552 post
483 2481 598 2536 hmc
639 2481 986 2544 addiderunt,
1008 2478 1195 2533 Oculos
1234 2478 1494 2532 hominum
1530 2476 1739 2532 illorum

125 2573 446 2627 abscidisses
473 2589 491 2626 :
511 2589 609 2626 non
631 2572 982 2626 ascendimus?
1000 2570 1236 2637 Quorum
1256 2571 1439 2625 oculos
1462 2569 1735 2625 hominum

126 2663 434 2720 dixerunt?
466 2663 653 2718 Utrum
693 2662 872 2733 pepuli
902 2661 1081 2724 Israel,
1115 2670 1363 2730 tanquam
1391 2659 1649 2723 dicentes.
1679 2658 1739 2715 Si

129 2758 234 2811 ista
273 2757 647 2827 praestitisses,
688 2757 871 2810 oculos
910 2753 1184 2809 hominum
1225 2753 1433 2808 illorum
1476 2751 1735 2808 abscidis-

127 2865 254 2916 ses;
288 2849 345 2903 id
376 2858 481 2916 est,
512 2849 581 2903 ita
612 2858 664 2903 te
692 2848 991 2918 diligerent,
1020 2856 1077 2901 ut
1102 2846 1285 2901 oculos
1315 2859 1439 2901 suos
1457 2854 1732 2913 eruerent,

126 2953 182 2997 et
206 2943 413 2998 darent
441 2942 569 2997 tibi?
591 2943 743 3011 Quod
776 2941 1026 2996 iudicium
1066 2954 1313 3010 magnum
1344 2938 1645 2994 dilectionis
1681 2947 1737 2995 et

130 3036 439 3105 Apostolus
465 3034 611 3099 dicit,
642 3034 894 3100 Quoniam
924 3033 967 3087 si
993 3032 1107 3101 ﬁeri
1134 3040 1319 3103 posset,
1349 3030 1521 3086 oculos
1544 3039 1734 3084 vestros

128 3126 428 3192 eruissetis,
451 3135 497 3180 et
522 3124 781 3179 dedissetis
807 3124 932 3177 mihi
957 3124 973 3190 (
996 3121 1165 3177 Galat.
1194 3138 1265 3186 tv,
1296 3119 1420 3193 15).
1448 3121 1513 3176 Ει
1538 3118 1734 3176 deinde

130 3219 359 3290 plenam
387 3218 771 3273 contumaciam
802 3215 1137 3280 addiderunt,
1168 3213 1288 3269 Non
1317 3214 1651 3278 ascendimus,
1680 3214 1732 3269 id

126 3319 238 3375 est,
282 3308 410 3364 Non
451 3308 762 3371 veniemus;
805 3308 927 3376 quia
972 3312 1252 3359 vocaverat
1294 3303 1512 3358 eos.An
1557 3304 1733 3373 potius

125 3405 317 3458 oculos
340 3402 600 3455 hominum
619 3399 844 3462 illorum,
862 3397 989 3451 dicit
1008 3396 1263 3459 hostium,
1286 3394 1378 3464 qui
1399 3394 1558 3448 nimis
1581 3410 1733 3449 acres

124 3506 187 3550 et
217 3491 498 3550 terribiles
525 3491 735 3546 fuerant
759 3487 984 3544 nuntiati
1014 3506 1028 3543 :
1059 3496 1304 3556 tanquam
1332 3484 1589 3551 dicerent,
1620 3485 1732 3541 Etsi

128 3587 243 3642 hoc
288 3583 538 3646 fecisses.
580 3597 688 3638 non
739 3581 830 3635 tibi
877 3578 1398 3649 obtemperaremus;
1442 3575 1542 3631 nisi
1588 3575 1731 3647 quod

130 3678 337 3735 modus
366 3676 512 3731 verbi
542 3675 676 3729 alius
704 3689 801 3744 pro
829 3673 934 3727 alio
964 3672 1166 3742 positus
1192 3678 1301 3736 est,
1339 3680 1398 3725 ut
1434 3683 1539 3725 non
1581 3670 1730 3727 dice-

130 3779 277 3832 rent,
308 3767 426 3822 Non
453 3765 891 3830 ascenderemus;
922 3762 1034 3829 sed,
1071 3760 1191 3816 Non
1222 3761 1559 3829 ascendimus,
1596 3776 1730 3832 quo-

132 3859 257 3915 dam
280 3874 481 3930 genere
508 3856 831 3913 locutionis?

203 3948 425 4007 XXVII.
451 3947 553 4022 [Ib.
586 3965 693 4014 xvi,
720 3947 811 4013 20,
833 3945 949 4018 2L]
976 3944 1043 4000 Et
1071 3945 1265 3999 locutus
1292 3952 1367 3999 est
1390 3943 1639 3999 Dominus
1657 3944 1726 3997 ad

137 4042 361 4113 Moysen
381 4050 426 4096 et
442 4040 633 4105 Aaron,
658 4040 828 4093 dicens
856 4035 1156 4092 :Abscedite
1179 4051 1266 4089 vos
1290 4035 1354 4089 de
1375 4034 1540 4089 medio
1566 4050 1724 4105 syna-

137 4150 283 4206 goga:
310 4134 477 4189 istius.
497 4131 796 4187 Notandum
818 4139 900 4184 est
924 4136 1050 4183 tunc
1069 4128 1258 4197 jubere
1279 4125 1559 4181 Dominum
1580 4140 1726 4195 sepa-

136 4228 402 4282 rationem
428 4224 540 4280 ﬁeri
566 4222 919 4293 corporalem,
944 4235 1064 4275 cum
1090 4219 1200 4289 jam
1226 4216 1455 4273 vindicta
1482 4216 1725 4272 imminet

138 4318 293 4374 malis
320 4336 335 4372 :
369 4318 447 4372 sic
470 4313 581 4373 Noe
605 4330 725 4370 cum
753 4312 913 4367 domo
937 4326 1032 4365 sua
1060 4316 1335 4380 separatur
1358 4323 1390 4362 a
1417 4308 1624 4362 caeteris
1642 4307 1723 4361 di-

137 4407 277 4465 luvio
304 4408 557 4479 perituris
590 4404 751 4479 (Gen.
784 4420 876 4467 vn,
905 4401 1041 4473 I5);
1064 4400 1141 4455 sic
1162 4400 1262 4455 Lot
1287 4414 1406 4454 cum
1433 4399 1544 4454 suis
1569 4414 1722 4469 sepa-

137 4507 283 4553 ratur
310 4514 340 4554 a
367 4495 620 4553 Sodomis
655 4496 776 4565 igne
808 4493 1018 4549 ctelitus
1047 4490 1423 4547 consumendis
1449 4490 1467 4560 (
1495 4489 1579 4544 Id.
1608 4506 1717 4557 xtx,

142 4589 259 4660 12);
290 4591 369 4647 sic
409 4590 523 4660 ipse
560 4586 785 4657 populus
817 4584 885 4639 ab
912 4582 1174 4654 Egyptiis
1209 4582 1430 4636 marinis
1475 4581 1721 4638 ﬂuctibus

142 4679 429 4737 obruendis
459 4685 480 4754 (
505 4678 674 4734 Exod.
708 4692 817 4743 xu,
838 4675 910 4732 20
935 4675 979 4743 );
1011 4674 1087 4729 sic
1114 4673 1200 4728 isti
1231 4688 1373 4728 nunc
1394 4688 1424 4728 a
1453 4688 1720 4745 synagoga

143 4769 332 4839 Chore,
355 4771 556 4827 Abiron
584 4778 638 4825 et
659 4767 885 4832 Dathan,
914 4766 1004 4837 qui
1033 4781 1092 4822 se
1114 4764 1356 4838 primitus
1379 4780 1475 4835 per
1501 4765 1721 4821 seditio-

144 4877 258 4918 nem
282 4866 600 4934 abrumpere
624 4861 905 4916 voluerunt
934 4878 945 4914 :
972 4874 1094 4915 cum
1123 4858 1315 4929 quibus
1343 4868 1519 4913 tamen
1551 4860 1718 4913 sancti

143 4964 291 5009 antea
319 4956 561 5011 viventes
587 4962 639 5009 et
666 4957 1044 5007 conversantes
1062 4993 1076 5015 ,
1113 4957 1167 5005 et
1196 4965 1315 5004 cum
1350 4950 1719 5019 caeterisquos

147 5049 389 5116 reprobat
414 5047 572 5113 Deus,
597 5043 886 5100 secundum
908 5043 1069 5099 verba
1098 5059 1217 5113 quae
1242 5044 1293 5096 in
1325 5057 1416 5097 eos
1439 5044 1719 5112 increpans

104 5138 112 5145 '
149 5132 296 5204 dicit,
333 5136 681 5193 contaminari
711 5144 886 5189 tamen
926 5134 994 5188 ab
1023 5135 1102 5189 eis
1145 5134 1362 5188 minime
1391 5142 1711 5204 potuerunt:

150 5241 241 5283 nec
260 5243 508 5301 separare
528 5243 585 5283 se
600 5227 731 5298 jussi
758 5234 898 5291 sunt,
922 5224 1133 5296 quando
1153 5223 1436 5280 vindictam
1461 5225 1715 5280 Dominus

151 5317 254 5374 sive
275 5319 576 5385 differebat,
609 5319 720 5372 sive
751 5318 908 5371 talem
937 5316 1253 5384 adhibebat,
1282 5332 1383 5387 qua
1411 5316 1719 5371 innocentes

154 5410 426 5475 periclitari
462 5410 649 5466 lzedive
677 5422 784 5463 non
813 5416 1048 5478 possent,
1072 5407 1206 5462 sicut
1234 5414 1539 5478 serpentum
1572 5423 1717 5463 mor-

154 5499 306 5571 sibus,
329 5505 461 5559 sicut
486 5511 661 5573 strage
687 5502 956 5567 mortium,
979 5515 1081 5570 qua
1113 5500 1270 5564 Deus,
1294 5512 1452 5569 quem
1482 5499 1714 5566 volebat,

154 5592 281 5651 sicut
299 5595 528 5664 volebat,
551 5595 655 5650 alio
685 5593 1011 5665 percutiebat
1041 5592 1273 5658 intacto;
1298 5604 1403 5646 non
1424 5591 1560 5645 sicut
1583 5606 1715 5662 aqua

188 5728 225 5797 f
249 5730 315 5797 Sic
336 5731 383 5781 in
406 5738 510 5779 Mss.
538 5736 597 5797 et
616 5726 742 5791 apud
764 5732 890 5777 LXX.
929 5734 981 5780 At
1018 5727 1063 5776 in
1087 5733 1231 5780 antea
1255 5728 1417 5791 editis,
1441 5733 1614 5794 pra'est
1637 5740 1718 5781 no-

156 5784 219 5838 bis
238 5792 447 5855 princeps
477 5797 560 5843 :et
582 5796 648 5841 tu.

1498 332 1708 391 LIBER
1742 333 2085 404 QUARTUS.

1857 448 2075 518 diluvii,
2106 460 2197 506 aut
2238 452 2390 524 ignea
2416 453 2596 526 pluvia
2614 494 2630 521 ,
2657 464 2751 512 aut
2776 470 2913 528 aqua
2942 458 3134 528 maris,
3161 467 3252 516 aut
3290 462 3441 521 hiatu

1858 551 2047 609 terrm,
2087 558 2206 614 quae
2258 547 2549 615 permixtos
2595 555 2801 617 poterat
2850 548 3047 619 pariter
3096 550 3376 610 absumere
3423 574 3438 611 :

1856 649 1962 688 non
1983 634 2106 705 quia
2133 644 2187 690 et
2212 635 2282 691 ibi
2310 636 2448 692 Deus
2475 652 2600 693 suos
2626 653 2943 696 conservare
2968 657 3073 696 non
3102 651 3311 713 posset;
3340 646 3435 700 sed

1856 726 1981 797 quid
2011 742 2143 797 opus
2171 736 2285 783 erat
2315 730 2607 786 tentatione
2635 732 2874 787 miraculi
2908 733 2997 787 ubi
3031 735 3295 805 separatio
3323 734 3438 791 ﬁeri

1859 826 2084 887 poterat,
2114 828 2171 873 ut
2201 820 2282 875 vel
2310 835 2465 889 aqua,
2500 822 2582 875 vel
2614 822 2772 893 ignis,
2796 824 2878 878 vel
2907 824 3081 879 hiatus
3109 835 3282 890 terrai,
3306 841 3440 896 quos

1856 908 2166 977 invenisset,
2198 911 2467 967 auferret?
2492 912 2580 969 Sic
2620 922 2676 969 et
2712 914 2764 969 in
2792 913 2897 970 line
2922 931 2951 969 a
2977 917 3191 972 zizaniis
3228 932 3442 988 separa-

1855 1003 2054 1060 buntur
2104 1005 2409 1072 frumenta,
2465 1016 2523 1062 ut
2569 1008 2738 1063 malos
2786 1011 3145 1065 cremantibus
3188 1011 3433 1078 flammis,

1850 1093 1978 1164 justi
2005 1095 2239 1166 fulgeant
2265 1098 2405 1154 sicut
2428 1098 2509 1154 sol
2532 1098 2588 1154 in
2610 1113 2777 1171 regno
2792 1099 2965 1156 Patris
2986 1100 3070 1157 sui
3090 1100 3299 1174 (Matth.
3324 1120 3433 1171 xm,

1854 1186 2165 1260 30,4045).

1924 1276 2161 1333 XXVIII.
2188 1278 2285 1351 [Ib.
2315 1297 2423 1347 xvr,
2450 1282 2563 1355 30.]
2576 1282 2728 1350 Quod
2756 1284 2831 1339 ait
2854 1284 3064 1356 Moyses
3091 1285 3159 1342 de
3181 1285 3357 1343 Cbore
3385 1298 3440 1344 et

1854 1366 2057 1424 Abiron
2082 1379 2136 1425 et
2158 1370 2386 1438 Dathan,
2408 1370 2477 1426 In
2503 1373 2692 1429 visione
2713 1376 2933 1430 ostendet
2951 1376 3109 1444 Deus,
3137 1388 3183 1433 et
3205 1380 3439 1449 aperiens

1854 1469 1989 1516 terra
2014 1480 2072 1517 os
2102 1480 2249 1518 suun:
2272 1464 2551 1520 absorbebit
2577 1482 2681 1533 eos,
2703 1467 2915 1538 quidam
2944 1469 3273 1541 interpretati
3291 1482 3433 1540 sunt,

1852 1549 1923 1606 In
1970 1552 2112 1607 hiatu
2155 1555 2377 1610 ostendet
2415 1554 2666 1612 Dominus
2689 1558 2912 1626 :credo,
2944 1570 3192 1630 putantes
3235 1562 3432 1617 dictum

1852 1650 2087 1713 χάσματι,
2107 1646 2248 1716 quod
2271 1662 2448 1717 graece
2472 1649 2703 1718 positum
2733 1659 2814 1705 est
2834 1657 3066 1723 φάσματι,
3089 1653 3228 1723 quod
3255 1668 3349 1723 pro
3370 1669 3436 1709 eo

1850 1734 2050 1791 dictum
2079 1746 2191 1804 est,
2218 1752 2282 1792 ac
2316 1738 2362 1793 si
2395 1738 2682 1807 diceretur,
2709 1740 2768 1796 In
2797 1741 3223 1799 manifestatione
3242 1785 3256 1808 ,
3294 1745 3434 1814 quod

1849 1838 2033 1900 aperte
2055 1831 2228 1887 oculis
2256 1832 2549 1902 apparebit.
2574 1832 2687 1888 Non
2710 1834 2852 1889 enim
2891 1834 2970 1890 sic
2996 1834 3195 1891 dictum
3234 1844 3334 1902 est,
3369 1835 3434 1891 In

1846 1922 2072 1989 visione,
2123 1922 2569 1995 quemadmodum
2620 1924 2797 1981 solent
2845 1924 2950 1981 dici
2997 1925 3229 1981 visiones
3252 1969 3268 1993 ,
3324 1926 3435 1983 sive

1846 2016 2197 2083 somniorum,
2235 2017 2350 2072 sive
2394 2032 2723 2088 quarumque
2770 2018 2822 2073 in
2869 2018 3063 2074 ecstasi
3107 2020 3429 2089 ﬁgurarum;

1846 2107 1940 2163 sed
1967 2115 2023 2163 ut
2049 2106 2177 2174 dixi,
2210 2108 2262 2163 in
2289 2109 2739 2166 manilestatione.
2783 2109 3030 2166 Nonnulli
3074 2120 3251 2167 autem
3289 2113 3431 2168 aliud

1845 2199 2163 2269 opinantes,
2215 2200 2282 2255 In
2335 2202 2686 2271 phantasmate
2734 2202 3069 2273 interpretari
3111 2205 3428 2271 voluerunt;

1845 2291 1987 2361 quod
2017 2293 2237 2348 omnino
2276 2292 2354 2348 sic
2387 2292 2642 2349 abhorret
2669 2309 2700 2347 a
2729 2294 3115 2349 consuetudine
3150 2294 3433 2351 locutionis

1845 2391 2062 2449 nostrae,
2091 2393 2149 2438 ut
2173 2398 2432 2455 nusquam
2461 2384 2573 2441 fere
2593 2386 2801 2443 dicatur
2828 2385 3138 2456 phantasma
3161 2428 3177 2452 ,
3208 2388 3307 2442 nisi
3341 2387 3430 2443 ubi

1844 2471 2076 2528 falsitate
2104 2474 2338 2529 visorum
2374 2491 2564 2532 sensus
2600 2487 2783 2532 noster
2813 2477 3051 2533 illuditur
3076 2497 3088 2531 :
3112 2479 3353 2548 quamvis
3375 2488 3431 2535 et

1845 2562 1946 2618 hoc
1965 2580 1994 2618 a
2015 2564 2244 2620 videndo
2270 2567 2340 2621 sit
2359 2567 2557 2623 dictum
2578 2584 2594 2633 ;
2624 2567 2741 2637 sed,
2765 2578 2826 2624 ut
2852 2569 2981 2637 dixi,
3012 2569 3429 2642 aliudloquendi

1842 2657 2177 2711 consuetudo
2207 2658 2585 2729 prmjudieavit.

1912 2749 2102 2805 XXIX.
2121 2749 2217 2824 [Ib.
2236 2768 2340 2817 xvr,
2358 2751 2445 2817 32,
2458 2752 2575 2826 33.]
2592 2752 2656 2806 Et
2675 2753 3036 2809 descenderunt
3056 2770 3174 2824 ipsi,
3193 2762 3239 2807 et
3259 2754 3428 2809 omnia

1841 2860 2168 2917 quwcumque
2195 2855 2310 2899 sunt
2335 2847 2426 2912 eis,
2457 2848 2667 2901 viventes
2690 2846 2758 2900 ad
2782 2847 2991 2918 inferos.
3014 2845 3311 2901 Notandum
3337 2862 3425 2903 se-

1842 2936 2073 3019 cundum
2100 2937 2275 2993 locum
2311 2947 2580 2994 terrenum
2613 2939 2783 2995 dictos
2813 2954 2933 2996 esse
2963 2939 3188 3007 inferos,
3216 2939 3318 2994 hoc
3344 2950 3427 2995 est

1842 3028 1895 3083 in
1925 3026 2266 3085 inferioribus
2308 3038 2464 3085 terrae
2504 3030 2761 3100 partibus.
2798 3028 2952 3086 Varie
2979 3030 3174 3100 quippe
3204 3031 3254 3084 in
3284 3028 3427 3085 Scri-

1841 3120 2013 3189 pluris
2038 3128 2092 3176 et
2118 3121 2218 3175 sub
2245 3120 2519 3176 intellectu
2546 3121 2847 3191 multiplici,
2867 3122 2999 3175 sicut
3025 3136 3203 3176 rerum
3225 3121 3290 3177 de
3310 3122 3427 3193 qui-

1841 3212 1942 3268 bus
1970 3214 2142 3284 agitur
2183 3227 2372 3268 sensus
2408 3213 2605 3284 exigit,
2631 3228 2824 3268 nomen
2860 3212 3075 3284 ponitur
3113 3212 3422 3280 inferorum,

1839 3314 1894 3361 et
1921 3306 2151 3361 maxime
2186 3307 2237 3360 in
2277 3306 2499 3360 mortuis
2528 3305 2630 3360 hoc
2656 3306 2822 3377 accipi
2852 3306 3008 3360 solet.
3037 3304 3142 3361 Sed
3174 3308 3421 3377 quoniam

1837 3398 1970 3452 istos
1998 3398 2238 3453 viventes
2266 3398 2466 3454 dictum
2504 3407 2587 3453 est
2621 3397 2688 3452 ad
2727 3397 2927 3453 inferos
2961 3398 3333 3465 descendisse,
3371 3408 3427 3454 et

1838 3488 1952 3559 ipsa
1979 3490 2284 3544 narratione
2312 3489 2439 3559 quid
2470 3490 2663 3544 factum
2692 3487 2851 3542 fuerit
2880 3490 3010 3542 satis
3036 3498 3288 3559 apparet;
3314 3506 3425 3546 ma-

1837 3579 2086 3635 nifestum
2117 3588 2223 3647 est,
2250 3589 2306 3635 ut
2331 3581 2463 3645 dixi,
2494 3578 2773 3634 inferiores
2800 3586 2977 3648 partes
3024 3589 3182 3633 terra:
3227 3579 3425 3635 infero-

1836 3685 1953 3725 rum
2000 3671 2259 3725 voeabulo
2308 3677 2671 3739 nuncupatas,
2722 3670 2774 3723 in
2826 3669 3222 3738 comparatione
3263 3669 3421 3740 hujus

1834 3761 2127 3830 superioris
2162 3769 2317 3815 terra:
2354 3762 2405 3815 in
2436 3761 2586 3830 cujus
2612 3760 2745 3817 facie
2766 3761 2995 3815 vivitur:
3023 3761 3157 3817 sicut
3190 3762 3243 3816 in
3271 3777 3419 3817 com-

1833 3853 2106 3923 paratione
2145 3853 2267 3909 οωιὶ
2310 3853 2619 3922 superioris,
2655 3853 2742 3908 ubi
2782 3848 3421 3909 sanctorum'demoratio

1833 3950 1917 3999 est
1937 3944 2282 4012 Angelorum,
2313 3951 2595 4013 peccantes
2625 3944 2846 4013 angelos
2882 3942 2934 3997 in
2970 3942 3127 4012 hujus
3153 3944 3293 3997 aeris
3321 3943 3417 3997 de-

1832 4043 2009 4091 trusos
2037 4037 2314 4107 caliginem
2350 4035 2620 4106 Scriptura
2658 4036 2788 4091 dicit
2827 4045 3074 4107 tanquam
3115 4036 3419 4093 carceribus

1831 4127 1987 4183 inferi
2019 4127 2321 4198 puniendos
2347 4127 2629 4183 reservari.
2663 4127 2727 4183 Si
2752 4128 2885 4181 enim
2912 4127 3068 4193 Deus,
3100 4127 3286 4198 inquit,
3319 4145 3415 4181 an-

1828 4222 1955 4293 gelis
1996 4222 2312 4291 peccantibus
2350 4238 2449 4275 non
2487 4222 2735 4291 pepercit,
2767 4220 2855 4275 sed
2872 4221 3159 4275 carceribus
3188 4221 3415 4291 caliginis

1828 4314 1980 4383 inferi
2013 4314 2272 4368 retrudens
2315 4313 2526 4367 tradidit
2563 4314 2615 4366 in
2643 4313 2843 4384 judicio
2873 4312 3149 4382 puniendus
3174 4313 3416 4365 reservari

1829 4406 1897 4479 (ll
1923 4407 2065 4461 Petr.
2090 4423 2147 4473 ιι,
2180 4406 2235 4476 4)
2265 4424 2277 4459 :
2305 4420 2424 4460 cum
2466 4405 2737 4474 apostolus
2767 4405 2962 4459 Paulus
3008 4405 3282 4474 principem
3324 4421 3416 4475 po-

1829 4498 2020 4551 testatis
2072 4497 2201 4549 aeris
2241 4495 2510 4550 diabolum
2560 4495 2736 4564 dicat,
2781 4496 2868 4566 qui
2909 4504 3144 4567 operatur
3192 4496 3244 4549 in
3293 4496 3414 4565 ﬁliis

1829 4588 2119 4660 diﬂidentitc
2143 4587 2358 4660 (Ep/res.
2383 4604 2440 4653 ιι,
2471 4588 2551 4658 2).

1898 4678 2067 4734 XXX.
2089 4677 2188 4751 [Ib.
2217 4694 2343 4743 xv1,
2366 4677 2573 4751 36-50.]
2595 4678 2661 4732 Et
2683 4678 2809 4734 dixit
2837 4679 3084 4734 Dominus
3106 4680 3174 4733 ad
3206 4678 3414 4750 Moysen

1828 4782 1875 4827 et
1900 4776 1964 4826 ad
1991 4771 2291 4827 Eleazarum
2323 4772 2486 4842 ﬁlium
2516 4773 2682 4826 Aaron
2713 4774 3060 4828 sacerdotem:
3083 4772 3264 4827 Tollite
3289 4776 3405 4827 thu-

1826 4865 1989 4918 ribula
2019 4880 2149 4919 terea
2174 4880 2201 4918 e
2226 4865 2392 4918 medio
2418 4874 2734 4931 exustorum,
2768 4874 2813 4919 et
2842 4866 3005 4936 ignem
3033 4865 3253 4920 alienum
3278 4868 3412 4919 Imnc

1828 4956 2018 5009 semina
2052 4954 2153 5020 ibi;
2190 4956 2309 5026 quia
2348 4956 2787 5025 sancti/icaverunt
2814 4957 3067 5011 thuribula
3096 4967 3412 5027 peccatorum

1828 5046 2006 5099 horum
2054 5047 2107 5100 in
2144 5046 2407 5101 animabus
2456 5049 2561 5103 suis
2601 5058 2691 5103 :et
2732 5050 2813 5119 [ac
2846 5064 2905 5102 ea
2942 5047 3411 5101 laminas’durtiles

1826 5135 2314 5205 circumpositionem
2343 5139 2528 5203 altari;
2558 5138 2797 5207 quoniam
2830 5138 2997 5191 oblata
3024 5147 3140 5190 sunt
3165 5147 3282 5192 ante
3309 5137 3409 5190 Do-

1826 5227 2017 5280 minum
2060 5237 2106 5281 et
2154 5228 2464 5297 sanctiﬁcata
2506 5237 2653 5294 sunt,
2694 5236 2740 5282 et
2777 5230 2915 5300 facta
2953 5237 3066 5283 sunt
3114 5229 3165 5282 in
3206 5229 3408 5299 signum

1827 5317 1949 5387 ﬁliis
1965 5316 2147 5373 Israel.
2169 5319 2279 5375 Hoc
2297 5320 2413 5374 loco
2429 5335 2525 5373 cur
2542 5334 2643 5373 non
2662 5319 2727 5373 ad
2748 5319 2965 5390 Meysen
2988 5330 3039 5374 et
3054 5321 3251 5388 Aaron,
3272 5321 3410 5377 sicut

1826 5412 1880 5467 in
1897 5412 2277 5482 superioribus,
2305 5412 2555 5465 Dominus
2573 5411 2781 5465 locutus
2809 5411 2897 5476 sit,
2918 5410 3010 5466 sed
3032 5412 3097 5465 ad
3121 5412 3334 5485 Moysen
3354 5422 3407 5467 et

1826 5506 1891 5560 ad
1927 5507 2231 5562 Eleazarum
2266 5505 2431 5557 lilium
2463 5504 2669 5569 Aaron,
2698 5503 2813 5557 haec
2851 5503 2978 5558 mihi
3004 5520 3160 5559 causa
3194 5506 3404 5560 interim

1826 5598 2057 5653 occurrit
2086 5615 2098 5649 :
2126 5596 2374 5665 quoniam
2418 5596 2639 5665 qumstio
2682 5604 2794 5650 erat
2835 5597 2901 5652 de
2938 5600 3187 5669 progenie
3228 5614 3401 5654 sacer.

1825 5690 2028 5753 dotnm,
2060 5687 2110 5742 id
2139 5694 2219 5740 est
2246 5685 2312 5741 de
2337 5702 2440 5756 quo
2467 5702 2661 5756 genere
2692 5703 2809 5743 esse
2838 5688 3092 5745 deberent
3123 5688 3283 5761 (unde
3328 5691 3404 5748 illi

1826 5798 1890 5839 ex
1933 5781 2036 5836 alio
2077 5794 2300 5852 genere,
2332 5780 2454 5850 quia
2489 5779 2589 5838 sibi
2618 5795 2872 5851 usurpare
2903 5781 3255 5842 sacerdotium
3276 5789 3392 5847 ausi
