3862 6306
523 314 623 372 731

528 424 682 496 Sunt,
712 435 818 482 tam
848 425 1120 482 horrendo
1140 432 1196 482 et
1219 425 1444 480 mirablll
1470 421 1726 495 supplicio
1758 418 2102 494 perierunt);

527 529 634 574 non
661 518 728 572 ad
750 521 962 581 Aaron,-
995 519 1082 586 qui
1109 519 1217 586 jam
1257 525 1496 572 summus
1534 515 1784 572 sacerdos
1815 522 1932 569 erat
1952 551 1967 579 ,
2009 511 2104 566 sed

529 610 595 664 ad
636 611 945 664 Eleazarum
986 611 1156 664 voluit
1193 610 1328 679 loqui
1371 609 1543 671 Deus,
1582 607 1670 676 qui
1720 606 1770 660 ei
1817 604 2104 658 succedere

505 701 789 768 debebat,-
831 710 886 756 et
927 701 1160 756 secundo
1205 701 1306 770 jam
1348 698 1642 754 sacerdotio
1687 696 2018 766 fungebatur,-
2047 703 2104 748 ut

528 807 593 850 eo
627 794 785 848 modo
823 794 1015 848 seriem
1057 789 1268 864 generis
1293 791 1691 845 commendaret
1710 829 1724 852 .
1754 804 1870 858 qua:
1897 787 1952 841 in
1982 801 2104 840 suc-

527 887 856 942 cessionibus
891 887 1221 940 sacerdotum
1259 891 1377 939 esse
1406 883 1643 938 deberet.
1674 879 1828 936 Unde
1855 880 2016 934 etiam
2047 877 2104 931 in

528 976 972 1046 consequentibus
1001 977 1163 1030 dicit:
1194 975 1264 1028 Et
1298 975 1485 1043 accepit
1519 971 1736 1026 Eleazar
1769 971 1906 1040 [ilius
1929 970 2104 1022 Aaron

527 1069 800 1124 sacerdotii
821 1069 1074 1122 tlmrilnttu
1095 1065 1245 1129 terra,
1272 1076 1461 1138 quanta
1479 1068 1496 1098 ί
1527 1066 1808 1120 obtulerunt
1834 1063 1922 1134 qui
1940 1063 2106 1117 exusti

528 1171 670 1225 sunt,
703 1169 749 1212 et
773 1159 968 1212 addidit
998 1177 1055 1212 ea
1083 1159 1569 1226 circumpositionent
1590 1159 1784 1219 altaris,
1809 1154 2106 1210 meutoriale

526 1251 647 1318 ﬁliis
677 1247 874 1316 Israel,
913 1258 966 1303 ut
999 1253 1097 1303 ndn
1134 1251 1338 1304 accedat
1375 1250 1636 1320 quisquam
1670 1248 1986 1319 alienigena,
2013 1247 2104 1318 qui

526 1355 625 1393 non
662 1350 736 1393 est
771 1339 832 1392 de
856 1339 1041 1394 semine
1069 1341 1257 1404 Aaron,
1289 1340 1544 1410 imponeie
1582 1341 1840 1394 inermum
1867 1349 1984 1392 ante
2000 1337 2102 1392 Do-

525 1434 716 1485 minum
750 1448 769 1486 :
797 1443 844 1486 et
882 1447 983 1486 non
1027 1434 1119 1487 erit
1157 1434 1283 1486 sicut
1337 1430 1501 1487 (Ἠιοτέ
1537 1443 1582 1487 ct
1624 1433 1754 1486 sicut
1794 1432 2100 1501 conspiratio

523 1525 666 1591 ejus,
706 1525 837 1577 sicut
880 1526 1076 1578 locutus
1105 1533 1176 1577 est
1203 1523 1449 1578 Dominus
1491 1525 1542 1578 in
1579 1537 1733 1577 manu
1773 1522 1958 1593 Moysi.
1989 1523 2100 1578 Huc

524 1631 652 1684 cogo
679 1615 838 1670 modo
867 1615 1033 1670 voluit
1069 1629 1166 1684 per
1201 1616 1506 1670 Eleazarum
1536 1615 1673 1668 Deus
1707 1629 1813 1668 non
1851 1613 2101 1668 sacerdo-

527 1705 656 1758 tium
677 1745 690 1769 ,
721 1707 859 1776 quod
886 1706 994 1774 jam
1038 1714 1150 1760 erat
1185 1707 1235 1759 in
1265 1709 1466 1767 Aaron,
1497 1705 1588 1760 sed
1627 1704 1982 1760 successionis
2013 1715 2099 1758 sa-

528 1796 812 1851 cerdotalis
832 1797 1136 1868 progeniem
1156 1797 1550 1851 commendare.
1579 1795 1727 1862 Quod
1754 1810 1882 1850 vero
1907 1796 2004 1860 ait,
2031 1794 2098 1849 Et

526 1882 690 1958 ignem
717 1889 938 1943 alienum
967 1888 1098 1942 hunc
1126 1888 1319 1942 semina
1344 1887 1440 1953 ibi,
1482 1902 1672 1958 sparge
1696 1887 2096 1958 intelligendum

527 1986 627 2036 est.
664 1980 727 2034 Et
753 1979 890 2050 quod
929 1979 1164 2042 addidit,
1203 1979 1335 2044 Quia
1370 1980 1806 2047 sanctiﬁcaoerunt
1846 1979 2097 2034 thuribula

525 2081 843 2142 peccatorum
865 2071 1043 2124 Irarum
1071 2071 1124 2125 in
1149 2071 1413 2125 animabus
1437 2071 1568 2137 suis,
1596 2070 1860 2126 locutiOne
1883 2070 2096 2140 quidem

526 2162 774 2216 inusitata
803 2177 1052 2231 expressa
1081 2162 1339 2217 sententia
1373 2171 1454 2216 est
1478 2181 1492 2214 :
1513 2161 1605 2217 sed
1642 2161 1930 2216 natandum
1961 2175 2097 2215 novo

526 2254 684 2306 modo
725 2253 863 2307 dicta
909 2255 1232 2308 sanctiﬁcata
1271 2271 1425 2324 paena
1466 2269 1650 2310 eorum
1671 2297 1684 2318 ,
1716 2270 1745 2308 a
1775 2255 1968 2324 quibus
1997 2254 2097 2309 hoc

523 2349 791 2412 peccatum
821 2344 988 2400 fuerat
1013 2353 1404 2415 perpetratum;
1427 2347 1546 2416 quia
1566 2362 1662 2416 per
1681 2361 1775 2401 eos
1795 2346 2094 2415 exemplum

521 2433 702 2489 datum
741 2444 823 2490 est
855 2437 1092 2501 czeteris,
1121 2451 1227 2506 quo
1265 2437 1531 2491 timerent.
1567 2435 2095 2505 Circumpositionem

521 2534 698 2580 autem
732 2525 884 2580 altari
921 2541 1016 2582 cur
1054 2542 1120 2581 ex
1163 2527 1239 2581 eis
1275 2526 1390 2582 ﬁeri
1434 2526 1630 2591 voluit,
1657 2526 1856 2582 addidit
1889 2527 2092 2593 dicens,

524 2614 773 2679 Quoniam
822 2615 992 2670 oblata
1039 2627 1156 2670 sunt
1197 2625 1312 2670 ante
1349 2615 1656 2684 Dominum,
1697 2627 1745 2671 et
1782 2618 2098 2684 sanctiﬁcata

519 2705 655 2772 facta
683 2714 800 2759 sunt
834 2707 886 2760 in
919 2707 1118 2777 signum
1143 2707 1264 2774 ﬁliis
1288 2705 1452 2761 Israel
1477 2722 1495 2760 :
1517 2722 1620 2761 non
1652 2722 1778 2776 ergo
1813 2707 1865 2762 in
1906 2707 2096 2763 eisre-

521 2795 732 2865 probari
763 2799 956 2863 voluit,
989 2798 1127 2867 quod
1171 2814 1199 2852 ο
1241 2798 1435 2852 talibus
1475 2799 1646 2852 oblata
1687 2807 1842 2861 sunt;
1874 2799 1968 2855 sed
1997 2799 2100 2856 ltoc

519 2887 695 2957 potius
719 2889 938 2958 cogitari
965 2898 1019 2943 et
1045 2889 1280 2954 attendi,
1309 2900 1432 2944 ante
1460 2905 1620 2958 quem
1654 2889 1827 2944 oblata
1855 2891 1962 2945 sint
1982 2930 1998 2954 ,
2043 2879 2097 2946 id

522 2978 742 3047 estquia
771 2988 896 3034 ante
928 2979 1210 3032 Dominum
1230 3017 1245 3044 ,
1282 2992 1339 3034 ut
1361 2980 1478 3049 plus
1501 2980 1550 3033 in
1573 2981 1651 3034 eis
1676 2981 1877 3035 valeret
1905 2977 2096 3038 nomen

521 3065 732 3120 Domini
761 3076 886 3120 ante
910 3082 1067 3137 quem
1092 3066 1269 3121 oblata
1298 3077 1454 3135 sunt,
1487 3085 1644 3139 quam
1671 3071 1958 3138 pessimum
1984 3088 2098 3128 me-

520 3158 690 3242 ritum
720 3173 902 3213 eorum
931 3174 958 3212 a
979 3159 1173 3229 quibus
1199 3161 1373 3215 oblata
1401 3171 1541 3215 sunt.
1571 3161 1683 3218 Hoc
1710 3171 1883 3218 autem
1907 3165 2016 3235 jam
2044 3177 2098 3222 et

521 3248 572 3301 in
607 3247 792 3304 Exodo
817 3260 1329 3306 commemoraverat
1353 3251 1625 3323 Scriptura
1646 3293 1662 3319 ,
1691 3254 1902 3324 quando
1929 3255 2098 3312 altare

521 3338 831 3394 fabricatum
861 3340 987 3396 dicit
1027 3339 1224 3412 (Exod.
1256 3359 1402 3399 xxvn
1422 3386 1436 3409 ,
1464 3345 1538 3414 2)
1565 3363 1577 3399 :
1608 3346 1749 3402 unde
1788 3347 2098 3419 intelligitur

518 3444 711 3499 genera
757 3447 936 3488 rerum
987 3442 1256 3503 gestarum
1284 3435 1561 3491 distributa
1603 3452 1722 3492 esse
1763 3454 1855 3506 per
1896 3439 2093 3506 libros,

519 3535 623 3576 non
654 3529 948 3593 temporum
975 3525 1109 3580 ordo
1143 3537 1444 3584 contextus.
1477 3527 1609 3582 Nam
1633 3536 1689 3583 et
1716 3528 1781 3583 dc
1817 3529 1962 3601 virga
1989 3533 2096 3586 Aa-

517 3627 635 3678 ron,
659 3613 924 3682 quomodo
945 3631 1033 3670 res
1058 3626 1206 3686 gesta
1227 3619 1316 3682 sit,
1341 3626 1472 3673 utet
1496 3619 1694 3675 ﬂorens
1712 3629 1766 3674 et
1790 3620 2096 3690 germinans

516 3703 827 3759 electionem
853 3706 1133 3761 sacerdotii
1159 3708 1274 3776 ejus
1299 3709 1552 3764 divinitus
1578 3709 1867 3778 indicaret,
1907 3712 1958 3767 in
1994 3714 2096 3769 hoc

517 3793 652 3848 libro
676 3795 946 3864 Scriptura
972 3799 1211 3851 narravit
1243 3797 1427 3870 (Num.
1454 3816 1596 3865 xvn,
1626 3801 1680 3872 8)
1703 3817 1720 3867 ;
1748 3812 1801 3856 et
1835 3812 2006 3858 tamen
2027 3804 2096 3861 de

517 3885 629 3952 ipsa
659 3887 800 3955 virga
835 3887 885 3940 in
925 3886 1112 3942 Exodo
1133 3889 1346 3955 dicitur,
1380 3899 1434 3944 ut
1465 3892 1514 3944 in
1557 3894 1757 3946 sanctis
1787 3903 2092 3950 sanctorum

517 3988 636 4027 cum
665 3991 852 4028 manna
885 3977 935 4029 in
965 3992 1086 4030 arca
1117 3987 1417 4046 poneretur,
1459 3981 1670 4050 quando
1698 3984 2001 4054 principitur
2027 3983 2095 4041 de

520 4063 859 4118 tabernaculo
900 4064 1208 4121 fabricando
1257 4067 1456 4137 (Exod.
1484 4069 1682 4143 xxvr);
1723 4074 1862 4144 quod
1915 4079 2095 4147 utique

517 4153 674 4224 longe
709 4165 831 4212 ante
876 4166 1198 4227 praeceptum
1236 4169 1347 4228 est,
1380 4178 1536 4229 quam
1573 4163 1742 4233 ipsum
1775 4166 2092 4223 tabernacu-

518 4243 628 4298 lum
658 4245 967 4302 fabricatum
1001 4251 1397 4322 perfectumque
1431 4253 1748 4309 consisteret
1775 4270 1790 4310 :
1813 4260 1958 4311 stetit
1997 4249 2090 4313 au-

518 4345 624 4392 tem
653 4338 823 4407 primo
856 4355 1039 4393 mense
1067 4339 1284 4396 secumli
1327 4342 1479 4407 anni,
1508 4359 1577 4400 ex
1626 4362 1731 4416 quo
1773 4347 1839 4402 de
1859 4347 2093 4420 Egypto

517 4431 719 4500 egressi
749 4440 872 4488 sunt
908 4431 1027 4506 (1d.
1051 4448 1154 4500 XL,
1185 4435 1286 4501 t5)
1307 4475 1322 4501 ,
1351 4446 1403 4490 et
1445 4436 1578 4493 liber
1607 4438 1705 4494 iste
1733 4440 1915 4511 incipit
1943 4455 1974 4494 a
2008 4455 2093 4496 se-

515 4521 688 4577 cundo
718 4537 898 4577 mense
925 4523 1161 4593 ejusdem
1185 4527 1308 4580 anni
1344 4527 1598 4596 secundi,
1635 4530 1808 4600 primo
1832 4531 1920 4588 die
1944 4548 2093 4587 men-

517 4616 630 4671 sis:
655 4614 793 4670 unde
825 4617 1027 4670 clarum
1053 4626 1138 4672 est
1168 4618 1266 4672 ista
1287 4657 1302 4684 ,
1332 4620 1377 4675 si
1405 4621 1660 4675 librorum
1694 4622 1935 4680 ordinem
1963 4640 2091 4680 con-

516 4706 833 4773 sideremus,
859 4723 953 4776 per
971 4711 1456 4779 recapitulationcm
1474 4755 1487 4780 ,
1517 4713 1569 4768 id
1597 4725 1677 4770 est
1705 4717 2090 4785 praeteritorum

515 4799 937 4856 recordationem
977 4805 1415 4872 commemorari,
1456 4823 1574 4877 qua:
1607 4817 1820 4878 putant,
1865 4809 1954 4878 qui
1993 4811 2093 4865 mi-

514 4907 615 4946 nus
654 4891 931 4962 diligenter
976 4893 1288 4966 intendunt,
1331 4898 1519 4954 eodem
1571 4897 1708 4954 facta
1751 4899 1940 4956 ordine
1986 4918 2092 4972 quo

515 4991 815 5038 narrantur.

587 5071 780 5128 XXXI.
824 5073 923 5147 [lb.
957 5091 1111 5143 xvm,
1164 5076 1253 5150 1.]
1281 5077 1345 5131 Et
1380 5079 1452 5132 ait
1493 5078 1739 5134 Dominus
1776 5083 1844 5134 ad
1884 5081 2089 5149 Aaron,

513 5166 681 5218 dicens
707 5181 723 5219 :
752 5165 826 5219 Tu
862 5175 908 5222 et
933 5167 1028 5238 ﬁlii
1060 5169 1167 5235 tui,
1194 5179 1240 5222 et
1265 5170 1444 5225 domus
1475 5176 1632 5243 patris
1656 5175 1728 5228 tui
1753 5183 1934 5245 tecum,
1961 5179 2095 5246 acci-

513 5257 657 5324 pietis
682 5267 884 5323 peccata
905 5253 1227 5326 sanctorum;
1255 5271 1300 5315 et
1332 5272 1384 5316 tu
1411 5273 1458 5317 et
1482 5265 1578 5334 ﬁlii
1605 5265 1676 5319 tui
1699 5267 1954 5339 accipietis
1980 5286 2096 5341 pec-

513 5358 623 5399 cata
645 5348 908 5404 sacerdotii
928 5353 1092 5406 vestri.
1123 5353 1246 5407 llaec
1276 5365 1400 5409 sunt
1428 5365 1643 5425 peccata
1683 5374 1799 5429 qum
1823 5362 2096 5431 appellan-

513 5447 600 5494 tur
627 5441 887 5497 sacriﬁcia
909 5459 1004 5513 pro
1029 5446 1281 5516 peccatis.
1313 5447 1540 5504 Proinde
1569 5461 1773 5520 peccata
1810 5462 2096 5520 sanctorum

514 5533 711 5588 dictum
751 5543 867 5603 est,
901 5553 1008 5593 non
1048 5555 1167 5610 qua:
1212 5544 1377 5597 sancti
1406 5545 1774 5614 committant;
1802 5546 1896 5602 sed
1937 5547 2004 5603 ab
2031 5564 2097 5604 eo

514 5668 822 5790 ι
846 5678 901 5724 et
919 5676 1050 5735 tam,
1073 5683 1181 5737 quis
1197 5677 1352 5729 autem
1374 5681 1474 5731 ast.
1497 5687 1549 5732 et
1568 5683 1696 5744 Mss,
1722 5683 1897 5747 quanta
1924 5697 1944 5738 :
1959 5685 2099 5749 juxta

1327 305 1787 378 QUESTIONUM
1823 307 1883 364 S.
1925 302 2300 362 AUGUSTINI
2335 303 2405 359 IN
2425 303 2994 364 ‘ilEPTATEUCHUM
3255 262 3260 265 Ι
3295 257 3301 261 ⁵
3669 320 3738 382 πε
3796 319 3797 372 ξ

2218 418 2363 490 quod
2405 429 2532 475 sunt
2574 429 2786 485 sancta;
2819 420 3016 477 dictum
3063 429 3148 478 est
3190 433 3484 480 mactarunt
3504 467 3520 492 ,
3565 432 3664 502 quia
3697 437 3732 490 in

2217 511 2420 567 structis
2449 509 2742 566 oderantur
2769 530 2785 567 :
2811 521 2861 568 et
2893 522 3108 582 peccata
3133 512 3386 570 dicuntur
3417 518 3646 576 sacriﬁcia
3670 541 3732 593 pro

2217 605 2484 676 peccatis;
2523 603 2645 659 ideo
2683 603 2942 673 appellata
2979 613 3102 667 sunt
3135 616 3345 677 peccata
3385 620 3660 665 sanctarum.
3691 615 3732 669 Et

2217 705 2424 764 peccata
2442 695 2706 749 sacerdotii
2721 695 2888 759 uestri,
2915 695 2966 749 id
2982 704 3094 763 est,
3109 696 3292 752 eadem
3318 698 3428 767 ipsa
3443 715 3552 768 qua:
3565 703 3731 760 offerun-

2219 796 2308 841 tur
2335 802 2428 855 pro
2459 786 2688 856 peccatis
2718 803 2730 840 :
2755 787 2892 842 sicut
2915 786 3074 842 etiam
3112 787 3164 841 in
3200 787 3438 844 Levitico
3466 789 3684 858 declarat,
3699 808 3732 849 et

2217 879 2482 950 pectinem
2498 879 2692 934 debere
2707 878 2836 933 dicit
2846 879 2910 933 ad
2931 880 3258 936 sacerdotem
3277 880 3463 952 (Leuit.
3480 899 3550 948 vt,
3563 883 3638 946 25,
3651 887 3728 958 25).

2291 969 2387 1024 XX
2400 969 2506 1025 \‘il.
2536 969 2633 1042 [|b.
2668 985 2822 1035 xvm,
2840 968 2950 1043 θη]
2976 968 3317 1042 Primogcnita
3339 972 3524 1038 omnia,
3539 992 3730 1045 quacum-

2215 1078 2314 1133 que
2342 1063 2527 1132 fuerint
2574 1063 2628 1117 in
2679 1073 2812 1117 terra
2856 1079 3026 1117 eorum
3047 1104 3062 1129 ,
3093 1073 3491 1136 quantacumque
3536 1068 3733 1122 attulerint
3798 1067 3799 1074 “

2217 1153 2474 1219 Domino;
2511 1156 2601 1210 tibi
2629 1165 2789 1209 erant.
2824 1155 2918 1210 llic
2947 1156 3330 1226 primogenita,
3365 1174 3471 1212 non
3512 1159 3631 1213 fetus
3659 1164 3730 1229 pri-

2213 1247 2430 1301 mllivos
2470 1262 2718 1316 pecorum
2761 1246 2890 1302 dicit
2928 1265 2942 1302 :
2978 1262 3099 1302 nam
3145 1248 3258 1316 ipsa
3302 1263 3478 1317 grzece
3521 1263 3732 1319 πρυτάτσιι

2214 1341 2536 1404 nominatur,
2567 1341 2681 1394 inec
2705 1349 2881 1396 autem
2904 1354 3319 1411 «puro-praepara.
3348 1340 3456 1396 Sed
3479 1342 3620 1397 latine
3641 1344 3732 1397 dua-

2212 1435 2316 1489 bus
2342 1436 2423 1491 his
2450 1437 2609 1490 rebus
2629 1475 2643 1500 ,
2667 1435 2775 1490 duo
2801 1435 3014 1490 nomina
3034 1445 3240 1504 reperta
3269 1449 3378 1490 non
3403 1445 3541 1489 sunt.
3574 1435 3630 1490 Et
3653 1437 3734 1491 ideo

2213 1529 2316 1582 ista
2347 1541 2741 1599 πρωτογινὴματα
2765 1526 2980 1598 quidam
2997 1527 3246 1596 primitias
3272 1527 3596 1597 interpretati
3621 1538 3732 1581 sunt:

2210 1617 2309 1672 sed
2355 1617 2599 1686 primitiae
2641 1621 2858 1688 ἀπαρχαὶ
2898 1617 3164 1684 dicuntur,
3209 1627 3262 1673 et
3300 1617 3445 1672 aliud
3485 1627 3612 1672 sunt.
3649 1618 3735 1673 [lac

2212 1708 2374 1778 igitur
2397 1709 2492 1761 tria
2521 1711 2590 1764 ita
2611 1709 2999 1772 discernuntur,
3024 1708 3143 1778 quia
3167 1716 3447 1780 πρωτότοκα
3467 1717 3579 1762 sunt
3602 1711 3735 1778 primi-

2210 1799 2305 1852 tivi
2331 1799 2633 1854 animalium
2665 1798 2834 1864 fetus,
2857 1799 3014 1854 etiam
3040 1798 3315 1854 hominum
3347 1817 3360 1852 :
3391 1814 3736 1868 πρατατυέρατα

2209 1902 2370 1956 vero,
2398 1890 2555 1959 primi
2590 1889 2792 1944 fructus
2817 1890 2886 1945 de
2914 1897 3051 1945 terra
3075 1891 3304 1960 sumpti,
3335 1891 3421 1945 vel
3466 1890 3529 1945 de
3563 1891 3734 1953 arbore,

2209 1983 2296 2039 vel
2323 1982 2391 2038 de
2422 1983 2527 2040 vite
2553 1999 2566 2036 :
2591 1983 3039 2051 primitianautem
3065 1980 3132 2038 de
3156 1981 3420 2037 fructibus
3443 1981 3653 2052 quidem,
3670 1982 3733 2035 sed

2201 2079 2318 2148 jam
2359 2078 2589 2134 redactis
2613 2081 2681 2133 ab
2705 2093 2871 2147 agro;
2915 2079 3052 2133 sicut
3077 2078 3144 2132 de
3185 2092 3396 2142 massa,
3439 2077 3504 2133 de
3530 2077 3658 2142 lacu,
3689 2075 3733 2129 de

2204 2169 2376 2233 dolio,
2407 2169 2474 2223 de
2497 2184 2653 2236 copo,
2681 2181 2804 2239 Quae
2830 2168 3074 2237 primitus
3111 2167 3478 2223 sumebantur.

2282 2260 2520 2316 XXXIII.
2549 2259 2662 2333 [ibt
2692 2257 2842 2332 nm]
2871 2261 2944 2315 De
2963 2259 3188 2329 juvenca
3217 2258 3360 2326 rufa,
3388 2257 3531 2328 cujus
3553 2259 3732 2312 cinerem

2209 2354 2276 2409 ad
2312 2369 2506 2424 aquam
2541 2353 2901 2422 ssperslouis,
2943 2367 3234 2420 eorumque
3268 2351 3648 2406 mundationem
3673 2350 3731 2416 qui

2207 2453 2477 2500 mortuum
2507 2447 2798 2515 tetigerint,
2829 2445 3091 2514 pmlicere
3113 2443 3222 2498 Lex
3248 2444 3543 2509 mandavit,
3572 2457 3655 2497 nec
3677 2451 3729 2495 ta-

2208 2551 2332 2591 cere
2350 2537 2365 2567 ²
2394 2537 2782 2605 permittimur;
2824 2534 3278 2590 evidentissimum
3313 2535 3455 2588 enim
3485 2533 3667 2603 signum
3695 2529 3730 2582 in

2207 2635 2271 2683 ita
2306 2627 2438 2683 Novi
2477 2628 2802 2684 Testamenti
2855 2627 3254 2697 praeﬁguntur;
3304 2641 3408 2680 nec
3451 2625 3572 2680 satis
3612 2623 3728 2692 digne

2207 2718 2519 2773 testinantes
2565 2719 2746 2774 dicere
2805 2717 2874 2773 de
2938 2727 3084 2772 tanto
3139 2726 3476 2773 sacramento
3527 2716 3728 2770 valemus.

2207 2808 2388 2865 Primo
2407 2809 2548 2864 enim
2573 2808 2712 2878 quod
2745 2809 2816 2863 ita
2836 2807 2998 2878 coepit
3021 2807 3090 2862 de
3117 2807 3217 2876 liae
3243 2822 3300 2861 re
3329 2806 3474 2878 loqui
3493 2805 3727 2873 Scriptura,

2207 2917 2367 2972 quem
2396 2917 2498 2955 non
2523 2909 2751 2966 moveat,
2782 2909 2838 2955 et
2865 2900 3277 2963 intentissimum
3316 2899 3476 2953 faciat
3514 2899 3562 2952 in
3597 2897 3730 2950 altitu-

2207 2992 2331 3047 dine
2361 2991 2720 3046 sacramenti?
2750 2990 2816 3044 Et
2844 2991 3039 3045 locutus
3075 2999 3145 3045 est
3167 3031 3180 3053 ,
3213 2990 3413 3059 inquit,
3452 2986 3730 3043 Dontinusad

2207 3082 2421 3154 Moysen
2457 3091 2504 3136 et
2540 3082 2738 3145 Aaron,
2777 3082 2994 3136 dicens:
3023 3079 3130 3135 Ista
3159 3079 3414 3136 distinctio
3442 3077 3605 3149 Legis,
3630 3093 3728 3146 qua-

2206 3189 2422 3243 cumque
2443 3173 2698 3228 constituit
2718 3171 2987 3226 Dominus.
3017 3171 3205 3226 Procul
3237 3169 3402 3226 dubio
3429 3187 3528 3226 non
3565 3177 3633 3224 est
3651 3166 3730 3220 ἀίει

2207 3267 2422 3333 tiuctio,
2462 3266 2565 3322 nisi
2609 3266 2749 3321 inter
2791 3265 2966 3335 aliqua
3005 3263 3142 3332 duo,
3175 3263 3257 3318 vel
3299 3263 3452 3332 plura
3480 3277 3618 3317 :nam
3651 3259 3729 3311 dis-

2205 3357 2516 3414 tinctionem
2578 3355 2914 3426 singularitas
2975 3369 3080 3410 non
3138 3354 3381 3423 requirit.
3430 3352 3528 3407 Nec
3584 3348 3729 3404 distin-
3802 3355 3803 3426 ξ

2205 3449 2438 3503 ctionem
2476 3447 2758 3518 cujuslibet
2800 3446 2876 3501 rei
2919 3445 3355 3500 commemoravit
3381 3486 3396 3512 ,
3422 3443 3513 3499 scd
3541 3438 3727 3501 addidit,

2203 3542 2352 3614 Lapis
2379 3559 2399 3598 :
2436 3558 2534 3598 nec
2582 3544 2962 3614 cujuscumque
3007 3543 3177 3613 legis:
3231 3541 3446 3597 assidue
3486 3541 3657 3612 quippe
3691 3534 3727 3589 in

2202 3636 2476 3706 Scriptura
2509 3635 2702 3691 dicitur
2745 3635 2812 3692 de
2853 3650 3166 3706 unaquaque
3209 3651 3291 3702 re,
3320 3635 3391 3690 de
3417 3649 3513 3706 qua
3550 3630 3730 3702 legitime

2203 3727 2526 3798 praccipitur,
2559 3725 2684 3782 Hch
2719 3734 2806 3783 est
2830 3727 2913 3782 lex
2940 3725 3080 3781 illius
3103 3725 3186 3780 vel
3213 3725 3360 3781 illius
3388 3725 3494 3800 rei,
3522 3739 3612 3778 nou
3641 3717 3728 3773 uui-

2203 3819 2426 3874 versalis
2455 3819 2560 3873 Lex
2581 3861 2596 3884 ,
2626 3834 2744 3888 quzc
2767 3818 3003 3873 continet
3031 3818 3206 3873 omnia
3234 3832 3357 3888 quae
3401 3817 3614 3888 legitime
3635 3825 3729 3882 pra-

2200 3914 2466 3986 cipiuntur
2493 3924 2507 3967 t
2539 3912 2623 3968 hic
2661 3928 2785 3968 vero
2824 3926 2944 3966 cum
2987 3912 3237 3977 dixisset,
3265 3909 3398 3966 Haec
3423 3918 3491 3965 est
3527 3902 3728 3984 distinctio

2207 4003 2392 4075 Legit;
2437 4012 2650 4058 secutus
2697 4003 2938 4072 adjunxit
2983 4018 3310 4072 quacumque
3365 3997 3602 4056 constituit
3647 3993 3725 4048 Do-

2201 4098 2395 4159 minus,
2437 4094 2786 4166 praecipiendo
2818 4095 3017 4164 utique,
3041 4107 3146 4148 non
3185 4093 3437 4148 creando.
3465 4091 3582 4145 Nam
3608 4086 3726 4140 etiam

2201 4186 2439 4242 nonnulli
2470 4186 2814 4256 interpretes,
2864 4199 3186 4254 quaecumque
3229 4184 3466 4254 pracepit
3507 4177 3724 4234 Dentium,

2203 4279 2602 4334 transtulerunt.
2627 4276 2685 4334 Si
2713 4292 2841 4348 ergo
2871 4276 2984 4330 haec
3023 4284 3109 4330 est
3136 4271 3596 4341 distinctioLegis,
3617 4279 3726 4336 quu-

2199 4385 2428 4440 cumquc
2474 4370 2723 4440 praecepit
2768 4367 3061 4433 Dominus;
3089 4367 3270 4436 procul
3298 4366 3460 4440 dubio
3480 4377 3644 4431 magna
3667 4365 3725 4411 εει

2201 4463 2300 4518 ista
2340 4463 2608 4519 distinctio
2633 4480 2646 4516 :
2675 4471 2730 4517 et
2771 4470 2915 4518 recte
2963 4461 3269 4531 intelligitur
3305 4461 3414 4517 duo
3442 4459 3723 4514 Testamenta

2197 4556 2542 4628 distinguere.
2587 4554 2788 4610 Eadem
2819 4553 3011 4625 quippe
3039 4561 3163 4606 sunt
3205 4552 3255 4606 in
3291 4552 3479 4607 Vetere
3510 4557 3557 4603 et
3581 4546 3724 4601 Novo:

2198 4647 2274 4702 ibi
2323 4647 2654 4711 obumbratur
2705 4645 2792 4702 hic
2828 4644 3096 4706 revelata;
3147 4642 3218 4698 ibi
3271 4643 3622 4713 prtcﬁgurata,
3662 4631 3726 4685 hic

2200 4740 2550 4795 manifestata.
2569 4738 2698 4794 Nam
2720 4751 2824 4792 non
2846 4737 3014 4791 solum
3032 4734 3374 4791 Sacramenta
3395 4734 3591 4790 diversa
3608 4732 3722 4785 sunt,

2200 4847 2382 4887 verum
2414 4833 2572 4886 etiam
2615 4829 2892 4898 promissa.
2923 4827 2998 4882 lbi
3029 4827 3272 4889 videntur
3303 4815 3596 4898 temporalia
3625 4829 3723 4890 prO'

2201 4920 2347 4987 poni,
2369 4917 2559 4985 quibus
2583 4912 2854 4982 Spirituale
2880 4912 3161 4981 prmmium
3189 4911 3393 4966 occulte
3417 4907 3720 4980 signiﬁcetur:

2202 5008 2287 5062 hic
2316 5017 2490 5062 autem
2521 5004 2948 5059 manifestissime
2976 5003 3264 5074 Spiritnalia
3293 5002 3658 5074 promittuntur,
3683 4998 3722 5042 el

2201 5111 2419 5157 teterna.
2452 5098 2844 5168 Tcmporalium
2891 5107 3068 5152 autem
3111 5100 3372 5153 bonorum
3398 5107 3549 5166 atque
3571 5100 3722 5146 carna-

2201 5194 2353 5258 lium,
2382 5201 2438 5247 et
2465 5191 2815 5260 spiritualium
2845 5198 3004 5260 atque
3040 5199 3391 5256 tuternorum,
3422 5201 3532 5258 qua:
3563 5177 3719 5237 clari'lr

2199 5285 2500 5354 certiorque
2523 5281 2792 5338 distinctio
2824 5289 2941 5347 est,
2973 5296 3128 5352 quam
3161 5279 3334 5350 passio
3372 5273 3566 5334 Domini
3589 5264 3720 5325 nostri

2201 5376 2328 5434 Iesu
2355 5375 2588 5432 Christi?
2610 5375 2665 5430 in
2693 5373 2841 5443 cujus
2862 5381 3032 5428 morte
3061 5375 3187 5428 satis
3209 5371 3461 5440 constitit,
3487 5381 3580 5421 non
3603 5362 3724 5417 istam

2207 5480 2474 5527 terrenam
2513 5465 2972 5534 transitoriamque
2997 5462 3298 5518 felicitatem
3347 5477 3376 5516 a
3417 5449 3723 5536 Dominqu

2205 5577 2304 5633 pro
2327 5573 2520 5631 magno
2537 5572 2756 5614 munere
2781 5554 3096 5626 sperandam
3123 5563 3175 5612 et
3197 5553 3505 5624 optandam:
3527 5538 3724 5637 quando:

2205 5653 2417 5727 quidem
2447 5654 2496 5706 in
2523 5650 2791 5722 unigenito
2815 5649 2946 5704 Filio
2966 5664 3084 5715 suo,
3110 5663 3268 5718 quem
3297 5657 3434 5702 tanta
3454 5643 3534 5700 illa
3553 5635 3723 5711 ρει-ρεῐί

2272 5744 2287 5775 ι
2314 5746 2386 5794 Sic
2408 5744 2456 5793 in
2611 5745 2666 5797 At
2687 5744 2736 5794 lu
2760 5741 2971 5804 excusis»,
2994 5745 3207 5804 tangere.
