3862 6306
43 321 156 386 733

42 444 268 511 voluit,
304 444 464 514 longe
491 441 638 498 aliud
662 457 692 497 a
719 457 778 497 se
813 440 918 514 peti
958 439 1360 511 exspectarique
1404 445 1653 509 oportere

42 537 407 608 apertissima
435 535 773 608 distinctione
801 533 1113 590 declaravit.
1145 533 1288 586 llane
1328 530 1484 600 igitur
1526 543 1650 597 pas-

43 628 270 684 sionem
297 626 511 682 Domini
530 626 697 682 nostri
717 623 1076 698 Jesquristi,
1100 623 1244 679 velut
1260 621 1652 676 distinctionem

45 719 294 774 duorum
328 719 817 783 Testamentorum,
847 715 948 770 hoc
987 714 1126 786 quod
1152 714 1218 769 de
1257 714 1495 784 iuvenca:
1525 709 1654 765 rufa:

42 813 387 866 mactatione
410 821 676 876 narratur,
709 808 837 864 satis
864 823 1098 878 congrue
1125 805 1448 877 praeﬁgurat.

116 903 365 959 Locutus
392 913 465 957 est
493 902 747 957 Dominus
780 902 850 956 ad
876 900 1086 971 Moysen
1130 907 1175 952 et
1211 896 1416 963 Aaron,
1445 897 1614 948 (licens
1634 935 1649 959 ,

43 993 159 1047 Ista
217 994 486 1048 distinctio
523 992 673 1064 Legis
713 1006 1033 1062 quacumque
1078 988 1331 1044 constituit
1375 986 1653 1040 Dominus:

43 1103 105 1142 ac
133 1086 347 1142 deinde
380 1085 632 1140 mandare
669 1083 850 1154 incipit
886 1084 1000 1137 bmc
1040 1080 1331 1151 adiungens
1362 1087 1416 1133 et
1446 1078 1649 1139 dicens,

43 1177 289 1249 Loquere
321 1178 443 1246 ﬁliis
467 1163 652 1230 lsrael.
681 1175 864 1230 Potest
883 1173 1040 1229 etiam
1069 1173 1140 1228 ita
1164 1170 1436 1239 distingui,
1471 1167 1535 1222 Et
1572 1169 1652 1221 lo-

45 1280 192 1324 cutus
249 1277 330 1322 est
377 1267 622 1320 Dominus
665 1265 733 1319 ad
761 1265 971 1335 Moysen
1007 1272 1054 1316 et
1094 1263 1265 1316 Aaron
1295 1261 1507 1323 dicens;
1548 1257 1654 1312 Ista

45 1360 320 1414 distinctio
355 1357 522 1430 Legis,
546 1371 870 1427 qutecumque
894 1354 1148 1408 constituit
1171 1351 1438 1414 Dominus,
1460 1350 1654 1402 dicens:

11 1435 156 1507 'non
211 1465 580 1522 quaecumque
628 1446 903 1503 constituit
953 1445 1206 1499 Dominus
1255 1457 1472 1522 ereans,
1519 1441 1655 1494 sicut

49 1544 250 1599 coelum
284 1551 344 1598 et
373 1550 569 1596 terram
596 1549 648 1594 et
674 1540 850 1593 omnia
879 1553 995 1609 quze
1021 1537 1074 1591 in
1102 1537 1180 1592 eis
1209 1516 1372 1600 sunt;.
1389 1533 1482 1588 sed
1512 1546 1655 1602 qua:-

48 1649 294 1704 cumque
325 1631 601 1687 constituit
634 1630 890 1685 Dominus
931 1629 1143 1693 dicens,
1179 1628 1228 1681 in
1267 1626 1472 1681 duobus
1504 1623 1653 1677 vitle-

51 1726 175 1780 licet
199 1723 610 1786 Testamentis;
655 1729 712 1776 ut
742 1719 933 1776 deinde
963 1728 1235 1789 sequatur,
1269 1717 1492 1787 Loquere
1524 1714 1653 1783 ﬁliis

49 1814 257 1882 Israel,
321 1823 371 1868 et
436 1814 683 1883 accipiant
725 1813 792 1865 ad
843 1819 888 1864 te
928 1813 943 1842 ¹
984 1815 1255 1880 juvcncam
1315 1807 1483 1876 rufam
1546 1806 1655 1860 sine

49 1909 186 1963 vitio.
237 1901 483 1963 Juvenca
515 1904 631 1960 rufa
681 1919 894 1959 carnem
923 1903 1120 1956 Christi
1165 1899 1441 1970 signiﬁcat.
1485 1895 1655 1952 Sexus

49 2001 329 2057 femineus
377 2009 491 2066 est,
534 2007 752 2069 propter
781 1991 1140 2050 inﬁrmitatem
1191 1993 1455 2046 carnalem
1494 2007 1507 2052 ;
1540 1988 1652 2043 rufa

51 2104 168 2161 est,
221 2100 450 2163 propter
489 2091 656 2160 ipsam
702 2097 973 2143 cruentam
1016 2084 1336 2156 passionem.
1368 2081 1519 2150 Quod
1558 2097 1653 2134 au-

51 2199 160 2244 tem
189 2188 270 2242 ait
292 2230 307 2250 ,
362 2185 630 2256 Accipient
661 2183 728 2237 ad
755 2192 820 2248 te,
850 2181 902 2236 in
932 2181 1044 2250 ipso
1080 2178 1259 2249 Moyse
1289 2176 1506 2247 ﬁgurant
1550 2173 1655 2228 Le-

51 2280 130 2351 gis
156 2276 443 2334 ostendit:
473 2257 721 2346 quoniam
748 2271 1039 2328 secundum
1066 2269 1260 2339 Legem
1283 2266 1380 2321 sibi
1409 2264 1506 2320 visi
1533 2273 1657 2318 sunt

52 2369 312 2424 occidere
361 2367 668 2431 Christum,
712 2363 833 2434 quia
884 2359 1120 2417 solvebat
1161 2357 1453 2413 secundum
1511 2355 1658 2424 ipsos

53 2461 367 2525 sabbatum,
397 2465 453 2512 et
483 2458 617 2512 sicut
655 2456 941 2525 putabant,
973 2450 1369 2506 observationes
1395 2447 1656 2516 legitimas

54 2553 404 2625 prolanabat.
431 2549 580 2616 Quod
605 2563 732 2618 ergo
759 2548 873 2601 sine
897 2544 1024 2598 vitio
1052 2542 1245 2597 dicitur
1270 2539 1383 2592 haec
1403 2539 1652 2609 iuvenca,

57 2645 251 2699 mirum
312 2658 420 2696 non
466 2649 547 2696 est
581 2658 594 2694 :
631 2640 765 2692 hanc
805 2637 946 2689 enim
988 2648 1202 2688 carnem
1245 2630 1403 2684 etiam
1447 2636 1656 2682 caterua

61 2735 256 2790 hostia:
301 2732 618 2804 ligurabant,
654 2729 739 2782 ubi
772 2726 1015 2781 similiter
1040 2724 1152 2777 sine
1177 2721 1302 2775 vitio
1332 2733 1521 2789 pecora
1552 2718 1647 2771 im-

63 2827 253 2882 molari
275 2825 551 2895 iubentur.
582 2821 713 2876 Erat
742 2818 936 2889 quippe
968 2817 1051 2869 illa
1079 2831 1202 2869 caro
1229 2815 1280 2867 in
1309 2811 1655 2867 similitudine

57 2917 237 2970 carnis
289 2914 493 2985 peccati
525 2912 699 2984 (Rom.
728 2925 848 2973 vnt,
883 2908 962 2977 '5),
996 2906 1088 2962 Sed
1118 2921 1222 2958 non
1266 2919 1390 2958 caro
1429 2901 1651 2972 peccati.

66 3008 453 3063 Verumtamen
497 3005 584 3060 hic
628 3004 717 3058 ubi
761 3001 1055 3058 evidentius
1083 2999 1236 3069 Legis
1265 2996 1654 3051 distinctionem

61 3099 207 3155 Deus
237 3100 414 3153 voluit
437 3094 812 3153 commendare
831 3134 846 3158 ,
875 3091 1058 3162 parum
1093 3091 1188 3144 fuit
1216 3089 1414 3153 dicere,
1446 3088 1552 3141 sine
1581 3087 1656 3139 vi-

60 3193 149 3258 tio,
181 3192 287 3246 nisi
337 3191 620 3253 diceretur,
648 3202 762 3258 qute
788 3201 890 3238 non
919 3183 1064 3237 habet
1094 3182 1147 3234 in
1192 3197 1246 3234 se
1280 3180 1452 3232 vitiant
1478 3193 1496 3230 :
1516 3175 1656 3246 quod

57 3284 98 3337 si
131 3283 419 3353 repetendi
470 3295 630 3335 causa
679 3279 878 3332 dictum
921 3285 1031 3338 est,
1061 3274 1287 3328 fortasse
1319 3286 1424 3324 non
1463 3269 1656 3324 frustra

59 3387 159 3441 est,
188 3374 341 3447 quod
375 3390 490 3428 eam
523 3389 635 3427 rem
669 3372 782 3438 ipsa
810 3368 1054 3438 repetitio
1091 3364 1293 3417 ﬁrmius
1317 3359 1658 3415 commendac

60 3469 153 3520 vit.
188 3453 510 3536 Quanquam
538 3469 592 3517 et
638 3460 761 3514 illud
795 3475 897 3513 non
927 3457 1181 3511 abhorret
1209 3469 1236 3506 a
1269 3467 1416 3518 vero,
1444 3460 1501 3506 ut
1541 3450 1658 3504 ideo

61 3557 303 3611 additum
339 3553 687 3621 intelligatur,
717 3565 829 3619 quae
851 3565 952 3602 non
975 3545 1122 3601 habet
1147 3545 1199 3597 in
1223 3559 1275 3597 se
1301 3542 1474 3595 vitium
1492 3584 1505 3604 ,
1537 3555 1656 3595 cum

59 3649 164 3716 iam
195 3649 408 3703 dictmn
434 3645 896 3716 esset,.juvencam
926 3641 1034 3693 sine
1063 3637 1180 3690 vitio
1201 3677 1216 3701 ,
1246 3634 1366 3705 quia
1397 3633 1445 3685 in
1470 3648 1528 3687 se
1551 3647 1654 3698 non

68 3742 247 3796 habuit
273 3740 463 3794 vitium
493 3751 617 3792 caro
643 3733 858 3798 Christi,
892 3732 943 3785 in
973 3729 1090 3784 aliis
1115 3736 1290 3782 autem
1320 3725 1536 3790 habuit,
1568 3724 1658 3793 qui

70 3833 307 3887 membra
338 3838 462 3884 sunt
493 3828 626 3898 eius.
677 3825 805 3890 Quae
841 3823 982 3880 enim
1013 3836 1140 3876 caro
1180 3820 1230 3875 in
1279 3818 1377 3872 hac
1409 3818 1513 3870 vita
1545 3817 1659 3871 sine

71 3935 316 3992 peccato,
352 3923 452 3978 nisi
484 3905 571 3974 illa
616 3919 727 3972 sola
755 3933 873 3987 quae
915 3931 1020 3969 non
1055 3913 1215 3966 habet
1250 3911 1300 3964 in
1343 3925 1401 3963 se
1432 3906 1658 3962 vitium?

73 4013 134 4067 Et
171 4032 270 4069 non
314 4025 387 4069 est
431 4011 798 4082 superpositum
827 4023 980 4078 super
1008 4022 1118 4058 eam
1140 4006 1341 4074 jugum.
1373 3999 1487 4055 Non
1516 3999 1656 4054 enim

71 4108 343 4178 subiugata
375 4115 456 4162 est
482 4103 781 4174 iniquitati,
813 4100 898 4153 eui
922 4097 1230 4167 subiugatus
1274 4094 1549 4149 inveniens
1597 4091 1661 4146 li-

75 4197 301 4264 beravit,
346 4204 401 4251 ct
447 4210 634 4251 eorum
679 4191 889 4246 vincula
934 4188 1189 4258 disrupit,
1224 4195 1281 4239 ut
1327 4185 1374 4240 ei
1418 4183 1654 4248 dicatur,

76 4285 353 4357 Disrupisti
387 4285 589 4339 vincula
625 4300 766 4348 mea,
800 4281 887 4334 tibi
925 4277 1218 4348 sacriﬁcabo
1245 4276 1458 4329 hostium
1492 4274 1658 4328 laudis

77 4379 254 4447 (Psal.
278 4394 406 4443 cxv,
449 4379 535 4444 l6,
565 4378 686 4447 i7).
714 4375 887 4444 Super
916 4371 1056 4426 illius
1084 4372 1279 4440 quippe
1307 4384 1520 4423 carnem
1551 4383 1656 4422 non

77 4480 146 4524 est
189 4473 428 4542 positum
464 4470 682 4540 iugum,
714 4467 804 4537 qui
849 4474 1164 4535 potestatem
1207 4462 1386 4517 habuit
1424 4459 1656 4533 ponendi

82 4561 302 4616 animam
332 4576 486 4616 suam
517 4569 571 4615 et
597 4561 788 4614 iterum
817 4555 1062 4611 sumendi
1089 4569 1207 4609 eam
1241 4553 1416 4624 (Joan.
1453 4570 1509 4618 χ,
1542 4552 1654 4622 18).

144 4655 204 4709 Et
229 4657 376 4711 dabis
403 4673 533 4719 eam,
561 4653 749 4723 inquit,
772 4651 839 4704 ad
869 4650 1172 4704 Eleazarum
1192 4647 1517 4701 sacerdotem.
1548 4646 1657 4700 Cur

81 4761 175 4801 non
200 4749 262 4803 ad
289 4751 493 4813 Aaron,
518 4746 618 4800 nisi
647 4745 784 4800 forte
808 4743 879 4797 ita
907 4740 1299 4812 prteﬁguratum
1326 4747 1428 4802 est,
1459 4753 1564 4792 non
1589 4736 1656 4790 ad

82 4845 276 4907 tempus
303 4839 448 4910 quod
477 4848 601 4892 tunc
627 4846 761 4900 erat,
793 4833 887 4889 sed
913 4833 977 4888 ad
1009 4841 1251 4902 posteros
1280 4829 1438 4898 lmjns
1473 4843 1653 4884 sacer-

83 4925 198 4982 dotii
227 4930 526 4999 passionem
555 4926 762 4982 Domini
788 4922 1208 4997 perventuram?
1233 4921 1298 4976 Et
1328 4921 1523 4992 ejicieut
1545 4935 1654 4972 eam

85 5029 212 5072 cura
257 5033 426 5074 castra
455 5036 474 5072 :
503 5019 581 5073 sic
626 5029 681 5072 et
722 5017 928 5085 eiectus
979 5023 1062 5069 est
1102 5013 1357 5067 Dominus
1404 5024 1655 5080 passurus

88 5118 220 5165 extra
245 5110 532 5167 civitatem.
563 5107 714 5177 Quod
745 5101 922 5163 autem
952 5109 1041 5172 ait,
1089 5108 1144 5161 in
1175 5106 1338 5161 locum
1367 5104 1653 5168 mundum;

91 5200 152 5255 ita
180 5204 523 5275 signiﬁcatum
553 5213 656 5268 est;
685 5202 806 5272 quia
837 5213 942 5254 non
971 5198 1156 5254 habuit
1182 5213 1394 5253 causam
1435 5197 1650 5251 malam.

93 5288 151 5344 Et
178 5297 394 5352 occident
438 5301 549 5350 eam
584 5293 638 5349 in
679 5301 947 5366 conspectu
989 5292 1098 5363 ejus
1128 5307 1145 5344 :
1171 5291 1306 5345 sicut
1353 5290 1528 5344 occisa
1571 5297 1654 5343 est

91 5397 202 5439 caro
224 5385 412 5443 Christi
439 5387 493 5442 in
522 5383 812 5455 conspectu
838 5399 1022 5440 eorum
1053 5379 1143 5452 qui
1168 5380 1276 5451 iam
1310 5379 1473 5437 futuri
1501 5387 1656 5436 erant

94 5474 138 5529 in
166 5493 295 5534 novo
317 5481 657 5536 Testamento
686 5463 896 5532 Domini
928 5474 1257 5530 sacerdotes.

155 5568 219 5623 Et
241 5574 445 5643 accipiet
473 5570 690 5624 Eleazar
715 5569 1012 5639 sanguinem
1035 5569 1166 5637 ejus,
1195 5574 1242 5618 et
1270 5565 1500 5634 asperch
1529 5561 1652 5615 coit-

97 5665 165 5713 tra
185 5662 352 5730 faciem
375 5659 680 5718 tabernaculi
710 5658 977 5714 testimonii
996 5675 1028 5712 a
1055 5657 1298 5728 sanguine
1317 5655 1427 5726 ejus
1450 5653 1650 5720 septies;

151 5769 1139 5838 ‘i‘diti,atc.aulss.juxtat.xx.adte;

1400 321 1616 377 uersu
1639 272 1981 387 ausurus.

3207 314 3341 387 .735

1762 434 1886 490 Haec
1933 434 2232 491 testiﬁcatio
2268 441 2369 500 est,
2417 420 2684 489 Christum
2711 415 3005 490 secundum
3035 433 3338 503 Seripturas

1763 529 1959 584 fudisse
1988 528 2294 597 sanguinem
2319 527 2374 582 in
2399 526 2768 595 remissionem
2794 535 3127 596 peccatorum
3159 525 3337 596 (Rom.

1761 637 1837 688 ill,
1865 621 1974 684 25;
2003 631 2050 675 et
2076 619 2265 690 Ephes.
2298 635 2337 687 t,
2369 619 2444 686 7).
2475 617 2598 673 Ideo
2625 626 2800 671 contra
2826 618 3006 689 faciem
3031 616 3340 671 tabernaculi

1759 715 2046 782 testimonii,
2067 714 2190 785 quia
2211 729 2317 768 non
2344 713 2500 768 aliter
2522 712 2844 768 declaratum
2867 720 2968 777 est,
2991 728 3146 782 quant
3171 711 3342 766 luerat

1759 805 1937 860 divino
1964 807 2268 861 testimonio
2286 805 2697 875 praenuntiatum
2729 822 2741 859 :
2770 815 2824 858 et
2848 803 2966 858 ideo
2990 803 3188 874 septies,
3213 803 3336 873 quia

1759 899 1872 970 ipse
1893 912 2146 954 numerus
2165 897 2232 954 ad
2253 896 2645 952 mundationem
2661 895 2890 965 pertinet
2913 894 3265 964 spiritualcm.

1833 990 1898 1044 Et
1923 992 2210 1044 crepitabunt
2236 1007 2345 1044 eam
2372 990 2425 1043 in
2448 999 2713 1059 conspectu
2739 991 2867 1060 ejus.
2895 988 3028 1044 Puto
3055 988 3174 1059 quia
3196 1003 3340 1044 con-

1758 1081 2014 1137 ercmatio
2043 1081 2108 1134 ad
2150 1081 2360 1150 signum
2405 1081 2633 1150 pertinet
2663 1079 3084 1135 resurrectionis.
3134 1077 3330 1133 Natura
3368 1061 3384 1164 ’ἰ

1759 1181 1840 1227 est
1868 1172 2060 1242 quippe
2089 1173 2223 1242 ignis
2269 1181 2324 1225 ut
2349 1172 2400 1224 in
2428 1186 2656 1240 superna
2706 1178 3000 1236 moveatur,
3030 1177 3085 1224 et
3129 1169 3181 1224 in
3213 1185 3334 1225 eum
3373 1193 3383 1227 ς

1759 1263 2082 1317 convertitur
2107 1261 2243 1331 quod
2267 1269 2550 1316 crematur.
2577 1259 2708 1314 Nam
2729 1267 2783 1313 et
2809 1259 2976 1328 ipsum
3001 1274 3240 1315 cremare
3266 1260 3332 1314 de

1757 1367 1932 1422 graeco
1945 1353 1997 1406 in
2021 1352 2239 1406 latinum
2256 1351 2468 1406 ductum
2487 1351 2702 1406 verbum
2724 1359 2805 1405 est
2823 1365 2852 1403 a
2872 1349 3217 1419 suspensione
3232 1348 3311 1423 (a)
3325 1387 3338 1406 ι

1758 1444 1909 1511 Quod
1939 1460 2064 1498 vero
2106 1443 2340 1498 additum
2367 1451 2468 1508 est,
2512 1443 2564 1496 in
2591 1450 2856 1512 conspectu
2893 1442 3022 1512 ejus,
3062 1440 3113 1494 id
3152 1450 3236 1496 est
3277 1441 3331 1495 in

1758 1543 2045 1604 conspectu
2072 1533 2382 1597 sacerdotis,
2429 1532 2531 1587 hoc
2560 1532 2688 1586 mihi
2726 1531 3047 1586 insinuatum
3077 1531 3285 1586 videtur
3311 1572 3328 1597 ,

1759 1626 1882 1696 quia
1911 1626 2016 1679 illis
2036 1625 2278 1695 apparuit
2302 1625 2620 1680 resurrectio
2639 1622 2853 1686 Christi,
2884 1609 2971 1691 qui
2997 1620 3159 1675 futuri
3183 1631 3339 1678 erant

1760 1717 1937 1785 regale
1962 1715 2337 1770 sacerdotium.
2367 1714 2482 1770 Jam
2511 1713 2650 1783 quod
2677 1713 2933 1782 sequitur,
2964 1709 3030 1766 Et
3057 1711 3202 1782 pellis
3230 1713 3340 1784 ejus

1759 1816 1807 1860 et
1831 1823 2007 1860 carnes
2031 1814 2076 1860 et
2099 1805 2304 1876 sanguis
2333 1806 2443 1875 ejus
2465 1820 2580 1857 cum
2605 1813 2820 1858 stercore
2845 1803 2955 1873 ejus
2981 1804 3296 1856 comburetur
3317 1844 3332 1866 ,

1759 1899 1812 1954 id
1841 1900 2012 1968 ipsum
2038 1899 2336 1968 expositum
2380 1906 2462 1951 est
2487 1895 2752 1966 quomodo
2778 1894 3205 1949 concremabitur
3238 1911 3252 1947 :
3285 1902 3340 1948 et

1759 1991 2108 2060 signiﬁcatum
2136 1997 2219 2043 est
2261 1987 2401 2058 quod
2431 2004 2534 2042 non
2562 1987 2734 2040 solum
2765 1985 3055 2039 substantia
3099 1984 3340 2040 mortalis

1759 2079 2000 2149 corporis
2024 2079 2242 2150 Christi,
2274 2093 2392 2148 quae
2417 2073 2922 2132 commemoratione
2953 2074 3103 2143 pellis
3140 2082 3194 2128 et
3220 2089 3342 2128 ear-

1760 2170 1905 2225 nium
1937 2179 1991 2224 et
2016 2167 2286 2240 sanguinis
2331 2167 2566 2224 intimata
2593 2175 2711 2232 est;
2744 2181 2927 2220 verum
2959 2165 3118 2219 etiam
3147 2173 3339 2218 contu-

1761 2263 1919 2316 melia
1939 2269 1993 2315 et
2018 2261 2244 2328 obiectio
2270 2258 2460 2334 plebis,
2481 2273 2636 2328 quam
2665 2256 2877 2311 nomine
2904 2255 3151 2310 stercoris
3172 2254 3340 2323 signi-

1762 2353 1968 2407 ﬁcatam
1999 2360 2145 2420 puto,
2178 2356 2577 2404 converteretur
2603 2347 2654 2402 in
2691 2341 2939 2418 gloriam,
2989 2360 3146 2416 quam
3190 2358 3340 2399 com-

1761 2441 2022 2496 bustionis
2042 2440 2254 2494 ﬂamma
2283 2437 2564 2508 signiﬁcat.

1833 2532 1902 2586 Et
1929 2533 2137 2602 accipiet
2165 2531 2400 2586 sacerdos
2422 2531 2616 2602 lignum
2644 2531 2903 2583 cedrinum
2927 2537 2973 2582 et
3000 2528 3274 2598 hyssopum
3297 2537 3344 2582 et

1759 2626 2040 2690 coccinum,
2072 2634 2117 2678 et
2145 2623 2376 2677 immittet
2397 2623 2450 2676 in
2474 2620 2694 2675 medium
2718 2609 3072 2673 combustionis
3090 2618 3341 2690 juvenca'.

1760 2719 1983 2790 Lignum
2026 2716 2302 2771 cedrinum
2333 2728 2456 2784 spes
2496 2722 2598 2776 est,
2645 2727 2764 2782 quae
2803 2709 2962 2765 debet
3009 2710 3060 2764 in
3100 2709 3344 2790 supernis

1760 2785 1982 2863 ﬁrmiter
2011 2807 2268 2860 habitare.
2301 2805 2574 2877 Hyssorius
2600 2801 2752 2866 ﬁdes,
2784 2816 2902 2871 qua:
2931 2816 3050 2856 cum
3080 2801 3151 2855 sit
3179 2785 3344 2854 herba

1760 2900 1994 2968 humilis,
2025 2895 2290 2953 radicibus
2316 2895 2487 2950 lueret
2511 2895 2560 2949 in
2581 2901 2749 2963 petra.
2781 2891 3064 2947 Cocciuum
3089 2889 3341 2952 charitas,

1759 2996 1900 3068 quod
1922 2993 2186 3050 fervorem
2204 2989 2420 3061 spiritus
2446 2989 2600 3058 igneo
2617 2986 2800 3041 colore
2825 2991 3065 3039 testatur.
3097 2982 3220 3036 llaec
3245 2980 3341 3034 tria

1760 3088 2015 3143 debemus
2045 3084 2256 3139 mittere
2285 3083 2338 3136 in
2375 3077 2822 3135 resurrectionem
2847 3073 3066 3139 Christi,
3096 3081 3344 3142 tanquam

1761 3180 1812 3234 in
1839 3179 2072 3234 medium
2096 3171 2480 3231 combustionis
2507 3169 2667 3234 illius,
2692 3177 2751 3222 ut
2769 3181 2890 3222 cum
2913 3165 3006 3220 illo
3026 3164 3093 3219 sit
3117 3163 3344 3216 abscon-

1760 3271 1868 3326 dita
1899 3271 2004 3324 vita
2031 3276 2234 3333 nostra,
2279 3266 2416 3319 sicut
2439 3261 2568 3317 dicit
2594 3259 2880 3330 Apostolus
2909 3275 2921 3310 :
2954 3255 3022 3311 Et
3049 3257 3149 3308 vita
3178 3265 3338 3310 vestra

1761 3361 2054 3418 abscondita
2074 3369 2145 3415 est
2164 3375 2278 3412 cum
2301 3356 2500 3413 Christo
2525 3355 2578 3407 in
2605 3349 2712 3406 Deo
2739 3349 2954 3420 (Coloss.
2986 3365 3061 3411 ιιι,
3091 3349 3170 3419 5).

1833 3453 1901 3508 Et
1929 3452 2111 3506 lavabit
2138 3450 2428 3505 vestimenta
2455 3462 2548 3500 sua
2574 3442 2828 3506 sacerdos,
2873 3449 2920 3494 et
2950 3441 3132 3494 levabit
3162 3455 3344 3509 corpus

1761 3519 1911 3599 suum
1951 3559 2102 3614 aqua,
2143 3551 2190 3597 et
2230 3549 2400 3611 postea
2423 3535 2646 3591 introibit
2673 3535 2727 3588 in
2753 3541 2940 3597 castra,
2981 3540 3027 3585 et
3055 3530 3340 3584 immundus

1761 3639 1855 3693 erit
1877 3635 2111 3691 sacerdos
2138 3649 2295 3703 usque
2336 3631 2403 3684 ad
2429 3643 2704 3698 vesperam.
2754 3623 2968 3680 Lavatio
2997 3621 3344 3676 vestimento-

1763 3747 1880 3786 rum
1909 3742 1963 3784 et
1990 3727 2230 3796 corporis
2257 3723 2384 3794 quid
2409 3731 2513 3786 est,
2558 3719 2659 3773 nisi
2703 3715 2976 3772 mundatio
3018 3715 3341 3770 exteriorum

1761 3835 1816 3878 et
1859 3815 2207 3876 interiorum?
2250 3815 2352 3870 hoc
2389 3809 2658 3867 sacerdos.
2707 3806 2912 3864 Deinde
2961 3805 3244 3876 sequitur:
3278 3803 3345 3858 Et

1761 3915 1848 3986 qui
1890 3911 2147 3968 comburat
2190 3923 2321 3974 eam,
2370 3903 2554 3960 levabit
2590 3901 2881 3956 vestimenta
2917 3913 3027 3962 sua,
3071 3904 3117 3949 et
3161 3895 3346 3950 lavabit

1761 4021 1943 4075 corpus
1958 4019 2106 4057 suum
2120 4015 2274 4069 aqua,
2299 4007 2344 4051 et
2367 3994 2656 4050 immundus
2680 3992 2774 4046 erit
2797 4005 2952 4060 usque
2970 3988 3038 4046 ad
3061 4004 3341 4058 vesperam.

1763 4099 1820 4153 In
1846 4112 1912 4152 eo
1931 4095 2021 4166 qui
2050 4091 2333 4154 comburit,
2356 4103 2450 4143 eos
2475 4086 2728 4157 ﬁguratas
2749 4083 3000 4147 arbitror,
3032 4079 3121 4150 qui
3147 4079 3342 4135 Christi

1761 4204 1977 4246 carnem
2012 4187 2355 4256 sepelierunt,
2387 4177 2764 4236 resurrectioni
2795 4191 2912 4232 eam
2952 4173 3112 4229 veluti
3138 4174 3343 4228 conﬂa-

1760 4281 1986 4355 grationi
2021 4278 2354 4335 mandantes.

1837 4376 1899 4431 Et
1914 4371 2232 4444 congregabit
2254 4371 2403 4422 homo
2423 4364 2642 4420 mundus
2663 4362 2877 4416 cinerem
2896 4374 3152 4430 juvenem,
3179 4365 3224 4412 et
3254 4374 3325 4428 po

1761 4475 1842 4522 net
1870 4476 2012 4521 extra
2038 4472 2205 4517 castra
2228 4460 2281 4514 in
2303 4459 2466 4513 locum
2488 4454 2751 4510 mundum.
2781 4451 2918 4520 Quid
2944 4451 3172 4505 dicimus
3199 4450 3325 4506 cine-

1761 4573 1875 4614 rem
1900 4557 2164 4626 iuvencte,
2209 4549 2458 4621 reliquias
2498 4545 2748 4602 videlicet
2787 4542 2930 4598 illius
2957 4527 3344 4596 interlectionis

1760 4659 1814 4704 et
1840 4643 2243 4705 combustionis,
2284 4640 2386 4695 nisi
2415 4640 2605 4694 famam
2633 4651 2750 4708 qua:
2787 4640 3072 4689 consecuta
3111 4639 3193 4686 est
3219 4645 3342 4700 pas-

1760 4741 1965 4796 sionem
2028 4733 2576 4800 resurrectionemque
2620 4726 2854 4784 Christi?
2899 4723 3162 4791 Quoniam
3219 4731 3342 4777 sunt

1761 4829 1996 4902 reliquias
2021 4825 2243 4905 homini
2288 4822 2512 4896 paeiﬁco
2541 4819 2710 4895 (Psal.
2755 4833 2942 4880 xxxvi,
2975 4817 3085 4886 '57).
3133 4814 3264 4870 Nam
3292 4823 3342 4869 et

1759 4924 1895 4981 cinis
1930 4930 2066 4985 erat,
2109 4918 2232 4989 quia
2275 4917 2422 4972 velut
2453 4920 2697 4969 mortuus
2736 4911 2805 4967 ab
2832 4907 3132 4964 inﬁdelibus
3157 4914 3342 4960 eonte—

1760 5015 2080 5078 mnebatur;
2109 5020 2166 5067 et
2204 5020 2381 5070 tamen
2409 5005 2716 5069 mundabat,
2748 5003 2870 5074 quia
2899 5010 2955 5056 et
2989 4998 3339 5055 resurrexisso

1758 5123 1788 5162 ι
1815 5105 2058 5162 ﬁdelibus
2096 5101 2431 5159 credebatur.
2482 5097 2548 5152 Et
2573 5096 2696 5167 quia
2737 5093 2855 5149 haec
2897 5091 3035 5146 fama
3081 5088 3219 5158 apud
3248 5103 3344 5144 eos

1760 5200 1990 5254 maxime
2014 5195 2228 5258 claruit,
2255 5192 2344 5262 qui
2371 5191 2424 5246 in
2452 5187 2662 5244 caeteris
2683 5184 2928 5256 gentibus
2952 5189 3124 5249 erant,
3158 5187 3341 5234 etnon

1759 5299 1912 5347 erant
1935 5289 2003 5344 de
2029 5285 2302 5343 consortio
2347 5282 2674 5342 Iudaeorum,
2705 5276 2824 5331 ideo
2849 5274 3047 5329 dictum
3077 5287 3195 5328 esse
3231 5272 3326 5326 exi

1759 5385 1935 5447 stimo,
1965 5379 2033 5436 Et
2057 5375 2381 5449 congregabit
2412 5373 2563 5428 homo
2593 5368 2813 5432 mundus
2836 5367 3052 5421 cinerem
3071 5366 3304 5437 juvenca:
3323 5379 3345 5420 :

1760 5475 1988 5531 mundus
2030 5472 2216 5540 utique
2243 5468 2312 5521 ab
2341 5462 2709 5520 interiectione
2736 5459 2956 5522 Christi,
2987 5473 3106 5527 qua:
3129 5455 3344 5512 δυόωσι

1759 5567 2127 5632 feceratreos.
2159 5559 2224 5616 Et
2250 5566 2456 5626 reponet
2480 5556 2532 5608 in
2555 5553 2719 5630 locum
2742 5550 3006 5632 mundum,
3039 5547 3090 5601 id
3120 5557 3217 5612 est,
3248 5545 3346 5601 ho-

1760 5627 2065 5713 norabiliter
2110 5649 2356 5704 tractabit
2385 5666 2398 5701 :
2427 5658 2604 5702 tamen
2632 5627 2770 5700 extra
2799 5627 2986 5710 castra,
3032 5639 3156 5711 quia
3197 5649 3346 5696 extra

1826 5739 1898 5822 (α)
1923 5747 2133 5816 armasti,
2158 5750 2418 5816 suspendo.

3373 817 3377 824 τ

3362 971 3372 996 ι
