  <div class='ocr_page' id='page_1' title='image "/cluster/home/n/w/nwhite01/storage/ocr_20150623/34/uva.x000826574/385.png"; bbox 0 0 3862 6306; ppageno 0'>
   <div class='ocr_carea' id='block_1_1' title="bbox 1920 181 2169 205">
    <p class='ocr_par' dir='ltr' id='par_1_1' title="bbox 1920 181 2169 205">
     <span class='ocr_line' id='line_1_1' title="bbox 1920 181 2169 205; baseline -0.004 -1"><span class='ocrx_word' id='word_1_1' title='bbox 1920 199 1926 204; x_wconf 88' lang='grc'><strong>.</strong></span> <span class='ocrx_word' id='word_1_2' title='bbox 1953 181 2056 205; x_wconf 57' lang='grc' dir='ltr'><strong>ι-”ν⁹τ”</strong></span> <span class='ocrx_word' id='word_1_3' title='bbox 2075 184 2082 190; x_wconf 84' lang='grc'><em>”</em></span> <span class='ocrx_word' id='word_1_4' title='bbox 2101 187 2169 197; x_wconf 57' lang='lat'><strong>&quot;~-</strong></span> 
     </span>
    </p>
   </div>
   <div class='ocr_carea' id='block_1_2' title="bbox 500 331 605 392">
    <p class='ocr_par' dir='ltr' id='par_1_2' title="bbox 500 331 605 392">
     <span class='ocr_line' id='line_1_2' title="bbox 500 331 605 392; baseline 0.019 -2"><span class='ocrx_word' id='word_1_5' title='bbox 500 331 605 392; x_wconf 75' lang='lat'><strong>735</strong></span> 
     </span>
    </p>
   </div>
   <div class='ocr_carea' id='block_1_3' title="bbox 505 426 2082 502">
    <p class='ocr_par' dir='ltr' id='par_1_3' title="bbox 505 426 2082 502">
     <span class='ocr_line' id='line_1_3' title="bbox 505 426 2082 502; baseline -0.016 0"><span class='ocrx_word' id='word_1_6' title='bbox 505 441 914 502; x_wconf 73' lang='lat' dir='ltr'><strong>celebrationem</strong></span> <span class='ocrx_word' id='word_1_7' title='bbox 951 436 1185 494; x_wconf 65' lang='lat' dir='ltr'><strong>Judaicaz</strong></span> <span class='ocrx_word' id='word_1_8' title='bbox 1213 429 1612 489; x_wconf 79' lang='lat' dir='ltr'><strong>consuetudinis</strong></span> <span class='ocrx_word' id='word_1_9' title='bbox 1649 426 1822 481; x_wconf 87' lang='lat' dir='ltr'><strong>honor</strong></span> <span class='ocrx_word' id='word_1_10' title='bbox 1857 438 2082 492; x_wconf 82' lang='lat' dir='ltr'><strong>evange-</strong></span> 
     </span>
    </p>
   </div>
   <div class='ocr_carea' id='block_1_4' title="bbox 503 517 2081 598">
    <p class='ocr_par' dir='ltr' id='par_1_4' title="bbox 503 517 2081 598">
     <span class='ocr_line' id='line_1_4' title="bbox 503 517 2081 598; baseline -0.016 -6"><span class='ocrx_word' id='word_1_11' title='bbox 503 538 640 592; x_wconf 89' lang='lat' dir='ltr'><strong>lieus</strong></span> <span class='ocrx_word' id='word_1_12' title='bbox 667 533 877 589; x_wconf 75' lang='lat' dir='ltr'><strong>claruit.</strong></span> <span class='ocrx_word' id='word_1_13' title='bbox 907 529 974 584; x_wconf 84' lang='lat' dir='ltr'><strong>Et</strong></span> <span class='ocrx_word' id='word_1_14' title='bbox 999 530 1386 598; x_wconf 64' lang='lat' dir='ltr'><strong>eribsynagogte</strong></span> <span class='ocrx_word' id='word_1_15' title='bbox 1427 522 1647 592; x_wconf 78' lang='lat' dir='ltr'><strong>ﬁliorum</strong></span> <span class='ocrx_word' id='word_1_16' title='bbox 1675 517 1840 572; x_wconf 88' lang='lat' dir='ltr'><strong>Israel</strong></span> <span class='ocrx_word' id='word_1_17' title='bbox 1882 517 1934 569; x_wconf 94' lang='lat' dir='ltr'><strong>in</strong></span> <span class='ocrx_word' id='word_1_18' title='bbox 1957 531 2081 570; x_wconf 84' lang='lat' dir='ltr'><strong>con—</strong></span> 
     </span>
    </p>
   </div>
   <div class='ocr_carea' id='block_1_5' title="bbox 502 608 2085 693">
    <p class='ocr_par' dir='ltr' id='par_1_5' title="bbox 502 608 2085 693">
     <span class='ocr_line' id='line_1_5' title="bbox 502 608 2085 693; baseline -0.015 -10"><span class='ocrx_word' id='word_1_19' title='bbox 502 628 848 683; x_wconf 70' lang='lat' dir='ltr'><strong>servationem.</strong></span> <span class='ocrx_word' id='word_1_20' title='bbox 899 623 1041 693; x_wconf 80' lang='lat' dir='ltr'><strong>Aqua</strong></span> <span class='ocrx_word' id='word_1_21' title='bbox 1080 617 1400 691; x_wconf 87' lang='lat' dir='ltr'><strong>aspersionis,</strong></span> <span class='ocrx_word' id='word_1_22' title='bbox 1436 612 1721 684; x_wconf 79' lang='lat' dir='ltr'><strong>puriﬁcatio</strong></span> <span class='ocrx_word' id='word_1_23' title='bbox 1764 617 1856 663; x_wconf 87' lang='lat' dir='ltr'><strong>est.</strong></span> <span class='ocrx_word' id='word_1_24' title='bbox 1894 608 2085 662; x_wconf 78' lang='lat' dir='ltr'><strong>Postea</strong></span> 
     </span>
    </p>
   </div>
   <div class='ocr_carea' id='block_1_6' title="bbox 504 700 2086 786">
    <p class='ocr_par' dir='ltr' id='par_1_6' title="bbox 504 700 2086 786">
     <span class='ocr_line' id='line_1_6' title="bbox 504 700 2086 786; baseline -0.013 -11"><span class='ocrx_word' id='word_1_25' title='bbox 504 719 740 775; x_wconf 74' lang='lat' dir='ltr'><strong>declarat</strong></span> <span class='ocrx_word' id='word_1_26' title='bbox 765 715 972 786; x_wconf 86' lang='lat' dir='ltr'><strong>plenius</strong></span> <span class='ocrx_word' id='word_1_27' title='bbox 999 709 1443 784; x_wconf 88' lang='lat' dir='ltr'><strong>quemadmodum</strong></span> <span class='ocrx_word' id='word_1_28' title='bbox 1469 721 1536 762; x_wconf 90' lang='lat' dir='ltr'><strong>ex</strong></span> <span class='ocrx_word' id='word_1_29' title='bbox 1563 707 1663 760; x_wconf 91' lang='lat' dir='ltr'><strong>isto</strong></span> <span class='ocrx_word' id='word_1_30' title='bbox 1701 703 1881 758; x_wconf 90' lang='lat' dir='ltr'><strong>cinere</strong></span> <span class='ocrx_word' id='word_1_31' title='bbox 1924 700 2086 755; x_wconf 89' lang='lat' dir='ltr'><strong>ﬁebat</strong></span> 
     </span>
    </p>
   </div>
   <div class='ocr_carea' id='block_1_7' title="bbox 504 799 2082 881">
    <p class='ocr_par' dir='ltr' id='par_1_7' title="bbox 504 799 2082 881">
     <span class='ocr_line' id='line_1_7' title="bbox 504 799 2082 881; baseline -0.012 -17"><span class='ocrx_word' id='word_1_32' title='bbox 504 825 640 881; x_wconf 82' lang='lat' dir='ltr'><strong>aqua</strong></span> <span class='ocrx_word' id='word_1_33' title='bbox 668 806 1012 878; x_wconf 85' lang='lat' dir='ltr'><strong>aspersionis,</strong></span> <span class='ocrx_word' id='word_1_34' title='bbox 1038 802 1180 859; x_wconf 89' lang='lat' dir='ltr'><strong>unde</strong></span> <span class='ocrx_word' id='word_1_35' title='bbox 1202 799 1594 855; x_wconf 89' lang='lat' dir='ltr'><strong>mundabantur</strong></span> <span class='ocrx_word' id='word_1_36' title='bbox 1610 811 1639 850; x_wconf 94' lang='lat' dir='ltr'><strong>a</strong></span> <span class='ocrx_word' id='word_1_37' title='bbox 1659 802 1908 851; x_wconf 86' lang='lat' dir='ltr'><strong>contactu</strong></span> <span class='ocrx_word' id='word_1_38' title='bbox 1935 807 2082 847; x_wconf 88' lang='lat' dir='ltr'><strong>mor-</strong></span> 
     </span>
    </p>
   </div>
   <div class='ocr_carea' id='block_1_8' title="bbox 505 883 2086 968">
    <p class='ocr_par' dir='ltr' id='par_1_8' title="bbox 505 883 2086 968">
     <span class='ocr_line' id='line_1_8' title="bbox 505 883 2086 968; baseline -0.011 -13"><span class='ocrx_word' id='word_1_39' title='bbox 505 909 758 963; x_wconf 91' lang='lat' dir='ltr'><strong>tuorum;</strong></span> <span class='ocrx_word' id='word_1_40' title='bbox 803 895 943 968; x_wconf 92' lang='lat' dir='ltr'><strong>quod</strong></span> <span class='ocrx_word' id='word_1_41' title='bbox 973 895 1155 965; x_wconf 87' lang='lat' dir='ltr'><strong>utique</strong></span> <span class='ocrx_word' id='word_1_42' title='bbox 1194 891 1456 962; x_wconf 90' lang='lat' dir='ltr'><strong>signiﬁcat</strong></span> <span class='ocrx_word' id='word_1_43' title='bbox 1498 889 1567 944; x_wconf 93' lang='lat' dir='ltr'><strong>ab</strong></span> <span class='ocrx_word' id='word_1_44' title='bbox 1613 887 1884 958; x_wconf 88' lang='lat' dir='ltr'><strong>iniquitate</strong></span> <span class='ocrx_word' id='word_1_45' title='bbox 1931 883 2086 954; x_wconf 83' lang='lat' dir='ltr'><strong>hujus</strong></span> 
     </span>
    </p>
   </div>
   <div class='ocr_carea' id='block_1_9' title="bbox 505 981 1452 1045">
    <p class='ocr_par' dir='ltr' id='par_1_9' title="bbox 505 981 1452 1045">
     <span class='ocr_line' id='line_1_9' title="bbox 505 981 1452 1045; baseline -0.012 0"><span class='ocrx_word' id='word_1_46' title='bbox 505 987 836 1045; x_wconf 62' lang='lat' dir='ltr'><strong>moribundae</strong></span> <span class='ocrx_word' id='word_1_47' title='bbox 874 986 958 1042; x_wconf 86' lang='lat' dir='ltr'><strong>vel</strong></span> <span class='ocrx_word' id='word_1_48' title='bbox 987 983 1282 1041; x_wconf 69' lang='lat' dir='ltr'><strong>morticinae</strong></span> <span class='ocrx_word' id='word_1_49' title='bbox 1310 981 1452 1036; x_wconf 62' lang='lat' dir='ltr'><strong>vita).</strong></span> 
     </span>
    </p>
   </div>
   <div class='ocr_carea' id='block_1_10' title="bbox 577 1069 2086 1146">
    <p class='ocr_par' dir='ltr' id='par_1_10' title="bbox 577 1069 2086 1146">
     <span class='ocr_line' id='line_1_10' title="bbox 577 1069 2086 1146; baseline -0.011 -10"><span class='ocrx_word' id='word_1_50' title='bbox 577 1079 684 1136; x_wconf 85' lang='lat' dir='ltr'><strong>Sed</strong></span> <span class='ocrx_word' id='word_1_51' title='bbox 723 1079 914 1134; x_wconf 91' lang='lat' dir='ltr'><strong>mirum</strong></span> <span class='ocrx_word' id='word_1_52' title='bbox 959 1085 1044 1133; x_wconf 87' lang='lat' dir='ltr'><strong>est</strong></span> <span class='ocrx_word' id='word_1_53' title='bbox 1076 1073 1218 1146; x_wconf 90' lang='lat' dir='ltr'><strong>quod</strong></span> <span class='ocrx_word' id='word_1_54' title='bbox 1252 1072 1530 1144; x_wconf 89' lang='lat' dir='ltr'><strong>sequitur:</strong></span> <span class='ocrx_word' id='word_1_55' title='bbox 1564 1069 1632 1124; x_wconf 84' lang='lat' dir='ltr'><strong>Et</strong></span> <span class='ocrx_word' id='word_1_56' title='bbox 1657 1070 1742 1141; x_wconf 96' lang='lat' dir='ltr'><strong>qui</strong></span> <span class='ocrx_word' id='word_1_57' title='bbox 1769 1074 2041 1138; x_wconf 79' lang='lat' dir='ltr'><strong>congregat</strong></span> <span class='ocrx_word' id='word_1_58' title='bbox 2069 1107 2086 1134; x_wconf 93' lang='lat'><strong>,</strong></span> 
     </span>
    </p>
   </div>
   <div class='ocr_carea' id='block_1_11' title="bbox 509 1160 2089 1246">
    <p class='ocr_par' dir='ltr' id='par_1_11' title="bbox 509 1160 2089 1246">
     <span class='ocr_line' id='line_1_11' title="bbox 509 1160 2089 1246; baseline -0.012 -16"><span class='ocrx_word' id='word_1_59' title='bbox 509 1175 700 1246; x_wconf 85' lang='lat' dir='ltr'><strong>inquit,</strong></span> <span class='ocrx_word' id='word_1_60' title='bbox 728 1173 942 1227; x_wconf 88' lang='lat' dir='ltr'><strong>cinerem</strong></span> <span class='ocrx_word' id='word_1_61' title='bbox 959 1172 1209 1244; x_wconf 67' lang='lat' dir='ltr'><strong>juvenem,</strong></span> <span class='ocrx_word' id='word_1_62' title='bbox 1240 1167 1424 1222; x_wconf 82' lang='lat' dir='ltr'><strong>Iuvabit</strong></span> <span class='ocrx_word' id='word_1_63' title='bbox 1449 1165 1736 1220; x_wconf 83' lang='lat' dir='ltr'><strong>uestimenta</strong></span> <span class='ocrx_word' id='word_1_64' title='bbox 1760 1178 1887 1224; x_wconf 86' lang='lat' dir='ltr'><strong>sua;</strong></span> <span class='ocrx_word' id='word_1_65' title='bbox 1913 1170 1959 1214; x_wconf 89' lang='lat' dir='ltr'><strong>et</strong></span> <span class='ocrx_word' id='word_1_66' title='bbox 1995 1160 2089 1213; x_wconf 86' lang='lat' dir='ltr'><strong>int-</strong></span> 
     </span>
    </p>
   </div>
   <div class='ocr_carea' id='block_1_12' title="bbox 512 1252 2092 1334">
    <p class='ocr_par' dir='ltr' id='par_1_12' title="bbox 512 1252 2092 1334">
     <span class='ocr_line' id='line_1_12' title="bbox 512 1252 2092 1334; baseline -0.011 -12"><span class='ocrx_word' id='word_1_67' title='bbox 512 1265 733 1322; x_wconf 82' lang='lat' dir='ltr'><strong>mundus</strong></span> <span class='ocrx_word' id='word_1_68' title='bbox 770 1266 863 1319; x_wconf 89' lang='lat' dir='ltr'><strong>erit</strong></span> <span class='ocrx_word' id='word_1_69' title='bbox 888 1280 1040 1334; x_wconf 86' lang='lat' dir='ltr'><strong>usque</strong></span> <span class='ocrx_word' id='word_1_70' title='bbox 1058 1262 1126 1316; x_wconf 88' lang='lat' dir='ltr'><strong>ad</strong></span> <span class='ocrx_word' id='word_1_71' title='bbox 1150 1277 1425 1331; x_wconf 78' lang='lat' dir='ltr'><strong>vesperam.</strong></span> <span class='ocrx_word' id='word_1_72' title='bbox 1471 1256 1748 1326; x_wconf 87' lang='lat' dir='ltr'><strong>Quomodo</strong></span> <span class='ocrx_word' id='word_1_73' title='bbox 1773 1254 1874 1309; x_wconf 89' lang='lat' dir='ltr'><strong>erit</strong></span> <span class='ocrx_word' id='word_1_74' title='bbox 1902 1270 1965 1310; x_wconf 84' lang='lat' dir='ltr'><strong>ex</strong></span> <span class='ocrx_word' id='word_1_75' title='bbox 1992 1252 2092 1306; x_wconf 90' lang='lat' dir='ltr'><strong>hoc</strong></span> 
     </span>
    </p>
   </div>
   <div class='ocr_carea' id='block_1_13' title="bbox 514 1343 2092 1427">
    <p class='ocr_par' dir='ltr' id='par_1_13' title="bbox 514 1343 2092 1427">
     <span class='ocr_line' id='line_1_13' title="bbox 514 1343 2092 1427; baseline -0.01 -14"><span class='ocrx_word' id='word_1_76' title='bbox 514 1355 840 1422; x_wconf 87' lang='lat' dir='ltr'><strong>immundus,</strong></span> <span class='ocrx_word' id='word_1_77' title='bbox 868 1354 960 1427; x_wconf 91' lang='lat' dir='ltr'><strong>qui</strong></span> <span class='ocrx_word' id='word_1_78' title='bbox 987 1352 1216 1409; x_wconf 86' lang='lat' dir='ltr'><strong>mundus</strong></span> <span class='ocrx_word' id='word_1_79' title='bbox 1240 1358 1573 1415; x_wconf 87' lang='lat' dir='ltr'><strong>accesserat;</strong></span> <span class='ocrx_word' id='word_1_80' title='bbox 1602 1349 1702 1403; x_wconf 87' lang='lat' dir='ltr'><strong>nisi</strong></span> <span class='ocrx_word' id='word_1_81' title='bbox 1725 1346 1843 1418; x_wconf 85' lang='lat' dir='ltr'><strong>quia</strong></span> <span class='ocrx_word' id='word_1_82' title='bbox 1871 1354 1924 1400; x_wconf 89' lang='lat' dir='ltr'><strong>et</strong></span> <span class='ocrx_word' id='word_1_83' title='bbox 1947 1345 1981 1398; x_wconf 90' lang='lat' dir='ltr'><strong>ii</strong></span> <span class='ocrx_word' id='word_1_84' title='bbox 2003 1343 2092 1413; x_wconf 90' lang='lat' dir='ltr'><strong>qui</strong></span> 
     </span>
    </p>
   </div>
   <div class='ocr_carea' id='block_1_14' title="bbox 512 1441 2096 1510">
    <p class='ocr_par' dir='ltr' id='par_1_14' title="bbox 512 1441 2096 1510">
     <span class='ocr_line' id='line_1_14' title="bbox 512 1441 2096 1510; baseline -0.009 -5"><span class='ocrx_word' id='word_1_85' title='bbox 512 1449 615 1505; x_wconf 86' lang='lat' dir='ltr'><strong>sibi</strong></span> <span class='ocrx_word' id='word_1_86' title='bbox 642 1448 887 1504; x_wconf 89' lang='lat' dir='ltr'><strong>videntur</strong></span> <span class='ocrx_word' id='word_1_87' title='bbox 915 1445 1117 1510; x_wconf 91' lang='lat' dir='ltr'><strong>mundi,</strong></span> <span class='ocrx_word' id='word_1_88' title='bbox 1160 1445 1215 1499; x_wconf 90' lang='lat' dir='ltr'><strong>in</strong></span> <span class='ocrx_word' id='word_1_89' title='bbox 1239 1443 1344 1498; x_wconf 86' lang='lat' dir='ltr'><strong>ﬁde</strong></span> <span class='ocrx_word' id='word_1_90' title='bbox 1373 1441 1674 1497; x_wconf 85' lang='lat' dir='ltr'><strong>Christiana</strong></span> <span class='ocrx_word' id='word_1_91' title='bbox 1712 1454 1772 1494; x_wconf 91' lang='lat' dir='ltr'><strong>se</strong></span> <span class='ocrx_word' id='word_1_92' title='bbox 1800 1443 2096 1508; x_wconf 84' lang='lat' dir='ltr'><strong>agnoscunt</strong></span> 
     </span>
    </p>
   </div>
   <div class='ocr_carea' id='block_1_15' title="bbox 512 1526 2094 1614">
    <p class='ocr_par' dir='ltr' id='par_1_15' title="bbox 512 1526 2094 1614">
     <span class='ocr_line' id='line_1_15' title="bbox 512 1526 2094 1614; baseline -0.011 -17"><span class='ocrx_word' id='word_1_93' title='bbox 512 1542 637 1614; x_wconf 88' lang='lat' dir='ltr'><strong>quia</strong></span> <span class='ocrx_word' id='word_1_94' title='bbox 662 1553 850 1596; x_wconf 91' lang='lat' dir='ltr'><strong>omnes</strong></span> <span class='ocrx_word' id='word_1_95' title='bbox 874 1544 1226 1610; x_wconf 86' lang='lat' dir='ltr'><strong>peccaverunt</strong></span> <span class='ocrx_word' id='word_1_96' title='bbox 1251 1544 1306 1590; x_wconf 93' lang='lat' dir='ltr'><strong>et</strong></span> <span class='ocrx_word' id='word_1_97' title='bbox 1347 1541 1506 1604; x_wconf 81' lang='lat' dir='ltr'><strong>egent</strong></span> <span class='ocrx_word' id='word_1_98' title='bbox 1531 1531 1696 1603; x_wconf 87' lang='lat' dir='ltr'><strong>gloria</strong></span> <span class='ocrx_word' id='word_1_99' title='bbox 1743 1530 1856 1592; x_wconf 90' lang='lat' dir='ltr'><strong>Dei,</strong></span> <span class='ocrx_word' id='word_1_100' title='bbox 1900 1526 2094 1598; x_wconf 83' lang='lat' dir='ltr'><strong>justiﬁ-</strong></span> 
     </span>
    </p>
   </div>
   <div class='ocr_carea' id='block_1_16' title="bbox 513 1617 2096 1701">
    <p class='ocr_par' dir='ltr' id='par_1_16' title="bbox 513 1617 2096 1701">
     <span class='ocr_line' id='line_1_16' title="bbox 513 1617 2096 1701; baseline -0.01 -14"><span class='ocrx_word' id='word_1_101' title='bbox 513 1631 618 1686; x_wconf 88' lang='lat' dir='ltr'><strong>cati</strong></span> <span class='ocrx_word' id='word_1_102' title='bbox 643 1631 806 1701; x_wconf 84' lang='lat' dir='ltr'><strong>gratis</strong></span> <span class='ocrx_word' id='word_1_103' title='bbox 846 1643 945 1699; x_wconf 88' lang='lat' dir='ltr'><strong>per</strong></span> <span class='ocrx_word' id='word_1_104' title='bbox 982 1627 1294 1698; x_wconf 85' lang='lat' dir='ltr'><strong>sanguinem</strong></span> <span class='ocrx_word' id='word_1_105' title='bbox 1325 1625 1493 1694; x_wconf 87' lang='lat' dir='ltr'><strong>ipsius</strong></span> <span class='ocrx_word' id='word_1_106' title='bbox 1523 1623 1696 1695; x_wconf 79' lang='lat' dir='ltr'><strong>(llam.</strong></span> <span class='ocrx_word' id='word_1_107' title='bbox 1730 1637 1804 1685; x_wconf 87' lang='lat' dir='ltr'><strong>nt,</strong></span> <span class='ocrx_word' id='word_1_108' title='bbox 1835 1621 1923 1683; x_wconf 69' lang='lat'><strong>25,</strong></span> <span class='ocrx_word' id='word_1_109' title='bbox 1955 1617 2045 1690; x_wconf 71' lang='grc'><strong>24)</strong></span> <span class='ocrx_word' id='word_1_110' title='bbox 2073 1618 2096 1671; x_wconf 89' lang='lat'><strong>?</strong></span> 
     </span>
    </p>
   </div>
   <div class='ocr_carea' id='block_1_17' title="bbox 520 1710 2095 1778">
    <p class='ocr_par' dir='ltr' id='par_1_17' title="bbox 520 1710 2095 1778">
     <span class='ocr_line' id='line_1_17' title="bbox 520 1710 2095 1778; baseline -0.01 0"><span class='ocrx_word' id='word_1_111' title='bbox 520 1723 671 1778; x_wconf 87' lang='lat' dir='ltr'><strong>Hune</strong></span> <span class='ocrx_word' id='word_1_112' title='bbox 713 1730 889 1776; x_wconf 89' lang='lat' dir='ltr'><strong>tamen</strong></span> <span class='ocrx_word' id='word_1_113' title='bbox 927 1719 1243 1774; x_wconf 88' lang='lat' dir='ltr'><strong>vestimenta</strong></span> <span class='ocrx_word' id='word_1_114' title='bbox 1269 1731 1363 1771; x_wconf 88' lang='lat' dir='ltr'><strong>sua</strong></span> <span class='ocrx_word' id='word_1_115' title='bbox 1407 1715 1582 1769; x_wconf 88' lang='lat' dir='ltr'><strong>lavare</strong></span> <span class='ocrx_word' id='word_1_116' title='bbox 1609 1713 1761 1777; x_wconf 82' lang='lat' dir='ltr'><strong>dixit,</strong></span> <span class='ocrx_word' id='word_1_117' title='bbox 1794 1725 1898 1766; x_wconf 94' lang='lat' dir='ltr'><strong>non</strong></span> <span class='ocrx_word' id='word_1_118' title='bbox 1937 1710 2095 1765; x_wconf 90' lang='lat' dir='ltr'><strong>etiam</strong></span> 
     </span>
    </p>
   </div>
   <div class='ocr_carea' id='block_1_18' title="bbox 515 1804 2099 1884">
    <p class='ocr_par' dir='ltr' id='par_1_18' title="bbox 515 1804 2099 1884">
     <span class='ocr_line' id='line_1_18' title="bbox 515 1804 2099 1884; baseline -0.011 -14"><span class='ocrx_word' id='word_1_119' title='bbox 515 1829 710 1884; x_wconf 90' lang='lat' dir='ltr'><strong>corpus</strong></span> <span class='ocrx_word' id='word_1_120' title='bbox 739 1827 934 1877; x_wconf 90' lang='lat' dir='ltr'><strong>suum;</strong></span> <span class='ocrx_word' id='word_1_121' title='bbox 982 1809 1163 1874; x_wconf 91' lang='lat' dir='ltr'><strong>credo,</strong></span> <span class='ocrx_word' id='word_1_122' title='bbox 1209 1808 1350 1879; x_wconf 92' lang='lat' dir='ltr'><strong>quod</strong></span> <span class='ocrx_word' id='word_1_123' title='bbox 1394 1806 1534 1862; x_wconf 90' lang='lat' dir='ltr'><strong>illius</strong></span> <span class='ocrx_word' id='word_1_124' title='bbox 1572 1804 1768 1860; x_wconf 88' lang='lat' dir='ltr'><strong>cineris</strong></span> <span class='ocrx_word' id='word_1_125' title='bbox 1807 1815 2099 1872; x_wconf 85' lang='lat' dir='ltr'><strong>congrega-</strong></span> 
     </span>
    </p>
   </div>
   <div class='ocr_carea' id='block_1_19' title="bbox 519 1892 2099 1976">
    <p class='ocr_par' dir='ltr' id='par_1_19' title="bbox 519 1892 2099 1976">
     <span class='ocr_line' id='line_1_19' title="bbox 519 1892 2099 1976; baseline -0.011 -14"><span class='ocrx_word' id='word_1_126' title='bbox 519 1906 666 1962; x_wconf 88' lang='lat' dir='ltr'><strong>tione</strong></span> <span class='ocrx_word' id='word_1_127' title='bbox 699 1914 752 1961; x_wconf 92' lang='lat' dir='ltr'><strong>et</strong></span> <span class='ocrx_word' id='word_1_128' title='bbox 781 1903 1102 1976; x_wconf 87' lang='lat' dir='ltr'><strong>repositione</strong></span> <span class='ocrx_word' id='word_1_129' title='bbox 1127 1902 1178 1956; x_wconf 90' lang='lat' dir='ltr'><strong>in</strong></span> <span class='ocrx_word' id='word_1_130' title='bbox 1207 1901 1326 1955; x_wconf 91' lang='lat' dir='ltr'><strong>loco</strong></span> <span class='ocrx_word' id='word_1_131' title='bbox 1352 1898 1572 1964; x_wconf 91' lang='lat' dir='ltr'><strong>mundo,</strong></span> <span class='ocrx_word' id='word_1_132' title='bbox 1600 1896 1644 1951; x_wconf 92' lang='lat' dir='ltr'><strong>si</strong></span> <span class='ocrx_word' id='word_1_133' title='bbox 1669 1895 1783 1950; x_wconf 62' lang='lat' dir='ltr'><strong>haec</strong></span> <span class='ocrx_word' id='word_1_134' title='bbox 1809 1892 2099 1965; x_wconf 80' lang='lat' dir='ltr'><strong>Spirituali-</strong></span> 
     </span>
    </p>
   </div>
   <div class='ocr_carea' id='block_1_20' title="bbox 520 1983 2101 2067">
    <p class='ocr_par' dir='ltr' id='par_1_20' title="bbox 520 1983 2101 2067">
     <span class='ocr_line' id='line_1_20' title="bbox 520 1983 2101 2067; baseline -0.012 -13"><span class='ocrx_word' id='word_1_135' title='bbox 520 2005 604 2054; x_wconf 88' lang='lat' dir='ltr'><strong>ter</strong></span> <span class='ocrx_word' id='word_1_136' title='bbox 630 1997 1006 2067; x_wconf 76' lang='lat' dir='ltr'><strong>intelligantur,</strong></span> <span class='ocrx_word' id='word_1_137' title='bbox 1034 1994 1144 2063; x_wconf 86' lang='lat' dir='ltr'><strong>jam</strong></span> <span class='ocrx_word' id='word_1_138' title='bbox 1178 1991 1497 2046; x_wconf 87' lang='lat' dir='ltr'><strong>intrinsecus</strong></span> <span class='ocrx_word' id='word_1_139' title='bbox 1539 1987 1651 2042; x_wconf 86' lang='lat' dir='ltr'><strong>vult</strong></span> <span class='ocrx_word' id='word_1_140' title='bbox 1691 1985 1908 2054; x_wconf 87' lang='lat' dir='ltr'><strong>intelligi</strong></span> <span class='ocrx_word' id='word_1_141' title='bbox 1938 1983 2101 2037; x_wconf 83' lang='lat' dir='ltr'><strong>luisse</strong></span> 
     </span>
    </p>
   </div>
   <div class='ocr_carea' id='block_1_21' title="bbox 523 2072 2101 2158">
    <p class='ocr_par' dir='ltr' id='par_1_21' title="bbox 523 2072 2101 2158">
     <span class='ocr_line' id='line_1_21' title="bbox 523 2072 2101 2158; baseline -0.011 -13"><span class='ocrx_word' id='word_1_142' title='bbox 523 2088 834 2145; x_wconf 88' lang='lat' dir='ltr'><strong>mundatum</strong></span> <span class='ocrx_word' id='word_1_143' title='bbox 869 2105 881 2140; x_wconf 90' lang='lat'><strong>:</strong></span> <span class='ocrx_word' id='word_1_144' title='bbox 914 2087 1051 2141; x_wconf 91' lang='lat' dir='ltr'><strong>sicut</strong></span> <span class='ocrx_word' id='word_1_145' title='bbox 1078 2082 1356 2140; x_wconf 87' lang='lat' dir='ltr'><strong>Cornelius</strong></span> <span class='ocrx_word' id='word_1_146' title='bbox 1379 2079 1601 2135; x_wconf 90' lang='lat' dir='ltr'><strong>audiens</strong></span> <span class='ocrx_word' id='word_1_147' title='bbox 1628 2086 1683 2134; x_wconf 93' lang='lat' dir='ltr'><strong>et</strong></span> <span class='ocrx_word' id='word_1_148' title='bbox 1707 2076 1933 2158; x_wconf 82' lang='lat' dir='ltr'><strong>credens</strong></span> <span class='ocrx_word' id='word_1_149' title='bbox 1957 2072 2101 2146; x_wconf 88' lang='lat' dir='ltr'><strong>quod</strong></span> 
     </span>
    </p>
   </div>
   <div class='ocr_carea' id='block_1_22' title="bbox 523 2167 2101 2254">
    <p class='ocr_par' dir='ltr' id='par_1_22' title="bbox 523 2167 2101 2254">
     <span class='ocr_line' id='line_1_22' title="bbox 523 2167 2101 2254; baseline -0.012 -16"><span class='ocrx_word' id='word_1_150' title='bbox 523 2181 902 2254; x_wconf 85' lang='lat' dir='ltr'><strong>praedicaverat</strong></span> <span class='ocrx_word' id='word_1_151' title='bbox 929 2179 1137 2243; x_wconf 87' lang='lat' dir='ltr'><strong>Petrus,</strong></span> <span class='ocrx_word' id='word_1_152' title='bbox 1170 2177 1241 2230; x_wconf 89' lang='lat' dir='ltr'><strong>ita</strong></span> <span class='ocrx_word' id='word_1_153' title='bbox 1271 2173 1556 2229; x_wconf 89' lang='lat' dir='ltr'><strong>mundatus</strong></span> <span class='ocrx_word' id='word_1_154' title='bbox 1584 2179 1686 2236; x_wconf 88' lang='lat' dir='ltr'><strong>est,</strong></span> <span class='ocrx_word' id='word_1_155' title='bbox 1723 2178 1780 2224; x_wconf 92' lang='lat' dir='ltr'><strong>ut</strong></span> <span class='ocrx_word' id='word_1_156' title='bbox 1809 2177 1931 2224; x_wconf 85' lang='lat' dir='ltr'><strong>ante</strong></span> <span class='ocrx_word' id='word_1_157' title='bbox 1969 2167 2101 2221; x_wconf 90' lang='lat' dir='ltr'><strong>visi-</strong></span> 
     </span>
    </p>
   </div>
   <div class='ocr_carea' id='block_1_23' title="bbox 524 2259 2105 2342">
    <p class='ocr_par' dir='ltr' id='par_1_23' title="bbox 524 2259 2105 2342">
     <span class='ocr_line' id='line_1_23' title="bbox 524 2259 2105 2342; baseline -0.011 -13"><span class='ocrx_word' id='word_1_158' title='bbox 524 2275 686 2330; x_wconf 82' lang='lat' dir='ltr'><strong>bilem</strong></span> <span class='ocrx_word' id='word_1_159' title='bbox 729 2273 1074 2342; x_wconf 88' lang='lat' dir='ltr'><strong>Baptismum,</strong></span> <span class='ocrx_word' id='word_1_160' title='bbox 1115 2284 1234 2325; x_wconf 91' lang='lat' dir='ltr'><strong>cum</strong></span> <span class='ocrx_word' id='word_1_161' title='bbox 1261 2267 1369 2322; x_wconf 89' lang='lat' dir='ltr'><strong>suis</strong></span> <span class='ocrx_word' id='word_1_162' title='bbox 1411 2265 1502 2335; x_wconf 88' lang='lat' dir='ltr'><strong>qui</strong></span> <span class='ocrx_word' id='word_1_163' title='bbox 1542 2263 1798 2330; x_wconf 89' lang='lat' dir='ltr'><strong>aderant,</strong></span> <span class='ocrx_word' id='word_1_164' title='bbox 1840 2259 2105 2329; x_wconf 90' lang='lat' dir='ltr'><strong>acciperet</strong></span> 
     </span>
    </p>
   </div>
   <div class='ocr_carea' id='block_1_24' title="bbox 525 2349 2105 2432">
    <p class='ocr_par' dir='ltr' id='par_1_24' title="bbox 525 2349 2105 2432">
     <span class='ocr_line' id='line_1_24' title="bbox 525 2349 2105 2432; baseline -0.009 -12"><span class='ocrx_word' id='word_1_165' title='bbox 525 2365 722 2420; x_wconf 90' lang='lat' dir='ltr'><strong>donum</strong></span> <span class='ocrx_word' id='word_1_166' title='bbox 747 2362 973 2432; x_wconf 84' lang='lat' dir='ltr'><strong>Spiritus</strong></span> <span class='ocrx_word' id='word_1_167' title='bbox 999 2359 1201 2424; x_wconf 86' lang='lat' dir='ltr'><strong>sancti;</strong></span> <span class='ocrx_word' id='word_1_168' title='bbox 1242 2364 1607 2412; x_wconf 85' lang='lat' dir='ltr'><strong>verumtamen</strong></span> <span class='ocrx_word' id='word_1_169' title='bbox 1648 2368 1750 2408; x_wconf 90' lang='lat' dir='ltr'><strong>nec</strong></span> <span class='ocrx_word' id='word_1_170' title='bbox 1773 2351 1980 2406; x_wconf 87' lang='lat' dir='ltr'><strong>visibile</strong></span> <span class='ocrx_word' id='word_1_171' title='bbox 2003 2349 2105 2406; x_wconf 88' lang='lat' dir='ltr'><strong>Sa-</strong></span> 
     </span>
    </p>
   </div>
   <div class='ocr_carea' id='block_1_25' title="bbox 526 2442 2103 2520">
    <p class='ocr_par' dir='ltr' id='par_1_25' title="bbox 526 2442 2103 2520">
     <span class='ocr_line' id='line_1_25' title="bbox 526 2442 2103 2520; baseline -0.009 -10"><span class='ocrx_word' id='word_1_172' title='bbox 526 2461 854 2510; x_wconf 88' lang='lat' dir='ltr'><strong>cramentum</strong></span> <span class='ocrx_word' id='word_1_173' title='bbox 881 2451 1150 2507; x_wconf 85' lang='lat' dir='ltr'><strong>contemni</strong></span> <span class='ocrx_word' id='word_1_174' title='bbox 1177 2449 1348 2520; x_wconf 88' lang='lat' dir='ltr'><strong>potuit</strong></span> <span class='ocrx_word' id='word_1_175' title='bbox 1369 2448 1504 2519; x_wconf 80' lang='lat' dir='ltr'><strong>(Act.</strong></span> <span class='ocrx_word' id='word_1_176' title='bbox 1530 2461 1588 2514; x_wconf 87' lang='lat' dir='ltr'><strong>x,</strong></span> <span class='ocrx_word' id='word_1_177' title='bbox 1615 2443 1830 2515; x_wconf 69' lang='lat'><strong>44-48),</strong></span> <span class='ocrx_word' id='word_1_178' title='bbox 1869 2453 1926 2499; x_wconf 94' lang='lat' dir='ltr'><strong>ut</strong></span> <span class='ocrx_word' id='word_1_179' title='bbox 1951 2442 2103 2497; x_wconf 88' lang='lat' dir='ltr'><strong>ablu-</strong></span> 
     </span>
    </p>
   </div>
   <div class='ocr_carea' id='block_1_26' title="bbox 526 2535 2109 2610">
    <p class='ocr_par' dir='ltr' id='par_1_26' title="bbox 526 2535 2109 2610">
     <span class='ocr_line' id='line_1_26' title="bbox 526 2535 2109 2610; baseline -0.009 -7"><span class='ocrx_word' id='word_1_180' title='bbox 526 2557 611 2603; x_wconf 86' lang='lat' dir='ltr'><strong>tus</strong></span> <span class='ocrx_word' id='word_1_181' title='bbox 650 2547 807 2602; x_wconf 85' lang='lat' dir='ltr'><strong>etiam</strong></span> <span class='ocrx_word' id='word_1_182' title='bbox 852 2545 1188 2602; x_wconf 79' lang='lat' dir='ltr'><strong>extrinsecus</strong></span> <span class='ocrx_word' id='word_1_183' title='bbox 1228 2545 1244 2575; x_wconf 81' lang='grc'>¹</span> <span class='ocrx_word' id='word_1_184' title='bbox 1272 2542 1472 2597; x_wconf 89' lang='lat' dir='ltr'><strong>lavaret</strong></span> <span class='ocrx_word' id='word_1_185' title='bbox 1514 2536 1903 2610; x_wconf 89' lang='lat' dir='ltr'><strong>quodammodo</strong></span> <span class='ocrx_word' id='word_1_186' title='bbox 1948 2535 2109 2591; x_wconf 81' lang='lat' dir='ltr'><strong>vesti-</strong></span> 
     </span>
    </p>
   </div>
   <div class='ocr_carea' id='block_1_27' title="bbox 525 2626 2108 2702">
    <p class='ocr_par' dir='ltr' id='par_1_27' title="bbox 525 2626 2108 2702">
     <span class='ocr_line' id='line_1_27' title="bbox 525 2626 2108 2702; baseline -0.006 -12"><span class='ocrx_word' id='word_1_187' title='bbox 525 2645 702 2691; x_wconf 89' lang='lat' dir='ltr'><strong>menta</strong></span> <span class='ocrx_word' id='word_1_188' title='bbox 743 2649 858 2690; x_wconf 88' lang='lat' dir='ltr'><strong>sua.</strong></span> <span class='ocrx_word' id='word_1_189' title='bbox 893 2633 957 2688; x_wconf 82' lang='lat' dir='ltr'><strong>Et</strong></span> <span class='ocrx_word' id='word_1_190' title='bbox 993 2634 1110 2698; x_wconf 82' lang='lat' dir='ltr'><strong>erit,</strong></span> <span class='ocrx_word' id='word_1_191' title='bbox 1157 2633 1345 2702; x_wconf 88' lang='lat' dir='ltr'><strong>inquit,</strong></span> <span class='ocrx_word' id='word_1_192' title='bbox 1391 2631 1514 2701; x_wconf 84' lang='lat' dir='ltr'><strong>ﬁliis</strong></span> <span class='ocrx_word' id='word_1_193' title='bbox 1543 2628 1726 2695; x_wconf 77' lang='lat' dir='ltr'><strong>Israel,</strong></span> <span class='ocrx_word' id='word_1_194' title='bbox 1755 2636 1802 2682; x_wconf 86' lang='lat' dir='ltr'><strong>et</strong></span> <span class='ocrx_word' id='word_1_195' title='bbox 1843 2626 2108 2699; x_wconf 78' lang='lat' dir='ltr'><strong>proselgtis</strong></span> 
     </span>
    </p>
   </div>
   <div class='ocr_carea' id='block_1_28' title="bbox 525 2718 2109 2798">
    <p class='ocr_par' dir='ltr' id='par_1_28' title="bbox 525 2718 2109 2798">
     <span class='ocr_line' id='line_1_28' title="bbox 525 2718 2109 2798; baseline -0.005 -18"><span class='ocrx_word' id='word_1_196' title='bbox 525 2727 609 2797; x_wconf 88' lang='lat' dir='ltr'><strong>qui</strong></span> <span class='ocrx_word' id='word_1_197' title='bbox 636 2735 975 2798; x_wconf 90' lang='lat' dir='ltr'><strong>apponuntur,</strong></span> <span class='ocrx_word' id='word_1_198' title='bbox 996 2725 1267 2796; x_wconf 88' lang='lat' dir='ltr'><strong>legitimum</strong></span> <span class='ocrx_word' id='word_1_199' title='bbox 1294 2733 1554 2777; x_wconf 75' lang='lat' dir='ltr'><strong>wternum.</strong></span> <span class='ocrx_word' id='word_1_200' title='bbox 1587 2720 1725 2788; x_wconf 86' lang='lat' dir='ltr'><strong>Quid</strong></span> <span class='ocrx_word' id='word_1_201' title='bbox 1758 2718 1901 2774; x_wconf 88' lang='lat' dir='ltr'><strong>aliud</strong></span> <span class='ocrx_word' id='word_1_202' title='bbox 1929 2727 2109 2773; x_wconf 87' lang='lat' dir='ltr'><strong>osten-</strong></span> 
     </span>
    </p>
   </div>
   <div class='ocr_carea' id='block_1_29' title="bbox 526 2811 2108 2887">
    <p class='ocr_par' dir='ltr' id='par_1_29' title="bbox 526 2811 2108 2887">
     <span class='ocr_line' id='line_1_29' title="bbox 526 2811 2108 2887; baseline -0.005 -15"><span class='ocrx_word' id='word_1_203' title='bbox 526 2817 624 2884; x_wconf 90' lang='lat' dir='ltr'><strong>dit,</strong></span> <span class='ocrx_word' id='word_1_204' title='bbox 659 2819 760 2872; x_wconf 90' lang='lat' dir='ltr'><strong>nisi</strong></span> <span class='ocrx_word' id='word_1_205' title='bbox 803 2817 1121 2887; x_wconf 89' lang='lat' dir='ltr'><strong>baptismum</strong></span> <span class='ocrx_word' id='word_1_206' title='bbox 1163 2815 1381 2880; x_wconf 82' lang='lat' dir='ltr'><strong>Christi,</strong></span> <span class='ocrx_word' id='word_1_207' title='bbox 1428 2828 1586 2884; x_wconf 88' lang='lat' dir='ltr'><strong>quem</strong></span> <span class='ocrx_word' id='word_1_208' title='bbox 1611 2811 1943 2882; x_wconf 89' lang='lat' dir='ltr'><strong>signiﬁcabat</strong></span> <span class='ocrx_word' id='word_1_209' title='bbox 1972 2824 2108 2878; x_wconf 91' lang='lat' dir='ltr'><strong>aqua</strong></span> 
     </span>
    </p>
   </div>
   <div class='ocr_carea' id='block_1_30' title="bbox 525 2898 2108 2978">
    <p class='ocr_par' dir='ltr' id='par_1_30' title="bbox 525 2898 2108 2978">
     <span class='ocr_line' id='line_1_30' title="bbox 525 2898 2108 2978; baseline -0.007 -15"><span class='ocrx_word' id='word_1_210' title='bbox 525 2907 870 2978; x_wconf 86' lang='lat' dir='ltr'><strong>aspersionis,</strong></span> <span class='ocrx_word' id='word_1_211' title='bbox 916 2916 971 2962; x_wconf 93' lang='lat' dir='ltr'><strong>et</strong></span> <span class='ocrx_word' id='word_1_212' title='bbox 1013 2905 1210 2961; x_wconf 69' lang='lat' dir='ltr'><strong>Judaﬁs</strong></span> <span class='ocrx_word' id='word_1_213' title='bbox 1247 2913 1301 2960; x_wconf 90' lang='lat' dir='ltr'><strong>et</strong></span> <span class='ocrx_word' id='word_1_214' title='bbox 1341 2903 1600 2960; x_wconf 89' lang='lat' dir='ltr'><strong>Gentibus</strong></span> <span class='ocrx_word' id='word_1_215' title='bbox 1644 2900 2022 2972; x_wconf 77' lang='lat' dir='ltr'><strong>profuturum;</strong></span> <span class='ocrx_word' id='word_1_216' title='bbox 2056 2898 2108 2952; x_wconf 92' lang='lat' dir='ltr'><strong>id</strong></span> 
     </span>
    </p>
   </div>
   <div class='ocr_carea' id='block_1_31' title="bbox 526 2989 2110 3066">
    <p class='ocr_par' dir='ltr' id='par_1_31' title="bbox 526 2989 2110 3066">
     <span class='ocr_line' id='line_1_31' title="bbox 526 2989 2110 3066; baseline -0.006 -12"><span class='ocrx_word' id='word_1_217' title='bbox 526 3008 609 3054; x_wconf 90' lang='lat' dir='ltr'><strong>est</strong></span> <span class='ocrx_word' id='word_1_218' title='bbox 649 2997 769 3053; x_wconf 89' lang='lat' dir='ltr'><strong>ﬁliis</strong></span> <span class='ocrx_word' id='word_1_219' title='bbox 814 2995 974 3051; x_wconf 87' lang='lat' dir='ltr'><strong>Israel</strong></span> <span class='ocrx_word' id='word_1_220' title='bbox 1021 3005 1076 3050; x_wconf 90' lang='lat' dir='ltr'><strong>et</strong></span> <span class='ocrx_word' id='word_1_221' title='bbox 1123 2995 1434 3066; x_wconf 83' lang='lat' dir='ltr'><strong>proselytis,</strong></span> <span class='ocrx_word' id='word_1_222' title='bbox 1486 3003 1735 3062; x_wconf 85' lang='lat' dir='ltr'><strong>tanquam</strong></span> <span class='ocrx_word' id='word_1_223' title='bbox 1779 2989 2110 3045; x_wconf 89' lang='lat' dir='ltr'><strong>naturalibus</strong></span> 
     </span>
    </p>
   </div>
   <div class='ocr_carea' id='block_1_32' title="bbox 526 3079 2103 3156">
    <p class='ocr_par' dir='ltr' id='par_1_32' title="bbox 526 3079 2103 3156">
     <span class='ocr_line' id='line_1_32' title="bbox 526 3079 2103 3156; baseline -0.006 -12"><span class='ocrx_word' id='word_1_224' title='bbox 526 3089 689 3145; x_wconf 90' lang='lat' dir='ltr'><strong>ramis</strong></span> <span class='ocrx_word' id='word_1_225' title='bbox 709 3096 762 3142; x_wconf 92' lang='lat' dir='ltr'><strong>et</strong></span> <span class='ocrx_word' id='word_1_226' title='bbox 790 3088 991 3142; x_wconf 92' lang='lat' dir='ltr'><strong>inserto</strong></span> <span class='ocrx_word' id='word_1_227' title='bbox 1020 3084 1325 3156; x_wconf 89' lang='lat' dir='ltr'><strong>pinguedini</strong></span> <span class='ocrx_word' id='word_1_228' title='bbox 1350 3083 1542 3139; x_wconf 87' lang='lat' dir='ltr'><strong>radicis</strong></span> <span class='ocrx_word' id='word_1_229' title='bbox 1567 3083 1796 3137; x_wconf 87' lang='lat' dir='ltr'><strong>oleastro</strong></span> <span class='ocrx_word' id='word_1_230' title='bbox 1823 3079 1997 3155; x_wconf 88' lang='lat' dir='ltr'><strong>(Rom.</strong></span> <span class='ocrx_word' id='word_1_231' title='bbox 2027 3095 2103 3144; x_wconf 87' lang='lat' dir='ltr'><strong>xt,</strong></span> 
     </span>
    </p>
   </div>
   <div class='ocr_carea' id='block_1_33' title="bbox 530 3171 2112 3250">
    <p class='ocr_par' dir='ltr' id='par_1_33' title="bbox 530 3171 2112 3250">
     <span class='ocr_line' id='line_1_33' title="bbox 530 3171 2112 3250; baseline -0.006 -15"><span class='ocrx_word' id='word_1_232' title='bbox 530 3176 767 3250; x_wconf 66' lang='grc' dir='ltr'><strong>ιθ-ειγρ</strong></span> <span class='ocrx_word' id='word_1_233' title='bbox 793 3177 960 3245; x_wconf 87' lang='lat' dir='ltr'><strong>Quem</strong></span> <span class='ocrx_word' id='word_1_234' title='bbox 1003 3185 1178 3231; x_wconf 91' lang='lat' dir='ltr'><strong>autem</strong></span> <span class='ocrx_word' id='word_1_235' title='bbox 1204 3189 1311 3230; x_wconf 92' lang='lat' dir='ltr'><strong>non</strong></span> <span class='ocrx_word' id='word_1_236' title='bbox 1340 3173 1497 3229; x_wconf 81' lang='lat' dir='ltr'><strong>faciat</strong></span> <span class='ocrx_word' id='word_1_237' title='bbox 1516 3173 1798 3240; x_wconf 90' lang='lat' dir='ltr'><strong>intentum,</strong></span> <span class='ocrx_word' id='word_1_238' title='bbox 1824 3171 1964 3242; x_wconf 89' lang='lat' dir='ltr'><strong>quod</strong></span> <span class='ocrx_word' id='word_1_239' title='bbox 1991 3179 2112 3241; x_wconf 90' lang='lat' dir='ltr'><strong>post</strong></span> 
     </span>
    </p>
   </div>
   <div class='ocr_carea' id='block_1_34' title="bbox 528 3260 2105 3337">
    <p class='ocr_par' dir='ltr' id='par_1_34' title="bbox 528 3260 2105 3337">
     <span class='ocr_line' id='line_1_34' title="bbox 528 3260 2105 3337; baseline -0.008 -12"><span class='ocrx_word' id='word_1_240' title='bbox 528 3269 851 3326; x_wconf 87' lang='lat' dir='ltr'><strong>ablutionem</strong></span> <span class='ocrx_word' id='word_1_241' title='bbox 877 3268 942 3323; x_wconf 93' lang='lat' dir='ltr'><strong>de</strong></span> <span class='ocrx_word' id='word_1_242' title='bbox 970 3266 1191 3337; x_wconf 85' lang='lat' dir='ltr'><strong>singulis</strong></span> <span class='ocrx_word' id='word_1_243' title='bbox 1217 3264 1512 3336; x_wconf 84' lang='lat' dir='ltr'><strong>quibusque</strong></span> <span class='ocrx_word' id='word_1_244' title='bbox 1535 3262 1748 3327; x_wconf 90' lang='lat' dir='ltr'><strong>dicitur,</strong></span> <span class='ocrx_word' id='word_1_245' title='bbox 1782 3260 1850 3322; x_wconf 82' lang='lat' dir='ltr'><strong>Et</strong></span> <span class='ocrx_word' id='word_1_246' title='bbox 1884 3261 2105 3314; x_wconf 87' lang='lat' dir='ltr'><strong>immun-</strong></span> 
     </span>
    </p>
   </div>
   <div class='ocr_carea' id='block_1_35' title="bbox 529 3351 2111 3429">
    <p class='ocr_par' dir='ltr' id='par_1_35' title="bbox 529 3351 2111 3429">
     <span class='ocr_line' id='line_1_35' title="bbox 529 3351 2111 3429; baseline -0.006 -13"><span class='ocrx_word' id='word_1_247' title='bbox 529 3363 625 3416; x_wconf 88' lang='lat' dir='ltr'><strong>dus</strong></span> <span class='ocrx_word' id='word_1_248' title='bbox 653 3362 744 3415; x_wconf 87' lang='lat' dir='ltr'><strong>erit</strong></span> <span class='ocrx_word' id='word_1_249' title='bbox 785 3376 942 3429; x_wconf 88' lang='lat' dir='ltr'><strong>usque</strong></span> <span class='ocrx_word' id='word_1_250' title='bbox 965 3357 1032 3412; x_wconf 89' lang='lat' dir='ltr'><strong>ad</strong></span> <span class='ocrx_word' id='word_1_251' title='bbox 1072 3358 1369 3428; x_wconf 82' lang='lat' dir='ltr'><strong>vesperam?</strong></span> <span class='ocrx_word' id='word_1_252' title='bbox 1393 3355 1576 3424; x_wconf 85' lang='lat' dir='ltr'><strong>Neque</strong></span> <span class='ocrx_word' id='word_1_253' title='bbox 1617 3353 1702 3408; x_wconf 90' lang='lat' dir='ltr'><strong>hic</strong></span> <span class='ocrx_word' id='word_1_254' title='bbox 1745 3361 1969 3418; x_wconf 89' lang='lat' dir='ltr'><strong>tantum,</strong></span> <span class='ocrx_word' id='word_1_255' title='bbox 2015 3351 2111 3408; x_wconf 84' lang='lat' dir='ltr'><strong>sed</strong></span> 
     </span>
    </p>
   </div>
   <div class='ocr_carea' id='block_1_36' title="bbox 531 3445 2112 3522">
    <p class='ocr_par' dir='ltr' id='par_1_36' title="bbox 531 3445 2112 3522">
     <span class='ocr_line' id='line_1_36' title="bbox 531 3445 2112 3522; baseline -0.006 -12"><span class='ocrx_word' id='word_1_256' title='bbox 531 3455 584 3509; x_wconf 91' lang='lat' dir='ltr'><strong>in</strong></span> <span class='ocrx_word' id='word_1_257' title='bbox 610 3453 878 3517; x_wconf 91' lang='lat' dir='ltr'><strong>omnibus,</strong></span> <span class='ocrx_word' id='word_1_258' title='bbox 903 3460 992 3506; x_wconf 87' lang='lat' dir='ltr'><strong>aut</strong></span> <span class='ocrx_word' id='word_1_259' title='bbox 1019 3467 1152 3522; x_wconf 88' lang='lat' dir='ltr'><strong>pene</strong></span> <span class='ocrx_word' id='word_1_260' title='bbox 1181 3450 1231 3504; x_wconf 93' lang='lat' dir='ltr'><strong>in</strong></span> <span class='ocrx_word' id='word_1_261' title='bbox 1259 3449 1506 3504; x_wconf 90' lang='lat' dir='ltr'><strong>omnibus</strong></span> <span class='ocrx_word' id='word_1_262' title='bbox 1533 3447 1728 3503; x_wconf 87' lang='lat' dir='ltr'><strong>talibus</strong></span> <span class='ocrx_word' id='word_1_263' title='bbox 1753 3445 2112 3500; x_wconf 90' lang='lat' dir='ltr'><strong>mundationi-</strong></span> 
     </span>
    </p>
   </div>
   <div class='ocr_carea' id='block_1_37' title="bbox 531 3537 2112 3609">
    <p class='ocr_par' dir='ltr' id='par_1_37' title="bbox 531 3537 2112 3609">
     <span class='ocr_line' id='line_1_37' title="bbox 531 3537 2112 3609; baseline -0.007 -6"><span class='ocrx_word' id='word_1_264' title='bbox 531 3547 630 3603; x_wconf 90' lang='lat' dir='ltr'><strong>bus</strong></span> <span class='ocrx_word' id='word_1_265' title='bbox 657 3547 756 3602; x_wconf 89' lang='lat' dir='ltr'><strong>hoc</strong></span> <span class='ocrx_word' id='word_1_266' title='bbox 782 3545 992 3602; x_wconf 84' lang='lat' dir='ltr'><strong>dicitur.</strong></span> <span class='ocrx_word' id='word_1_267' title='bbox 1020 3543 1123 3601; x_wconf 85' lang='lat' dir='ltr'><strong>Ubi</strong></span> <span class='ocrx_word' id='word_1_268' title='bbox 1149 3544 1329 3598; x_wconf 88' lang='lat' dir='ltr'><strong>nescio</strong></span> <span class='ocrx_word' id='word_1_269' title='bbox 1350 3551 1527 3597; x_wconf 89' lang='lat' dir='ltr'><strong>utrum</strong></span> <span class='ocrx_word' id='word_1_270' title='bbox 1549 3538 1744 3609; x_wconf 86' lang='lat' dir='ltr'><strong>aliquid</strong></span> <span class='ocrx_word' id='word_1_271' title='bbox 1773 3537 1916 3593; x_wconf 89' lang='lat' dir='ltr'><strong>aliud</strong></span> <span class='ocrx_word' id='word_1_272' title='bbox 1947 3538 2112 3608; x_wconf 88' lang='lat' dir='ltr'><strong>possit</strong></span> 
     </span>
    </p>
   </div>
   <div class='ocr_carea' id='block_1_38' title="bbox 530 3628 2110 3708">
    <p class='ocr_par' dir='ltr' id='par_1_38' title="bbox 530 3628 2110 3708">
     <span class='ocr_line' id='line_1_38' title="bbox 530 3628 2110 3708; baseline -0.008 -15"><span class='ocrx_word' id='word_1_273' title='bbox 530 3637 770 3708; x_wconf 85' lang='lat' dir='ltr'><strong>intelligi,</strong></span> <span class='ocrx_word' id='word_1_274' title='bbox 821 3636 921 3691; x_wconf 92' lang='lat' dir='ltr'><strong>nisi</strong></span> <span class='ocrx_word' id='word_1_275' title='bbox 966 3635 1108 3706; x_wconf 88' lang='lat' dir='ltr'><strong>quod</strong></span> <span class='ocrx_word' id='word_1_276' title='bbox 1150 3634 1325 3689; x_wconf 90' lang='lat' dir='ltr'><strong>omnis</strong></span> <span class='ocrx_word' id='word_1_277' title='bbox 1372 3631 1534 3687; x_wconf 89' lang='lat' dir='ltr'><strong>homo</strong></span> <span class='ocrx_word' id='word_1_278' title='bbox 1579 3639 1699 3700; x_wconf 88' lang='lat' dir='ltr'><strong>post</strong></span> <span class='ocrx_word' id='word_1_279' title='bbox 1738 3628 2110 3684; x_wconf 84' lang='lat' dir='ltr'><strong>remissionem</strong></span> 
     </span>
    </p>
   </div>
   <div class='ocr_carea' id='block_1_39' title="bbox 531 3720 2111 3801">
    <p class='ocr_par' dir='ltr' id='par_1_39' title="bbox 531 3720 2111 3801">
     <span class='ocr_line' id='line_1_39' title="bbox 531 3720 2111 3801; baseline -0.008 -16"><span class='ocrx_word' id='word_1_280' title='bbox 531 3728 894 3801; x_wconf 87' lang='lat' dir='ltr'><strong>plenissimam</strong></span> <span class='ocrx_word' id='word_1_281' title='bbox 914 3736 1250 3797; x_wconf 87' lang='lat' dir='ltr'><strong>peccatorum</strong></span> <span class='ocrx_word' id='word_1_282' title='bbox 1278 3721 1636 3795; x_wconf 88' lang='lat' dir='ltr'><strong>permanendo</strong></span> <span class='ocrx_word' id='word_1_283' title='bbox 1661 3722 1712 3775; x_wconf 90' lang='lat' dir='ltr'><strong>in</strong></span> <span class='ocrx_word' id='word_1_284' title='bbox 1735 3720 1834 3775; x_wconf 88' lang='lat' dir='ltr'><strong>hac</strong></span> <span class='ocrx_word' id='word_1_285' title='bbox 1859 3721 1963 3775; x_wconf 88' lang='lat' dir='ltr'><strong>vita</strong></span> <span class='ocrx_word' id='word_1_286' title='bbox 1983 3734 2111 3773; x_wconf 88' lang='lat' dir='ltr'><strong>eon-</strong></span> 
     </span>
    </p>
   </div>
   <div class='ocr_carea' id='block_1_40' title="bbox 531 3811 2111 3889">
    <p class='ocr_par' dir='ltr' id='par_1_40' title="bbox 531 3811 2111 3889">
     <span class='ocr_line' id='line_1_40' title="bbox 531 3811 2111 3889; baseline -0.006 -15"><span class='ocrx_word' id='word_1_287' title='bbox 531 3821 694 3876; x_wconf 88' lang='lat' dir='ltr'><strong>trahit</strong></span> <span class='ocrx_word' id='word_1_288' title='bbox 719 3817 938 3889; x_wconf 90' lang='lat' dir='ltr'><strong>aliquid,</strong></span> <span class='ocrx_word' id='word_1_289' title='bbox 967 3817 1108 3872; x_wconf 90' lang='lat' dir='ltr'><strong>unde</strong></span> <span class='ocrx_word' id='word_1_290' title='bbox 1145 3818 1216 3871; x_wconf 91' lang='lat' dir='ltr'><strong>sit</strong></span> <span class='ocrx_word' id='word_1_291' title='bbox 1242 3814 1549 3870; x_wconf 90' lang='lat' dir='ltr'><strong>immundus</strong></span> <span class='ocrx_word' id='word_1_292' title='bbox 1572 3828 1739 3882; x_wconf 86' lang='lat' dir='ltr'><strong>usque</strong></span> <span class='ocrx_word' id='word_1_293' title='bbox 1761 3811 1827 3865; x_wconf 89' lang='lat' dir='ltr'><strong>ad</strong></span> <span class='ocrx_word' id='word_1_294' title='bbox 1871 3811 2111 3882; x_wconf 83' lang='lat' dir='ltr'><strong>ejusdem</strong></span> 
     </span>
    </p>
   </div>
   <div class='ocr_carea' id='block_1_41' title="bbox 533 3901 2108 3974">
    <p class='ocr_par' dir='ltr' id='par_1_41' title="bbox 533 3901 2108 3974">
     <span class='ocr_line' id='line_1_41' title="bbox 533 3901 2108 3974; baseline -0.007 -8"><span class='ocrx_word' id='word_1_295' title='bbox 533 3912 652 3966; x_wconf 75' lang='lat' dir='ltr'><strong>vitae</strong></span> <span class='ocrx_word' id='word_1_296' title='bbox 701 3911 881 3974; x_wconf 87' lang='lat' dir='ltr'><strong>ﬁnem,</strong></span> <span class='ocrx_word' id='word_1_297' title='bbox 914 3908 1002 3962; x_wconf 90' lang='lat' dir='ltr'><strong>ubi</strong></span> <span class='ocrx_word' id='word_1_298' title='bbox 1043 3908 1090 3962; x_wconf 92' lang='lat' dir='ltr'><strong>ei</strong></span> <span class='ocrx_word' id='word_1_299' title='bbox 1120 3906 1235 3961; x_wconf 90' lang='lat' dir='ltr'><strong>dies</strong></span> <span class='ocrx_word' id='word_1_300' title='bbox 1266 3907 1363 3960; x_wconf 89' lang='lat' dir='ltr'><strong>iste</strong></span> <span class='ocrx_word' id='word_1_301' title='bbox 1391 3902 1784 3974; x_wconf 89' lang='lat' dir='ltr'><strong>quodammodo</strong></span> <span class='ocrx_word' id='word_1_302' title='bbox 1825 3901 2108 3969; x_wconf 91' lang='lat' dir='ltr'><strong>clauditur,</strong></span> 
     </span>
    </p>
   </div>
   <div class='ocr_carea' id='block_1_42' title="bbox 533 3997 1220 4070">
    <p class='ocr_par' dir='ltr' id='par_1_42' title="bbox 533 3997 1220 4070">
     <span class='ocr_line' id='line_1_42' title="bbox 533 3997 1220 4070; baseline -0.004 -20"><span class='ocrx_word' id='word_1_303' title='bbox 533 3998 674 4069; x_wconf 89' lang='lat' dir='ltr'><strong>quod</strong></span> <span class='ocrx_word' id='word_1_304' title='bbox 700 3997 959 4070; x_wconf 87' lang='lat' dir='ltr'><strong>signiﬁcat</strong></span> <span class='ocrx_word' id='word_1_305' title='bbox 979 4010 1220 4065; x_wconf 87' lang='lat' dir='ltr'><strong>vespera.</strong></span> 
     </span>
    </p>
   </div>
   <div class='ocr_carea' id='block_1_43' title="bbox 607 4082 2113 4158">
    <p class='ocr_par' dir='ltr' id='par_1_43' title="bbox 607 4082 2113 4158">
     <span class='ocr_line' id='line_1_43' title="bbox 607 4082 2113 4158; baseline -0.007 -13"><span class='ocrx_word' id='word_1_306' title='bbox 607 4088 807 4145; x_wconf 88' lang='lat' dir='ltr'><strong>Deinde</strong></span> <span class='ocrx_word' id='word_1_307' title='bbox 829 4087 1012 4158; x_wconf 90' lang='lat' dir='ltr'><strong>incipit</strong></span> <span class='ocrx_word' id='word_1_308' title='bbox 1031 4086 1303 4154; x_wconf 85' lang='lat' dir='ltr'><strong>Scriptura</strong></span> <span class='ocrx_word' id='word_1_309' title='bbox 1323 4083 1522 4148; x_wconf 87' lang='lat' dir='ltr'><strong>dicere,</strong></span> <span class='ocrx_word' id='word_1_310' title='bbox 1542 4090 1598 4137; x_wconf 92' lang='lat' dir='ltr'><strong>et</strong></span> <span class='ocrx_word' id='word_1_311' title='bbox 1617 4082 1924 4151; x_wconf 89' lang='lat' dir='ltr'><strong>exsequitur</strong></span> <span class='ocrx_word' id='word_1_312' title='bbox 1937 4095 2113 4151; x_wconf 88' lang='lat' dir='ltr'><strong>quem-</strong></span> 
     </span>
    </p>
   </div>
   <div class='ocr_carea' id='block_1_44' title="bbox 535 4171 2114 4240">
    <p class='ocr_par' dir='ltr' id='par_1_44' title="bbox 535 4171 2114 4240">
     <span class='ocr_line' id='line_1_44' title="bbox 535 4171 2114 4240; baseline -0.009 -4"><span class='ocrx_word' id='word_1_313' title='bbox 535 4181 819 4238; x_wconf 89' lang='lat' dir='ltr'><strong>admodum</strong></span> <span class='ocrx_word' id='word_1_314' title='bbox 845 4176 1098 4234; x_wconf 89' lang='lat' dir='ltr'><strong>immundi</strong></span> <span class='ocrx_word' id='word_1_315' title='bbox 1121 4174 1246 4230; x_wconf 80' lang='lat' dir='ltr'><strong>facti</strong></span> <span class='ocrx_word' id='word_1_316' title='bbox 1274 4174 1540 4236; x_wconf 88' lang='lat' dir='ltr'><strong>homines,</strong></span> <span class='ocrx_word' id='word_1_317' title='bbox 1570 4187 1705 4240; x_wconf 91' lang='lat' dir='ltr'><strong>aqua</strong></span> <span class='ocrx_word' id='word_1_318' title='bbox 1736 4171 1821 4224; x_wconf 86' lang='lat' dir='ltr'><strong>illa</strong></span> <span class='ocrx_word' id='word_1_319' title='bbox 1848 4171 2114 4240; x_wconf 83' lang='lat' dir='ltr'><strong>aspersio-</strong></span> 
     </span>
    </p>
   </div>
   <div class='ocr_carea' id='block_1_45' title="bbox 534 4263 2116 4344">
    <p class='ocr_par' dir='ltr' id='par_1_45' title="bbox 534 4263 2116 4344">
     <span class='ocr_line' id='line_1_45' title="bbox 534 4263 2116 4344; baseline -0.01 -13"><span class='ocrx_word' id='word_1_320' title='bbox 534 4275 618 4332; x_wconf 91' lang='lat' dir='ltr'><strong>nis</strong></span> <span class='ocrx_word' id='word_1_321' title='bbox 642 4273 1022 4344; x_wconf 88' lang='lat' dir='ltr'><strong>purilicentur:</strong></span> <span class='ocrx_word' id='word_1_322' title='bbox 1054 4268 1155 4334; x_wconf 87' lang='lat' dir='ltr'><strong>Qui</strong></span> <span class='ocrx_word' id='word_1_323' title='bbox 1179 4268 1415 4337; x_wconf 81' lang='lat' dir='ltr'><strong>tetigerit,</strong></span> <span class='ocrx_word' id='word_1_324' title='bbox 1443 4263 1633 4335; x_wconf 91' lang='lat' dir='ltr'><strong>inquit,</strong></span> <span class='ocrx_word' id='word_1_325' title='bbox 1655 4271 1928 4326; x_wconf 86' lang='lat' dir='ltr'><strong>mortuum,</strong></span> <span class='ocrx_word' id='word_1_326' title='bbox 1952 4263 2116 4316; x_wconf 85' lang='lat' dir='ltr'><strong>omnis</strong></span> 
     </span>
    </p>
   </div>
   <div class='ocr_carea' id='block_1_46' title="bbox 535 4355 2112 4430">
    <p class='ocr_par' dir='ltr' id='par_1_46' title="bbox 535 4355 2112 4430">
     <span class='ocr_line' id='line_1_46' title="bbox 535 4355 2112 4430; baseline -0.009 -8"><span class='ocrx_word' id='word_1_327' title='bbox 535 4368 706 4422; x_wconf 87' lang='lat' dir='ltr'><strong>anima</strong></span> <span class='ocrx_word' id='word_1_328' title='bbox 733 4366 948 4421; x_wconf 80' lang='lat' dir='ltr'><strong>hominis</strong></span> <span class='ocrx_word' id='word_1_329' title='bbox 969 4362 1227 4418; x_wconf 87' lang='lat' dir='ltr'><strong>immunda</strong></span> <span class='ocrx_word' id='word_1_330' title='bbox 1247 4361 1340 4415; x_wconf 89' lang='lat' dir='ltr'><strong>erit</strong></span> <span class='ocrx_word' id='word_1_331' title='bbox 1364 4368 1552 4430; x_wconf 78' lang='lat' dir='ltr'><strong>septem</strong></span> <span class='ocrx_word' id='word_1_332' title='bbox 1579 4356 1750 4411; x_wconf 81' lang='lat' dir='ltr'><strong>diebus</strong></span> <span class='ocrx_word' id='word_1_333' title='bbox 1778 4371 1796 4409; x_wconf 90' lang='lat'><strong><em>:</em></strong></span> <span class='ocrx_word' id='word_1_334' title='bbox 1822 4355 1902 4408; x_wconf 84' lang='lat' dir='ltr'><strong>hic</strong></span> <span class='ocrx_word' id='word_1_335' title='bbox 1928 4355 2112 4424; x_wconf 84' lang='lat' dir='ltr'><strong>puri/i-</strong></span> 
     </span>
    </p>
   </div>
   <div class='ocr_carea' id='block_1_47' title="bbox 538 4443 2117 4522">
    <p class='ocr_par' dir='ltr' id='par_1_47' title="bbox 538 4443 2117 4522">
     <span class='ocr_line' id='line_1_47' title="bbox 538 4443 2117 4522; baseline -0.01 -9"><span class='ocrx_word' id='word_1_336' title='bbox 538 4458 732 4513; x_wconf 73' lang='lat' dir='ltr'><strong>mbitur</strong></span> <span class='ocrx_word' id='word_1_337' title='bbox 759 4456 841 4510; x_wconf 87' lang='lat' dir='ltr'><strong>die</strong></span> <span class='ocrx_word' id='word_1_338' title='bbox 866 4454 1010 4510; x_wconf 89' lang='lat' dir='ltr'><strong>tertio</strong></span> <span class='ocrx_word' id='word_1_339' title='bbox 1035 4463 1079 4508; x_wconf 89' lang='lat' dir='ltr'><strong>et</strong></span> <span class='ocrx_word' id='word_1_340' title='bbox 1108 4453 1190 4506; x_wconf 88' lang='lat' dir='ltr'><strong>die</strong></span> <span class='ocrx_word' id='word_1_341' title='bbox 1216 4452 1444 4522; x_wconf 86' lang='lat' dir='ltr'><strong>septimo,</strong></span> <span class='ocrx_word' id='word_1_342' title='bbox 1475 4457 1522 4503; x_wconf 91' lang='lat' dir='ltr'><strong>et</strong></span> <span class='ocrx_word' id='word_1_343' title='bbox 1547 4447 1767 4501; x_wconf 88' lang='lat' dir='ltr'><strong>mundus</strong></span> <span class='ocrx_word' id='word_1_344' title='bbox 1791 4445 1904 4499; x_wconf 89' lang='lat' dir='ltr'><strong>erit.</strong></span> <span class='ocrx_word' id='word_1_345' title='bbox 1937 4444 2004 4498; x_wconf 88' lang='lat' dir='ltr'><strong>Et</strong></span> <span class='ocrx_word' id='word_1_346' title='bbox 2031 4443 2117 4498; x_wconf 91' lang='lat' dir='ltr'><strong>hic</strong></span> 
     </span>
    </p>
   </div>
   <div class='ocr_carea' id='block_1_48' title="bbox 535 4539 2115 4616">
    <p class='ocr_par' dir='ltr' id='par_1_48' title="bbox 535 4539 2115 4616">
     <span class='ocr_line' id='line_1_48' title="bbox 535 4539 2115 4616; baseline -0.013 -9"><span class='ocrx_word' id='word_1_347' title='bbox 535 4549 668 4607; x_wconf 77' lang='lat' dir='ltr'><strong>nihil</strong></span> <span class='ocrx_word' id='word_1_348' title='bbox 698 4548 840 4604; x_wconf 88' lang='lat' dir='ltr'><strong>aliud</strong></span> <span class='ocrx_word' id='word_1_349' title='bbox 869 4544 1266 4616; x_wconf 90' lang='lat' dir='ltr'><strong>intelligendum</strong></span> <span class='ocrx_word' id='word_1_350' title='bbox 1299 4542 1474 4606; x_wconf 86' lang='lat' dir='ltr'><strong>video,</strong></span> <span class='ocrx_word' id='word_1_351' title='bbox 1507 4539 1608 4595; x_wconf 90' lang='lat' dir='ltr'><strong>nisi</strong></span> <span class='ocrx_word' id='word_1_352' title='bbox 1637 4545 1939 4594; x_wconf 84' lang='lat' dir='ltr'><strong>contactum</strong></span> <span class='ocrx_word' id='word_1_353' title='bbox 1969 4549 2115 4590; x_wconf 80' lang='lat' dir='ltr'><strong>mor-</strong></span> 
     </span>
    </p>
   </div>
   <div class='ocr_carea' id='block_1_49' title="bbox 537 4628 2116 4706">
    <p class='ocr_par' dir='ltr' id='par_1_49' title="bbox 537 4628 2116 4706">
     <span class='ocr_line' id='line_1_49' title="bbox 537 4628 2116 4706; baseline -0.009 -9"><span class='ocrx_word' id='word_1_354' title='bbox 537 4643 632 4706; x_wconf 93' lang='lat' dir='ltr'><strong>tui,</strong></span> <span class='ocrx_word' id='word_1_355' title='bbox 678 4655 798 4697; x_wconf 87' lang='lat' dir='ltr'><strong>esse</strong></span> <span class='ocrx_word' id='word_1_356' title='bbox 824 4638 1056 4693; x_wconf 89' lang='lat' dir='ltr'><strong>hominis</strong></span> <span class='ocrx_word' id='word_1_357' title='bbox 1083 4636 1435 4706; x_wconf 88' lang='lat' dir='ltr'><strong>iniquitatem.</strong></span> <span class='ocrx_word' id='word_1_358' title='bbox 1486 4632 1700 4702; x_wconf 87' lang='lat' dir='ltr'><strong>Septem</strong></span> <span class='ocrx_word' id='word_1_359' title='bbox 1739 4645 1870 4684; x_wconf 88' lang='lat' dir='ltr'><strong>vero</strong></span> <span class='ocrx_word' id='word_1_360' title='bbox 1911 4628 2116 4684; x_wconf 89' lang='lat' dir='ltr'><strong>dierum</strong></span> 
     </span>
    </p>
   </div>
   <div class='ocr_carea' id='block_1_50' title="bbox 538 4722 2117 4800">
    <p class='ocr_par' dir='ltr' id='par_1_50' title="bbox 538 4722 2117 4800">
     <span class='ocr_line' id='line_1_50' title="bbox 538 4722 2117 4800; baseline -0.01 -11"><span class='ocrx_word' id='word_1_361' title='bbox 538 4731 930 4789; x_wconf 88' lang='lat' dir='ltr'><strong>immunditiam</strong></span> <span class='ocrx_word' id='word_1_362' title='bbox 958 4738 1176 4800; x_wconf 88' lang='lat' dir='ltr'><strong>propter</strong></span> <span class='ocrx_word' id='word_1_363' title='bbox 1197 4728 1425 4782; x_wconf 85' lang='lat' dir='ltr'><strong>animam</strong></span> <span class='ocrx_word' id='word_1_364' title='bbox 1455 4733 1510 4780; x_wconf 87' lang='lat' dir='ltr'><strong>et</strong></span> <span class='ocrx_word' id='word_1_365' title='bbox 1526 4738 1722 4794; x_wconf 89' lang='lat' dir='ltr'><strong>corpus</strong></span> <span class='ocrx_word' id='word_1_366' title='bbox 1747 4722 1941 4776; x_wconf 87' lang='lat' dir='ltr'><strong>dictam</strong></span> <span class='ocrx_word' id='word_1_367' title='bbox 1970 4729 2117 4790; x_wconf 90' lang='lat' dir='ltr'><strong>puto;</strong></span> 
     </span>
    </p>
   </div>
   <div class='ocr_carea' id='block_1_51' title="bbox 537 4810 2118 4887">
    <p class='ocr_par' dir='ltr' id='par_1_51' title="bbox 537 4810 2118 4887">
     <span class='ocr_line' id='line_1_51' title="bbox 537 4810 2118 4887; baseline -0.009 -7"><span class='ocrx_word' id='word_1_368' title='bbox 537 4828 769 4881; x_wconf 89' lang='lat' dir='ltr'><strong>animam</strong></span> <span class='ocrx_word' id='word_1_369' title='bbox 816 4822 870 4877; x_wconf 89' lang='lat' dir='ltr'><strong>in</strong></span> <span class='ocrx_word' id='word_1_370' title='bbox 916 4819 1170 4886; x_wconf 88' lang='lat' dir='ltr'><strong>ternario,</strong></span> <span class='ocrx_word' id='word_1_371' title='bbox 1223 4831 1417 4887; x_wconf 92' lang='lat' dir='ltr'><strong>corpus</strong></span> <span class='ocrx_word' id='word_1_372' title='bbox 1458 4815 1513 4870; x_wconf 91' lang='lat' dir='ltr'><strong>in</strong></span> <span class='ocrx_word' id='word_1_373' title='bbox 1560 4813 1919 4884; x_wconf 84' lang='lat' dir='ltr'><strong>quaternario.</strong></span> <span class='ocrx_word' id='word_1_374' title='bbox 1966 4810 2118 4880; x_wconf 82' lang='lat' dir='ltr'><strong>Quod</strong></span> 
     </span>
    </p>
   </div>
   <div class='ocr_carea' id='block_1_52' title="bbox 538 4901 2121 4988">
    <p class='ocr_par' dir='ltr' id='par_1_52' title="bbox 538 4901 2121 4988">
     <span class='ocr_line' id='line_1_52' title="bbox 538 4901 2121 4988; baseline -0.008 -17"><span class='ocrx_word' id='word_1_375' title='bbox 538 4931 702 4988; x_wconf 89' lang='lat' dir='ltr'><strong>quare</strong></span> <span class='ocrx_word' id='word_1_376' title='bbox 744 4915 814 4969; x_wconf 91' lang='lat' dir='ltr'><strong>ita</strong></span> <span class='ocrx_word' id='word_1_377' title='bbox 859 4912 949 4980; x_wconf 87' lang='lat' dir='ltr'><strong>sit,</strong></span> <span class='ocrx_word' id='word_1_378' title='bbox 997 4911 1211 4980; x_wconf 83' lang='lat' dir='ltr'><strong>longum</strong></span> <span class='ocrx_word' id='word_1_379' title='bbox 1243 4917 1324 4962; x_wconf 89' lang='lat' dir='ltr'><strong>est</strong></span> <span class='ocrx_word' id='word_1_380' title='bbox 1351 4907 1642 4978; x_wconf 86' lang='lat' dir='ltr'><strong>disputare.</strong></span> <span class='ocrx_word' id='word_1_381' title='bbox 1683 4902 1989 4959; x_wconf 90' lang='lat' dir='ltr'><strong>Secundum</strong></span> <span class='ocrx_word' id='word_1_382' title='bbox 2019 4901 2121 4958; x_wconf 90' lang='lat' dir='ltr'><strong>hoc</strong></span> 
     </span>
    </p>
   </div>
   <div class='ocr_carea' id='block_1_53' title="bbox 538 4997 2123 5073">
    <p class='ocr_par' dir='ltr' id='par_1_53' title="bbox 538 4997 2123 5073">
     <span class='ocr_line' id='line_1_53' title="bbox 538 4997 2123 5073; baseline -0.009 -10"><span class='ocrx_word' id='word_1_383' title='bbox 538 5007 768 5064; x_wconf 85' lang='lat' dir='ltr'><strong>arbitror</strong></span> <span class='ocrx_word' id='word_1_384' title='bbox 790 5005 991 5060; x_wconf 90' lang='lat' dir='ltr'><strong>dictum</strong></span> <span class='ocrx_word' id='word_1_385' title='bbox 1031 5017 1129 5073; x_wconf 86' lang='lat' dir='ltr'><strong>per</strong></span> <span class='ocrx_word' id='word_1_386' title='bbox 1156 4999 1490 5072; x_wconf 84' lang='lat' dir='ltr'><strong>prophetam,</strong></span> <span class='ocrx_word' id='word_1_387' title='bbox 1525 4997 1588 5052; x_wconf 92' lang='lat' dir='ltr'><strong>In</strong></span> <span class='ocrx_word' id='word_1_388' title='bbox 1629 4999 1786 5051; x_wconf 82' lang='lat' dir='ltr'><strong>tribus</strong></span> <span class='ocrx_word' id='word_1_389' title='bbox 1823 5005 1870 5052; x_wconf 90' lang='lat' dir='ltr'><strong>et</strong></span> <span class='ocrx_word' id='word_1_390' title='bbox 1906 5005 2123 5066; x_wconf 79' lang='lat' dir='ltr'><strong>quatuor</strong></span> 
     </span>
    </p>
   </div>
   <div class='ocr_carea' id='block_1_54' title="bbox 462 5085 2124 5170">
    <p class='ocr_par' dir='ltr' id='par_1_54' title="bbox 462 5085 2124 5170">
     <span class='ocr_line' id='line_1_54' title="bbox 462 5085 2124 5170; baseline -0.009 -15"><span class='ocrx_word' id='word_1_391' title='bbox 462 5090 486 5110; x_wconf 60' lang='grc'><strong><em>⁶</em></strong></span> <span class='ocrx_word' id='word_1_392' title='bbox 539 5097 876 5170; x_wconf 81' lang='lat' dir='ltr'><strong>impietatibus</strong></span> <span class='ocrx_word' id='word_1_393' title='bbox 914 5112 1014 5150; x_wconf 90' lang='lat' dir='ltr'><strong>non</strong></span> <span class='ocrx_word' id='word_1_394' title='bbox 1053 5091 1398 5147; x_wconf 79' lang='lat' dir='ltr'><strong>adversabor&#39;</strong></span> <span class='ocrx_word' id='word_1_395' title='bbox 1439 5088 1620 5161; x_wconf 79' lang='lat' dir='ltr'><strong>(Amos</strong></span> <span class='ocrx_word' id='word_1_396' title='bbox 1665 5102 1703 5150; x_wconf 81' lang='grc' dir='ltr'><strong>ι,</strong></span> <span class='ocrx_word' id='word_1_397' title='bbox 1751 5087 1840 5148; x_wconf 81' lang='lat'><strong>&#39;5).</strong></span> <span class='ocrx_word' id='word_1_398' title='bbox 1875 5085 2124 5154; x_wconf 74' lang='lat' dir='ltr'><strong>Adiungit</strong></span> 
     </span>
    </p>
   </div>
   <div class='ocr_carea' id='block_1_55' title="bbox 541 5175 2121 5259">
    <p class='ocr_par' dir='ltr' id='par_1_55' title="bbox 541 5175 2121 5259">
     <span class='ocr_line' id='line_1_55' title="bbox 541 5175 2121 5259; baseline -0.012 -11"><span class='ocrx_word' id='word_1_399' title='bbox 541 5199 740 5259; x_wconf 87' lang='lat' dir='ltr'><strong>autem,</strong></span> <span class='ocrx_word' id='word_1_400' title='bbox 767 5198 822 5246; x_wconf 86' lang='lat' dir='ltr'><strong>et</strong></span> <span class='ocrx_word' id='word_1_401' title='bbox 845 5187 991 5251; x_wconf 91' lang='lat' dir='ltr'><strong>dicit,</strong></span> <span class='ocrx_word' id='word_1_402' title='bbox 1024 5184 1084 5241; x_wconf 87' lang='lat' dir='ltr'><strong>Si</strong></span> <span class='ocrx_word' id='word_1_403' title='bbox 1107 5192 1274 5239; x_wconf 88' lang='lat' dir='ltr'><strong>autem</strong></span> <span class='ocrx_word' id='word_1_404' title='bbox 1302 5197 1402 5236; x_wconf 90' lang='lat' dir='ltr'><strong>non</strong></span> <span class='ocrx_word' id='word_1_405' title='bbox 1429 5179 1726 5250; x_wconf 73' lang='lat' dir='ltr'><strong>puriﬁeatus</strong></span> <span class='ocrx_word' id='word_1_406' title='bbox 1747 5177 1896 5240; x_wconf 69' lang='lat' dir='ltr'><strong>fuerit</strong></span> <span class='ocrx_word' id='word_1_407' title='bbox 1919 5175 2001 5230; x_wconf 81' lang='lat' dir='ltr'><strong>die</strong></span> <span class='ocrx_word' id='word_1_408' title='bbox 2019 5185 2121 5230; x_wconf 83' lang='lat' dir='ltr'><strong>ter-</strong></span> 
     </span>
    </p>
   </div>
   <div class='ocr_carea' id='block_1_56' title="bbox 540 5267 2126 5352">
    <p class='ocr_par' dir='ltr' id='par_1_56' title="bbox 540 5267 2126 5352">
     <span class='ocr_line' id='line_1_56' title="bbox 540 5267 2126 5352; baseline -0.012 -13"><span class='ocrx_word' id='word_1_409' title='bbox 540 5286 611 5339; x_wconf 87' lang='lat' dir='ltr'><strong>tio</strong></span> <span class='ocrx_word' id='word_1_410' title='bbox 641 5294 686 5338; x_wconf 92' lang='lat' dir='ltr'><strong>et</strong></span> <span class='ocrx_word' id='word_1_411' title='bbox 713 5283 795 5336; x_wconf 86' lang='lat' dir='ltr'><strong>die</strong></span> <span class='ocrx_word' id='word_1_412' title='bbox 816 5281 1047 5352; x_wconf 87' lang='lat' dir='ltr'><strong>septimo,</strong></span> <span class='ocrx_word' id='word_1_413' title='bbox 1074 5293 1176 5332; x_wconf 87' lang='lat' dir='ltr'><strong>non</strong></span> <span class='ocrx_word' id='word_1_414' title='bbox 1202 5274 1294 5329; x_wconf 87' lang='lat' dir='ltr'><strong>erit</strong></span> <span class='ocrx_word' id='word_1_415' title='bbox 1319 5271 1558 5326; x_wconf 88' lang='lat' dir='ltr'><strong>mundus.</strong></span> <span class='ocrx_word' id='word_1_416' title='bbox 1603 5267 1781 5322; x_wconf 85' lang='lat' dir='ltr'><strong>Omnis</strong></span> <span class='ocrx_word' id='word_1_417' title='bbox 1806 5269 1890 5338; x_wconf 90' lang='lat' dir='ltr'><strong>qui</strong></span> <span class='ocrx_word' id='word_1_418' title='bbox 1914 5268 2126 5337; x_wconf 71' lang='lat' dir='ltr'><strong>tetigerit</strong></span> 
     </span>
    </p>
   </div>
   <div class='ocr_carea' id='block_1_57' title="bbox 541 5357 2126 5431">
    <p class='ocr_par' dir='ltr' id='par_1_57' title="bbox 541 5357 2126 5431">
     <span class='ocr_line' id='line_1_57' title="bbox 541 5357 2126 5431; baseline -0.013 0"><span class='ocrx_word' id='word_1_419' title='bbox 541 5385 798 5431; x_wconf 85' lang='lat' dir='ltr'><strong>mortuum</strong></span> <span class='ocrx_word' id='word_1_420' title='bbox 822 5373 884 5426; x_wconf 75' lang='lat' dir='ltr'><strong>ab</strong></span> <span class='ocrx_word' id='word_1_421' title='bbox 909 5371 1046 5426; x_wconf 89' lang='lat' dir='ltr'><strong>omni</strong></span> <span class='ocrx_word' id='word_1_422' title='bbox 1073 5369 1246 5423; x_wconf 87' lang='lat' dir='ltr'><strong>anima</strong></span> <span class='ocrx_word' id='word_1_423' title='bbox 1285 5362 1520 5428; x_wconf 83' lang='lat' dir='ltr'><strong>hominis,</strong></span> <span class='ocrx_word' id='word_1_424' title='bbox 1560 5370 1610 5416; x_wconf 89' lang='lat' dir='ltr'><strong>et</strong></span> <span class='ocrx_word' id='word_1_425' title='bbox 1635 5368 1862 5414; x_wconf 85' lang='lat' dir='ltr'><strong>mortuus</strong></span> <span class='ocrx_word' id='word_1_426' title='bbox 1885 5357 2052 5427; x_wconf 63' lang='lat' dir='ltr'><strong>luerit,</strong></span> <span class='ocrx_word' id='word_1_427' title='bbox 2080 5366 2126 5412; x_wconf 86' lang='lat' dir='ltr'><strong>et</strong></span> 
     </span>
    </p>
   </div>
   <div class='ocr_carea' id='block_1_58' title="bbox 545 5448 2128 5538">
    <p class='ocr_par' dir='ltr' id='par_1_58' title="bbox 545 5448 2128 5538">
     <span class='ocr_line' id='line_1_58' title="bbox 545 5448 2128 5538; baseline -0.013 -14"><span class='ocrx_word' id='word_1_428' title='bbox 545 5485 647 5524; x_wconf 85' lang='lat' dir='ltr'><strong>non</strong></span> <span class='ocrx_word' id='word_1_429' title='bbox 673 5465 822 5538; x_wconf 75' lang='lat' dir='ltr'><strong>fuerit</strong></span> <span class='ocrx_word' id='word_1_430' title='bbox 848 5463 1188 5535; x_wconf 79' lang='lat' dir='ltr'><strong>puriﬁcatus;</strong></span> <span class='ocrx_word' id='word_1_431' title='bbox 1218 5456 1272 5514; x_wconf 89' lang='lat' dir='ltr'><strong>id</strong></span> <span class='ocrx_word' id='word_1_432' title='bbox 1301 5462 1384 5512; x_wconf 87' lang='lat' dir='ltr'><strong>est</strong></span> <span class='ocrx_word' id='word_1_433' title='bbox 1407 5461 1531 5509; x_wconf 72' lang='lat' dir='ltr'><strong>ante</strong></span> <span class='ocrx_word' id='word_1_434' title='bbox 1551 5457 1792 5507; x_wconf 83' lang='lat' dir='ltr'><strong>mortuus</strong></span> <span class='ocrx_word' id='word_1_435' title='bbox 1807 5448 1964 5504; x_wconf 84' lang='lat' dir='ltr'><strong>luerit</strong></span> <span class='ocrx_word' id='word_1_436' title='bbox 1986 5457 2128 5503; x_wconf 84' lang='lat' dir='ltr'><strong>tacto</strong></span> 
     </span>
    </p>
   </div>
   <div class='ocr_carea' id='block_1_59' title="bbox 607 5563 2132 5629">
    <p class='ocr_par' dir='ltr' id='par_1_59' title="bbox 607 5563 2132 5629">
     <span class='ocr_line' id='line_1_59' title="bbox 607 5563 2132 5629; baseline -0.011 1"><span class='ocrx_word' id='word_1_437' title='bbox 607 5583 624 5613; x_wconf 75' lang='grc' dir='ltr'>ί</span> <span class='ocrx_word' id='word_1_438' title='bbox 650 5585 756 5629; x_wconf 74' lang='lat' dir='ltr'><strong>uss.</strong></span> <span class='ocrx_word' id='word_1_439' title='bbox 783 5574 1086 5627; x_wconf 84' lang='lat' dir='ltr'><strong>Mlehaeliuus</strong></span> <span class='ocrx_word' id='word_1_440' title='bbox 1104 5580 1155 5623; x_wconf 86' lang='lat' dir='ltr'><strong>et</strong></span> <span class='ocrx_word' id='word_1_441' title='bbox 1177 5569 1448 5627; x_wconf 83' lang='lat' dir='ltr'><strong>Beecensis,</strong></span> <span class='ocrx_word' id='word_1_442' title='bbox 1472 5579 1558 5617; x_wconf 89' lang='lat' dir='ltr'><strong>nec</strong></span> <span class='ocrx_word' id='word_1_443' title='bbox 1582 5563 1759 5618; x_wconf 74' lang='lat' dir='ltr'><strong>uisibile</strong></span> <span class='ocrx_word' id='word_1_444' title='bbox 1781 5566 2132 5613; x_wconf 66' lang='lat' dir='ltr'><strong>sacramentum</strong></span> 
     </span>
    </p>
   </div>
   <div class='ocr_carea' id='block_1_60' title="bbox 543 5629 1964 5702">
    <p class='ocr_par' dir='ltr' id='par_1_60' title="bbox 543 5629 1964 5702">
     <span class='ocr_line' id='line_1_60' title="bbox 543 5629 1964 5702; baseline -0.014 -8"><span class='ocrx_word' id='word_1_445' title='bbox 543 5636 779 5700; x_wconf 66' lang='lat' dir='ltr'><strong>rantemni</strong></span> <span class='ocrx_word' id='word_1_446' title='bbox 799 5637 948 5702; x_wconf 82' lang='lat' dir='ltr'><strong>potuit</strong></span> <span class='ocrx_word' id='word_1_447' title='bbox 969 5635 1193 5702; x_wconf 63' lang='lat' dir='ltr'><strong>colatum,</strong></span> <span class='ocrx_word' id='word_1_448' title='bbox 1221 5634 1334 5698; x_wconf 88' lang='lat' dir='ltr'><strong>quin</strong></span> <span class='ocrx_word' id='word_1_449' title='bbox 1356 5631 1501 5684; x_wconf 87' lang='lat' dir='ltr'><strong>etiam</strong></span> <span class='ocrx_word' id='word_1_450' title='bbox 1527 5629 1842 5702; x_wconf 66' lang='lat' dir='ltr'><strong>extrinsecus,</strong></span> <span class='ocrx_word' id='word_1_451' title='bbox 1856 5632 1964 5702; x_wconf 59' lang='lat' dir='ltr'><strong>etc.</strong></span> 
     </span>
    </p>
   </div>
   <div class='ocr_carea' id='block_1_61' title="bbox 546 5691 2132 5825">
    <p class='ocr_par' dir='ltr' id='par_1_61' title="bbox 546 5691 2132 5825">
     <span class='ocr_line' id='line_1_61' title="bbox 549 5691 2132 5760; baseline -0.007 -11"><span class='ocrx_word' id='word_1_452' title='bbox 609 5691 1119 5760; x_wconf 12' lang='lat' dir='ltr'><strong>irt-‘diti,&#39;adversabor.</strong></span> <span class='ocrx_word' id='word_1_453' title='bbox 1145 5691 1200 5748; x_wconf 64' lang='grc' dir='ltr'><strong>Αἱ</strong></span> <span class='ocrx_word' id='word_1_454' title='bbox 1218 5691 1347 5757; x_wconf 64' lang='lat' dir='ltr'><strong>aliis,</strong></span> <span class='ocrx_word' id='word_1_455' title='bbox 1370 5691 1622 5746; x_wconf 82' lang='lat' dir='ltr'><strong>aversabor</strong></span> <span class='ocrx_word' id='word_1_456' title='bbox 1651 5691 1826 5756; x_wconf 80' lang='lat' dir='ltr'><strong>:juxta</strong></span> <span class='ocrx_word' id='word_1_457' title='bbox 1856 5693 1987 5748; x_wconf 72' lang='lat' dir='ltr'><strong>LXX,</strong></span> <span class='ocrx_word' id='word_1_458' title='bbox 2015 5697 2132 5750; x_wconf 79' lang='lat' dir='ltr'><strong>apo-</strong></span> 
     </span>
     <span class='ocr_line' id='line_1_62' title="bbox 546 5761 904 5825; baseline -0.014 -6"><span class='ocrx_word' id='word_1_459' title='bbox 546 5761 904 5825; x_wconf 64' lang='lat' dir='ltr'><strong>alterum</strong></span> 
     </span>
    </p>
   </div>
   <div class='ocr_carea' id='block_1_62' title="bbox 1343 305 3772 387">
    <p class='ocr_par' dir='ltr' id='par_1_62' title="bbox 1343 305 3772 387">
     <span class='ocr_line' id='line_1_63' title="bbox 1343 305 3772 387; baseline 0.001 -13"><span class='ocrx_word' id='word_1_460' title='bbox 1343 309 1807 387; x_wconf 66' lang='lat' dir='ltr'><strong>QUIESTIONUM</strong></span> <span class='ocrx_word' id='word_1_461' title='bbox 1842 309 1900 368; x_wconf 92' lang='lat' dir='ltr'><strong>S.</strong></span> <span class='ocrx_word' id='word_1_462' title='bbox 1940 305 2304 366; x_wconf 83' lang='lat' dir='ltr'><strong>AUGUSTINI</strong></span> <span class='ocrx_word' id='word_1_463' title='bbox 2339 309 2406 368; x_wconf 87' lang='lat' dir='ltr'><strong>IN</strong></span> <span class='ocrx_word' id='word_1_464' title='bbox 2443 312 2994 374; x_wconf 81' lang='lat' dir='ltr'><strong>HEPTATEUCHUM</strong></span> <span class='ocrx_word' id='word_1_465' title='bbox 3695 318 3772 376; x_wconf 71' lang='lat'><strong>736</strong></span> 
     </span>
    </p>
   </div>
   <div class='ocr_carea' id='block_1_63' title="bbox 2191 428 3769 501">
    <p class='ocr_par' dir='ltr' id='par_1_63' title="bbox 2191 428 3769 501">
     <span class='ocr_line' id='line_1_64' title="bbox 2191 428 3769 501; baseline 0.006 -22"><span class='ocrx_word' id='word_1_466' title='bbox 2191 432 2420 493; x_wconf 87' lang='lat' dir='ltr'><strong>mortuo,</strong></span> <span class='ocrx_word' id='word_1_467' title='bbox 2468 443 2625 498; x_wconf 88' lang='lat' dir='ltr'><strong>quam</strong></span> <span class='ocrx_word' id='word_1_468' title='bbox 2667 428 2823 484; x_wconf 83' lang='lat' dir='ltr'><strong>fuerit</strong></span> <span class='ocrx_word' id='word_1_469' title='bbox 2870 429 3223 501; x_wconf 87' lang='lat' dir='ltr'><strong>puriﬁcatus;</strong></span> <span class='ocrx_word' id='word_1_470' title='bbox 3261 428 3658 486; x_wconf 77' lang='lat' dir='ltr'><strong>tabernaculum</strong></span> <span class='ocrx_word' id='word_1_471' title='bbox 3683 431 3769 489; x_wconf 83' lang='lat' dir='ltr'><strong>Do-</strong></span> 
     </span>
    </p>
   </div>
   <div class='ocr_carea' id='block_1_64' title="bbox 2189 506 3765 588">
    <p class='ocr_par' dir='ltr' id='par_1_64' title="bbox 2189 506 3765 588">
     <span class='ocr_line' id='line_1_65' title="bbox 2189 506 3765 588; baseline 0.007 -18"><span class='ocrx_word' id='word_1_472' title='bbox 2189 518 2315 571; x_wconf 89' lang='lat' dir='ltr'><strong>mini</strong></span> <span class='ocrx_word' id='word_1_473' title='bbox 2355 519 2574 588; x_wconf 88' lang='lat' dir='ltr'><strong>polluit:</strong></span> <span class='ocrx_word' id='word_1_474' title='bbox 2617 531 2859 576; x_wconf 74' lang='lat' dir='ltr'><strong>exteretur</strong></span> <span class='ocrx_word' id='word_1_475' title='bbox 2885 524 2901 554; x_wconf 87' lang='grc'>¹</span> <span class='ocrx_word' id='word_1_476' title='bbox 2929 524 3097 578; x_wconf 88' lang='lat' dir='ltr'><strong>anima</strong></span> <span class='ocrx_word' id='word_1_477' title='bbox 3121 524 3220 578; x_wconf 84' lang='lat' dir='ltr'><strong>illa</strong></span> <span class='ocrx_word' id='word_1_478' title='bbox 3258 506 3332 579; x_wconf 62' lang='lat' dir='ltr'><strong>eat</strong></span> <span class='ocrx_word' id='word_1_479' title='bbox 3369 523 3571 579; x_wconf 80' lang='lat' dir='ltr'><strong>Israel.</strong></span> <span class='ocrx_word' id='word_1_480' title='bbox 3598 524 3765 582; x_wconf 79' lang='lat' dir='ltr'><strong>Nolan-</strong></span> 
     </span>
    </p>
   </div>
   <div class='ocr_carea' id='block_1_65' title="bbox 2191 609 3767 685">
    <p class='ocr_par' dir='ltr' id='par_1_65' title="bbox 2191 609 3767 685">
     <span class='ocr_line' id='line_1_66' title="bbox 2191 609 3767 685; baseline 0.007 -22"><span class='ocrx_word' id='word_1_481' title='bbox 2191 609 2315 664; x_wconf 92' lang='lat' dir='ltr'><strong>dum</strong></span> <span class='ocrx_word' id='word_1_482' title='bbox 2345 620 2426 666; x_wconf 91' lang='lat' dir='ltr'><strong>est</strong></span> <span class='ocrx_word' id='word_1_483' title='bbox 2468 613 2607 680; x_wconf 89' lang='lat' dir='ltr'><strong>quod</strong></span> <span class='ocrx_word' id='word_1_484' title='bbox 2649 613 2954 670; x_wconf 81' lang='lat' dir='ltr'><strong>difﬁcillime</strong></span> <span class='ocrx_word' id='word_1_485' title='bbox 2983 617 3257 685; x_wconf 88' lang='lat' dir='ltr'><strong>reperitur</strong></span> <span class='ocrx_word' id='word_1_486' title='bbox 3302 616 3364 670; x_wconf 89' lang='lat' dir='ltr'><strong>in</strong></span> <span class='ocrx_word' id='word_1_487' title='bbox 3393 615 3483 669; x_wconf 88' lang='lat' dir='ltr'><strong>his</strong></span> <span class='ocrx_word' id='word_1_488' title='bbox 3515 615 3660 672; x_wconf 89' lang='lat' dir='ltr'><strong>libris</strong></span> <span class='ocrx_word' id='word_1_489' title='bbox 3695 621 3767 675; x_wconf 83' lang='lat' dir='ltr'><strong>ali-</strong></span> 
     </span>
    </p>
   </div>
   <div class='ocr_carea' id='block_1_66' title="bbox 2192 700 3766 778">
    <p class='ocr_par' dir='ltr' id='par_1_66' title="bbox 2192 700 3766 778">
     <span class='ocr_line' id='line_1_67' title="bbox 2192 700 3766 778; baseline 0.009 -27"><span class='ocrx_word' id='word_1_490' title='bbox 2192 700 2316 769; x_wconf 72' lang='lat' dir='ltr'><strong>quiil</strong></span> <span class='ocrx_word' id='word_1_491' title='bbox 2359 701 2653 757; x_wconf 85' lang='lat' dir='ltr'><strong>evidentius</strong></span> <span class='ocrx_word' id='word_1_492' title='bbox 2697 703 2765 759; x_wconf 91' lang='lat' dir='ltr'><strong>de</strong></span> <span class='ocrx_word' id='word_1_493' title='bbox 2805 706 2909 759; x_wconf 90' lang='lat' dir='ltr'><strong>vita</strong></span> <span class='ocrx_word' id='word_1_494' title='bbox 2954 706 3144 760; x_wconf 65' lang='lat' dir='ltr'><strong>animae</strong></span> <span class='ocrx_word' id='word_1_495' title='bbox 3172 716 3309 778; x_wconf 88' lang='lat' dir='ltr'><strong>post</strong></span> <span class='ocrx_word' id='word_1_496' title='bbox 3350 718 3590 763; x_wconf 89' lang='lat' dir='ltr'><strong>mortem</strong></span> <span class='ocrx_word' id='word_1_497' title='bbox 3633 709 3766 767; x_wconf 81' lang='lat' dir='ltr'><strong>fuisse</strong></span> 
     </span>
    </p>
   </div>
   <div class='ocr_carea' id='block_1_67' title="bbox 2191 795 3770 868">
    <p class='ocr_par' dir='ltr' id='par_1_67' title="bbox 2191 795 3770 868">
     <span class='ocr_line' id='line_1_68' title="bbox 2191 795 3770 868; baseline 0.008 -21"><span class='ocrx_word' id='word_1_498' title='bbox 2191 795 2571 865; x_wconf 89' lang='lat' dir='ltr'><strong>conscriptum.</strong></span> <span class='ocrx_word' id='word_1_499' title='bbox 2619 797 2715 852; x_wconf 84' lang='lat' dir='ltr'><strong>Hic</strong></span> <span class='ocrx_word' id='word_1_500' title='bbox 2741 813 2869 868; x_wconf 87' lang='lat' dir='ltr'><strong>ergo</strong></span> <span class='ocrx_word' id='word_1_501' title='bbox 2910 813 3031 853; x_wconf 91' lang='lat' dir='ltr'><strong>eum</strong></span> <span class='ocrx_word' id='word_1_502' title='bbox 3060 798 3212 866; x_wconf 90' lang='lat' dir='ltr'><strong>dicit,</strong></span> <span class='ocrx_word' id='word_1_503' title='bbox 3245 800 3299 855; x_wconf 91' lang='lat' dir='ltr'><strong>si</strong></span> <span class='ocrx_word' id='word_1_504' title='bbox 3349 799 3521 854; x_wconf 79' lang='lat' dir='ltr'><strong>fuerit</strong></span> <span class='ocrx_word' id='word_1_505' title='bbox 3564 811 3770 860; x_wconf 88' lang='lat' dir='ltr'><strong>mortuus</strong></span> 
     </span>
    </p>
   </div>
   <div class='ocr_carea' id='block_1_68' title="bbox 2192 891 3774 962">
    <p class='ocr_par' dir='ltr' id='par_1_68' title="bbox 2192 891 3774 962">
     <span class='ocr_line' id='line_1_69' title="bbox 2192 891 3774 962; baseline 0.006 -20"><span class='ocrx_word' id='word_1_506' title='bbox 2192 897 2314 944; x_wconf 90' lang='lat' dir='ltr'><strong>ante</strong></span> <span class='ocrx_word' id='word_1_507' title='bbox 2342 891 2780 958; x_wconf 88' lang='lat' dir='ltr'><strong>purilicationem,</strong></span> <span class='ocrx_word' id='word_1_508' title='bbox 2811 907 3027 948; x_wconf 89' lang='lat' dir='ltr'><strong>manere</strong></span> <span class='ocrx_word' id='word_1_509' title='bbox 3055 893 3107 948; x_wconf 94' lang='lat' dir='ltr'><strong>in</strong></span> <span class='ocrx_word' id='word_1_510' title='bbox 3148 894 3247 949; x_wconf 92' lang='lat' dir='ltr'><strong>illo</strong></span> <span class='ocrx_word' id='word_1_511' title='bbox 3277 893 3698 962; x_wconf 85' lang='lat' dir='ltr'><strong>immunditiam,</strong></span> <span class='ocrx_word' id='word_1_512' title='bbox 3732 909 3774 952; x_wconf 86' lang='lat' dir='ltr'><strong>et</strong></span> 
     </span>
    </p>
   </div>
   <div class='ocr_carea' id='block_1_69' title="bbox 2193 984 3774 1058">
    <p class='ocr_par' dir='ltr' id='par_1_69' title="bbox 2193 984 3774 1058">
     <span class='ocr_line' id='line_1_70' title="bbox 2193 984 3774 1058; baseline 0.003 -21"><span class='ocrx_word' id='word_1_513' title='bbox 2193 984 2358 1038; x_wconf 79' lang='lat' dir='ltr'><strong>exteri</strong></span> <span class='ocrx_word' id='word_1_514' title='bbox 2390 985 2617 1039; x_wconf 87' lang='lat' dir='ltr'><strong>animam</strong></span> <span class='ocrx_word' id='word_1_515' title='bbox 2646 985 2786 1040; x_wconf 90' lang='lat' dir='ltr'><strong>illam</strong></span> <span class='ocrx_word' id='word_1_516' title='bbox 2813 1001 2879 1041; x_wconf 89' lang='lat' dir='ltr'><strong>ex</strong></span> <span class='ocrx_word' id='word_1_517' title='bbox 2915 985 3096 1051; x_wconf 89' lang='lat' dir='ltr'><strong>lsrael,</strong></span> <span class='ocrx_word' id='word_1_518' title='bbox 3139 987 3191 1042; x_wconf 92' lang='lat' dir='ltr'><strong>id</strong></span> <span class='ocrx_word' id='word_1_519' title='bbox 3225 995 3320 1042; x_wconf 86' lang='lat' dir='ltr'><strong>est</strong></span> <span class='ocrx_word' id='word_1_520' title='bbox 3346 1003 3378 1040; x_wconf 89' lang='lat' dir='ltr'><strong>a</strong></span> <span class='ocrx_word' id='word_1_521' title='bbox 3409 989 3682 1042; x_wconf 88' lang='lat' dir='ltr'><strong>consortio</strong></span> <span class='ocrx_word' id='word_1_522' title='bbox 3703 1006 3774 1058; x_wconf 89' lang='lat' dir='ltr'><strong>po-</strong></span> 
     </span>
    </p>
   </div>
   <div class='ocr_carea' id='block_1_70' title="bbox 2193 1076 3776 1150">
    <p class='ocr_par' dir='ltr' id='par_1_70' title="bbox 2193 1076 3776 1150">
     <span class='ocr_line' id='line_1_71' title="bbox 2193 1076 3776 1150; baseline 0.004 -21"><span class='ocrx_word' id='word_1_523' title='bbox 2193 1076 2301 1146; x_wconf 90' lang='lat' dir='ltr'><strong>puli</strong></span> <span class='ocrx_word' id='word_1_524' title='bbox 2346 1076 2474 1141; x_wconf 88' lang='lat' dir='ltr'><strong>Dei;</strong></span> <span class='ocrx_word' id='word_1_525' title='bbox 2507 1076 2632 1148; x_wconf 90' lang='lat' dir='ltr'><strong>quid</strong></span> <span class='ocrx_word' id='word_1_526' title='bbox 2661 1077 2803 1132; x_wconf 89' lang='lat' dir='ltr'><strong>aliud</strong></span> <span class='ocrx_word' id='word_1_527' title='bbox 2847 1079 2959 1134; x_wconf 89' lang='lat' dir='ltr'><strong>vult</strong></span> <span class='ocrx_word' id='word_1_528' title='bbox 2993 1078 3239 1150; x_wconf 86' lang='lat' dir='ltr'><strong>intelligi,</strong></span> <span class='ocrx_word' id='word_1_529' title='bbox 3291 1079 3403 1135; x_wconf 91' lang='lat' dir='ltr'><strong>nisi</strong></span> <span class='ocrx_word' id='word_1_530' title='bbox 3437 1095 3658 1134; x_wconf 89' lang='lat' dir='ltr'><strong>manere</strong></span> <span class='ocrx_word' id='word_1_531' title='bbox 3683 1081 3776 1135; x_wconf 83' lang='lat' dir='ltr'><strong>ani-</strong></span> 
     </span>
    </p>
   </div>
   <div class='ocr_carea' id='block_1_71' title="bbox 2197 1169 3777 1239">
    <p class='ocr_par' dir='ltr' id='par_1_71' title="bbox 2197 1169 3777 1239">
     <span class='ocr_line' id='line_1_72' title="bbox 2197 1169 3777 1239; baseline 0.003 -17"><span class='ocrx_word' id='word_1_532' title='bbox 2197 1182 2296 1222; x_wconf 73' lang='lat' dir='ltr'><strong>mrc</strong></span> <span class='ocrx_word' id='word_1_533' title='bbox 2322 1182 2554 1237; x_wconf 75' lang='lat' dir='ltr'><strong>pcenam,</strong></span> <span class='ocrx_word' id='word_1_534' title='bbox 2584 1169 2743 1224; x_wconf 87' lang='lat' dir='ltr'><strong>etiam</strong></span> <span class='ocrx_word' id='word_1_535' title='bbox 2773 1178 2892 1239; x_wconf 90' lang='lat' dir='ltr'><strong>post</strong></span> <span class='ocrx_word' id='word_1_536' title='bbox 2931 1177 3180 1237; x_wconf 85' lang='lat' dir='ltr'><strong>mortem,</strong></span> <span class='ocrx_word' id='word_1_537' title='bbox 3207 1169 3261 1225; x_wconf 90' lang='lat' dir='ltr'><strong>si</strong></span> <span class='ocrx_word' id='word_1_538' title='bbox 3304 1185 3440 1225; x_wconf 91' lang='lat' dir='ltr'><strong>cum</strong></span> <span class='ocrx_word' id='word_1_539' title='bbox 3470 1169 3622 1236; x_wconf 87' lang='lat' dir='ltr'><strong>vivit,</strong></span> <span class='ocrx_word' id='word_1_540' title='bbox 3649 1186 3777 1226; x_wconf 87' lang='lat' dir='ltr'><strong>mun-</strong></span> 
     </span>
    </p>
   </div>
   <div class='ocr_carea' id='block_1_72' title="bbox 2196 1257 3778 1332">
    <p class='ocr_par' dir='ltr' id='par_1_72' title="bbox 2196 1257 3778 1332">
     <span class='ocr_line' id='line_1_73' title="bbox 2196 1257 3778 1332; baseline 0.002 -20"><span class='ocrx_word' id='word_1_541' title='bbox 2196 1257 2315 1312; x_wconf 89' lang='lat' dir='ltr'><strong>data</strong></span> <span class='ocrx_word' id='word_1_542' title='bbox 2335 1273 2439 1313; x_wconf 92' lang='lat' dir='ltr'><strong>non</strong></span> <span class='ocrx_word' id='word_1_543' title='bbox 2462 1259 2620 1314; x_wconf 74' lang='lat' dir='ltr'><strong>{inerit</strong></span> <span class='ocrx_word' id='word_1_544' title='bbox 2641 1269 2974 1315; x_wconf 87' lang='lat' dir='ltr'><strong>sacramento</strong></span> <span class='ocrx_word' id='word_1_545' title='bbox 2995 1261 3114 1326; x_wconf 88' lang='lat' dir='ltr'><strong>isto,</strong></span> <span class='ocrx_word' id='word_1_546' title='bbox 3141 1276 3253 1332; x_wconf 88' lang='lat' dir='ltr'><strong>quo</strong></span> <span class='ocrx_word' id='word_1_547' title='bbox 3275 1259 3493 1317; x_wconf 84' lang='lat' dir='ltr'><strong>Christi</strong></span> <span class='ocrx_word' id='word_1_548' title='bbox 3517 1261 3778 1332; x_wconf 72' lang='lat' dir='ltr'><strong>baptismm</strong></span> 
     </span>
    </p>
   </div>
   <div class='ocr_carea' id='block_1_73' title="bbox 2198 1353 3780 1425">
    <p class='ocr_par' dir='ltr' id='par_1_73' title="bbox 2198 1353 3780 1425">
     <span class='ocr_line' id='line_1_74' title="bbox 2198 1353 3780 1425; baseline 0.001 -19"><span class='ocrx_word' id='word_1_549' title='bbox 2198 1354 2483 1423; x_wconf 88' lang='lat' dir='ltr'><strong>ﬁguratur?</strong></span> <span class='ocrx_word' id='word_1_550' title='bbox 2513 1353 2765 1419; x_wconf 86' lang='lat' dir='ltr'><strong>Quoniam</strong></span> <span class='ocrx_word' id='word_1_551' title='bbox 2789 1370 2921 1425; x_wconf 88' lang='lat' dir='ltr'><strong>aqua</strong></span> <span class='ocrx_word' id='word_1_552' title='bbox 2963 1355 3298 1424; x_wconf 86' lang='lat' dir='ltr'><strong>aspersionis,</strong></span> <span class='ocrx_word' id='word_1_553' title='bbox 3351 1353 3558 1424; x_wconf 86' lang='lat' dir='ltr'><strong>inquit,</strong></span> <span class='ocrx_word' id='word_1_554' title='bbox 3605 1371 3697 1407; x_wconf 90' lang='lat' dir='ltr'><strong>non</strong></span> <span class='ocrx_word' id='word_1_555' title='bbox 3724 1365 3780 1408; x_wconf 80' lang='lat' dir='ltr'><strong>est</strong></span> 
     </span>
    </p>
   </div>
   <div class='ocr_carea' id='block_1_74' title="bbox 2198 1445 3783 1518">
    <p class='ocr_par' dir='ltr' id='par_1_74' title="bbox 2198 1445 3783 1518">
     <span class='ocr_line' id='line_1_75' title="bbox 2198 1445 3783 1518; baseline -0.001 -18"><span class='ocrx_word' id='word_1_556' title='bbox 2198 1447 2592 1517; x_wconf 87' lang='lat' dir='ltr'><strong>circumaspersa</strong></span> <span class='ocrx_word' id='word_1_557' title='bbox 2615 1464 2768 1518; x_wconf 82' lang='lat' dir='ltr'><strong>super</strong></span> <span class='ocrx_word' id='word_1_558' title='bbox 2785 1463 2919 1512; x_wconf 88' lang='lat' dir='ltr'><strong>eum,</strong></span> <span class='ocrx_word' id='word_1_559' title='bbox 2941 1446 3232 1500; x_wconf 86' lang='lat' dir='ltr'><strong>immundus</strong></span> <span class='ocrx_word' id='word_1_560' title='bbox 3248 1453 3332 1501; x_wconf 86' lang='lat' dir='ltr'><strong>est</strong></span> <span class='ocrx_word' id='word_1_561' title='bbox 3351 1461 3375 1509; x_wconf 89' lang='lat'><strong>;</strong></span> <span class='ocrx_word' id='word_1_562' title='bbox 3399 1445 3575 1499; x_wconf 79' lang='lat' dir='ltr'><strong>adhuc</strong></span> <span class='ocrx_word' id='word_1_563' title='bbox 3594 1445 3783 1499; x_wconf 84' lang='lat' dir='ltr'><strong>immun-</strong></span> 
     </span>
    </p>
   </div>
   <div class='ocr_carea' id='block_1_75' title="bbox 2201 1537 3785 1609">
    <p class='ocr_par' dir='ltr' id='par_1_75' title="bbox 2201 1537 3785 1609">
     <span class='ocr_line' id='line_1_76' title="bbox 2201 1537 3785 1609; baseline -0.001 -18"><span class='ocrx_word' id='word_1_564' title='bbox 2201 1539 2323 1592; x_wconf 86' lang='lat' dir='ltr'><strong>ditia</strong></span> <span class='ocrx_word' id='word_1_565' title='bbox 2349 1540 2457 1609; x_wconf 85' lang='lat' dir='ltr'><strong>ejus</strong></span> <span class='ocrx_word' id='word_1_566' title='bbox 2481 1540 2532 1592; x_wconf 89' lang='lat' dir='ltr'><strong>in</strong></span> <span class='ocrx_word' id='word_1_567' title='bbox 2570 1539 2680 1607; x_wconf 86' lang='lat' dir='ltr'><strong>ipso</strong></span> <span class='ocrx_word' id='word_1_568' title='bbox 2704 1547 2794 1592; x_wconf 90' lang='lat' dir='ltr'><strong>est.</strong></span> <span class='ocrx_word' id='word_1_569' title='bbox 2844 1538 3039 1603; x_wconf 79' lang='lat' dir='ltr'><strong>Adhuc,</strong></span> <span class='ocrx_word' id='word_1_570' title='bbox 3073 1537 3289 1593; x_wconf 87' lang='lat' dir='ltr'><strong>scilicet</strong></span> <span class='ocrx_word' id='word_1_571' title='bbox 3317 1538 3493 1593; x_wconf 85' lang='lat' dir='ltr'><strong>etiam</strong></span> <span class='ocrx_word' id='word_1_572' title='bbox 3523 1545 3642 1608; x_wconf 88' lang='lat' dir='ltr'><strong>post</strong></span> <span class='ocrx_word' id='word_1_573' title='bbox 3666 1551 3785 1590; x_wconf 56' lang='lat' dir='ltr'><strong>mor.</strong></span> 
     </span>
    </p>
   </div>
   <div class='ocr_carea' id='block_1_76' title="bbox 2203 1628 3786 1701">
    <p class='ocr_par' dir='ltr' id='par_1_76' title="bbox 2203 1628 3786 1701">
     <span class='ocr_line' id='line_1_77' title="bbox 2203 1628 3786 1701; baseline -0.003 -16"><span class='ocrx_word' id='word_1_574' title='bbox 2203 1641 2328 1686; x_wconf 90' lang='lat' dir='ltr'><strong>tem.</strong></span> <span class='ocrx_word' id='word_1_575' title='bbox 2381 1631 2531 1700; x_wconf 86' lang='lat' dir='ltr'><strong>Quod</strong></span> <span class='ocrx_word' id='word_1_576' title='bbox 2573 1647 2698 1686; x_wconf 83' lang='lat' dir='ltr'><strong>vero</strong></span> <span class='ocrx_word' id='word_1_577' title='bbox 2736 1645 2894 1701; x_wconf 88' lang='lat' dir='ltr'><strong>supra</strong></span> <span class='ocrx_word' id='word_1_578' title='bbox 2936 1631 3086 1694; x_wconf 85' lang='lat' dir='ltr'><strong>dixit,</strong></span> <span class='ocrx_word' id='word_1_579' title='bbox 3132 1629 3569 1685; x_wconf 81' lang='lat' dir='ltr'><strong>Tabernaculum</strong></span> <span class='ocrx_word' id='word_1_580' title='bbox 3611 1628 3786 1683; x_wconf 80' lang='lat' dir='ltr'><strong>Domini</strong></span> 
     </span>
    </p>
   </div>
   <div class='ocr_carea' id='block_1_77' title="bbox 2203 1720 3784 1792">
    <p class='ocr_par' dir='ltr' id='par_1_77' title="bbox 2203 1720 3784 1792">
     <span class='ocr_line' id='line_1_78' title="bbox 2203 1720 3784 1792; baseline -0.001 -17"><span class='ocrx_word' id='word_1_581' title='bbox 2203 1721 2403 1792; x_wconf 87' lang='lat' dir='ltr'><strong>polluit,</strong></span> <span class='ocrx_word' id='word_1_582' title='bbox 2435 1732 2688 1792; x_wconf 89' lang='lat' dir='ltr'><strong>quantum</strong></span> <span class='ocrx_word' id='word_1_583' title='bbox 2714 1723 2768 1775; x_wconf 92' lang='lat' dir='ltr'><strong>in</strong></span> <span class='ocrx_word' id='word_1_584' title='bbox 2796 1722 2910 1791; x_wconf 90' lang='lat' dir='ltr'><strong>ipso</strong></span> <span class='ocrx_word' id='word_1_585' title='bbox 2930 1730 3011 1776; x_wconf 84' lang='lat' dir='ltr'><strong>est</strong></span> <span class='ocrx_word' id='word_1_586' title='bbox 3037 1721 3238 1792; x_wconf 88' lang='lat' dir='ltr'><strong>utique,</strong></span> <span class='ocrx_word' id='word_1_587' title='bbox 3270 1720 3426 1776; x_wconf 83' lang='lat' dir='ltr'><strong>dixit</strong></span> <span class='ocrx_word' id='word_1_588' title='bbox 3455 1739 3471 1775; x_wconf 90' lang='lat'>:</span> <span class='ocrx_word' id='word_1_589' title='bbox 3505 1721 3644 1776; x_wconf 87' lang='lat' dir='ltr'><strong>sicut</strong></span> <span class='ocrx_word' id='word_1_590' title='bbox 3668 1721 3784 1788; x_wconf 81' lang='lat' dir='ltr'><strong>Apo-</strong></span> 
     </span>
    </p>
   </div>
   <div class='ocr_carea' id='block_1_78' title="bbox 2203 1812 3782 1887">
    <p class='ocr_par' dir='ltr' id='par_1_78' title="bbox 2203 1812 3782 1887">
     <span class='ocr_line' id='line_1_79' title="bbox 2203 1812 3782 1887; baseline 0 -19"><span class='ocrx_word' id='word_1_591' title='bbox 2203 1813 2391 1879; x_wconf 87' lang='lat' dir='ltr'><strong>stolus,</strong></span> <span class='ocrx_word' id='word_1_592' title='bbox 2439 1814 2690 1883; x_wconf 85' lang='lat' dir='ltr'><strong>Spiritum</strong></span> <span class='ocrx_word' id='word_1_593' title='bbox 2727 1815 2882 1870; x_wconf 85' lang='lat' dir='ltr'><strong>nolite</strong></span> <span class='ocrx_word' id='word_1_594' title='bbox 2908 1815 3223 1886; x_wconf 77' lang='lat' dir='ltr'><strong>exstinguere</strong></span> <span class='ocrx_word' id='word_1_595' title='bbox 3254 1814 3321 1887; x_wconf 92' lang='lat' dir='ltr'><strong>(l</strong></span> <span class='ocrx_word' id='word_1_596' title='bbox 3351 1813 3544 1870; x_wconf 78' lang='lat' dir='ltr'><strong>Thess.</strong></span> <span class='ocrx_word' id='word_1_597' title='bbox 3574 1829 3629 1881; x_wconf 90' lang='lat' dir='ltr'><strong>v,</strong></span> <span class='ocrx_word' id='word_1_598' title='bbox 3672 1812 3782 1880; x_wconf 85' lang='lat' dir='ltr'><strong>l9):</strong></span> 
     </span>
    </p>
   </div>
   <div class='ocr_carea' id='block_1_79' title="bbox 2204 1906 3784 1978">
    <p class='ocr_par' dir='ltr' id='par_1_79' title="bbox 2204 1906 3784 1978">
     <span class='ocr_line' id='line_1_80' title="bbox 2204 1906 3784 1978; baseline -0.002 -16"><span class='ocrx_word' id='word_1_599' title='bbox 2204 1922 2324 1962; x_wconf 88' lang='lat' dir='ltr'><strong>cum</strong></span> <span class='ocrx_word' id='word_1_600' title='bbox 2353 1907 2614 1978; x_wconf 79' lang='lat' dir='ltr'><strong>exstingui</strong></span> <span class='ocrx_word' id='word_1_601' title='bbox 2635 1907 2724 1962; x_wconf 90' lang='lat' dir='ltr'><strong>ille</strong></span> <span class='ocrx_word' id='word_1_602' title='bbox 2749 1923 2853 1962; x_wconf 91' lang='lat' dir='ltr'><strong>non</strong></span> <span class='ocrx_word' id='word_1_603' title='bbox 2878 1909 3061 1978; x_wconf 85' lang='lat' dir='ltr'><strong>possit.</strong></span> <span class='ocrx_word' id='word_1_604' title='bbox 3093 1907 3222 1962; x_wconf 89' lang='lat' dir='ltr'><strong>Nam</strong></span> <span class='ocrx_word' id='word_1_605' title='bbox 3251 1908 3302 1962; x_wconf 88' lang='lat' dir='ltr'><strong>si</strong></span> <span class='ocrx_word' id='word_1_606' title='bbox 3330 1923 3403 1964; x_wconf 82' lang='lat' dir='ltr'><strong>ex</strong></span> <span class='ocrx_word' id='word_1_607' title='bbox 3434 1909 3542 1963; x_wconf 91' lang='lat' dir='ltr'><strong>hoc</strong></span> <span class='ocrx_word' id='word_1_608' title='bbox 3564 1906 3784 1960; x_wconf 85' lang='lat' dir='ltr'><strong>taberna-</strong></span> 
     </span>
    </p>
   </div>
   <div class='ocr_carea' id='block_1_80' title="bbox 2204 1998 3783 2074">
    <p class='ocr_par' dir='ltr' id='par_1_80' title="bbox 2204 1998 3783 2074">
     <span class='ocr_line' id='line_1_81' title="bbox 2204 1998 3783 2074; baseline -0.002 -18"><span class='ocrx_word' id='word_1_609' title='bbox 2204 2001 2379 2056; x_wconf 89' lang='lat' dir='ltr'><strong>culum</strong></span> <span class='ocrx_word' id='word_1_610' title='bbox 2432 2001 2758 2057; x_wconf 89' lang='lat' dir='ltr'><strong>immuudum</strong></span> <span class='ocrx_word' id='word_1_611' title='bbox 2801 2000 2996 2056; x_wconf 75' lang='lat' dir='ltr'><strong>factum</strong></span> <span class='ocrx_word' id='word_1_612' title='bbox 3047 1999 3206 2057; x_wconf 89' lang='lat' dir='ltr'><strong>vellet</strong></span> <span class='ocrx_word' id='word_1_613' title='bbox 3248 2001 3517 2074; x_wconf 86' lang='lat' dir='ltr'><strong>intelligi,</strong></span> <span class='ocrx_word' id='word_1_614' title='bbox 3567 1998 3783 2056; x_wconf 88' lang='lat' dir='ltr'><strong>mundari</strong></span> 
     </span>
    </p>
   </div>
   <div class='ocr_carea' id='block_1_81' title="bbox 2207 2085 2636 2154">
    <p class='ocr_par' dir='ltr' id='par_1_81' title="bbox 2207 2085 2636 2154">
     <span class='ocr_line' id='line_1_82' title="bbox 2207 2085 2636 2154; baseline -0.005 -14"><span class='ocrx_word' id='word_1_615' title='bbox 2207 2085 2386 2154; x_wconf 89' lang='lat' dir='ltr'><strong>utique</strong></span> <span class='ocrx_word' id='word_1_616' title='bbox 2407 2085 2636 2154; x_wconf 85' lang='lat' dir='ltr'><strong>juberet.</strong></span> 
     </span>
    </p>
   </div>
   <div class='ocr_carea' id='block_1_82' title="bbox 2281 2161 3785 2243">
    <p class='ocr_par' dir='ltr' id='par_1_82' title="bbox 2281 2161 3785 2243">
     <span class='ocr_line' id='line_1_83' title="bbox 2281 2161 3785 2243; baseline -0.002 -11"><span class='ocrx_word' id='word_1_617' title='bbox 2281 2178 2466 2233; x_wconf 86' lang='lat' dir='ltr'><strong>Postea</strong></span> <span class='ocrx_word' id='word_1_618' title='bbox 2495 2192 2620 2232; x_wconf 87' lang='lat' dir='ltr'><strong>vero</strong></span> <span class='ocrx_word' id='word_1_619' title='bbox 2649 2176 2950 2233; x_wconf 87' lang='lat' dir='ltr'><strong>immundos</strong></span> <span class='ocrx_word' id='word_1_620' title='bbox 2978 2192 3008 2232; x_wconf 91' lang='lat' dir='ltr'><strong>a</strong></span> <span class='ocrx_word' id='word_1_621' title='bbox 3038 2178 3263 2232; x_wconf 91' lang='lat' dir='ltr'><strong>mortuis</strong></span> <span class='ocrx_word' id='word_1_622' title='bbox 3305 2161 3509 2243; x_wconf 70' lang='lat' dir='ltr'><strong>laeuis,</strong></span> <span class='ocrx_word' id='word_1_623' title='bbox 3541 2177 3643 2232; x_wconf 89' lang='lat' dir='ltr'><strong>hoc</strong></span> <span class='ocrx_word' id='word_1_624' title='bbox 3670 2184 3740 2231; x_wconf 90' lang='lat' dir='ltr'><strong>est</strong></span> <span class='ocrx_word' id='word_1_625' title='bbox 3763 2191 3785 2229; x_wconf 85' lang='lat' dir='ltr'><strong>a</strong></span> 
     </span>
    </p>
   </div>
   <div class='ocr_carea' id='block_1_83' title="bbox 2208 2266 3788 2339">
    <p class='ocr_par' dir='ltr' id='par_1_83' title="bbox 2208 2266 3788 2339">
     <span class='ocr_line' id='line_1_84' title="bbox 2208 2266 3788 2339; baseline -0.001 -17"><span class='ocrx_word' id='word_1_626' title='bbox 2208 2268 2432 2322; x_wconf 91' lang='lat' dir='ltr'><strong>mortuis</strong></span> <span class='ocrx_word' id='word_1_627' title='bbox 2477 2268 2746 2336; x_wconf 87' lang='lat' dir='ltr'><strong>operibus,</strong></span> <span class='ocrx_word' id='word_1_628' title='bbox 2793 2283 2911 2338; x_wconf 64' lang='lat' dir='ltr'><strong>qua:</strong></span> <span class='ocrx_word' id='word_1_629' title='bbox 2962 2275 3087 2322; x_wconf 90' lang='lat' dir='ltr'><strong>sunt</strong></span> <span class='ocrx_word' id='word_1_630' title='bbox 3117 2282 3311 2323; x_wconf 88' lang='lat' dir='ltr'><strong>omnes</strong></span> <span class='ocrx_word' id='word_1_631' title='bbox 3355 2268 3692 2339; x_wconf 89' lang='lat' dir='ltr'><strong>iniquitates,</strong></span> <span class='ocrx_word' id='word_1_632' title='bbox 3732 2266 3788 2320; x_wconf 81' lang='lat' dir='ltr'><strong>ita</strong></span> 
     </span>
    </p>
   </div>
   <div class='ocr_carea' id='block_1_84' title="bbox 2209 2358 3786 2429">
    <p class='ocr_par' dir='ltr' id='par_1_84' title="bbox 2209 2358 3786 2429">
     <span class='ocr_line' id='line_1_85' title="bbox 2209 2358 3786 2429; baseline -0.004 -14"><span class='ocrx_word' id='word_1_633' title='bbox 2209 2359 2450 2415; x_wconf 87' lang='lat' dir='ltr'><strong>mundari</strong></span> <span class='ocrx_word' id='word_1_634' title='bbox 2489 2359 2636 2429; x_wconf 84' lang='lat' dir='ltr'><strong>jubet</strong></span> <span class='ocrx_word' id='word_1_635' title='bbox 2678 2358 2786 2413; x_wconf 84' lang='lat' dir='ltr'><strong>:Et</strong></span> <span class='ocrx_word' id='word_1_636' title='bbox 2826 2360 3070 2429; x_wconf 85' lang='lat' dir='ltr'><strong>accipient</strong></span> <span class='ocrx_word' id='word_1_637' title='bbox 3099 2359 3175 2414; x_wconf 87' lang='lat' dir='ltr'><strong>illi</strong></span> <span class='ocrx_word' id='word_1_638' title='bbox 3220 2358 3524 2422; x_wconf 87' lang='lat' dir='ltr'><strong>immundo,</strong></span> <span class='ocrx_word' id='word_1_639' title='bbox 3567 2359 3786 2429; x_wconf 85' lang='lat' dir='ltr'><strong>inquit,a</strong></span> 
     </span>
    </p>
   </div>
   <div class='ocr_carea' id='block_1_85' title="bbox 2210 2448 3786 2519">
    <p class='ocr_par' dir='ltr' id='par_1_85' title="bbox 2210 2448 3786 2519">
     <span class='ocr_line' id='line_1_86' title="bbox 2210 2448 3786 2519; baseline -0.006 -13"><span class='ocrx_word' id='word_1_640' title='bbox 2210 2457 2374 2506; x_wconf 86' lang='lat' dir='ltr'><strong>cinere</strong></span> <span class='ocrx_word' id='word_1_641' title='bbox 2415 2451 2555 2506; x_wconf 87' lang='lat' dir='ltr'><strong>illius</strong></span> <span class='ocrx_word' id='word_1_642' title='bbox 2601 2460 2786 2504; x_wconf 69' lang='lat' dir='ltr'><strong>exusta</strong></span> <span class='ocrx_word' id='word_1_643' title='bbox 2833 2450 3229 2519; x_wconf 79' lang='lat' dir='ltr'><strong>puriﬁcationis,</strong></span> <span class='ocrx_word' id='word_1_644' title='bbox 3273 2458 3324 2504; x_wconf 83' lang='lat' dir='ltr'><strong>et</strong></span> <span class='ocrx_word' id='word_1_645' title='bbox 3354 2448 3626 2516; x_wconf 76' lang='lat' dir='ltr'><strong>effundent</strong></span> <span class='ocrx_word' id='word_1_646' title='bbox 3661 2463 3786 2514; x_wconf 82' lang='lat' dir='ltr'><strong>super</strong></span> 
     </span>
    </p>
   </div>
   <div class='ocr_carea' id='block_1_86' title="bbox 2211 2538 3785 2610">
    <p class='ocr_par' dir='ltr' id='par_1_86' title="bbox 2211 2538 3785 2610">
     <span class='ocr_line' id='line_1_87' title="bbox 2211 2538 3785 2610; baseline -0.005 -14"><span class='ocrx_word' id='word_1_647' title='bbox 2211 2543 2374 2608; x_wconf 86' lang='lat' dir='ltr'><strong>illum,</strong></span> <span class='ocrx_word' id='word_1_648' title='bbox 2410 2541 2460 2597; x_wconf 88' lang='lat' dir='ltr'><strong>id</strong></span> <span class='ocrx_word' id='word_1_649' title='bbox 2489 2551 2570 2597; x_wconf 89' lang='lat' dir='ltr'><strong>est</strong></span> <span class='ocrx_word' id='word_1_650' title='bbox 2596 2556 2754 2610; x_wconf 85' lang='lat' dir='ltr'><strong>super</strong></span> <span class='ocrx_word' id='word_1_651' title='bbox 2777 2541 3022 2596; x_wconf 91' lang='lat' dir='ltr'><strong>eumdem</strong></span> <span class='ocrx_word' id='word_1_652' title='bbox 3049 2541 3306 2604; x_wconf 87' lang='lat' dir='ltr'><strong>cinerem,</strong></span> <span class='ocrx_word' id='word_1_653' title='bbox 3347 2557 3548 2610; x_wconf 88' lang='lat' dir='ltr'><strong>aquam</strong></span> <span class='ocrx_word' id='word_1_654' title='bbox 3575 2539 3722 2592; x_wconf 66' lang='lat' dir='ltr'><strong>vittam</strong></span> <span class='ocrx_word' id='word_1_655' title='bbox 3747 2538 3785 2588; x_wconf 78' lang='lat' dir='ltr'><strong>in</strong></span> 
     </span>
    </p>
   </div>
   <div class='ocr_carea' id='block_1_87' title="bbox 2212 2632 3788 2704">
    <p class='ocr_par' dir='ltr' id='par_1_87' title="bbox 2212 2632 3788 2704">
     <span class='ocr_line' id='line_1_88' title="bbox 2212 2632 3788 2704; baseline -0.005 -16"><span class='ocrx_word' id='word_1_656' title='bbox 2212 2651 2327 2688; x_wconf 85' lang='lat' dir='ltr'><strong>vase</strong></span> <span class='ocrx_word' id='word_1_657' title='bbox 2355 2650 2372 2686; x_wconf 93' lang='lat'><em>:</em></span> <span class='ocrx_word' id='word_1_658' title='bbox 2398 2643 2443 2687; x_wconf 90' lang='lat' dir='ltr'><strong>et</strong></span> <span class='ocrx_word' id='word_1_659' title='bbox 2464 2633 2714 2704; x_wconf 81' lang='lat' dir='ltr'><strong>accipiens</strong></span> <span class='ocrx_word' id='word_1_660' title='bbox 2734 2634 3022 2703; x_wconf 81' lang='lat' dir='ltr'><strong>hyssOpum,</strong></span> <span class='ocrx_word' id='word_1_661' title='bbox 3047 2633 3299 2704; x_wconf 87' lang='lat' dir='ltr'><strong>intingens</strong></span> <span class='ocrx_word' id='word_1_662' title='bbox 3325 2633 3383 2687; x_wconf 87' lang='lat' dir='ltr'><strong>in</strong></span> <span class='ocrx_word' id='word_1_663' title='bbox 3405 2649 3548 2703; x_wconf 90' lang='lat' dir='ltr'><strong>aqua</strong></span> <span class='ocrx_word' id='word_1_664' title='bbox 3571 2632 3647 2684; x_wconf 76' lang='lat' dir='ltr'><strong>uir</strong></span> <span class='ocrx_word' id='word_1_665' title='bbox 3667 2647 3788 2682; x_wconf 81' lang='lat' dir='ltr'><strong>mun-</strong></span> 
     </span>
    </p>
   </div>
   <div class='ocr_carea' id='block_1_88' title="bbox 2214 2724 3787 2794">
    <p class='ocr_par' dir='ltr' id='par_1_88' title="bbox 2214 2724 3787 2794">
     <span class='ocr_line' id='line_1_89' title="bbox 2214 2724 3787 2794; baseline -0.004 -17"><span class='ocrx_word' id='word_1_666' title='bbox 2214 2725 2328 2791; x_wconf 87' lang='lat' dir='ltr'><strong>dus,</strong></span> <span class='ocrx_word' id='word_1_667' title='bbox 2357 2732 2403 2778; x_wconf 89' lang='lat' dir='ltr'><strong>et</strong></span> <span class='ocrx_word' id='word_1_668' title='bbox 2427 2725 2886 2794; x_wconf 85' lang='lat' dir='ltr'><strong>circuntaspergens</strong></span> <span class='ocrx_word' id='word_1_669' title='bbox 2911 2741 3060 2793; x_wconf 84' lang='lat' dir='ltr'><strong>super</strong></span> <span class='ocrx_word' id='word_1_670' title='bbox 3082 2724 3308 2789; x_wconf 87' lang='lat' dir='ltr'><strong>domum,</strong></span> <span class='ocrx_word' id='word_1_671' title='bbox 3338 2733 3390 2777; x_wconf 85' lang='lat' dir='ltr'><strong>et</strong></span> <span class='ocrx_word' id='word_1_672' title='bbox 3421 2738 3583 2793; x_wconf 86' lang='lat' dir='ltr'><strong>super</strong></span> <span class='ocrx_word' id='word_1_673' title='bbox 3606 2737 3731 2784; x_wconf 83' lang='lat' dir='ltr'><strong>vasa,</strong></span> <span class='ocrx_word' id='word_1_674' title='bbox 3751 2727 3787 2772; x_wconf 80' lang='lat' dir='ltr'><strong>et</strong></span> 
     </span>
    </p>
   </div>
   <div class='ocr_carea' id='block_1_89' title="bbox 2213 2808 3786 2886">
    <p class='ocr_par' dir='ltr' id='par_1_89' title="bbox 2213 2808 3786 2886">
     <span class='ocr_line' id='line_1_90' title="bbox 2213 2808 3786 2886; baseline -0.006 -16"><span class='ocrx_word' id='word_1_675' title='bbox 2213 2832 2364 2886; x_wconf 87' lang='lat' dir='ltr'><strong>super</strong></span> <span class='ocrx_word' id='word_1_676' title='bbox 2410 2817 2631 2882; x_wconf 82' lang='lat' dir='ltr'><strong>animas;</strong></span> <span class='ocrx_word' id='word_1_677' title='bbox 2656 2824 2893 2884; x_wconf 86' lang='lat' dir='ltr'><strong>quotquot</strong></span> <span class='ocrx_word' id='word_1_678' title='bbox 2923 2815 3107 2886; x_wconf 80' lang='lat' dir='ltr'><strong>fuerint</strong></span> <span class='ocrx_word' id='word_1_679' title='bbox 3146 2813 3276 2879; x_wconf 87' lang='lat' dir='ltr'><strong>illic,</strong></span> <span class='ocrx_word' id='word_1_680' title='bbox 3321 2823 3370 2868; x_wconf 88' lang='lat' dir='ltr'><strong>et</strong></span> <span class='ocrx_word' id='word_1_681' title='bbox 3400 2829 3563 2884; x_wconf 85' lang='lat' dir='ltr'><strong>super</strong></span> <span class='ocrx_word' id='word_1_682' title='bbox 3588 2828 3696 2866; x_wconf 87' lang='lat' dir='ltr'><strong>eum</strong></span> <span class='ocrx_word' id='word_1_683' title='bbox 3720 2808 3786 2879; x_wconf 84' lang='lat' dir='ltr'><strong>qui</strong></span> 
     </span>
    </p>
   </div>
   <div class='ocr_carea' id='block_1_90' title="bbox 2215 2907 3789 2977">
    <p class='ocr_par' dir='ltr' id='par_1_90' title="bbox 2215 2907 3789 2977">
     <span class='ocr_line' id='line_1_91' title="bbox 2215 2907 3789 2977; baseline -0.006 -18"><span class='ocrx_word' id='word_1_684' title='bbox 2215 2907 2426 2977; x_wconf 87' lang='lat' dir='ltr'><strong>tetigerit</strong></span> <span class='ocrx_word' id='word_1_685' title='bbox 2449 2922 2503 2959; x_wconf 91' lang='lat' dir='ltr'><strong>os</strong></span> <span class='ocrx_word' id='word_1_686' title='bbox 2525 2907 2820 2971; x_wconf 86' lang='lat' dir='ltr'><strong>humanum,</strong></span> <span class='ocrx_word' id='word_1_687' title='bbox 2839 2915 2926 2960; x_wconf 91' lang='lat' dir='ltr'><strong>aut</strong></span> <span class='ocrx_word' id='word_1_688' title='bbox 2949 2907 3280 2971; x_wconf 80' lang='lat' dir='ltr'><strong>vulneratum,</strong></span> <span class='ocrx_word' id='word_1_689' title='bbox 3305 2915 3399 2959; x_wconf 90' lang='lat' dir='ltr'><strong>aut</strong></span> <span class='ocrx_word' id='word_1_690' title='bbox 3422 2912 3698 2966; x_wconf 86' lang='lat' dir='ltr'><strong>mortuum,</strong></span> <span class='ocrx_word' id='word_1_691' title='bbox 3717 2907 3789 2951; x_wconf 84' lang='lat' dir='ltr'><strong>aut</strong></span> 
     </span>
    </p>
   </div>
   <div class='ocr_carea' id='block_1_91' title="bbox 2215 2992 3786 3068">
    <p class='ocr_par' dir='ltr' id='par_1_91' title="bbox 2215 2992 3786 3068">
     <span class='ocr_line' id='line_1_92' title="bbox 2215 2992 3786 3068; baseline -0.006 -17"><span class='ocrx_word' id='word_1_692' title='bbox 2215 3004 2624 3061; x_wconf 83' lang='lat' dir='ltr'><strong>monumentum;</strong></span> <span class='ocrx_word' id='word_1_693' title='bbox 2660 3005 2707 3050; x_wconf 88' lang='lat' dir='ltr'><strong>et</strong></span> <span class='ocrx_word' id='word_1_694' title='bbox 2748 3006 2975 3067; x_wconf 75' lang='lat' dir='ltr'><strong>aspergat</strong></span> <span class='ocrx_word' id='word_1_695' title='bbox 3027 2996 3246 3050; x_wconf 88' lang='lat' dir='ltr'><strong>mundus</strong></span> <span class='ocrx_word' id='word_1_696' title='bbox 3289 3013 3451 3068; x_wconf 86' lang='lat' dir='ltr'><strong>super</strong></span> <span class='ocrx_word' id='word_1_697' title='bbox 3494 2992 3786 3049; x_wconf 77' lang='lat' dir='ltr'><strong>immundum</strong></span> 
     </span>
    </p>
   </div>
   <div class='ocr_carea' id='block_1_92' title="bbox 2213 3083 3787 3157">
    <p class='ocr_par' dir='ltr' id='par_1_92' title="bbox 2213 3083 3787 3157">
     <span class='ocr_line' id='line_1_93' title="bbox 2213 3083 3787 3157; baseline -0.004 -13"><span class='ocrx_word' id='word_1_698' title='bbox 2213 3091 2268 3144; x_wconf 88' lang='lat' dir='ltr'><strong>in</strong></span> <span class='ocrx_word' id='word_1_699' title='bbox 2290 3093 2309 3122; x_wconf 80' lang='lat'><strong>’</strong></span> <span class='ocrx_word' id='word_1_700' title='bbox 2337 3090 2419 3144; x_wconf 89' lang='lat' dir='ltr'><strong>die</strong></span> <span class='ocrx_word' id='word_1_701' title='bbox 2441 3090 2582 3142; x_wconf 88' lang='lat' dir='ltr'><strong>tertio</strong></span> <span class='ocrx_word' id='word_1_702' title='bbox 2606 3098 2652 3141; x_wconf 86' lang='lat' dir='ltr'><strong>et</strong></span> <span class='ocrx_word' id='word_1_703' title='bbox 2681 3089 2731 3141; x_wconf 90' lang='lat' dir='ltr'><strong>in</strong></span> <span class='ocrx_word' id='word_1_704' title='bbox 2759 3088 2840 3140; x_wconf 86' lang='lat' dir='ltr'><strong>die</strong></span> <span class='ocrx_word' id='word_1_705' title='bbox 2865 3087 3075 3157; x_wconf 85' lang='lat' dir='ltr'><strong>septimo</strong></span> <span class='ocrx_word' id='word_1_706' title='bbox 3106 3103 3124 3140; x_wconf 93' lang='lat'><em>:</em></span> <span class='ocrx_word' id='word_1_707' title='bbox 3152 3095 3197 3140; x_wconf 84' lang='lat' dir='ltr'><strong>et</strong></span> <span class='ocrx_word' id='word_1_708' title='bbox 3228 3087 3596 3157; x_wconf 81' lang='lat' dir='ltr'><strong>puriﬁcabitur</strong></span> <span class='ocrx_word' id='word_1_709' title='bbox 3619 3083 3698 3137; x_wconf 84' lang='lat' dir='ltr'><strong>die</strong></span> <span class='ocrx_word' id='word_1_710' title='bbox 3721 3097 3787 3135; x_wconf 76' lang='lat' dir='ltr'><strong>sc-</strong></span> 
     </span>
    </p>
   </div>
   <div class='ocr_carea' id='block_1_93' title="bbox 2215 3178 3787 3255">
    <p class='ocr_par' dir='ltr' id='par_1_93' title="bbox 2215 3178 3787 3255">
     <span class='ocr_line' id='line_1_94' title="bbox 2215 3178 3787 3255; baseline -0.01 -17"><span class='ocrx_word' id='word_1_711' title='bbox 2215 3185 2391 3255; x_wconf 89' lang='lat' dir='ltr'><strong>ptimo,</strong></span> <span class='ocrx_word' id='word_1_712' title='bbox 2431 3192 2479 3238; x_wconf 90' lang='lat' dir='ltr'><strong>et</strong></span> <span class='ocrx_word' id='word_1_713' title='bbox 2519 3181 2698 3236; x_wconf 86' lang='lat' dir='ltr'><strong>lavabit</strong></span> <span class='ocrx_word' id='word_1_714' title='bbox 2727 3183 3015 3235; x_wconf 84' lang='lat' dir='ltr'><strong>vestimenta</strong></span> <span class='ocrx_word' id='word_1_715' title='bbox 3057 3197 3170 3246; x_wconf 92' lang='lat' dir='ltr'><strong>sua,</strong></span> <span class='ocrx_word' id='word_1_716' title='bbox 3199 3190 3246 3234; x_wconf 91' lang='lat' dir='ltr'><strong>et</strong></span> <span class='ocrx_word' id='word_1_717' title='bbox 3278 3178 3540 3234; x_wconf 82' lang='lat' dir='ltr'><strong>lavabitur</strong></span> <span class='ocrx_word' id='word_1_718' title='bbox 3579 3191 3725 3248; x_wconf 88' lang='lat' dir='ltr'><strong>aqua,</strong></span> <span class='ocrx_word' id='word_1_719' title='bbox 3749 3179 3787 3224; x_wconf 83' lang='lat' dir='ltr'><strong>et</strong></span> 
     </span>
    </p>
   </div>
   <div class='ocr_carea' id='block_1_94' title="bbox 2215 3270 3789 3343">
    <p class='ocr_par' dir='ltr' id='par_1_94' title="bbox 2215 3270 3789 3343">
     <span class='ocr_line' id='line_1_95' title="bbox 2215 3270 3789 3343; baseline -0.009 -13"><span class='ocrx_word' id='word_1_720' title='bbox 2215 3274 2502 3330; x_wconf 87' lang='lat' dir='ltr'><strong>immundus</strong></span> <span class='ocrx_word' id='word_1_721' title='bbox 2521 3273 2612 3327; x_wconf 90' lang='lat' dir='ltr'><strong>erit</strong></span> <span class='ocrx_word' id='word_1_722' title='bbox 2635 3289 2790 3343; x_wconf 88' lang='lat' dir='ltr'><strong>usque</strong></span> <span class='ocrx_word' id='word_1_723' title='bbox 2812 3271 2880 3325; x_wconf 89' lang='lat' dir='ltr'><strong>ad</strong></span> <span class='ocrx_word' id='word_1_724' title='bbox 2904 3287 3179 3341; x_wconf 83' lang='lat' dir='ltr'><strong>vesperam.</strong></span> <span class='ocrx_word' id='word_1_725' title='bbox 3210 3270 3324 3325; x_wconf 82' lang='lat' dir='ltr'><strong>Alia</strong></span> <span class='ocrx_word' id='word_1_726' title='bbox 3351 3279 3438 3325; x_wconf 79' lang='lat' dir='ltr'><strong>es:</strong></span> <span class='ocrx_word' id='word_1_727' title='bbox 3462 3283 3604 3338; x_wconf 89' lang='lat' dir='ltr'><strong>aqua</strong></span> <span class='ocrx_word' id='word_1_728' title='bbox 3630 3276 3789 3334; x_wconf 85' lang='lat' dir='ltr'><strong>asper-</strong></span> 
     </span>
    </p>
   </div>
   <div class='ocr_carea' id='block_1_95' title="bbox 2216 3360 3785 3434">
    <p class='ocr_par' dir='ltr' id='par_1_95' title="bbox 2216 3360 3785 3434">
     <span class='ocr_line' id='line_1_96' title="bbox 2216 3360 3785 3434; baseline -0.011 -12"><span class='ocrx_word' id='word_1_729' title='bbox 2216 3367 2401 3433; x_wconf 90' lang='lat' dir='ltr'><strong>sionis,</strong></span> <span class='ocrx_word' id='word_1_730' title='bbox 2439 3373 2493 3420; x_wconf 90' lang='lat' dir='ltr'><strong>et</strong></span> <span class='ocrx_word' id='word_1_731' title='bbox 2519 3365 2620 3418; x_wconf 89' lang='lat' dir='ltr'><strong>alia</strong></span> <span class='ocrx_word' id='word_1_732' title='bbox 2651 3364 2830 3434; x_wconf 89' lang='lat' dir='ltr'><strong>utique</strong></span> <span class='ocrx_word' id='word_1_733' title='bbox 2858 3362 2946 3417; x_wconf 90' lang='lat' dir='ltr'><strong>illa</strong></span> <span class='ocrx_word' id='word_1_734' title='bbox 2981 3377 3082 3433; x_wconf 88' lang='lat' dir='ltr'><strong>qua</strong></span> <span class='ocrx_word' id='word_1_735' title='bbox 3113 3361 3306 3416; x_wconf 88' lang='lat' dir='ltr'><strong>Iavabit</strong></span> <span class='ocrx_word' id='word_1_736' title='bbox 3338 3360 3668 3415; x_wconf 88' lang='lat' dir='ltr'><strong>vestimenta</strong></span> <span class='ocrx_word' id='word_1_737' title='bbox 3691 3366 3785 3408; x_wconf 82' lang='lat' dir='ltr'><strong>sua.</strong></span> 
     </span>
    </p>
   </div>
   <div class='ocr_carea' id='block_1_96' title="bbox 2218 3449 3784 3526">
    <p class='ocr_par' dir='ltr' id='par_1_96' title="bbox 2218 3449 3784 3526">
     <span class='ocr_line' id='line_1_97' title="bbox 2218 3449 3784 3526; baseline -0.01 -13"><span class='ocrx_word' id='word_1_738' title='bbox 2218 3458 2284 3513; x_wconf 79' lang='lat' dir='ltr'><strong>Et</strong></span> <span class='ocrx_word' id='word_1_739' title='bbox 2315 3457 2561 3512; x_wconf 72' lang='lat' dir='ltr'><strong>(arabitur</strong></span> <span class='ocrx_word' id='word_1_740' title='bbox 2599 3474 2752 3526; x_wconf 86' lang='lat' dir='ltr'><strong>aqua,</strong></span> <span class='ocrx_word' id='word_1_741' title='bbox 2784 3471 2938 3525; x_wconf 89' lang='lat' dir='ltr'><strong>quam</strong></span> <span class='ocrx_word' id='word_1_742' title='bbox 2973 3464 3099 3525; x_wconf 90' lang='lat' dir='ltr'><strong>puto</strong></span> <span class='ocrx_word' id='word_1_743' title='bbox 3127 3452 3458 3523; x_wconf 87' lang='lat' dir='ltr'><strong>spiritualem</strong></span> <span class='ocrx_word' id='word_1_744' title='bbox 3501 3449 3784 3518; x_wconf 83' lang='lat' dir='ltr'><strong>intelligen-</strong></span> 
     </span>
    </p>
   </div>
   <div class='ocr_carea' id='block_1_97' title="bbox 2216 3541 3780 3616">
    <p class='ocr_par' dir='ltr' id='par_1_97' title="bbox 2216 3541 3780 3616">
     <span class='ocr_line' id='line_1_98' title="bbox 2216 3541 3780 3616; baseline -0.008 -13"><span class='ocrx_word' id='word_1_745' title='bbox 2216 3547 2368 3613; x_wconf 89' lang='lat' dir='ltr'><strong>dam,</strong></span> <span class='ocrx_word' id='word_1_746' title='bbox 2419 3563 2514 3616; x_wconf 85' lang='lat' dir='ltr'><strong>per</strong></span> <span class='ocrx_word' id='word_1_747' title='bbox 2561 3541 3032 3616; x_wconf 53' lang='lat' dir='ltr'><strong>signiﬁcationem:</strong></span> <span class='ocrx_word' id='word_1_748' title='bbox 3088 3560 3192 3599; x_wconf 89' lang='lat' dir='ltr'><strong>non</strong></span> <span class='ocrx_word' id='word_1_749' title='bbox 3240 3559 3334 3613; x_wconf 92' lang='lat' dir='ltr'><strong>per</strong></span> <span class='ocrx_word' id='word_1_750' title='bbox 3385 3541 3780 3612; x_wconf 85' lang='lat' dir='ltr'><strong>proprietatem.</strong></span> 
     </span>
    </p>
   </div>
   <div class='ocr_carea' id='block_1_98' title="bbox 2215 3633 3788 3701">
    <p class='ocr_par' dir='ltr' id='par_1_98' title="bbox 2215 3633 3788 3701">
     <span class='ocr_line' id='line_1_99' title="bbox 2215 3633 3788 3701; baseline -0.01 -6"><span class='ocrx_word' id='word_1_751' title='bbox 2215 3640 2346 3695; x_wconf 88' lang='lat' dir='ltr'><strong>Nam</strong></span> <span class='ocrx_word' id='word_1_752' title='bbox 2386 3640 2501 3693; x_wconf 87' lang='lat' dir='ltr'><strong>sine</strong></span> <span class='ocrx_word' id='word_1_753' title='bbox 2529 3638 2691 3692; x_wconf 83' lang='lat' dir='ltr'><strong>dubio</strong></span> <span class='ocrx_word' id='word_1_754' title='bbox 2719 3637 2941 3692; x_wconf 87' lang='lat' dir='ltr'><strong>visibilis</strong></span> <span class='ocrx_word' id='word_1_755' title='bbox 2979 3643 3111 3701; x_wconf 90' lang='lat' dir='ltr'><strong>erat,</strong></span> <span class='ocrx_word' id='word_1_756' title='bbox 3143 3635 3280 3689; x_wconf 88' lang='lat' dir='ltr'><strong>sicut</strong></span> <span class='ocrx_word' id='word_1_757' title='bbox 3321 3633 3425 3686; x_wconf 85' lang='lat' dir='ltr'><strong>illae</strong></span> <span class='ocrx_word' id='word_1_758' title='bbox 3457 3645 3658 3686; x_wconf 89' lang='lat' dir='ltr'><strong>omnes</strong></span> <span class='ocrx_word' id='word_1_759' title='bbox 3695 3642 3788 3682; x_wconf 90' lang='lat' dir='ltr'><strong>um-</strong></span> 
     </span>
    </p>
   </div>
   <div class='ocr_carea' id='block_1_99' title="bbox 2219 3718 3786 3796">
    <p class='ocr_par' dir='ltr' id='par_1_99' title="bbox 2219 3718 3786 3796">
     <span class='ocr_line' id='line_1_100' title="bbox 2219 3718 3786 3796; baseline -0.011 -6"><span class='ocrx_word' id='word_1_760' title='bbox 2219 3735 2326 3790; x_wconf 77' lang='lat' dir='ltr'><strong>bra:</strong></span> <span class='ocrx_word' id='word_1_761' title='bbox 2381 3731 2696 3787; x_wconf 78' lang='lat' dir='ltr'><strong>futurorum.</strong></span> <span class='ocrx_word' id='word_1_762' title='bbox 2745 3729 2972 3785; x_wconf 83' lang='lat' dir='ltr'><strong>Proinde</strong></span> <span class='ocrx_word' id='word_1_763' title='bbox 3018 3727 3106 3796; x_wconf 89' lang='lat' dir='ltr'><strong>qui</strong></span> <span class='ocrx_word' id='word_1_764' title='bbox 3155 3737 3498 3780; x_wconf 86' lang='lat' dir='ltr'><strong>sacramento</strong></span> <span class='ocrx_word' id='word_1_765' title='bbox 3549 3718 3786 3792; x_wconf 88' lang='lat' dir='ltr'><strong>Baptismi</strong></span> 
     </span>
    </p>
   </div>
   <div class='ocr_carea' id='block_1_100' title="bbox 2217 3814 3783 3891">
    <p class='ocr_par' dir='ltr' id='par_1_100' title="bbox 2217 3814 3783 3891">
     <span class='ocr_line' id='line_1_101' title="bbox 2217 3814 3783 3891; baseline -0.01 -9"><span class='ocrx_word' id='word_1_766' title='bbox 2217 3835 2360 3882; x_wconf 84' lang='lat' dir='ltr'><strong>recte</strong></span> <span class='ocrx_word' id='word_1_767' title='bbox 2385 3824 2634 3886; x_wconf 83' lang='lat' dir='ltr'><strong>abluitur,</strong></span> <span class='ocrx_word' id='word_1_768' title='bbox 2659 3821 2798 3891; x_wconf 86' lang='lat' dir='ltr'><strong>quod</strong></span> <span class='ocrx_word' id='word_1_769' title='bbox 2825 3818 2913 3874; x_wconf 86' lang='lat' dir='ltr'><strong>illa</strong></span> <span class='ocrx_word' id='word_1_770' title='bbox 2942 3817 3264 3889; x_wconf 83' lang='lat' dir='ltr'><strong>aspersionis</strong></span> <span class='ocrx_word' id='word_1_771' title='bbox 3284 3831 3420 3887; x_wconf 88' lang='lat' dir='ltr'><strong>aqua</strong></span> <span class='ocrx_word' id='word_1_772' title='bbox 3447 3814 3783 3884; x_wconf 87' lang='lat' dir='ltr'><strong>ﬁgurabatur,</strong></span> 
     </span>
    </p>
   </div>
   <div class='ocr_carea' id='block_1_101' title="bbox 2217 3906 3783 3985">
    <p class='ocr_par' dir='ltr' id='par_1_101' title="bbox 2217 3906 3783 3985">
     <span class='ocr_line' id='line_1_102' title="bbox 2217 3906 3783 3985; baseline -0.012 -10"><span class='ocrx_word' id='word_1_773' title='bbox 2217 3918 2500 3975; x_wconf 79' lang='lat' dir='ltr'><strong>mandatur</strong></span> <span class='ocrx_word' id='word_1_774' title='bbox 2537 3925 2590 3972; x_wconf 90' lang='lat' dir='ltr'><strong>et</strong></span> <span class='ocrx_word' id='word_1_775' title='bbox 2628 3913 2993 3985; x_wconf 89' lang='lat' dir='ltr'><strong>spiritualiter,</strong></span> <span class='ocrx_word' id='word_1_776' title='bbox 3027 3909 3078 3965; x_wconf 93' lang='lat' dir='ltr'><strong>id</strong></span> <span class='ocrx_word' id='word_1_777' title='bbox 3121 3919 3203 3964; x_wconf 88' lang='lat' dir='ltr'><strong>est</strong></span> <span class='ocrx_word' id='word_1_778' title='bbox 3244 3907 3608 3975; x_wconf 84' lang='lat' dir='ltr'><strong>invisibiliter,</strong></span> <span class='ocrx_word' id='word_1_779' title='bbox 3657 3917 3707 3962; x_wconf 89' lang='lat' dir='ltr'><strong>et</strong></span> <span class='ocrx_word' id='word_1_780' title='bbox 3745 3906 3783 3958; x_wconf 91' lang='lat' dir='ltr'><strong>in</strong></span> 
     </span>
    </p>
   </div>
   <div class='ocr_carea' id='block_1_102' title="bbox 2217 3998 3782 4072">
    <p class='ocr_par' dir='ltr' id='par_1_102' title="bbox 2217 3998 3782 4072">
     <span class='ocr_line' id='line_1_103' title="bbox 2217 3998 3782 4072; baseline -0.012 -3"><span class='ocrx_word' id='word_1_781' title='bbox 2217 4029 2377 4070; x_wconf 84' lang='lat' dir='ltr'><strong>carne</strong></span> <span class='ocrx_word' id='word_1_782' title='bbox 2415 4021 2469 4066; x_wconf 94' lang='lat' dir='ltr'><strong>et</strong></span> <span class='ocrx_word' id='word_1_783' title='bbox 2497 4010 2551 4064; x_wconf 94' lang='lat' dir='ltr'><strong>in</strong></span> <span class='ocrx_word' id='word_1_784' title='bbox 2594 4008 2789 4070; x_wconf 84' lang='lat' dir='ltr'><strong>anima,</strong></span> <span class='ocrx_word' id='word_1_785' title='bbox 2822 4014 2879 4059; x_wconf 89' lang='lat' dir='ltr'><strong>ut</strong></span> <span class='ocrx_word' id='word_1_786' title='bbox 2908 4005 2977 4059; x_wconf 92' lang='lat' dir='ltr'><strong>sit</strong></span> <span class='ocrx_word' id='word_1_787' title='bbox 3005 4003 3232 4059; x_wconf 92' lang='lat' dir='ltr'><strong>mundus</strong></span> <span class='ocrx_word' id='word_1_788' title='bbox 3259 4011 3312 4058; x_wconf 82' lang='lat' dir='ltr'><strong>et</strong></span> <span class='ocrx_word' id='word_1_789' title='bbox 3339 4017 3572 4072; x_wconf 87' lang='lat' dir='ltr'><strong>corpore</strong></span> <span class='ocrx_word' id='word_1_790' title='bbox 3598 4010 3652 4057; x_wconf 90' lang='lat' dir='ltr'><strong>et</strong></span> <span class='ocrx_word' id='word_1_791' title='bbox 3688 3998 3782 4068; x_wconf 81' lang='lat' dir='ltr'><strong>Spl-</strong></span> 
     </span>
    </p>
   </div>
   <div class='ocr_carea' id='block_1_103' title="bbox 2220 4088 3779 4169">
    <p class='ocr_par' dir='ltr' id='par_1_103' title="bbox 2220 4088 3779 4169">
     <span class='ocr_line' id='line_1_104' title="bbox 2220 4088 3779 4169; baseline -0.013 -11"><span class='ocrx_word' id='word_1_792' title='bbox 2220 4105 2342 4158; x_wconf 89' lang='lat' dir='ltr'><strong>ritu.</strong></span> <span class='ocrx_word' id='word_1_793' title='bbox 2393 4099 2544 4169; x_wconf 89' lang='lat' dir='ltr'><strong>Quod</strong></span> <span class='ocrx_word' id='word_1_794' title='bbox 2597 4112 2722 4152; x_wconf 83' lang='lat' dir='ltr'><strong>vero</strong></span> <span class='ocrx_word' id='word_1_795' title='bbox 2771 4095 3000 4166; x_wconf 85' lang='lat' dir='ltr'><strong>hyssopo</strong></span> <span class='ocrx_word' id='word_1_796' title='bbox 3043 4092 3176 4148; x_wconf 83' lang='lat' dir='ltr'><strong>dixit</strong></span> <span class='ocrx_word' id='word_1_797' title='bbox 3236 4106 3424 4162; x_wconf 82' lang='lat' dir='ltr'><strong>aquam</strong></span> <span class='ocrx_word' id='word_1_798' title='bbox 3475 4088 3779 4161; x_wconf 86' lang='lat' dir='ltr'><strong>aspersionis</strong></span> 
     </span>
    </p>
   </div>
   <div class='ocr_carea' id='block_1_104' title="bbox 2218 4176 3778 4264">
    <p class='ocr_par' dir='ltr' id='par_1_104' title="bbox 2218 4176 3778 4264">
     <span class='ocr_line' id='line_1_105' title="bbox 2218 4176 3778 4264; baseline -0.014 -14"><span class='ocrx_word' id='word_1_799' title='bbox 2218 4193 2448 4264; x_wconf 80' lang='lat' dir='ltr'><strong>aspergi,</strong></span> <span class='ocrx_word' id='word_1_800' title='bbox 2479 4205 2581 4261; x_wconf 88' lang='lat' dir='ltr'><strong>qua</strong></span> <span class='ocrx_word' id='word_1_801' title='bbox 2627 4187 2789 4242; x_wconf 87' lang='lat' dir='ltr'><strong>herba</strong></span> <span class='ocrx_word' id='word_1_802' title='bbox 2835 4199 2993 4255; x_wconf 91' lang='lat' dir='ltr'><strong>supra</strong></span> <span class='ocrx_word' id='word_1_803' title='bbox 3024 4183 3254 4238; x_wconf 76' lang='lat' dir='ltr'><strong>diximus</strong></span> <span class='ocrx_word' id='word_1_804' title='bbox 3282 4181 3438 4237; x_wconf 71' lang='lat' dir='ltr'><strong>fidem</strong></span> <span class='ocrx_word' id='word_1_805' title='bbox 3472 4176 3778 4252; x_wconf 86' lang='lat' dir='ltr'><strong>signiﬁcari;</strong></span> 
     </span>
    </p>
   </div>
   <div class='ocr_carea' id='block_1_105' title="bbox 2219 4271 3776 4356">
    <p class='ocr_par' dir='ltr' id='par_1_105' title="bbox 2219 4271 3776 4356">
     <span class='ocr_line' id='line_1_106' title="bbox 2219 4271 3776 4356; baseline -0.014 -16"><span class='ocrx_word' id='word_1_806' title='bbox 2219 4285 2344 4356; x_wconf 90' lang='lat' dir='ltr'><strong>quid</strong></span> <span class='ocrx_word' id='word_1_807' title='bbox 2364 4281 2503 4337; x_wconf 88' lang='lat' dir='ltr'><strong>aliud</strong></span> <span class='ocrx_word' id='word_1_808' title='bbox 2530 4278 2780 4343; x_wconf 87' lang='lat' dir='ltr'><strong>occurrit,</strong></span> <span class='ocrx_word' id='word_1_809' title='bbox 2803 4277 2904 4332; x_wconf 88' lang='lat' dir='ltr'><strong>nisi</strong></span> <span class='ocrx_word' id='word_1_810' title='bbox 2928 4274 3068 4347; x_wconf 86' lang='lat' dir='ltr'><strong>quod</strong></span> <span class='ocrx_word' id='word_1_811' title='bbox 3094 4274 3347 4343; x_wconf 88' lang='lat' dir='ltr'><strong>scriptum</strong></span> <span class='ocrx_word' id='word_1_812' title='bbox 3364 4281 3466 4338; x_wconf 89' lang='lat' dir='ltr'><strong>est,</strong></span> <span class='ocrx_word' id='word_1_813' title='bbox 3499 4271 3628 4325; x_wconf 82' lang='lat' dir='ltr'><strong>Fide</strong></span> <span class='ocrx_word' id='word_1_814' title='bbox 3645 4284 3776 4322; x_wconf 82' lang='lat' dir='ltr'><strong>mun-</strong></span> 
     </span>
    </p>
   </div>
   <div class='ocr_carea' id='block_1_106' title="bbox 2220 4359 3781 4442">
    <p class='ocr_par' dir='ltr' id='par_1_106' title="bbox 2220 4359 3781 4442">
     <span class='ocr_line' id='line_1_107' title="bbox 2220 4359 3781 4442; baseline -0.014 -11"><span class='ocrx_word' id='word_1_815' title='bbox 2220 4379 2347 4431; x_wconf 90' lang='lat' dir='ltr'><strong>dans</strong></span> <span class='ocrx_word' id='word_1_816' title='bbox 2386 4375 2539 4428; x_wconf 85' lang='lat' dir='ltr'><strong>corda</strong></span> <span class='ocrx_word' id='word_1_817' title='bbox 2581 4388 2751 4428; x_wconf 88' lang='lat' dir='ltr'><strong>eorum</strong></span> <span class='ocrx_word' id='word_1_818' title='bbox 2787 4369 2934 4442; x_wconf 75' lang='lat' dir='ltr'><strong>(Act.</strong></span> <span class='ocrx_word' id='word_1_819' title='bbox 2971 4382 3066 4435; x_wconf 89' lang='lat' dir='ltr'><strong>xv,</strong></span> <span class='ocrx_word' id='word_1_820' title='bbox 3097 4363 3210 4438; x_wconf 87' lang='lat'><strong>9)?</strong></span> <span class='ocrx_word' id='word_1_821' title='bbox 3247 4365 3362 4420; x_wconf 87' lang='lat' dir='ltr'><strong>Non</strong></span> <span class='ocrx_word' id='word_1_822' title='bbox 3412 4365 3554 4420; x_wconf 90' lang='lat' dir='ltr'><strong>enim</strong></span> <span class='ocrx_word' id='word_1_823' title='bbox 3586 4359 3781 4432; x_wconf 85' lang='lat' dir='ltr'><strong>prodest</strong></span> 
     </span>
    </p>
   </div>
   <div class='ocr_carea' id='block_1_107' title="bbox 2220 4446 3778 4536">
    <p class='ocr_par' dir='ltr' id='par_1_107' title="bbox 2220 4446 3778 4536">
     <span class='ocr_line' id='line_1_108' title="bbox 2220 4446 3778 4536; baseline -0.015 -16"><span class='ocrx_word' id='word_1_824' title='bbox 2220 4465 2539 4536; x_wconf 88' lang='lat' dir='ltr'><strong>Baptismus,</strong></span> <span class='ocrx_word' id='word_1_825' title='bbox 2582 4463 2625 4517; x_wconf 90' lang='lat' dir='ltr'><strong>si</strong></span> <span class='ocrx_word' id='word_1_826' title='bbox 2656 4461 2793 4516; x_wconf 89' lang='lat' dir='ltr'><strong>desit</strong></span> <span class='ocrx_word' id='word_1_827' title='bbox 2837 4459 2988 4514; x_wconf 90' lang='lat' dir='ltr'><strong>ﬁdes.</strong></span> <span class='ocrx_word' id='word_1_828' title='bbox 3019 4460 3062 4511; x_wconf 85' lang='lat' dir='ltr'><strong>A</strong></span> <span class='ocrx_word' id='word_1_829' title='bbox 3090 4457 3205 4511; x_wconf 87' lang='lat' dir='ltr'><strong>viro</strong></span> <span class='ocrx_word' id='word_1_830' title='bbox 3228 4465 3402 4510; x_wconf 88' lang='lat' dir='ltr'><strong>autem</strong></span> <span class='ocrx_word' id='word_1_831' title='bbox 3445 4451 3640 4509; x_wconf 91' lang='lat' dir='ltr'><strong>mundo</strong></span> <span class='ocrx_word' id='word_1_832' title='bbox 3663 4446 3778 4503; x_wconf 84' lang='lat' dir='ltr'><strong>dixit</strong></span> 
     </span>
    </p>
   </div>
   <div class='ocr_carea' id='block_1_108' title="bbox 2222 4549 3779 4624">
    <p class='ocr_par' dir='ltr' id='par_1_108' title="bbox 2222 4549 3779 4624">
     <span class='ocr_line' id='line_1_109' title="bbox 2222 4549 3779 4624; baseline -0.012 -11"><span class='ocrx_word' id='word_1_833' title='bbox 2222 4561 2323 4614; x_wconf 91' lang='lat' dir='ltr'><strong>hoc</strong></span> <span class='ocrx_word' id='word_1_834' title='bbox 2351 4557 2483 4622; x_wconf 86' lang='lat' dir='ltr'><strong>ﬁeri,</strong></span> <span class='ocrx_word' id='word_1_835' title='bbox 2533 4555 2621 4609; x_wconf 87' lang='lat' dir='ltr'><strong>ubi</strong></span> <span class='ocrx_word' id='word_1_836' title='bbox 2657 4552 3020 4624; x_wconf 81' lang='lat' dir='ltr'><strong>signiﬁcantur</strong></span> <span class='ocrx_word' id='word_1_837' title='bbox 3049 4549 3272 4602; x_wconf 87' lang='lat' dir='ltr'><strong>ministri</strong></span> <span class='ocrx_word' id='word_1_838' title='bbox 3319 4555 3590 4617; x_wconf 84' lang='lat' dir='ltr'><strong>portantes</strong></span> <span class='ocrx_word' id='word_1_839' title='bbox 3618 4553 3779 4612; x_wconf 82' lang='lat' dir='ltr'><strong>perso-</strong></span> 
     </span>
    </p>
   </div>
   <div class='ocr_carea' id='block_1_109' title="bbox 2222 4634 3780 4714">
    <p class='ocr_par' dir='ltr' id='par_1_109' title="bbox 2222 4634 3780 4714">
     <span class='ocr_line' id='line_1_110' title="bbox 2222 4634 3780 4714; baseline -0.015 -9"><span class='ocrx_word' id='word_1_840' title='bbox 2222 4665 2344 4706; x_wconf 89' lang='lat' dir='ltr'><strong>nam</strong></span> <span class='ocrx_word' id='word_1_841' title='bbox 2375 4644 2580 4703; x_wconf 84' lang='lat' dir='ltr'><strong>Domini</strong></span> <span class='ocrx_word' id='word_1_842' title='bbox 2609 4645 2711 4712; x_wconf 89' lang='lat' dir='ltr'><strong>sui,</strong></span> <span class='ocrx_word' id='word_1_843' title='bbox 2758 4643 2845 4714; x_wconf 90' lang='lat' dir='ltr'><strong>qui</strong></span> <span class='ocrx_word' id='word_1_844' title='bbox 2873 4657 2998 4696; x_wconf 79' lang='lat' dir='ltr'><strong>vere</strong></span> <span class='ocrx_word' id='word_1_845' title='bbox 3028 4640 3107 4693; x_wconf 86' lang='lat' dir='ltr'><strong>vir</strong></span> <span class='ocrx_word' id='word_1_846' title='bbox 3143 4638 3371 4693; x_wconf 86' lang='lat' dir='ltr'><strong>mundus</strong></span> <span class='ocrx_word' id='word_1_847' title='bbox 3401 4646 3487 4691; x_wconf 89' lang='lat' dir='ltr'><strong>est</strong></span> <span class='ocrx_word' id='word_1_848' title='bbox 3510 4637 3550 4690; x_wconf 86' lang='grc'><strong>³.</strong></span> <span class='ocrx_word' id='word_1_849' title='bbox 3593 4634 3710 4688; x_wconf 78' lang='lat' dir='ltr'><strong>Nam</strong></span> <span class='ocrx_word' id='word_1_850' title='bbox 3735 4635 3780 4680; x_wconf 83' lang='lat' dir='ltr'><strong>et</strong></span> 
     </span>
    </p>
   </div>
   <div class='ocr_carea' id='block_1_110' title="bbox 2223 4727 3778 4802">
    <p class='ocr_par' dir='ltr' id='par_1_110' title="bbox 2223 4727 3778 4802">
     <span class='ocr_line' id='line_1_111' title="bbox 2223 4727 3778 4802; baseline -0.021 -3"><span class='ocrx_word' id='word_1_851' title='bbox 2223 4743 2389 4800; x_wconf 90' lang='lat' dir='ltr'><strong>dehis</strong></span> <span class='ocrx_word' id='word_1_852' title='bbox 2411 4738 2668 4795; x_wconf 90' lang='lat' dir='ltr'><strong>ministris</strong></span> <span class='ocrx_word' id='word_1_853' title='bbox 2689 4738 2739 4790; x_wconf 93' lang='lat' dir='ltr'><strong>in</strong></span> <span class='ocrx_word' id='word_1_854' title='bbox 2763 4731 3206 4802; x_wconf 86' lang='lat' dir='ltr'><strong>consequentibus</strong></span> <span class='ocrx_word' id='word_1_855' title='bbox 3222 4729 3366 4794; x_wconf 85' lang='lat' dir='ltr'><strong>dicit,</strong></span> <span class='ocrx_word' id='word_1_856' title='bbox 3394 4727 3462 4781; x_wconf 84' lang='lat' dir='ltr'><strong>Et</strong></span> <span class='ocrx_word' id='word_1_857' title='bbox 3482 4727 3565 4798; x_wconf 90' lang='lat' dir='ltr'><strong>qui</strong></span> <span class='ocrx_word' id='word_1_858' title='bbox 3587 4727 3778 4777; x_wconf 71' lang='lat' dir='ltr'><strong>circum-</strong></span> 
     </span>
    </p>
   </div>
   <div class='ocr_carea' id='block_1_111' title="bbox 2224 4807 3777 4906">
    <p class='ocr_par' dir='ltr' id='par_1_111' title="bbox 2224 4807 3777 4906">
     <span class='ocr_line' id='line_1_112' title="bbox 2224 4807 3777 4906; baseline -0.02 -16"><span class='ocrx_word' id='word_1_859' title='bbox 2224 4842 2451 4906; x_wconf 84' lang='lat' dir='ltr'><strong>asperget</strong></span> <span class='ocrx_word' id='word_1_860' title='bbox 2480 4845 2662 4901; x_wconf 87' lang='lat' dir='ltr'><strong>aquam</strong></span> <span class='ocrx_word' id='word_1_861' title='bbox 2693 4824 3013 4896; x_wconf 87' lang='lat' dir='ltr'><strong>aspersionis,</strong></span> <span class='ocrx_word' id='word_1_862' title='bbox 3062 4820 3246 4875; x_wconf 79' lang='lat' dir='ltr'><strong>Iurabit</strong></span> <span class='ocrx_word' id='word_1_863' title='bbox 3278 4820 3566 4874; x_wconf 77' lang='lat' dir='ltr'><strong>vestimenta</strong></span> <span class='ocrx_word' id='word_1_864' title='bbox 3592 4826 3709 4874; x_wconf 86' lang='lat' dir='ltr'><strong>sua</strong></span> <span class='ocrx_word' id='word_1_865' title='bbox 3736 4807 3777 4861; x_wconf 84' lang='lat' dir='ltr'><strong>id</strong></span> 
     </span>
    </p>
   </div>
   <div class='ocr_carea' id='block_1_112' title="bbox 2224 4911 3776 4996">
    <p class='ocr_par' dir='ltr' id='par_1_112' title="bbox 2224 4911 3776 4996">
     <span class='ocr_line' id='line_1_113' title="bbox 2224 4911 3776 4996; baseline -0.024 -8"><span class='ocrx_word' id='word_1_866' title='bbox 2224 4940 2323 4996; x_wconf 88' lang='lat' dir='ltr'><strong>est,</strong></span> <span class='ocrx_word' id='word_1_867' title='bbox 2365 4921 2665 4983; x_wconf 70' lang='lat' dir='ltr'><strong>observabit</strong></span> <span class='ocrx_word' id='word_1_868' title='bbox 2704 4928 2757 4975; x_wconf 92' lang='lat' dir='ltr'><strong>et</strong></span> <span class='ocrx_word' id='word_1_869' title='bbox 2798 4932 3020 4988; x_wconf 88' lang='lat' dir='ltr'><strong>corpore</strong></span> <span class='ocrx_word' id='word_1_870' title='bbox 3044 4914 3085 4970; x_wconf 68' lang='lat'><strong>‘.</strong></span> <span class='ocrx_word' id='word_1_871' title='bbox 3129 4914 3197 4969; x_wconf 82' lang='lat' dir='ltr'><strong>Et</strong></span> <span class='ocrx_word' id='word_1_872' title='bbox 3239 4914 3324 4985; x_wconf 86' lang='lat' dir='ltr'><strong>qui</strong></span> <span class='ocrx_word' id='word_1_873' title='bbox 3367 4911 3578 4984; x_wconf 83' lang='lat' dir='ltr'><strong>tetigerit</strong></span> <span class='ocrx_word' id='word_1_874' title='bbox 3616 4915 3776 4974; x_wconf 82' lang='lat' dir='ltr'><strong>aquam</strong></span> 
     </span>
    </p>
   </div>
   <div class='ocr_carea' id='block_1_113' title="bbox 2290 5021 3774 5120">
    <p class='ocr_par' dir='ltr' id='par_1_113' title="bbox 2290 5021 3774 5120">
     <span class='ocr_line' id='line_1_114' title="bbox 2290 5021 3774 5120; baseline -0.017 -6"><span class='ocrx_word' id='word_1_875' title='bbox 2290 5067 2306 5099; x_wconf 78' lang='grc' dir='ltr'>ι</span> <span class='ocrx_word' id='word_1_876' title='bbox 2331 5063 2468 5120; x_wconf 70' lang='lat' dir='ltr'><strong>aditi,</strong></span> <span class='ocrx_word' id='word_1_877' title='bbox 2485 5052 2876 5111; x_wconf 72' lang='lat' dir='ltr'><strong>extcmtinabitur</strong></span> <span class='ocrx_word' id='word_1_878' title='bbox 2894 5066 2914 5115; x_wconf 89' lang='lat'><strong>;</strong></span> <span class='ocrx_word' id='word_1_879' title='bbox 2930 5058 3139 5115; x_wconf 84' lang='lat' dir='ltr'><strong>excepto</strong></span> <span class='ocrx_word' id='word_1_880' title='bbox 3153 5056 3251 5099; x_wconf 77' lang='lat' dir='ltr'><strong>ttat.</strong></span> <span class='ocrx_word' id='word_1_881' title='bbox 3272 5049 3483 5114; x_wconf 88' lang='lat' dir='ltr'><strong>quicum</strong></span> <span class='ocrx_word' id='word_1_882' title='bbox 3629 5037 3774 5090; x_wconf 63' lang='lat' dir='ltr'><strong>habet.</strong></span> 
     </span>
    </p>
   </div>
   <div class='ocr_carea' id='block_1_114' title="bbox 2227 5131 3780 5243">
    <p class='ocr_par' dir='ltr' id='par_1_114' title="bbox 2227 5131 3780 5243">
     <span class='ocr_line' id='line_1_115' title="bbox 2227 5131 3780 5243; baseline -0.017 -6"><span class='ocrx_word' id='word_1_883' title='bbox 2227 5131 2526 5235; x_wconf 50' lang='grc' dir='ltr'><strong>εχξεέῗῆῗῖὲι</strong></span> <span class='ocrx_word' id='word_1_884' title='bbox 2547 5179 2730 5243; x_wconf 85' lang='lat' dir='ltr'><strong>aliquot</strong></span> <span class='ocrx_word' id='word_1_885' title='bbox 2752 5185 2856 5243; x_wconf 74' lang='lat' dir='ltr'><strong>Mss.</strong></span> <span class='ocrx_word' id='word_1_886' title='bbox 2881 5182 2990 5243; x_wconf 70' lang='lat' dir='ltr'><strong>post</strong></span> <span class='ocrx_word' id='word_1_887' title='bbox 3019 5173 3164 5243; x_wconf 75' lang='lat' dir='ltr'><strong>fuisse</strong></span> <span class='ocrx_word' id='word_1_888' title='bbox 3547 5160 3780 5243; x_wconf 42' lang='lat' dir='ltr'><strong>subiicit?“</strong></span> 
     </span>
    </p>
   </div>
   <div class='ocr_carea' id='block_1_115' title="bbox 2227 5228 3775 5313">
    <p class='ocr_par' dir='ltr' id='par_1_115' title="bbox 2227 5228 3775 5313">
     <span class='ocr_line' id='line_1_116' title="bbox 2227 5228 3775 5313; baseline 0 0"><span class='ocrx_word' id='word_1_889' title='bbox 2227 5228 2467 5313; x_wconf 64' lang='grc' dir='ltr'><strong>ντωῖἷιὶἕν</strong></span> <span class='ocrx_word' id='word_1_890' title='bbox 2752 5246 2796 5313; x_wconf 68' lang='lat' dir='ltr'><strong>et</strong></span> <span class='ocrx_word' id='word_1_891' title='bbox 2818 5240 2870 5290; x_wconf 77' lang='grc' dir='ltr'><strong>ίη</strong></span> <span class='ocrx_word' id='word_1_892' title='bbox 2882 5228 3232 5313; x_wconf 39' lang='grc' dir='ltr'><strong>’άίςὴέἰξηιζὶ</strong></span> <span class='ocrx_word' id='word_1_893' title='bbox 3244 5240 3294 5313; x_wconf 66' lang='grc'><strong>9⁸</strong></span> <span class='ocrx_word' id='word_1_894' title='bbox 3309 5228 3775 5313; x_wconf 46' lang='grc' dir='ltr'><strong>Ηηῑέἑξείξίὲἔῖἀξέἒὲ</strong></span> 
     </span>
    </p>
   </div>
   <div class='ocr_carea' id='block_1_116' title="bbox 2227 5283 3774 5363">
    <p class='ocr_par' dir='ltr' id='par_1_116' title="bbox 2227 5283 3774 5363">
     <span class='ocr_line' id='line_1_117' title="bbox 2227 5283 3774 5363; baseline -0.019 0"><span class='ocrx_word' id='word_1_895' title='bbox 2482 5283 3035 5356; x_wconf 56' lang='lat' dir='ltr'><strong>ﬁicﬁééfiﬁiciinBaus</strong></span> <span class='ocrx_word' id='word_1_896' title='bbox 3045 5283 3265 5363; x_wconf 49' lang='lat' dir='ltr'><strong>quinque</strong></span> <span class='ocrx_word' id='word_1_897' title='bbox 3299 5283 3351 5344; x_wconf 75' lang='lat' dir='ltr'><strong>et</strong></span> <span class='ocrx_word' id='word_1_898' title='bbox 3374 5283 3540 5363; x_wconf 68' lang='lat' dir='ltr'><strong>viginti</strong></span> <span class='ocrx_word' id='word_1_899' title='bbox 3561 5283 3774 5363; x_wconf 43' lang='grc' dir='ltr'><strong>γρύξῃιῇ</strong></span> 
     </span>
    </p>
   </div>
   <div class='ocr_carea' id='block_1_117' title="bbox 2228 5344 3776 5439">
    <p class='ocr_par' dir='ltr' id='par_1_117' title="bbox 2228 5344 3776 5439">
     <span class='ocr_line' id='line_1_118' title="bbox 2228 5344 3776 5439; baseline -0.015 -18"><span class='ocrx_word' id='word_1_900' title='bbox 2228 5344 2668 5439; x_wconf 47' lang='grc' dir='ltr'><strong>ᾦξξῖὲᾷῑίἱὶἰῦιῴ</strong></span> <span class='ocrx_word' id='word_1_901' title='bbox 2687 5344 3038 5438; x_wconf 45' lang='lat' dir='ltr'><strong>amassis</strong></span> <span class='ocrx_word' id='word_1_902' title='bbox 3299 5344 3776 5439; x_wconf 38' lang='lat' dir='ltr'><strong>gqrbé’iensisgdlllxﬂa&quot;</strong></span> 
     </span>
    </p>
   </div>
   <div class='ocr_carea' id='block_1_118' title="bbox 2230 5399 3777 5496">
    <p class='ocr_par' dir='ltr' id='par_1_118' title="bbox 2230 5399 3777 5496">
     <span class='ocr_line' id='line_1_119' title="bbox 2230 5399 3777 5496; baseline -0.021 -11"><span class='ocrx_word' id='word_1_903' title='bbox 2230 5399 2783 5494; x_wconf 50' lang='grc' dir='ltr'><strong>ἓξὲΐὲῶὲἱέὲὲΕὲ</strong></span> <span class='ocrx_word' id='word_1_904' title='bbox 2795 5399 3678 5496; x_wconf 39' lang='lat' dir='ltr'><strong>easquaequefissus—sagae</strong></span> <span class='ocrx_word' id='word_1_905' title='bbox 3691 5399 3777 5454; x_wconf 81' lang='lat' dir='ltr'><strong>rul-</strong></span> 
     </span>
    </p>
   </div>
   <div class='ocr_carea' id='block_1_119' title="bbox 2231 5473 3776 5608">
    <p class='ocr_par' dir='ltr' id='par_1_119' title="bbox 2231 5473 3776 5608">
     <span class='ocr_line' id='line_1_120' title="bbox 2231 5473 3656 5561; baseline -0.018 -14"><span class='ocrx_word' id='word_1_906' title='bbox 2425 5473 2856 5550; x_wconf 48' lang='lat' dir='ltr'><strong>(Edilhé&#39;dEEh&#39;p&#39;e-r</strong></span> <span class='ocrx_word' id='word_1_907' title='bbox 2872 5486 2998 5546; x_wconf 84' lang='lat' dir='ltr'><strong>Epist</strong></span> <span class='ocrx_word' id='word_1_908' title='bbox 3029 5481 3123 5530; x_wconf 88' lang='lat' dir='ltr'><strong>lam</strong></span> <span class='ocrx_word' id='word_1_909' title='bbox 3143 5480 3201 5529; x_wconf 89' lang='lat' dir='ltr'><strong>ad</strong></span> <span class='ocrx_word' id='word_1_910' title='bbox 3223 5481 3465 5552; x_wconf 48' lang='lat' dir='ltr'><strong>Hebraeos,</strong></span> <span class='ocrx_word' id='word_1_911' title='bbox 3487 5489 3585 5548; x_wconf 76' lang='lat' dir='ltr'><strong>cap.</strong></span> <span class='ocrx_word' id='word_1_912' title='bbox 3607 5473 3656 5540; x_wconf 55' lang='grc' dir='ltr'><strong>9ζ</strong></span> 
     </span>
     <span class='ocr_line' id='line_1_121' title="bbox 2296 5531 3776 5608; baseline -0.016 -1"><span class='ocrx_word' id='word_1_913' title='bbox 2296 5558 2317 5590; x_wconf 86' lang='grc'>³</span> <span class='ocrx_word' id='word_1_914' title='bbox 2340 5564 2388 5606; x_wconf 85' lang='grc' dir='ltr'><strong>ιη</strong></span> <span class='ocrx_word' id='word_1_915' title='bbox 2411 5565 2640 5605; x_wconf 71' lang='lat' dir='ltr'><strong>emisns:</strong></span> <span class='ocrx_word' id='word_1_916' title='bbox 2685 5551 2927 5599; x_wconf 78' lang='lat' dir='ltr'><strong>Portantes</strong></span> <span class='ocrx_word' id='word_1_917' title='bbox 2967 5556 3193 5608; x_wconf 88' lang='lat' dir='ltr'><strong>personas</strong></span> <span class='ocrx_word' id='word_1_918' title='bbox 3232 5550 3423 5592; x_wconf 64' lang='lat' dir='ltr'><strong>nomine</strong></span> <span class='ocrx_word' id='word_1_919' title='bbox 3457 5553 3548 5607; x_wconf 65' lang='lat' dir='ltr'><strong>sua,</strong></span> <span class='ocrx_word' id='word_1_920' title='bbox 3581 5531 3776 5608; x_wconf 48' lang='lat' dir='ltr'><strong>gmj‘fff</strong></span> 
     </span>
    </p>
   </div>
   <div class='ocr_carea' id='block_1_120' title="bbox 2233 5579 3775 5672">
    <p class='ocr_par' dir='ltr' id='par_1_120' title="bbox 2233 5579 3775 5672">
     <span class='ocr_line' id='line_1_122' title="bbox 2233 5579 3775 5672; baseline -0.014 0"><span class='ocrx_word' id='word_1_921' title='bbox 2233 5579 2641 5672; x_wconf 59' lang='grc' dir='ltr'><strong>ιηωὲἇῖῒῖιῖ</strong></span> <span class='ocrx_word' id='word_1_922' title='bbox 2668 5579 3688 5672; x_wconf 48' lang='lat' dir='ltr'><strong>iammmt&#39;arwmmm</strong></span> <span class='ocrx_word' id='word_1_923' title='bbox 3706 5579 3775 5650; x_wconf 71' lang='grc' dir='ltr'><strong>(μά</strong></span> 
     </span>
    </p>
   </div>
   <div class='ocr_carea' id='block_1_121' title="bbox 2236 5676 2773 5734">
    <p class='ocr_par' dir='ltr' id='par_1_121' title="bbox 2236 5676 2773 5734">
     <span class='ocr_line' id='line_1_123' title="bbox 2236 5676 2773 5734; baseline -0.026 0"><span class='ocrx_word' id='word_1_924' title='bbox 2236 5695 2343 5734; x_wconf 86' lang='lat' dir='ltr'><strong>vere</strong></span> <span class='ocrx_word' id='word_1_925' title='bbox 2365 5679 2436 5729; x_wconf 81' lang='lat' dir='ltr'><strong>vir</strong></span> <span class='ocrx_word' id='word_1_926' title='bbox 2459 5676 2664 5726; x_wconf 85' lang='lat' dir='ltr'><strong>mundus</strong></span> <span class='ocrx_word' id='word_1_927' title='bbox 2685 5676 2773 5722; x_wconf 88' lang='lat' dir='ltr'><strong>est.</strong></span> 
     </span>
    </p>
   </div>
   <div class='ocr_carea' id='block_1_122' title="bbox 2300 5735 3058 5797">
    <p class='ocr_par' dir='ltr' id='par_1_122' title="bbox 2300 5735 3058 5797">
     <span class='ocr_line' id='line_1_124' title="bbox 2300 5735 3058 5797; baseline -0.016 -5"><span class='ocrx_word' id='word_1_928' title='bbox 2300 5745 2322 5776; x_wconf 67' lang='grc' dir='ltr'>δ</span> <span class='ocrx_word' id='word_1_929' title='bbox 2344 5743 2414 5792; x_wconf 81' lang='lat' dir='ltr'><strong>sic</strong></span> <span class='ocrx_word' id='word_1_930' title='bbox 2438 5749 2542 5790; x_wconf 75' lang='lat' dir='ltr'><strong>uss.</strong></span> <span class='ocrx_word' id='word_1_931' title='bbox 2569 5744 2621 5786; x_wconf 86' lang='grc' dir='ltr'><strong>Αι</strong></span> <span class='ocrx_word' id='word_1_932' title='bbox 2643 5735 2780 5797; x_wconf 79' lang='lat' dir='ltr'><strong>editi,</strong></span> <span class='ocrx_word' id='word_1_933' title='bbox 2801 5737 2848 5788; x_wconf 84' lang='lat' dir='ltr'><strong>et</strong></span> <span class='ocrx_word' id='word_1_934' title='bbox 2869 5743 3058 5797; x_wconf 82' lang='lat' dir='ltr'><strong>corpus.</strong></span> 
     </span>
    </p>
   </div>
  </div>
