3862 6304
69 279 164 336 ⁷⁵7
750 288 825 321 ’θ
902 275 1124 329 ί·

67 392 391 466 aspersionis,
421 394 719 449 immundus
744 394 837 450 erit
859 409 1015 466 usque
1037 396 1106 449 ad
1129 408 1404 465 vesperam.
1429 395 1497 450 Et
1517 412 1663 451 omne

67 484 419 557 quodcumque
441 486 664 557 tetigerit
694 486 824 541 illud
846 486 1153 552 immundus,
1182 487 1496 541 immundum
1523 488 1618 541 erit
1644 502 1663 542 :

68 586 111 633 et
134 577 308 631 anima
330 592 452 648 qua
470 578 704 649 tetigerit,
730 578 991 632 immunda
1009 579 1102 634 erit
1126 595 1280 649 usque
1301 579 1369 633 ad
1384 595 1659 651 vesperam.

66 670 177 728 iam
222 669 337 726 dixi
383 671 641 741 superius
683 670 811 742 quid
854 670 983 727 mihi
1024 671 1325 742 signiﬁcare
1378 671 1659 739 videatur,

65 779 218 833 usque
246 762 317 815 ad
347 778 635 834 vesperam.

133 852 381 909 XXXIV.
415 852 524 925 [11).
550 855 801 929 ιιι,ί16.]
831 854 1007 911 Omnis
1029 856 1117 927 qui
1149 854 1363 928 tetigerit
1390 859 1661 928 βαρεῖ-,Ια-

21 940 27 947 ’
64 947 186 1001 ciem
209 947 383 1018 campi
410 947 751 1016 vulneratum,
794 957 881 1002 aut
918 957 1194 1016 mortuum,
1225 958 1312 1003 aut
1335 964 1391 1003 os
1422 948 1659 1015 hominis,

65 1045 147 1091 aut
169 1046 580 1092 monumentum.
631 1039 807 1106 Quaeri
832 1046 1006 1110 potest
1029 1039 1154 1110 quid
1171 1040 1369 1095 dictum
1399 1041 1468 1095 sit
1486 1040 1661 1094 vulne-

66 1137 245 1195 ratum,
273 1138 366 1182 aut
385 1138 665 1184 mortuum.
691 1130 748 1186 Si
771 1130 913 1186 enim
942 1130 1085 1185 aliud
1110 1130 1279 1186 voluit
1302 1132 1519 1202 intelligi
1548 1131 1665 1186 vul-

67 1231 330 1290 neratum,
359 1222 515 1278 aliud
544 1232 843 1286 mortuum;
890 1222 1183 1279 cavendum
1223 1230 1308 1278 est
1347 1239 1416 1279 ne
1450 1231 1664 1293 putetur

68 1313 374 1370 immundus
399 1329 529 1371 esse
550 1316 710 1371 etiam
736 1317 824 1386 qui
846 1317 1079 1387 tetigerit
1096 1316 1430 1371 vulneratum
1461 1317 1661 1383 vivum,

67 1404 201 1473 quod
248 1405 442 1475 utique
469 1406 759 1462 absurdum
785 1415 886 1463 est.
912 1406 1016 1463 Sed
1044 1408 1164 1478 quia
1192 1415 1414 1478 possunt
1437 1414 1491 1461 et
1516 1421 1663 1462 mor-

70 1496 137 1551 tui
161 1511 283 1553 esse
307 1498 604 1564 vulnerati,
635 1498 779 1568 ipsos
799 1508 1038 1554 mortuos
1058 1500 1368 1569 intelligitur
1386 1498 1666 1555 discrevis-

70 1604 140 1652 se,
178 1598 236 1643 ut
265 1598 325 1645 et
363 1590 705 1645 vulneratum
751 1601 1018 1646 mortuum
1067 1592 1446 1663 intelligamus,
1482 1592 1533 1646 id
1560 1600 1660 1659 est,

71 1681 284 1737 vulnere
317 1691 658 1753 peremptum
681 1694 769 1739 aut
796 1693 1060 1739 mortuum
1088 1685 1202 1740 sine
1229 1686 1467 1740 vulnere.

132 1773 354 1829 XXXV.
390 1774 494 1846 [11).
514 1793 605 1843 xx,
622 1774 731 1849 ll.]
754 1777 906 1843 Quod
922 1777 987 1831 de
1010 1788 1159 1847 petra
1182 1792 1314 1844 aqua
1338 1776 1527 1831 educta
1556 1784 1659 1840 est,

71 1868 338 1937 apostolus
357 1868 564 1924 Paulus
580 1870 704 1941 quid
728 1879 874 1927 esset
894 1872 1157 1941 exposuit,
1177 1870 1261 1925 ubi
1285 1873 1378 1937 ait,
1403 1868 1469 1923 Et
1490 1884 1661 1924 omnes

72 1964 291 2019 eumdem
319 1976 503 2037 potum
531 1967 849 2036 spiritualem
872 1966 1113 2020 biberunt.
1146 1962 1387 2018 Bibebant
1410 1966 1543 2018 enim
1567 1965 1581 1996 ¹
1601 1963 1664 2018 de

72 2057 319 2124 spirituali
339 2057 572 2127 sequenti
584 2066 724 2127 petra
742 2072 761 2111 :
776 2067 915 2127 petra
935 2066 1101 2110 autent
1115 2064 1221 2110 erat
1240 2054 1470 2110 Christus
1482 2054 1525 2126 (I
1543 2056 1660 2110 Cor.

70 2161 115 2210 x,
139 2146 215 2217 4).
247 2147 564 2217 Signiﬁcata
602 2156 684 2203 est
712 2163 838 2219 ergo
860 2146 928 2203 de
955 2146 1169 2202 Christo
1203 2146 1471 2217 proﬂuens
1497 2146 1663 2216 gratia

71 2238 375 2307 spiritualis,
430 2254 539 2310 qua
588 2239 808 2294 interior
858 2238 971 2293 sitis
1020 2239 1345 2307 irrigaretur.
1390 2236 1495 2292 Sed
1521 2236 1663 2306 quod

72 2328 208 2399 virga
239 2338 394 2400 petra
425 2329 744 2402 percutitur,
767 2345 898 2384 crux
932 2329 1128 2385 Christi
1171 2328 1445 2398 ﬁguratur.
1494 2327 1664 2397 Ligno

72 2420 206 2476 enim
234 2422 534 2478 accedente
574 2420 638 2477 ad
671 2430 896 2493 petram,
926 2421 1093 2492 gratia
1131 2421 1362 2477 manavit
1395 2429 1486 2475 :et
1523 2419 1665 2489 quod

73 2512 148 2568 bis
199 2516 505 2584 percutitur
533 2554 549 2581 ,
604 2512 901 2569 evidentius
954 2512 1215 2583 signiﬁcat
1265 2526 1498 2568 crucem.
1550 2511 1665 2567 Duo

74 2606 261 2679 quippe
287 2606 435 2677 ligna
468 2613 591 2661 sunt
609 2619 759 2661 crux.

141 2700 382 2756 XXXVI.
419 2700 521 2774 [Ib.
554 2717 641 2767 xx,
673 2696 784 2772 15.]
798 2697 948 2767 Quod
975 2698 1043 2753 de
1067 2713 1201 2768 aqua
1224 2698 1311 2755 illa
1336 2715 1455 2770 quae.
1479 2700 1545 2755 de
1568 2715 1662 2771 pe-

81 2801 154 2848 tra
200 2795 461 2865 proﬂuxit
502 2793 699 2850 dictum
748 2804 849 2857 est,
890 2793 1014 2848 Ηιεε
1054 2811 1185 2864 aqua
1230 2795 1659 2863 contradictionis,

77 2886 187 2955 quia
215 2887 589 2941 maledixerunt
631 2887 726 2956 ﬁlii
754 2884 920 2940 Israel
944 2896 1060 2940 ante
1085 2885 1379 2954 Dominum,
1404 2897 1450 2940 et
1475 2888 1665 2942 sancti-

82 2980 257 3048 ﬁcatus
284 2991 358 3037 est
378 2984 431 3036 in
464 2982 588 3051 ipsis
609 2997 629 3035 :
653 2981 799 3052 prius
827 2981 1235 3047 maledixerunt,
1269 2981 1480 3053 quando
1504 2981 1664 3037 locuti

79 3084 195 3129 sunt
218 3086 410 3130 contra
441 3075 753 3130 benelicium
784 3074 1013 3138 Domini,
1040 3089 1147 3144 quo
1188 3074 1364 3129 educti
1409 3082 1561 3130 erant
1599 3074 1667 3130 de

84 3166 348 3239 Egypto;
378 3176 433 3223 et
462 3178 644 3239 postea
670 3167 1027 3223 sanctiﬁcatus
1051 3177 1132 3221 ρει
1159 3168 1210 3221 in
1235 3166 1383 3237 ipsis,
1428 3181 1547 3222 cum
1574 3165 1666 3221 illo

80 3262 334 3317 miraculo
359 3260 676 3332 proﬂuentis
700 3275 851 3331 aqua:
866 3260 980 3328 ejus
1002 3259 1252 3313 sanctitas
1268 3258 1531 3312 declarata
1562 3250 1663 3314 est.

79 3352 155 3407 An
179 3351 323 3407 forte
349 3350 459 3406 duo
485 3366 678 3422 genera
721 3349 995 3403 hominum
1021 3349 1423 3415 demonstravit,
1450 3359 1504 3404 et
1541 3365 1669 3403 con-

81 3445 454 3502 tradicentium
504 3446 688 3516 gratia:
732 3442 966 3507 Christi,
1006 3451 1060 3497 et
1097 3442 1497 3512 percipientium
1548 3458 1668 3513 grav

83 3537 201 3591 tiam
242 3536 477 3603 Christi;
520 3545 578 3590 ut
606 3536 712 3590 illis
753 3535 822 3589 sit
863 3549 997 3605 aqua
1038 3533 1504 3601 contradictionis,
1552 3536 1669 3591 istis

84 3626 548 3682 sanctiﬁcationis?
570 3624 700 3679 Nam
728 3633 782 3680 et
806 3623 874 3679 de
920 3624 1033 3693 ipso
1060 3623 1351 3679 Dominoiu
1382 3624 1669 3696 Evangelia

88 3718 289 3788 legitur,
324 3718 393 3772 Et
424 3719 476 3771 in
521 3719 724 3789 signum
754 3717 840 3770 cui
884 3717 1257 3770 contradicetur
1282 3717 1428 3787 (Luc.
1462 3735 1518 3786 ll,
1551 3719 1665 3789 51).

152 3813 412 3870 XXXVII.
448 3814 650 3888 [lb.xx,
683 3814 768 3879 17,
796 3813 901 3885 19.]
917 3810 1064 3877 Quod
1093 3812 1230 3866 inter
1244 3815 1488 3869 mandata
1519 3814 1669 3887 Moy-

91 3917 168 3960 ses
195 3906 257 3960 ad
282 3922 462 3977 regem
494 3906 661 3961 Edom
687 3906 814 3961 dicit
836 3906 973 3960 inter
998 3913 1212 3971 caetera,
1248 3905 1425 3976 Neque
1448 3907 1668 3963 bibemus

93 4012 263 4065 aquam
286 3998 350 4053 de
392 3998 505 4052 lacu
552 4008 657 4063 tuo,
700 3996 1097 4067 intelligendum
1144 4006 1227 4051 est
1267 3999 1451 4068 gratis,
1482 3999 1533 4053 id
1564 4008 1665 4069 est,

93 4090 203 4156 quia
226 4106 329 4144 non
356 4091 520 4160 gratis
550 4090 790 4145 bibemus
822 4107 835 4142 :
868 4089 1008 4160 quod
1040 4099 1221 4158 postea
1244 4090 1562 4156 manifestat,
1590 4092 1669 4146 di-

96 4194 229 4248 cens,
263 4182 321 4238 Si
346 4192 512 4237 autem
533 4184 594 4237 de
620 4198 751 4245 aqua
773 4191 859 4235 tua
885 4182 1122 4250 bibemus,
1152 4198 1242 4253 ego
1260 4192 1305 4236 et
1327 4199 1507 4252 pecora
1533 4200 1665 4252 mea,

97 4274 213 4329 dabo
242 4280 454 4346 pretium
482 4277 587 4330 tibi.

161 4368 437 4427 XXXVIII.
466 4369 567 4444 [|b.
592 4386 681 4436 xx,
711 4369 822 4443 17.]
848 4368 968 4424 Non
985 4369 1346 4425 declinabimus
1369 4371 1422 4425 in
1464 4371 1670 4426 dextera

99 4475 240 4528 neque
279 4462 333 4517 in
376 4464 582 4518 sinistra
610 4478 629 4516 :
652 4462 925 4532 pluraliter
958 4462 1155 4517 dictum
1205 4472 1307 4531 est,
1352 4464 1405 4518 in
1444 4478 1505 4519 ea
1550 4479 1669 4534 qua:

101 4548 299 4607 dextera
330 4563 475 4621 sunt,
507 4554 591 4609 vel
618 4569 735 4631 quae
757 4552 967 4607 sinistra
999 4561 1138 4607 sunt.

163 4640 395 4701 XXXIX.
428 4644 527 4718 [lb.
556 4662 645 4708 xx,
671 4644 786 4717 2L]
814 4643 933 4699 Non
952 4645 1218 4699 introibitis
1238 4645 1290 4699 in
1319 4656 1502 4702 (errant
1517 4665 1670 4719 quam

104 4730 206 4785 dedi
226 4736 341 4802 [iliis
368 4737 536 4791 Israel
560 4738 611 4791 in
648 4737 1046 4807 possessionem;
1075 4737 1310 4806 quoniam
1340 4738 1671 4793 exacerbastis

103 4838 173 4876 me
202 4842 345 4898 super
390 4846 574 4902 aquam
615 4828 997 4883 ntaledictionis.
1036 4827 1205 4895 Quam
1251 4829 1384 4884 dixit
1425 4832 1669 4901 superius

104 4931 274 4987 aquam
302 4923 755 4989 coutradictionis,
784 4922 949 4993 ipsam
979 4920 1107 4976 dicit
1126 4921 1213 4978 hic
1237 4923 1625 4979 maledictionis
1652 4944 1666 4979 :

108 5024 201 5065 non
226 5015 362 5071 enim
389 5016 463 5070 ait
483 5021 770 5081 αντιλογίας,
802 5013 897 5068 sed
928 5017 1181 5083 λοιδορίας.

169 5101 271 5159 XL.
294 5104 403 5179 [Ib.
436 5123 545 5173 χιι,
575 5104 654 5178 2.]
688 5105 753 5159 Et
778 5105 904 5159 vovit
931 5102 1092 5159 Israel
1138 5114 1305 5159 votum
1355 5106 1592 5175 Domino,
1623 5117 1671 5163 et

112 5193 240 5263 dixit,
266 5199 322 5254 Si
346 5200 470 5255 mihi
517 5198 783 5253 tradideris
821 5197 1064 5268 populum
1096 5198 1245 5252 istum
1282 5198 1575 5269 subjectum,
1618 5199 1671 5256 id

114 5295 203 5349 est.
228 5289 268 5342 si
291 5292 415 5346 mihi
444 5307 563 5346 eum
612 5288 867 5345 tradendo
911 5288 1223 5358 subjeceris,
1255 5290 1582 5344 anathemabo
1607 5291 1673 5344 il-

117 5374 209 5432 lum
222 5393 262 5436 et
280 5386 493 5440 civitates
508 5387 632 5457 ejus.
664 5384 757 5439 llic
786 5382 1069 5438 videndum
1096 5390 1195 5447 est,
1228 5384 1493 5452 quomodo
1520 5384 1670 5438 dica-

119 5478 192 5525 tur
215 5479 552 5543 anathemabo,
576 5476 715 5548 quod
737 5484 977 5540 vovetur,
995 5483 1050 5531 et
1070 5483 1244 5529 tamen
1269 5490 1363 5545 pro
1387 5476 1670 5530 maledicto

118 5568 325 5638 ponitur,
351 5573 488 5628 sicut
507 5579 562 5628 et
576 5562 766 5627 deisto
790 5568 987 5641 populo
1010 5568 1203 5625 dicitur
1224 5586 1237 5622 :
1262 5567 1402 5624 unde
1422 5567 1551 5623 illud
1566 5576 1668 5638 est,

175 5766 337 5838 ’Editi,
357 5780 532 5828 autem.
572 5781 679 5827 Mss.
703 5785 843 5840 vero,
865 5773 1024 5839 eratin.
1050 5775 1189 5843 iuxta
1209 5788 1440 5843 ﬂmm-
1504 5755 1635 5849 ,Ὕί

1385 275 1587 337 LIBER
1624 277 1971 351 QUARTUS.
2007 272 2013 279 ’

1770 399 1952 469 Siquis
1970 401 2106 457 vobis
2121 402 2529 474 euangelizaverit
2558 415 2889 482 praeterquam
2908 412 3043 482 quod
3061 399 3346 487 accepistis,

1768 495 2037 548 anathema
2063 495 2128 549 sit
2152 493 2343 570 (Galat.
2373 514 2410 563 ι,
2434 497 2511 570 9).
2546 499 2677 555 Ilinc
2703 502 2859 585 vplgo
2897 502 3111 560 ductum
3148 515 3251 572 est,
3293 517 3356 563 ut

1767 587 2033 643 devotatio
2070 589 2274 644 dicatur
2301 606 2315 644 :
2348 605 2468 645 nam
2511 592 2763 650 devotare
2789 610 2849 651 se
2876 611 3215 669 quemquam,
3255 615 3353 656 ne-

1767 696 1857 737 mo
1886 682 1995 737 fere
2024 681 2169 747 dicit,
2193 683 2295 738 nisi
2324 684 2667 742 maledicens.

1838 772 1974 828 XLI.
2008 770 2105 846 [Ib.
2136 790 2247 841 nl,
2279 773 2357 847 5.]
2402 775 2467 830 Et
2509 779 2847 835 anathemavit
2873 796 2986 837 eum
3017 791 3065 837 et
3106 783 3365 841 civitatem

1768 863 1877 929 eius
1904 878 1925 917 :
1950 873 1999 917 et
2024 875 2251 919 vocatum
2276 873 2349 920 est
2384 883 2561 922 nomen
2591 868 2691 924 loci
2726 871 2863 926 illius
2890 871 3191 927 Anathema.
3221 873 3324 929 Ilin
3343 894 3370 928 (ς

1768 954 1985 1010 ductum
2013 963 2097 1012 est
2124 964 2182 1011 ut
2207 956 2509 1024 anathema,
2539 958 2849 1016 detestabile
2884 962 3082 1033 aliquid
3129 972 3185 1019 et
3220 964 3353 1020 abo—

1766 1047 2019 1104 minabile
2047 1047 2303 1103 videatur.
2333 1048 2399 1106 Ut
2424 1051 2568 1106 enim
2594 1050 2722 1106 nihil
2762 1051 2886 1108 inde
2914 1054 3079 1109 victor
3120 1054 3173 1110 in
3218 1068 3346 1111 usus

1768 1153 1895 1196 suos
1919 1141 2169 1205 auferret,
2198 1141 2290 1197 sed
2319 1150 2485 1198 totum
2517 1143 2568 1198 in
2600 1159 2810 1214 pmnam
2837 1145 3083 1202 luendam
3112 1156 3352 1212 voveret,

1770 1230 1874 1287 hoc
1914 1242 2030 1287 erat
2071 1233 2433 1298 anathemare,
2475 1234 2616 1301 quod
2646 1235 2803 1306 vvlgo
2830 1235 3023 1291 dicitur
3075 1236 3349 1292 devotare.

1770 1324 1931 1398 Origo
1954 1334 2131 1382 autem
2164 1326 2319 1397 hujus
2362 1327 2508 1383 verbi
2538 1337 2618 1382 est
2648 1327 2700 1383 in
2726 1343 2899 1399 graeca
2948 1330 3121 1400 lingua
3161 1329 3229 1384 ab
3272 1329 3355 1384 his

1769 1419 1950 1485 rebus,
1979 1435 2098 1491 qua).
2123 1429 2260 1474 vota:
2299 1427 2353 1473 et
2393 1420 2701 1489 persolutae,
2733 1419 2833 1475 hoc
2859 1428 2959 1486 est,
2987 1434 3261 1491 promissa:
3303 1428 3359 1474 et

1770 1510 2011 1576 redditae,
2031 1526 2239 1565 sursum
2267 1510 2665 1580 ponebanturin
2683 1511 2913 1582 templis,
2936 1515 3033 1566 ἀπὸ
3054 1522 3135 1568 τοῦ
3161 1518 3256 1564 ἄνω
3278 1535 3354 1565 τι·

1768 1612 1896 1657 θέναι
1928 1620 1940 1657 :
1972 1602 2073 1658 hoc
2102 1610 2203 1668 est,
2240 1617 2451 1657 sursum
2495 1617 2712 1672 ponere,
2742 1602 2824 1657 vel
2853 1601 3081 1673 ﬁgendo,
3126 1604 3208 1659 vel
3235 1618 3356 1658 sus-

1770 1695 2076 1767 pendendo.

1844 1789 1997 1845 XLII.
2025 1786 2124 1861 [lb.
2144 1802 2252 1855 xxx,
2273 1789 2357 1853 15,
2387 1786 2497 1861 LL]
2521 1788 2575 1842 In
2592 1787 2781 1844 itinere
2798 1788 3025 1844 ﬁliorum
3049 1786 3232 1855 Israel,
3252 1802 3357 1859 quo

1770 1891 1940 1936 castra
1965 1881 2363 1950 promovebant,
2381 1889 2538 1951 atque
2559 1880 2843 1950 ponebant,
2863 1880 3002 1936 inter
3018 1890 3209 1936 caatera
3229 1881 3359 1936 scri-

1770 1984 1918 2043 ptum
1948 1981 2048 2040 est,
2082 1971 2148 2025 Et
2174 1973 2291 2026 inde
2314 1981 2480 2027 castra
2512 1973 2878 2027 collocaverunt
2906 1982 3045 2027 trans
3086 1973 3260 2027 Arnon
3299 1972 3353 2026 in

1771 2082 1934 2120 eremo
1960 2066 2000 2131 ί,
2018 2064 2152 2135 quod
2162 2073 2322 2119 exstat
2338 2081 2368 2117 a
2395 2064 2633 2118 limitibus
2651 2064 3079 2119 Amorrhteorum.
3102 2061 3190 2118 Est
3216 2065 3350 2118 enim

1772 2157 1946 2211 Arnen
1963 2157 2100 2211 limes
2113 2155 2265 2210 Moab
2276 2159 2296 2188 ³
2314 2156 2442 2210 inter
2456 2156 2605 2210 Moab
2622 2166 2667 2210 et
2683 2158 2812 2211 inter
2832 2158 3197 2211 Amorrhwum.
3219 2155 3356 2210 Pro-

1774 2261 1941 2318 pterea
1956 2250 2140 2303 dicitur
2158 2250 2210 2302 in
2230 2249 2375 2314 libro,
2396 2246 2592 2303 Bellum
2612 2247 2815 2303 Domini
2832 2247 2971 2303 Zoob
2997 2248 3352 2319 inﬂammavit,

1773 2350 1821 2394 et
1837 2349 2076 2394 torrentes
2098 2342 2289 2404 Arnon,
2304 2350 2351 2394 et
2364 2349 2605 2395 torrentes
2615 2340 2867 2395 constituit
2879 2339 3158 2393 inhabitare
3170 2338 3264 2393 Er.
3291 2338 3349 2393 In

1771 2446 1877 2503 quo
1906 2432 2041 2487 libro
2070 2431 2172 2485 hoc
2196 2431 2449 2501 scriptum
2475 2430 2564 2497 sit,
2584 2446 2688 2486 non
2713 2431 3165 2495 commemoravit,
3184 2443 3360 2500 neque

1772 2523 1912 2578 ullus
1933 2533 2015 2578 est
2044 2524 2094 2576 in
2118 2523 2203 2576 his
2229 2537 2363 2593 quos
2389 2522 2581 2577 divina:
2620 2522 2908 2592 Scriptura:
2950 2523 3233 2578 canonicos
3256 2538 3357 2592 ap-

1772 2615 2054 2686 pellamus.
2088 2614 2162 2668 De
2189 2614 2380 2668 talibus
2408 2613 2716 2669 occasiones
2753 2613 3041 2683 reperiunt,
3068 2614 3157 2684 qui
3194 2614 3358 2670 libros

1772 2706 2107 2776 apocryphos
2134 2707 2463 2762 incautorum
2487 2706 2703 2761 auribus
2730 2715 2785 2761 et
2810 2707 3140 2762 curiosorum
3170 2721 3359 2763 cenam

1772 2808 1859 2854 tur
1890 2802 2143 2865 inserere,
2184 2798 2249 2855 ad
2288 2798 2679 2869 persuadendas
2720 2798 2985 2853 fabulosas
3036 2798 3355 2869 impietates.

1773 2891 1880 2947 Sed
1910 2891 1995 2946 hic
2018 2890 2214 2945 dictum
2245 2900 2328 2945 est
2369 2890 2619 2960 scriptum
2651 2890 2703 2945 in
2733 2889 2889 2954 libro,
2922 2905 3025 2944 non
3051 2890 3247 2946 dictum
3277 2899 3361 2946 est

1772 2984 1830 3039 in
1853 2983 2007 3053 cujus
2039 2982 2308 3053 prophetas
2334 2982 2419 3037 vel
2447 2980 2760 3052 patriarchae
2785 2991 2971 3036 sancto
2998 2981 3153 3037 libro.
3175 2980 3359 3052 Neque

1773 3076 2074 3149 negandum
2125 3084 2208 3131 est
2248 3074 2410 3130 fuisse
2452 3075 2562 3144 jam
2585 3074 2745 3130 libros
2796 3075 2909 3129 sive
2953 3073 3357 3141 Chaldaeorum,

1773 3172 1913 3227 unde
1936 3186 2184 3242 egressus
2210 3178 2292 3225 est
2323 3167 2621 3233 Abraham;
2670 3167 2786 3223 sive
2834 3165 3226 3239 Egyptiorum,
3270 3165 3359 3222 ubi

1775 3263 2032 3318 didicerat
2054 3262 2262 3332 Moyses
2287 3276 2497 3315 omnem
2529 3260 2738 3314 illorum
2768 3259 3114 3329 sapientiam;
3145 3259 3256 3314 sive
3269 3273 3358 3315 cu-

1771 3353 1964 3423 jusque
1988 3352 2162 3422 gcntis
2190 3352 2430 3417 alterius,
2454 3352 2506 3405 in
2537 3365 2761 3420 quorum
2788 3348 3043 3404 librorum
3072 3349 3250 3420 aliquo
3274 3363 3360 3420 po-

1777 3446 1874 3499 tuit
1901 3445 2003 3499 hoc
2027 3459 2145 3499 esse
2172 3446 2427 3514 scriptum
2462 3461 2474 3496 :
2506 3442 2595 3513 qui
2627 3450 2800 3497 tamen
2831 3455 2935 3495 non
2960 3439 3081 3495 ideo
3110 3440 3178 3495 sit
3208 3455 3359 3497 assu-

1778 3538 2003 3593 mendos
2033 3536 2087 3592 in
2111 3551 2201 3592 eas
2226 3536 2527 3607 Scripturas
2550 3534 2740 3605 quibus
2760 3533 2935 3587 divina
2956 3532 3359 3589 commendatur

1775 3631 2091 3695 auctoritas;
2123 3631 2259 3685 sicut
2301 3644 2400 3684 nec
2442 3626 2697 3697 pr0pheta
2737 3626 2825 3680 ille
2865 3624 3156 3693 Cretensis,
3206 3623 3358 3694 cujus

1776 3723 2100 3778 mentionem
2147 3720 2271 3774 facit
2313 3718 2599 3789 Apostolus
2644 3715 2769 3787 (Tit.
2802 3715 2983 3786 “12);
3015 3730 3115 3771 nec
3140 3714 3357 3771 (ἓτερο-

1775 3830 1892 3869 rum
1937 3813 2222 3881 scriptores
2264 3811 2346 3866 vel
2393 3809 2685 3880 philosophi
2716 3809 2798 3863 vel
2830 3818 3025 3879 poclm,
3057 3822 3190 3879 quos
3215 3807 3357 3864 idem

1776 3907 1891 3977 ipse
1916 3906 2184 3976 apostolus
2208 3918 2453 3973 magnum
2471 3916 2599 3957 sane
2622 3900 2817 3971 aliquid
2839 3900 3158 3955 etveraciter
3179 3916 3359 3970 prom-

1776 4011 1925 4073 ptum
1961 3997 2029 4053 ad
2073 3997 2424 4053 Athenienses
2468 3994 2724 4064 loquens,
2773 3992 2969 4047 dixisse
3023 3992 3347 4047 conﬁrmat:

1776 4093 1840 4147 In
1868 4093 1958 4147 illo
1984 4092 2114 4145 enim
2158 4090 2385 4153 vivimus,
2409 4100 2453 4141 et
2486 4102 2759 4150 movemur,
2791 4096 2836 4140 et
2856 4102 3025 4140 sumus
3060 4085 3197 4154 (Act.
3223 4100 3353 4150 xv",

1773 4185 1889 4255 28).
1913 4184 2060 4239 Licet
2087 4181 2224 4238 enim
2252 4180 2444 4236 divina:
2460 4177 2755 4234 auctoritati
2778 4176 2917 4231 unde
2941 4176 3187 4241 voluerit,
3214 4176 3354 4245 quod

1774 4290 1960 4331 verum
1992 4272 2271 4338 invenerit,
2304 4269 2662 4326 testimonium
2700 4282 2940 4335 sumere;
2968 4265 3058 4320 sed
3092 4281 3194 4319 non
3236 4266 3356 4322 ideo

1775 4367 1951 4423 omnia
1981 4381 2099 4436 qua:
2125 4364 2196 4418 ibi
2223 4361 2419 4430 scripta
2441 4366 2582 4421 sunt,
2604 4355 2907 4426 accipienda
2932 4355 3226 4410 conlirmat.
3250 4355 3355 4411 Cur

1774 4469 1952 4517 autem
1973 4461 2074 4514 hoc
2094 4458 2197 4512 isto
2216 4460 2684 4512 commemoratum
2709 4450 2926 4514 sitloco,
2952 4462 3056 4503 non
3084 4448 3355 4504 evidenter

1774 4559 2022 4624 apparet;
2072 4548 2174 4603 nisi
2220 4547 2374 4609 forte,
2420 4553 2479 4599 ut
2515 4544 2650 4598 lines
2674 4542 2780 4596 illic
2826 4540 2964 4596 inter
3005 4540 3136 4595 duas
3168 4548 3354 4611 gentes

1773 4644 2241 4705 constituerentur,
2272 4637 2413 4691 bello
2439 4644 2611 4691 actum
2656 4642 2757 4695 est,
2806 4631 2945 4702 quod
2987 4632 3183 4687 bellum
3212 4631 3355 4700 ejus-

1774 4737 1895 4792 dem
1932 4734 2035 4790 loci
2067 4732 2306 4787 homines
2334 4737 2549 4799 propter
2576 4723 3009 4795 magnitudinem,
3032 4723 3230 4778 bellum
3256 4724 3357 4779 Do"

1776 4828 1903 4884 mini
1936 4840 2054 4881 esse
2082 4823 2347 4888 dixerunt,
2376 4829 2434 4875 ut
2480 4818 2802 4873 scriberetur
2849 4815 2903 4869 in
2948 4814 3123 4885 aliquo
3167 4830 3352 4870 eorum

1773 4921 1932 4985 libro,
1960 4916 2159 4972 Bellum
2184 4911 2393 4967 Domini
2426 4908 2564 4964 Zoob
2586 4906 2915 4978 inﬂammavit
2948 4921 2966 4959 :
2993 4905 3132 4975 quod
3159 4906 3241 4959 vel
3270 4919 3355 4958 ar-

1774 5016 1899 5071 serit
1932 5012 2120 5069 eodcm
2149 5009 2289 5066 bello
2314 5008 2411 5063 ista
2444 5005 2655 5070 civitas,
2683 5013 2773 5059 aut
2796 5001 2862 5057 ad
2892 4998 3230 5071 pugnandum
3273 4997 3355 5050 in.
3408 5056 3414 5071 ἱ
3442 5032 3443 5035 η

1774 5108 2042 5163 ﬂammata
2078 5104 2164 5169 sit,
2207 5102 2307 5157 hoc
2349 5108 2452 5161 est,
2503 5098 2749 5162 excitata,
2798 5094 2883 5149 vel
2906 5094 2953 5148 si
2978 5090 3102 5161 quid
3128 5089 3269 5145 aliud
3297 5090 3349 5145 in

1774 5200 2095 5256 obscuritate
2125 5195 2224 5250 loci
2256 5192 2410 5264 hujus
2430 5192 2575 5245 latet.

2448 5280 2548 5335 Hic
2562 5289 2635 5334 est
2661 5287 2836 5348 puteus
2859 5290 3003 5345 quem
3028 5272 3157 5329 dixit
3185 5271 3359 5327 Domi-
3388 5246 3414 5304 ll

1776 5402 1871 5440 nus
1898 5384 1964 5438 ad
1990 5381 2046 5437 Μ
2051 5398 2223 5453 oyseu,
2267 5378 2524 5447 Congrega
2556 5372 2817 5443 populant,
2857 5377 2902 5421 et
2922 5365 3050 5420 dabo
3074 5367 3145 5419 eis
3172 5377 3356 5434 aquam

1840 5524 1855 5555 ί
1880 5520 2079 5571 Codices
2100 5527 2270 5567 omnes
2290 5512 2369 5561 hic
2404 5508 2644 5571 ferebant,
2670 5504 2721 5555 in
2742 5513 2934 5571 {ternm
2960 5514 2978 5553 :
3001 5506 3224 5564 corrupte
3248 5511 3357 5563 pro,

1774 5584 1826 5636 in
1845 5566 2127 5643 erremofuti
2148 5590 2212 5626 ex
2236 5581 2345 5643 LXX
2367 5579 2418 5623 et.
2441 5585 2505 5621 ex
2522 5569 2725 5643 yulgata
2747 5566 2916 5643 liquet.

1838 5623 2261 5695 'v'o'uiittunt
2281 5636 2377 5695 hic,
2410 5630 2576 5692 Moab;
2606 5623 2753 5694 atque
2790 5623 2912 5695 intra
2950 5640 3038 5690 pro
3065 5623 3205 5695 Zoob,
3243 5635 3359 5695 oon-

1774 5691 2181 5765 stanter'habent,
2195 5697 2330 5753 Moab
2346 5691 2488 5764 {quae
2511 5691 3009 5747 errata'emeudantur
3021 5703 3083 5740 ex
3095 5694 3199 5738 Mss.
3227 5692 3279 5737 et
3295 5696 3359 5737 ex

1678 5918 1689 5924 ο
1709 5904 1784 5923 οἳ.)

3405 5068 3441 5112 επ

3388 5119 3435 5167 ίᾳ

3424 5260 3429 5267 ι

3412 5298 3424 5311 κ
