1931 3177
952 106 1076 119 ,φη-μ-..η

482 154 509 161 ν(

242 181 295 212 755

245 237 449 267 celebrationem
467 234 584 263 Iudaicae
598 231 797 261 consuetudinis
816 229 902 257 honor
920 235 1033 262 evange-

244 285 313 312 licus
326 283 430 311 claruit.
445 281 479 308 Et
491 281 685 315 eribsgnagoga:
705 278 815 312 ﬁliorum
829 275 911 302 Israel
932 274 959 301 in
970 282 1032 301 con-

243 330 416 358 cenationem.
441 328 512 362 Aqua
532 325 691 361 aspersionis,
710 322 852 358 puriﬁcatio
874 325 919 348 est.
938 320 1034 347 Postea

244 375 362 403 declarat
374 373 478 409 plenius
492 371 713 408 quemadmodum
726 377 759 397 ex
772 369 823 396 isto
842 368 932 395 cinere
953 366 1034 394 [lebat

244 428 312 456 aqua
326 419 498 455 aspersionis,
511 417 582 445 unde
593 415 788 444 mundabantur
797 422 811 441 a
822 417 945 442 contactu
959 419 1033 440 mor-

245 470 371 497 tuorum;
393 464 463 500 quod
478 464 569 498 utique
589 462 719 497 signiﬁcat
740 460 775 488 ab
797 459 933 495 iniquitate
957 457 1034 493 hujus

245 510 410 538 moribundae
429 509 471 537 vel
485 508 632 537 morticinae
647 506 718 534 vitaz.

281 555 334 584 Sed
353 555 449 583 mirum
471 559 513 582 est
530 553 601 589 quod
618 552 757 588 sequitur:
773 551 807 578 Et
820 551 862 586 qui
876 553 1012 585 congregat
1026 570 1034 583 ,

247 603 342 639 inquit,
356 603 463 630 cinerem
471 602 596 638 juventae,
612 599 704 627 lavabit
716 599 860 626 uestimenta
872 605 935 629 sua;
948 601 971 623 et
989 596 1036 622 im-

247 649 358 677 mundus
377 649 423 675 erit
436 656 512 683 usque
521 647 554 674 ad
566 654 704 682 vesperam.
727 644 865 679 Quomodo
878 643 929 671 erit
942 651 974 671 ex
987 642 1037 670 hoc

249 694 411 727 immundus,
426 693 472 729 qui
485 692 600 720 mundus
612 695 778 723 accesserat;
792 690 843 717 nisi
854 690 913 725 quia
927 693 953 716 et
965 688 982 715 ii
993 688 1037 723 qui

248 741 299 768 sibi
313 740 435 768 videntur
449 738 550 771 mundi,
571 738 598 765 in
612 738 663 765 [ide
678 737 828 764 Christiana
848 744 877 763 se
891 738 1039 770 agnoscunt

248 787 310 822 quia
323 792 417 814 omnes
428 788 605 821 peccaverunt
617 788 644 811 et
665 786 745 818 egent
757 781 840 818 gloria
863 781 919 812 Dei,
942 779 1038 815 justill—

248 832 301 859 cati
313 831 395 866 gratis
415 838 464 865 per
483 829 639 865 sanguinem
655 828 738 863 ipsius
753 828 840 863 (Rom.
856 835 894 859 In,
909 826 953 858 25,
969 825 1014 861 24)
1028 825 1039 852 ?

251 877 327 905 Hunc
348 881 436 904 tamen
455 876 613 903 vestimenta
626 882 673 901 sua
695 874 783 901 lavare
796 873 872 905 dixit,
889 879 941 899 non
960 872 1039 899 etiam

249 930 347 958 corpus
362 930 459 955 suum;
483 921 573 953 credo,
596 920 667 956 quod
688 919 759 947 illius
778 918 876 946 cineris
895 924 1041 952 congrega-

251 969 325 996 tione
341 973 368 996 et
383 967 543 1004 repositione
555 967 581 994 in
595 966 654 994 loco
668 965 778 998 mundo,
792 964 813 992 si
826 964 883 991 ha-e
897 962 1041 999 spirituali-

251 1019 293 1042 ter
307 1014 495 1050 intelligantur,
509 1013 564 1048 jam
581 1011 740 1039 intrinsecus
761 1010 817 1037 vult
836 1009 945 1043 intelligi
960 1007 1042 1035 fuisse

253 1059 409 1088 mundatum
426 1068 432 1086 :
449 1059 517 1087 sicut
531 1057 670 1086 Cornelius
681 1056 792 1084 audiens
806 1059 833 1083 et
845 1054 958 1095 credens
970 1052 1042 1089 quod

253 1106 443 1143 prmdicaverat
457 1105 560 1138 Petrus,
576 1105 612 1131 ita
628 1102 769 1130 mundatus
784 1106 834 1134 est,
853 1105 882 1128 ut
896 1104 957 1128 ante
976 1099 1041 1127 visi-

254 1153 335 1181 bilem
356 1152 529 1187 Baptismum,
549 1158 609 1178 cum
622 1149 676 1177 suis
697 1149 742 1183 qui
762 1147 891 1180 aderant,
911 1146 1044 1181 acciperet

254 1198 353 1226 donum
365 1197 478 1232 Spiritus
491 1196 592 1228 sancti;
612 1198 795 1222 verumtamen
815 1200 866 1220 nec
878 1192 981 1219 visibile
993 1190 1044 1219 Sa-

255 1247 419 1271 cramentum
433 1241 567 1269 contemni
580 1241 666 1276 potuit
676 1239 744 1275 (Act.
757 1246 785 1273 ι,
799 1237 906 1273 44-48),
926 1243 955 1265 ιιι
967 1237 1043 1264 ablu-

255 1294 297 1317 tus
317 1289 395 1317 etiam
418 1288 586 1316 extrinsecus
605 1288 613 1303 ¹
628 1287 728 1314 lavaret
748 1284 943 1321 quodammodo
965 1284 1046 1311 vesti.

254 1338 343 1361 menta
363 1340 421 1361 sua.
439 1332 471 1359 Et
488 1333 546 1365 erit,
570 1332 664 1367 inquit,
687 1331 748 1366 ﬁliis
763 1330 855 1363 Israel,
869 1334 893 1357 et
913 1329 1045 1365 proselytis

254 1380 296 1414 qui
310 1383 479 1415 apponuntur,
490 1378 625 1413 legitimum
639 1382 769 1404 aeternum.
785 1376 854 1410 Quid
871 1374 942 1402 aliud
956 1379 1046 1403 osten-

255 1424 304 1458 dit,
322 1425 372 1452 nisi
393 1424 552 1459 baptismum
573 1423 682 1456 Christi,
706 1430 785 1458 quem
798 1421 963 1457 signiﬁcabat
977 1428 1045 1455 aqua

255 1469 427 1505 aspersionis,
450 1474 477 1497 et
498 1468 596 1497 Iudaeis
615 1473 642 1496 et
662 1468 792 1496 Gentibus
814 1466 1002 1502 profuturum;
1020 1465 1045 1492 id

255 1519 297 1543 est
316 1514 377 1542 ﬁliis
399 1513 479 1541 Israel
502 1518 530 1541 et
554 1513 709 1549 proselytis,
734 1517 859 1547 tanquam
881 1510 1046 1538 naturalibus

255 1561 336 1588 ramis
346 1564 373 1587 et
387 1560 487 1587 inserto
501 1558 654 1594 pinguedini
666 1558 762 1585 radicis
775 1557 890 1584 oleastro
903 1555 990 1593 (Rom.
1004 1563 1043 1588 ιι,

257 1604 353 1641 16-24)
363 1605 376 1632 ?
388 1605 472 1638 Quem
493 1609 581 1631 autem
594 1610 647 1630 non
662 1602 740 1630 faciat
750 1603 891 1635 intentum,
904 1601 974 1636 quod
987 1605 1047 1636 post

257 1651 418 1679 ablutionem
430 1650 463 1677 de
477 1649 587 1684 singulis
600 1648 748 1683 quibusque
759 1647 865 1679 dicitur,
883 1645 916 1676 Et
934 1646 1044 1672 immun-

257 1697 305 1724 dus
319 1697 364 1724 erit
385 1703 462 1730 usque
474 1695 508 1722 ad
528 1694 676 1730 vesperam?
689 1693 779 1728 Neque
800 1692 843 1719 hic
864 1695 976 1724 tantum,
999 1691 1047 1719 sed

257 1743 284 1771 in
298 1742 431 1774 omnibus,
443 1746 488 1769 aut
501 1749 568 1777 pene
582 1741 607 1768 in
621 1740 745 1768 omnibus
758 1739 856 1767 talibus
868 1738 1047 1766 mundationi-

258 1789 307 1817 bus
321 1790 370 1817 hoc
383 1788 488 1816 dicitur.
502 1787 554 1816 Ubi
566 1787 656 1815 nescio
667 1790 755 1814 utrum
766 1784 864 1820 aliquid
878 1784 949 1812 aliud
964 1784 1047 1819 possit

257 1834 377 1870 intelligi,
402 1833 453 1861 nisi
475 1833 546 1868 quod
567 1832 654 1860 omnis
678 1831 758 1859 homo
781 1834 841 1865 post
861 1829 1046 1857 remissionem

258 1880 438 1916 plenissimam
449 1883 617 1914 peccatorum
631 1876 810 1913 permanendo
822 1876 848 1903 in
859 1875 909 1903 hac
920 1875 972 1902 vita
983 1882 1047 1902 con-

258 1925 339 1953 trahit
352 1924 461 1960 aliquid,
475 1924 546 1952 unde
565 1924 600 1951 sit
613 1922 766 1950 immundus
777 1929 861 1956 usque
872 1921 905 1948 ad
927 1920 1047 1956 ejusdem

259 1972 319 1998 vitae
343 1971 433 2003 ﬁnem,
449 1969 493 1997 ubi
514 1969 538 1997 ei
552 1969 610 1996 dies
625 1968 673 1995 iste
688 1966 884 2003 quodammodo
904 1965 1045 1999 clauditur,

259 2015 330 2050 quod
342 2015 472 2051 signiﬁcat
482 2021 602 2048 vespera.

296 2060 396 2089 Deinde
407 2060 498 2095 incipit
508 2059 643 2093 Scriptura
654 2057 754 2090 dicere,
763 2061 791 2084 et
800 2056 953 2091 exsequitur
960 2063 1048 2091 quem-

259 2106 402 2135 admodum
415 2104 542 2133 immundi
553 2103 615 2131 facti
630 2103 762 2134 homines,
777 2109 844 2136 aqua
860 2101 902 2128 illa
916 2100 1049 2135 aspersio-

260 2154 301 2182 nis
313 2153 485 2189 purilicentur
497 2160 503 2179 :
519 2150 570 2183 Qui
582 2150 700 2185 tetigerit,
713 2148 809 2183 inquit,
820 2151 955 2179 mortuum,
968 2147 1049 2174 omnis

260 2200 345 2227 animo
359 2200 466 2227 honoinis
476 2198 606 2226 immunda
616 2197 662 2224 erit
674 2201 768 2232 septem
782 2194 867 2222 diebus
881 2202 890 2221 :
903 2194 943 2220 hic
956 2193 1048 2228 puriﬁ-

261 2245 358 2272 tabilur
372 2245 413 2272 die
425 2245 496 2272 tertio
509 2248 532 2271 et
546 2243 587 2270 die
600 2243 714 2278 septimo,
730 2245 753 2268 el
766 2240 875 2267 mundus
888 2239 944 2266 erit.
961 2238 994 2265 Et
1007 2238 1050 2265 hic

260 2291 327 2319 nihil
342 2291 413 2318 aliud
427 2288 625 2325 intelligendum
641 2288 729 2320 video,
745 2287 796 2314 nisi
810 2290 962 2314 contactum
976 2291 1050 2311 mor-

262 2337 309 2368 tui,
332 2343 392 2364 esse
405 2335 520 2363 hominis
534 2335 710 2369 iniquitatem.
735 2332 842 2367 Septem
862 2339 927 2358 vero
948 2330 1051 2358 dierum

262 2381 458 2410 immunditiam
471 2385 580 2416 propter
590 2380 705 2407 animam
719 2382 747 2406 et
755 2385 853 2412 corpus
866 2377 963 2404 dictam
977 2380 1051 2411 puto;

262 2429 378 2455 animam
401 2426 428 2454 in
450 2425 577 2458 ternario,
604 2431 701 2459 corpus
721 2423 749 2451 in
773 2422 952 2458 quateruario.
975 2420 1052 2455 Quod

262 2480 345 2509 quare
365 2472 400 2500 ita
423 2471 467 2505 sit,
491 2471 598 2505 longum
614 2474 655 2496 est
668 2469 814 2504 disputare.
834 2467 987 2495 Secundum
1002 2466 1053 2494 hoc

262 2518 377 2547 arbitror
389 2518 488 2546 dictum
508 2524 557 2551 per
570 2515 737 2551 prophetam,
755 2514 787 2541 In
807 2514 885 2541 tribus
905 2518 928 2541 et
945 2518 1054 2549 quatuor

225 2560 236 2570 “
263 2563 431 2600 ἰηιρὶειαιὶὺιὶι
450 2571 500 2590 non
519 2560 669 2588 adversabor
681 2561 691 2576 ¹
712 2559 803 2596 (Amos
825 2566 844 2590 ι,
868 2559 913 2589 5).
930 2557 1055 2593 Adiungit

264 2614 364 2644 autem,
376 2614 405 2638 et
416 2608 489 2640 dicit,
505 2607 535 2636 Si
547 2611 630 2634 autem
644 2614 694 2633 non
708 2605 856 2641 purificatus
866 2604 941 2636 fuerit
953 2603 993 2630 die
1002 2608 1054 2630 ter-

264 2658 299 2684 tio
313 2662 336 2684 et
350 2656 391 2683 die
402 2655 517 2691 septimo,
530 2661 581 2681 non
594 2653 640 2680 erit
652 2652 772 2679 mundus.
794 2649 883 2677 Omnis
896 2650 938 2685 qui
950 2650 1056 2685 tetigerit

264 2707 392 2731 mortuum
405 2701 436 2728 ab
449 2701 517 2728 omni
531 2700 616 2727 animo
636 2698 754 2731 hominis,
773 2701 798 2724 et
810 2700 924 2723 mortuus
935 2695 1019 2730 fuerit,
1033 2699 1056 2722 et

266 2758 317 2777 non
330 2748 404 2784 fuerit
418 2747 567 2783 puri/ionius
578 2753 588 2778 ;
603 2744 630 2772 id
644 2748 685 2772 est
697 2748 759 2771 ante
769 2745 889 2769 mortuus
896 2740 975 2768 luerit
986 2744 1057 2767 tacto

297 2807 306 2822 ι
319 2807 371 2830 Mss.
385 2803 536 2829 Michaelinus
546 2805 572 2827 et
582 2800 717 2830 Beocensis,
729 2805 773 2825 nec
784 2798 873 2825 υἱεὶωιε
884 2799 1059 2823 εαετωηεηιιαη

265 2833 383 2863 conler
392 2834 468 2866 potuit
478 2833 590 2866 calatum,
604 2832 661 2864 quin
672 2831 744 2857 etiam
757 2830 914 2866 extrinsecus,
921 2832 975 2866 etc:

298 2868 308 2882 ε
321 2861 553 2900 editijadpcrsabor.
566 2861 594 2890 at
603 2861 667 2894 uss,
679 2861 805 2889 aversabor
819 2862 906 2894 :juxta
921 2863 986 2890 Lxx,
1000 2864 1059 2891 apo-

266 2895 446 2927 stropham

663 171 895 210 QUESTIONUM
913 171 942 200 S.
961 169 1144 199 AUGUSTINI
1161 171 1194 200 IN
1213 172 1488 203 HEPTATEUCHUM
1855 174 1898 203 756

1087 232 1202 263 mortuo,
1225 238 1304 265 quam
1325 230 1403 258 fuerit
1426 231 1598 266 puriﬁcatus;
1613 230 1835 259 tabernaculum
1849 231 1896 260 Do-

1086 275 1149 302 mini
1169 276 1278 310 palluit:
1300 282 1421 305 exteretur
1434 278 1442 293 ί
1456 278 1540 305 anima
1553 278 1597 305 illa
1613 286 1650 306 ea:
1670 278 1786 305 Israel.
1801 278 1893 307 Notan-

1087 321 1149 348 dum
1163 326 1205 349 est
1225 322 1295 356 quod
1316 323 1469 351 difﬁcillime
1483 324 1613 359 reperitur
1632 325 1668 351 in
1684 323 1736 350 his
1754 323 1836 351 libris
1854 326 1894 353 ali-

1087 366 1149 401 quid
1171 367 1318 395 evidentius
1340 368 1374 396 de
1394 369 1446 396 vita
1469 369 1564 396 anima:
1578 374 1636 405 post
1659 375 1795 397 mortem
1819 370 1892 399 fuisse

1087 414 1277 449 conscriptum.
1301 415 1349 442 Hic
1362 423 1426 450 ergo
1447 423 1507 443 cum
1521 415 1595 449 dicit,
1609 416 1632 443 si
1659 416 1757 443 fuerit
1782 421 1894 445 mortuus

1087 465 1149 488 ante
1163 462 1381 496 puriﬁcationem,
1397 470 1505 490 manere
1519 463 1545 490 in
1565 463 1610 490 illo
1623 462 1854 497 immunditiam,
1872 470 1895 492 et

1088 508 1171 535 exteri
1186 509 1300 536 animam
1314 509 1384 536 illam
1398 517 1431 536 ex
1449 508 1540 542 Israel,
1561 510 1586 537 id
1601 514 1642 538 est
1657 517 1675 536 a
1693 510 1845 537 consortio
1857 518 1895 544 po-

1089 554 1142 589 puli
1164 554 1229 586 Dei;
1246 554 1307 590 quid
1322 555 1393 583 aliud
1415 556 1471 583 vult
1488 555 1607 591 intelligi,
1630 556 1689 583 nisi
1708 563 1831 583 manere
1845 556 1894 583 ani-

1090 607 1140 627 mm
1152 607 1268 635 poenam,
1284 601 1363 628 etiam
1378 605 1437 635 post
1457 605 1582 634 mortem,
1594 601 1617 629 si
1636 608 1710 629 cum
1726 600 1811 634 vivit,
1826 608 1895 628 mun-

1090 645 1149 673 data
1158 653 1211 673 non
1223 646 1301 674 fuerit
1312 651 1479 674 sacramento
1489 647 1549 679 isto,
1562 654 1614 682 quo
1624 646 1739 674 Christi
1753 646 1894 682 baptismus

1091 693 1233 728 ﬁguratur?
1248 693 1374 726 Quoniam
1386 701 1452 729 aqua
1473 693 1635 728 aspersionis,
1659 692 1775 728 inquit,
1801 701 1851 719 non
1866 698 1894 719 eu

1091 740 1288 775 circumaspersa
1299 748 1375 775 super
1384 748 1451 773 eum,
1462 739 1605 766 immundus
1612 743 1650 766 est
1659 746 1673 771 ;
1687 738 1784 765 adhuc
1795 738 1895 765 inunca-

1092 786 1153 812 ditia
1166 786 1220 821 ejus
1232 786 1258 812 in
1276 786 1331 820 ipso
1343 790 1388 812 est.
1413 785 1511 818 Adhuc,
1528 785 1631 812 scilicet
1644 785 1739 812 etiam
1755 788 1821 820 post
1833 791 1895 811 mor-

1093 837 1155 859 tem.
1182 832 1257 866 Quod
1278 839 1341 859 vero
1359 838 1439 867 supra
1459 831 1534 863 dixit,
1558 830 1780 859 Tabernaculum
1803 830 1895 857 Domini

1093 877 1193 913 polluit,
1209 882 1336 912 quantum
1348 877 1376 904 in
1390 877 1446 912 ipso
1456 881 1497 904 est
1510 877 1610 912 utique,
1623 876 1702 904 dixit
1718 885 1726 903 :
1745 876 1822 904 sicut
1835 877 1894 910 Apo-

1093 923 1187 956 stolus,
1211 923 1337 957 Spiritum
1355 924 1432 951 nolite
1445 924 1603 959 exstinguere
1617 922 1767 959 (IThess.
1784 931 1813 956 V,
1837 922 1892 957 l9}:

1093 977 1153 997 cum
1168 970 1298 1005 exstingui
1309 970 1353 997 ille
1366 977 1418 997 non
1430 970 1522 1005 possit.
1538 970 1602 997 Nam
1616 970 1638 997 si
1650 978 1690 998 ex
1707 970 1767 997 hoc
1778 969 1894 996 tabem:-

1094 1017 1181 1044 culum
1207 1017 1371 1045 immundum
1392 1017 1490 1045 factum
1515 1016 1595 1045 vellet
1615 1016 1753 1053 intelligi,
1780 1015 1893 1044 mundari

1095 1059 1184 1093 utique
1195 1059 1309 1093 juberet.

1131 1105 1225 1133 Postea
1239 1112 1302 1132 vero
1316 1104 1466 1132 immundos
1480 1112 1495 1132 a
1511 1105 1622 1132 mortuis
1640 1097 1749 1137 iactcis,
1766 1104 1820 1132 hoc
1834 1108 1870 1131 est
1881 1111 1891 1131 a

1096 1150 1208 1177 mortuis
1230 1150 1364 1184 operibus,
1388 1157 1447 1185 qu:e
1473 1154 1535 1177 sunt
1550 1157 1644 1177 omnes
1663 1149 1845 1185 iniquitates,
1864 1149 1892 1176 ita

1096 1196 1217 1224 mundari
1236 1195 1310 1230 jubet
1330 1195 1385 1223 :Et
1404 1196 1527 1231 accipient
1541 1196 1579 1223 illi
1602 1195 1757 1227 immundo,
1779 1195 1891 1231 inquit,a

1096 1244 1179 1269 cinere
1199 1242 1269 1269 illius
1292 1246 1384 1268 exusta
1408 1241 1606 1276 puriﬁcationis,
1627 1245 1650 1268 et
1664 1240 1809 1274 effundent
1828 1247 1890 1273 super

1097 1287 1178 1320 illum,
1196 1287 1222 1315 id
1236 1291 1276 1314 est
1289 1294 1368 1321 super
1380 1287 1503 1314 eumdem
1516 1286 1643 1318 cinerem,
1661 1294 1768 1321 aquam
1782 1286 1859 1312 uiuam
1871 1285 1889 1310 iu

1098 1341 1155 1360 vase
1169 1341 1178 1359 ς
1191 1338 1213 1359 et
1224 1333 1348 1368 accipiens
1358 1333 1503 1368 hyssopum,
1515 1333 1640 1368 iutingens
1652 1332 1678 1359 in
1692 1340 1768 1367 aqua
1780 1332 1819 1358 uir
1830 1339 1889 1357 ututi-

1098 1378 1155 1411 dus,
1170 1382 1193 1405 et
1205 1378 1434 1413 circumaspergeus
1447 1386 1521 1412 super
1533 1378 1645 1410 domum,
1658 1382 1683 1404 et
1700 1385 1787 1412 super
1798 1384 1862 1407 vasa,
1872 1380 1889 1402 ιι

1097 1432 1174 1459 super
1196 1424 1307 1457 quintus;
1319 1428 1438 1458 quotquot
1453 1424 1545 1459 fuerint
1564 1423 1630 1456 illic,
1651 1427 1673 1450 el
1688 1431 1776 1458 super
1788 1430 1844 1449 eum
1855 1420 1887 1455 qui
1911 1443 1912 1449 η

1099 1469 1205 1504 tetigerit
1216 1477 1243 1495 os
1254 1469 1402 1501 humanum,
1411 1473 1455 1495 aut
1466 1469 1632 1502 vulneratum,
1644 1473 1687 1495 aut
1700 1471 1845 1499 ntortuum,
1854 1470 1888 1492 aut

1099 1518 1303 1546 monumentum;
1321 1519 1345 1541 et
1365 1519 1479 1549 aspergel
1505 1514 1615 1541 mundus
1637 1523 1716 1550 super
1738 1512 1885 1541 immundum

1098 1561 1125 1588 in
1136 1562 1146 1577 ¹
1160 1561 1201 1587 die
1212 1561 1282 1587 tertio
1294 1565 1318 1586 et
1331 1560 1357 1586 in
1371 1560 1411 1586 die
1424 1560 1529 1594 septimo
1545 1568 1554 1586 :
1568 1564 1590 1586 cl
1606 1559 1791 1595 puriﬁcabitur
1804 1558 1843 1584 die
1854 1565 1886 1583 te-

1099 1608 1187 1644 ptimo,
1207 1612 1231 1635 et
1251 1607 1341 1634 lavabit
1355 1607 1499 1634 vestimenta
1521 1614 1577 1640 sua,
1591 1611 1615 1633 et
1630 1605 1762 1633 iuvabitur
1783 1612 1855 1640 aqua,
1867 1606 1884 1628 et

1098 1653 1243 1681 immundus
1252 1653 1297 1679 erit
1309 1661 1387 1688 usque
1397 1651 1432 1679 ad
1444 1659 1581 1687 uesperam.
1597 1651 1654 1678 Alia
1667 1655 1708 1678 es:
1721 1658 1795 1685 aqua
1808 1654 1885 1683 asper-

1099 1699 1192 1732 sionis,
1211 1702 1238 1725 et
1251 1698 1302 1725 alia
1317 1698 1407 1733 utique
1421 1697 1465 1724 illa
1482 1704 1533 1732 qua
1548 1696 1645 1723 lavabit
1661 1696 1826 1723 vestimenta
1838 1700 1882 1720 sua.

1100 1744 1133 1772 Et
1148 1744 1272 1771 lambitur
1291 1753 1367 1778 aqua,
1384 1751 1461 1778 quam
1478 1747 1541 1778 puto
1555 1742 1718 1777 spiritualem
1741 1740 1882 1775 intelligen-

1099 1789 1175 1822 dam,
1201 1797 1248 1823 per
1272 1785 1507 1823 signiﬁcationem:
1535 1795 1587 1815 non
1611 1795 1659 1822 per
1684 1787 1879 1822 proprietatem.

1098 1835 1164 1863 Nam
1184 1835 1241 1862 sine
1256 1834 1337 1861 dubio
1351 1834 1461 1861 visibilis
1481 1837 1547 1866 erat,
1563 1833 1631 1860 sicut
1652 1833 1702 1859 illa:
1718 1839 1822 1859 omnes
1839 1837 1882 1857 um-

1101 1882 1154 1910 bra:
1182 1881 1339 1909 futurorum.
1364 1879 1477 1907 Proinde
1500 1879 1545 1914 qui
1569 1885 1740 1905 sacramento
1766 1875 1881 1913 Baptismi

1099 1932 1171 1956 recte
1183 1927 1308 1958 abluitur,
1320 1925 1390 1961 quod
1404 1925 1448 1953 illa
1462 1924 1624 1960 aspersionis
1633 1932 1701 1959 aqua
1713 1923 1879 1958 ﬁgurabalur,

1099 1974 1241 2002 mundatur
1260 1978 1287 2001 et
1305 1972 1488 2008 spiritualiter,
1505 1971 1531 1998 id
1552 1975 1593 1998 cst
1614 1969 1796 2004 invisibiliter,
1821 1974 1845 1997 ct
1862 1969 1879 1995 in

1100 2030 1180 2050 carne
1199 2025 1226 2048 et
1240 2020 1267 2047 in
1289 2019 1387 2050 anima,
1403 2022 1432 2045 ut
1446 2018 1481 2045 sit
1495 2017 1608 2045 mundus
1621 2021 1648 2045 et
1662 2024 1778 2052 corpore
1791 2021 1818 2044 et
1835 2015 1878 2050 spi-

1101 2067 1163 2094 ritu.
1189 2065 1264 2100 Quod
1290 2071 1353 2092 vero
1378 2063 1493 2099 hyssopo
1514 2062 1581 2089 dixit
1610 2069 1704 2097 aquam
1728 2059 1877 2096 aspersiom's

1100 2112 1216 2147 aspergi,
1232 2118 1283 2146 qua
1306 2109 1387 2137 herba
1409 2115 1489 2143 supra
1504 2107 1619 2134 diximus
1633 2106 1711 2134 fidem
1726 2104 1876 2141 signiﬁcari;

1101 2158 1163 2193 quid
1174 2156 1243 2184 aliud
1257 2155 1382 2186 occurrit,
1394 2154 1444 2181 nisi
1456 2153 1527 2188 quod
1540 2153 1665 2187 scriptum
1674 2156 1724 2185 est,
1740 2151 1806 2179 Fide
1814 2158 1876 2178 mun-

1102 2205 1165 2231 dans
1186 2203 1261 2229 tarda
1283 2210 1367 2229 eorum
1386 2201 1458 2235 (ΑΝ.
1478 2207 1524 2233 xv,
1541 2198 1597 2234 9)?
1615 2199 1672 2226 Non
1698 2199 1769 2226 enim
1784 2195 1878 2232 prodest

1103 2249 1262 2283 Baptismus,
1284 2248 1304 2273 si
1321 2246 1388 2272 desit
1411 2245 1485 2272 ﬁdes.
1502 2246 1522 2271 A
1537 2245 1594 2271 viro
1607 2248 1693 2271 autem
1714 2237 1877 2283 πιθηκιοἭ

1103 2297 1152 2322 hoc
1168 2294 1233 2326 ﬁeri,
1259 2293 1301 2320 ubi
1321 2291 1502 2327 signiﬁcantur
1517 2290 1628 2317 ministri
1652 2285 1876 2327 portantcs‘ﬂ
1909 2295 1911 2327 μ

1104 2349 1163 2368 nam
1180 2338 1282 2367 Domini
1297 2339 1347 2371 sui,
1372 2337 1415 2371 qui
1429 2344 1491 2363 vere
1507 2336 1546 2362 vir
1564 2335 1678 2362 mundus
1693 2338 1735 2362 est
1745 2322 1875 2371 Ψ,

1104 2388 1137 2415 de
1146 2388 1186 2414 his
1199 2385 1326 2413 ministris
1337 2385 1362 2410 in
1374 2380 1676 2416 consequentibusdicit,
1688 2379 1782 2417 διῇξε

1105 2438 1218 2468 asperge!
1233 2439 1323 2465 ttqttaut
1339 2427 1499 2462 nspersionis,
1524 2426 1616 2453 Iurabit
1630 2426 1749 2468 eum

1105 2486 1153 2513 est,
1175 2477 1324 2507 obscrmbit
1345 2480 1371 2502 ct
1391 2482 1502 2509 corpore
1515 2472 1535 2500 ³⁵.
1558 2473 1591 2500 Et
1612 2471 1655 2509 qui
1674 2471 1732 2513 η

1617 2522 1620 2526 ι
1646 2515 1704 2533 "Mr:

1138 2550 1146 2585 ξ
1158 2547 1226 2585 mliti,
1236 2542 1430 2570 extenuatabitur
1440 2544 1562 2573 ;excepto

1106 2581 1236 2605 caleretur.
1509 2602 1516 2605 Α
1532 2601 1538 2605 _
1632 2581 1653 2605 ’ν
1667 2581 1705 2605 με

1138 2601 1218 2633 ἶΕἶῙίῐὶ
1230 2610 1255 2631 et
1267 2606 1357 2636 aliquot
1369 2608 1420 2629 Mss.
1433 2606 1487 2636 post
1502 2601 1608 2636 Ῑιάςκςα

1107 2641 1226 2671 proximo,
1237 2637 1278 2671 Dic
1290 2633 1390 2671 tertiqel
1402 2633 1663 2671 in

1106 2663 1225 2697 detractis"
1234 2668 1345 2693 videlicet
1358 2665 1508 2691 intermediis

1107 2709 1169 2735 quos
1177 2700 1326 2735 restituinms
1337 2704 1384 2734 ope
1401 2700 1613 2735 veterani

1108 2729 1157 2762 ﬁci,
1170 2736 1195 2757 et
1205 2729 1378 2758 Cisterciensis,
1390 2733 1488 2762 necnon
1495 2729 1609 2762 tum

1109 2758 1157 2796 gati
1170 2764 1194 2787 in
1206 2758 1596 2796 (animout.isuper‘lipistlm

1141 2795 1151 2810 ³
1163 2798 1187 2818 In
1199 2798 1294 2818 cxcusns
1307 2798 1313 2815 :
1335 2791 1457 2815 Portaan

1110 2826 1212 2851 mundus
1223 2827 1265 2849 est.
1279 2825 1314 2846 At.
1327 2822 1351 2846 in
1361 2825 1423 2850 Mss,
1437 2820 1577 2852 parm

1112 2841 1212 2859 ,ηιμ-...τυ
1223 2841 1265 2849 νυ..
1279 2841 1314 2846 ..-.
1327 2841 1351 2846 ._.
1361 2841 1423 2850 ...__,
1437 2841 1489 2852 Γ-..
1538 2841 1559 2862 ἦ

1112 2863 1164 2882 vere
1176 2862 1211 2889 tur
1223 2854 1326 2889 mundus
1336 2854 1380 2889 est.
1409 2883 1418 2889 Δ

1143 2888 1154 2903 δ
1166 2888 1200 2911 sic
1212 2890 1263 2910 uss.
1278 2887 1304 2908 Al
1315 2882 1383 2914 editi,
1393 2883 1418 2909 et
1428 2882 1528 2916 eam?

1911 1926 1912 1982 ι

1908 2255 1910 2284 ι

1911 1926 1912 1982 i

1908 2255 1910 2284 ι

1794 2237 1885 2345 ἓ,
1906 2236 1912 2345 .‘i

1671 2345 1678 2362 ἱ
1693 2345 1735 2362 ρει
1745 2345 1780 2362 Τ

1671 2345 1912 2489 al

1580 2539 1672 2585 μιν

1911 2674 1912 2690 i

1458 2690 1881 2831 nim
1911 2711 1912 2715 Ἴ

1457 2733 1484 2752 on
1520 2754 1521 2758 η

1457 2758 1501 2782 ιίςιι

1457 2821 1490 2831 ΑΔ.
1535 2819 1537 2822 ⁴
1911 2808 1912 2831 i

1408 2838 1423 2850 .,
1437 2831 1480 2852 pur

1408 2831 1912 3151 Ἡ

1812 2937 1825 2956 I
