1931 3392
501 145 541 152 ιη»
559 145 574 153 -ι

56 148 102 177 751
463 146 474 171 t.
498 146 575 172 :':'.;

55 204 211 242 apertionis,
225 205 372 232 immundus
384 204 431 233 erit
441 211 520 241 tuque
531 205 566 232 ad
577 212 715 240 vesperam.
726 204 762 232 Et
771 213 844 233 omne

55 251 224 287 quodcumque
234 251 345 286 tetigerit
359 250 425 278 illud
435 251 589 283 immndus,
603 250 761 278 immundum
774 251 822 278 erit
834 258 844 278 .-

55 302 76 325 et
87 297 171 324 aniina
181 304 240 332 qua
249 296 365 332 tetigerit,
378 296 509 324 immunda
517 296 564 324 erit
575 304 653 332 usque
663 296 697 323 ad
704 304 842 332 uesperam.

54 343 108 373 iam
129 342 185 371 dixi
207 343 333 378 superius
354 342 419 379 quid
439 342 505 371 mihi
525 342 675 378 signiﬁcare
701 342 842 376 videatur,

32 387 36 444 i
54 389 331 444 “figi???”

32 434 36 465 Ξ
86 434 206 463 XXXIV.
222 434 275 471 [lh.
287 435 413 472 xlx,'.l(i.]
428 434 516 463 Omnia
527 435 571 471 qui
587 434 695 471 tetigerit
708 436 843 471 euper,fo-

32 477 36 482 ’
53 482 112 509 cient
123 481 206 516 campi
220 481 389 515 vulneratum,
409 486 453 509 aut
472 486 610 515 mortuum,
625 485 669 508 aut
680 489 708 509 oe
723 481 843 515 hominis,

53 530 93 554 aut
103 530 303 554 monumentum.
328 527 416 560 Queri
429 530 516 563 potest
527 526 590 562 quid
598 527 697 555 dictum
712 527 747 554 sil
756 527 843 554 vulne-

53 576 140 605 ratum,
154 576 198 599 aut
207 576 346 600 mortuum.
358 572 387 601 Si
398 572 470 600 enim
484 572 555 600 aliud
568 572 652 600 voluit
663 573 773 608 intelligi
787 572 846 600 vul-

54 623 181 652 neratum,
195 618 270 647 aliud
285 623 435 651 mortuum;
458 618 605 647 cavendum
624 622 667 646 est
686 626 721 646 ne
738 622 845 653 putetur

54 664 202 692 immundus
214 672 278 693 esse
288 665 368 693 etiam
381 666 426 700 qui
436 665 553 701 tetigerit
561 665 728 693 vulneratum
743 665 844 699 vivum,

53 710 118 745 quod
141 710 235 745 utique
247 710 393 739 absurdum
405 715 456 738 est.
469 710 522 739 Sed
535 711 595 746 quia
609 714 720 746 possunt
731 714 759 738 et
771 717 845 738 mor-

55 756 87 783 tui
99 763 158 784 esse
169 756 315 789 vulnerati,
330 757 403 791 ipsos
413 761 533 785 mrtuos
542 757 697 792 intelligitur
706 756 846 784 discrevis-

54 809 89 834 se.
106 807 135 829 ut
149 806 178 830 et
196 803 366 830 vulneratum
388 807 523 831 mortuum
547 803 737 838 intelligamus,
754 802 780 830 id
793 807 843 836 est,

55 848 158 877 vulnere
175 853 343 884 peremptum
354 854 398 877 aut
411 853 543 877 mortuum
557 849 615 877 sine
627 849 747 877 vulnere.

84 894 192 923 XXXV.
209 895 261 931 [lb.
270 903 316 929 xx,
324 895 379 932 IL]
390 895 466 929 Quod
474 895 507 923 de
519 901 593 931 petra
604 903 671 929 aqua
682 895 777 923 educta
791 899 843 927 est,

55 941 185 976 apostolus
193 942 296 970 Paulus
303 942 366 978 quid
377 946 451 971 esset
460 943 592 978 exposuit,
602 942 644 970 ubi
656 943 702 976 ait,
715 941 748 969 Et
758 949 845 969 omnes

54 990 162 1017 eumdem
175 995 265 1027 potum
279 991 438 1025 spiritualem
449 990 570 1018 biberunt.
586 988 707 1016 Bibebant
719 990 785 1016 enim
797 989 805 1005 ί
814 988 845 1016 de

54 1036 175 1070 spirituali
185 1036 300 1071 sequenti
305 1041 376 1071 petra
384 1043 394 1063 :
402 1041 472 1071 petra
481 1040 564 1062 autent
571 1039 625 1062 erat
633 1034 749 1062 Christus
755 1034 776 1070 (I
785 1035 844 1062 Cor.

54 1088 76 1113 x,
87 1080 124 1116 4).
140 1081 296 1116 Signiﬁcata
314 1085 356 1109 est
369 1089 433 1117 ergo
444 1080 478 1108 de
491 1080 598 1108 Christo
615 1080 749 1116 proﬂuens
762 1079 845 1115 gratia

54 1126 202 1161 spiritualis,
229 1134 284 1163 qua
308 1126 418 1155 interior
442 1126 499 1154 sitis
523 1126 686 1161 irrigaretur.
709 1125 761 1153 Sed
774 1124 845 1160 quod

54 1171 121 1207 virga
135 1177 212 1208 petra
227 1172 386 1209 percutitur,
397 1180 463 1199 crux
479 1172 578 1200 Christi
599 1171 736 1206 ﬁguratur.
760 1170 846 1206 Ligno

54 1218 120 1246 enim
133 1219 281 1247 accedente
300 1217 333 1246 ad
349 1223 462 1254 petram,
477 1217 560 1254 gratia
579 1217 695 1246 manavit
711 1221 757 1245 :et
775 1216 846 1252 quod

54 1264 91 1292 bis
115 1265 267 1300 percutitur
280 1284 289 1298 ,
315 1263 464 1292 evidentius
490 1263 621 1299 signiﬁcat
646 1270 763 1291 crucem.
789 1262 847 1290 Duo

55 1311 146 1347 quippe
159 1311 232 1347 ligna
248 1314 309 1338 sunt
318 1317 393 1338 crux.

87 1358 205 1386 XXXVI.
224 1358 275 1395 [lb.
291 1366 335 1391 xx,
350 1355 488 1393 15.]Quod
502 1356 536 1384 do
547 1363 615 1391 aqua
626 1356 670 1384 illa
681 1364 741 1392 qum
753 1356 787 1384 de
798 1364 845 1392 pe-

58 1408 94 1432 tra
116 1405 245 1440 proﬂuxit
265 1404 364 1433 dictum
388 1409 438 1436 est,
459 1403 521 1431 Haec
541 1412 607 1439 aqua
629 1404 844 1438 contradictionis,

56 1450 110 1485 quia
123 1451 309 1478 maledixerunt
329 1450 377 1485 filii
391 1449 474 1477 Israel
486 1455 544 1477 ante
557 1449 703 1484 Dominum,
716 1455 739 1477 et
751 1451 846 1478 sancti-

58 1497 144 1531 ﬁcata:
157 1503 194 1526 est
204 1499 230 1526 in
246 1498 308 1533 ipsi:
319 1505 328 1525 :
340 1498 413 1533 prius
428 1497 632 1530 maledixerunt,
648 1497 754 1533 quando
766 1497 846 1525 locuti

56 1549 114 1572 sunt
125 1551 220 1573 contra
234 1544 391 1573 beneﬁcium
406 1544 521 1576 Domini,
534 1551 588 1580 quo
608 1544 697 1572 educti
719 1547 795 1572 erant
813 1544 847 1572 de

58 1591 189 1628 Egypto;
204 1596 231 1619 et
245 1596 336 1627 postca
349 1591 528 1619 sanctiﬁcatus
539 1595 581 1618 est
594 1590 619 1617 in
632 1590 706 1626 ipsis.
728 1597 788 1618 cum
801 1589 848 1618 illo

56 1638 183 1666 miraculo
195 1637 353 1673 proﬂuentis
364 1644 440 1673 aqute
447 1637 505 1672 ejus
515 1636 641 1664 sanctitas
648 1636 780 1663 declarata
795 1640 846 1664 est.

55 1684 94 1711 An
105 1683 177 1711 forte
190 1682 244 1710 duo
257 1690 354 1719 genera
375 1681 511 1709 hominum
525 1681 727 1714 demonstravit,
739 1686 766 1708 et
785 1689 849 1708 con-

56 1730 242 1758 tradicentium
267 1730 358 1765 gratiae
380 1728 497 1761 Christi,
517 1732 544 1756 et
562 1728 763 1762 percipientium
788 1735 849 1763 gra-

57 1776 116 1803 tiam
136 1775 253 1809 Christi;
275 1780 304 1802 ut
318 1775 371 1802 illis
391 1775 425 1802 sit
446 1782 513 1810 aqua
533 1773 767 1807 contradictionis,
790 1774 849 1802 istis

58 1820 289 1849 sanctiﬁcationis?
300 1819 365 1847 Nam
379 1823 406 1847 et
417 1819 452 1847 de
474 1819 531 1854 ipso
545 1818 690 1846 Dominoin
705 1819 849 1854 Evangelio

59 1867 160 1902 legitur,
177 1866 212 1894 Et
226 1867 253 1893 in
275 1867 377 1902 signum
391 1866 435 1892 cui
456 1866 643 1892 contradicetnr
655 1865 728 1901 (an.
745 1874 774 1899 ll,
790 1866 847 1902 54).

91 1914 221 1943 XXXVII.
238 1914 287 1952 [Ib.
295 1923 340 1947 xx,
356 1914 399 1947 I7,
412 1913 465 1950 I9.]
473 1912 547 1946 Quod
561 1913 629 1941 inter
636 1914 759 1941 mandata
774 1914 849 1950 IIon-

61 1966 99 1988 tes
112 1961 144 1988 ad
156 1969 246 1996 regem
262 1961 345 1988 Edom
358 1960 422 1988 dicit
433 1960 501 1987 inter
514 1964 620 1992 cretcra,
639 1959 726 1995 Neque
738 1961 848 1988 bibemus

62 2013 146 2040 aquam
158 2007 190 2034 de
211 2007 267 2033 lacu
291 2012 343 2039 tuo,
365 2005 563 2041 intelligendum
587 2011 627 2033 est
648 2007 740 2041 gratis,
755 2007 781 2034 id
797 2011 847 2041 est,

62 2052 116 2086 quia
127 2060 179 2080 non
193 2053 275 2088 gratis
290 2052 410 2080 bibemus
425 2061 432 2078 ι
449 2052 519 2087 quod
535 2057 625 2086 postea
636 2052 795 2085 manifestat,
810 2053 849 2079 di-

62 2104 130 2132 cens,
146 2098 176 2127 Si
188 2104 271 2126 autem
281 2099 312 2125 de
325 2106 390 2130 aqua
401 2102 445 2125 tua
457 2098 576 2132 bibemus,
591 2106 636 2133 ego
644 2103 667 2125 et
678 2107 768 2133 pecora
781 2107 847 2133 mea,

63 2144 122 2172 dabo
134 2147 242 2181 pretium
256 2145 309 2173 tibi.

94 2191 234 2221 XXXVII].
248 2191 299 2229 [Ib.
310 2199 356 2225 xx,
371 2191 427 2229 I'l.]
438 2191 500 2219 Non
507 2191 688 2220 declinabimus
699 2192 726 2219 in
747 2192 850 2220 dextera

64 2229 136 2272 diu:
153 2237 182 2266 in
202 2238 307 2266 sinistra
320 2246 330 2266 :
341 2237 479 2274 pluraliter
493 2237 594 2266 dictum
617 2242 669 2273 est,
690 2238 718 2266 in
737 2245 768 2266 ea
790 2246 849 2274 quae

70 2280 168 2327 Ἦ
266 2283 313 2312 νά
323 2276 500 2327 Ψέξίὲίξίῆ

69 2344 321 2376 ι.

179 2286 254 2325 φης.
266 2281 435 2445 νειφέωὶ
427 2282 500 2445 ‘im
513 2286 576 2445 sum"
575 2303 586 2321 .-

69 2361 75 2370 Δ
97 2340 125 2367 1.·
151 2333 298 2376 Δὶς-ὧςεγὲιτζοᾶή
317 2334 362 2360 λέιη
385 2328 401 2365 λ
418 2333 463 2361 εξ.
474 2331 508 2362 κζ’,
520 2329 540 2365 l4
584 2335 615 2361 ﬁ“
640 2354 651 2360 η
664 2339 689 2366 γ
704 2343 762 2369 rep.
779 2344 784 2372 ί

60 2469 64 2472 .
1061 2445 1066 2446 7
1099 2467 1101 2470 ι
1122 2467 1124 2471 ι
1183 2445 1189 2450 1
1205 2461 1212 2468 Ι

34 2506 36 2519 ι

1324 2650 1334 2673 t
1346 2650 1434 2680 puteus
1445 2652 1517 2679 quem
1530 2643 1594 2671 dixit
1609 2643 1618 2670 I

1327 2692 1424 2728 pulum,
1444 2696 1467 2718 et
1477 2690 1541 2718 dabo
1553 2691 1588 2718 eis
1602 2698 1618 2717 a

1310 2763 1338 2791 t,
1351 2759 1378 2786 in
1386 2764 1483 2786 nemon
1495 2765 1505 2785 :
1515 2760 1618 2789 corrupu

1304 2804 1307 2810 -
1329 2802 1342 2821 ;ι
1370 2791 1473 2823 liquet.

901 2836 989 2955 Ὗ
1460 2850 1469 2852 ..
1488 2817 1614 2876 prum-

1062 3015 1209 3140 Χ
1541 3020 1565 3045 ο

399 3195 405 3198 .
420 3157 449 3182 ἓ
1432 3157 1435 3159 Δ

395 3246 409 3274 ἴ
698 3271 711 3279 '
726 3230 732 3234 .

33 2368 34 2386 γ
65 2280 177 2386 ᾖ

705 144 806 175 LIBER
824 145 998 183 QUARTUS.
1016 143 1019 146 '

897 206 988 242 Siqui:
997 207 1065 235 vobis
1073 207 1277 243 evangelium-it
1291 214 1457 247 praeterquam
1466 212 1534 247 quod
1543 205 1686 249 accepistis,

897 254 1031 281 anathema
1043 254 1077 281 ait
1088 253 1184 291 (Galat.
1199 263 1217 288 ι,
1229 255 1268 291 9).
1285 255 1351 284 Hinc
1364 257 1442 299 vplgo
1460 257 1568 286 ductum
1587 263 1638 292 est,
1659 264 1690 287 ut

896 300 1029 328 devotatio
1047 300 1149 329 dicatur
1162 309 1170 329 :
1186 309 1247 329 nam
1268 302 1394 331 devotare
1407 311 1437 332 se
1450 311 1620 341 quemquam,
1640 313 1689 334 ne-

896 354 941 375 mo
955 348 1010 375 Iere
1025 347 1097 380 dicit,
1109 348 1160 376 nisi
1174 348 1346 377 maledicens.

931 392 1000 421 XLI.
1016 392 1065 429 [Ib.
1081 401 1136 427 ιιι,
1152 393 1192 430 5.]
1214 394 1247 422 Et
1267 395 1436 424 anathemauit
1449 404 1506 424 eum
1521 401 1545 425 et
1566 398 1695 426 civitatem

896 438 951 471 eius
965 445 975 466 :
988 443 1012 465 et
1024 444 1138 466 vocatum
1151 442 1188 467 ett
1205 447 1293 468 nomen
1308 440 1358 468 loci
1375 442 1444 469 illius
1458 441 1608 470 Attat/temo.
1623 442 1675 471 Ilin
1684 453 1698 470 (ι

896 484 1005 512 ductum
1019 488 1061 512 est
1074 488 1104 512 ut
1116 484 1268 518 anathema,
1282 485 1437 514 detestabile
1455 487 1554 523 aliquid
1577 492 1605 516 et
1623 488 1690 515 abo-

895 530 1022 559 minabile
1036 529 1165 558 videatur.
1179 531 1213 559 Ut
1225 531 1297 559 enim
1309 531 1374 559 nihil
1393 532 1456 560 inde
1469 533 1553 561 victor
1572 533 1600 561 in
1622 540 1686 561 usus

897 583 960 605 suos
972 577 1098 609 auferret,
1112 576 1158 605 sed
1172 581 1256 605 totum
1271 577 1297 605 in
1312 586 1418 613 poenam
1431 578 1555 607 luendam
1569 583 1689 612 voveret,

897 622 950 650 hoc
970 627 1028 650 erat
1048 623 1230 655 anathemare,
1251 623 1321 657 quod
1336 623 1415 659 vulgo
1428 623 1525 652 dicitur
1550 624 1688 652 devolare.

898 668 978 706 Origo
990 673 1079 698 autem
1095 669 1173 705 hujus
1194 669 1267 698 verbi
1282 674 1322 697 est
1337 669 1363 697 in
1376 677 1463 706 grzeca
1487 671 1574 706 lingua
1593 670 1628 698 ab
1649 670 1691 698 his

897 716 988 749 rebus,
1002 724 1062 752 quae
1074 720 1143 743 votat
1163 720 1190 743 et
1209 715 1364 751 persoluta,
1379 715 1430 744 hoc
1442 720 1493 749 est,
1507 723 1644 751 promissae
1664 719 1693 743 et

898 761 1019 795 redditae,
1028 769 1133 789 sursum
1146 761 1346 796 ponebanturin
1355 761 1470 797 templis,
1481 763 1530 789 ἀπὸ
1540 767 1581 790 τοῦ
1593 765 1641 788 ἄνω
1652 773 1691 789 τι-

897 812 961 835 θίναι
977 816 983 835 :
999 807 1050 835 hoc
1064 811 1115 841 est,
1133 814 1239 835 sursum
1260 814 1369 842 ponere,
1384 807 1426 835 vel
1440 807 1554 843 ﬁgendo,
1576 807 1618 835 vel
1630 814 1692 835 sus-

898 854 1051 890 pendendo.

935 901 1012 929 XLII.
1026 899 1075 937 [Ib.
1085 901 1192 934 “1,15,
1207 899 1262 937 IL]
1274 900 1301 927 In
1309 900 1404 928 itinere
1412 900 1526 928 ﬁliorum
1538 899 1629 933 Israel.
1640 907 1692 935 quo

898 952 983 975 castra
996 947 1195 982 promovebant.
1204 951 1283 982 atque
1293 946 1435 981 ponebant,
1445 946 1515 974 inter
1523 951 1618 974 cattera
1628 946 1693 974 scri-

899 998 973 1028 ptum
987 997 1037 1027 est,
1054 992 1088 1019 Et
1100 993 1159 1020 inde
1170 997 1253 1020 castra
1270 992 1453 1020 collocaverunt
1466 996 1536 1019 trans
1556 992 1644 1019 Arnon
1663 992 1690 1019 in

899 1047 981 1067 eremo
993 1039 1014 1073 ί,
1022 1038 1090 1074 quod
1094 1043 1174 1066 exstat
1182 1047 1198 1065 a
1211 1038 1330 1065 limitibus
1339 1038 1553 1065 Amorrhteorum.
1565 1036 1608 1065 Est
1621 1038 1689 1065 enim

899 1085 986 1112 Arnon
995 1085 1064 1112 limes
1070 1084 1146 1111 Moab
1152 1085 1162 1101 ¹
1171 1084 1235 1111 inter
1242 1084 1316 1111 Moab
1324 1089 1347 1111 et
1355 1085 1420 1112 inter
1429 1084 1612 1111 Amorrhatum.
1623 1083 1692 1111 Pro-

900 1137 984 1166 pterea
992 1131 1084 1158 dicitur
1092 1131 1119 1157 in
1128 1131 1201 1163 libro,
1211 1129 1310 1158 Bellum
1319 1130 1421 1157 Domini
1429 1130 1499 1157 Zoob
1512 1129 1690 1165 inﬂammavit,

900 1181 924 1204 et
932 1181 1052 1204 torrentes
1062 1177 1158 1208 Arnon.
1166 1181 1189 1204 et
1196 1181 1316 1204 torrente:
1321 1176 1447 1204 constituit
1453 1175 1593 1203 inhabitare
1599 1174 1646 1202 Er.
1659 1174 1689 1203 In

899 1230 953 1258 quo
966 1223 1034 1250 libro
1048 1222 1100 1250 hoc
1112 1222 1238 1257 scriptum
1252 1221 1296 1255 sit,
1305 1229 1358 1249 non
1370 1221 1597 1254 commemoravit,
1606 1227 1694 1256 neque

899 1268 970 1296 ullus
980 1273 1021 1296 est
1036 1268 1061 1295 in
1073 1267 1115 1295 his
1128 1275 1196 1303 quos
1208 1267 1304 1295 divina:
1323 1267 1468 1302 Scriptum
1488 1267 1630 1295 canonicos
1642 1274 1693 1302 ap-

900 1314 1041 1350 pellamus.
1057 1313 1095 1341 De
1108 1313 1204 1341 talibus
1218 1312 1372 1341 occasiones
1390 1312 1535 1347 reperiunt,
1548 1312 1592 1348 qui
1611 1312 1693 1341 libros

900 1359 1067 1395 apocryphos
1081 1359 1245 1387 incautorum
1257 1359 1366 1387 auribus
1379 1363 1407 1387 et
1418 1359 1584 1387 curiosorum
1599 1366 1694 1387 conan-

900 1410 944 1434 tur
958 1407 1085 1440 inserere,
1105 1405 1138 1434 ad
1158 1405 1354 1441 persuadendas
1374 1404 1507 1433 fabulosas
1532 1405 1691 1440 impietates.

901 1452 954 1480 Sed
968 1452 1012 1480 hic
1023 1451 1121 1480 dictum
1137 1456 1178 1479 est
1198 1451 1323 1486 scriptum
1339 1451 1365 1479 in
1380 1450 1458 1483 libro,
1475 1458 1526 1478 non
1540 1450 1638 1479 dictum
1652 1454 1695 1478 est

900 1498 930 1526 in
940 1498 1017 1534 cujus
1033 1497 1168 1533 prophetat
1181 1497 1224 1525 vel
1238 1496 1394 1532 patriarcha:
1406 1501 1500 1524 sancto
1513 1495 1591 1524 Iihro.
1601 1496 1694 1531 Neque

901 1545 1051 1581 negandum
1076 1548 1118 1572 est
1138 1543 1219 1571 fuisse
1240 1543 1295 1578 jam
1306 1543 1387 1571 libros
1412 1543 1469 1570 sive
1491 1542 1693 1576 Chaldaeorum,

900 1592 971 1620 unde
982 1599 1106 1627 egressus
1119 1595 1160 1618 est
1175 1589 1325 1623 Abraham;
1348 1590 1407 1618 sive
1431 1588 1627 1626 Egyptiorum,
1649 1588 1694 1617 ubi

902 1637 1030 1665 didicerat
1042 1637 1145 1672 Moyses
1157 1644 1263 1664 omnem
1278 1636 1383 1663 illorum
1398 1635 1571 1671 sapientiam;
1587 1635 1642 1663 sive
1649 1642 1694 1663 cu-

900 1683 996 1718 jusque
1008 1682 1095 1717 gentis
1109 1682 1229 1715 alterius,
1241 1682 1267 1709 in
1282 1688 1396 1716 quorum
1409 1680 1536 1708 librorum
1550 1680 1639 1716 aliquo
1651 1687 1695 1716 po-

903 1729 951 1756 tuit
965 1729 1016 1756 hoc
1028 1735 1087 1756 esse
1100 1729 1228 1763 scriptum
1245 1736 1252 1754 :
1268 1727 1312 1763 qui
1328 1731 1415 1755 tamen
1430 1733 1482 1754 non
1494 1725 1555 1753 ideo
1569 1726 1604 1753 sit
1618 1733 1694 1754 assu-

903 1775 1016 1803 mendus
1031 1774 1058 1802 in
1070 1782 1115 1802 eas
1127 1774 1278 1810 Scripturas
1289 1773 1385 1808 quibus
1394 1772 1482 1800 divina
1492 1772 1694 1800 commendatur

902 1821 1060 1854 auctoritas;
1076 1821 1144 1849 sicut
1165 1828 1214 1848 nec
1235 1819 1363 1855 propheta
1382 1819 1428 1846 ille
1446 1818 1593 1852 Cretensis,
1617 1817 1694 1853 cuius

903 1868 1065 1895 mentionem
1088 1866 1150 1893 facit
1171 1865 1314 1900 Apostolus
1337 1863 1399 1900 (Tit.
1415 1872 1433 1897 ι,
1446 1863 1506 1899 I2);
1522 1871 1572 1892 nec
1584 1863 1693 1892 Graeco-

902 1922 961 1941 rum
983 1913 1126 1947 scriptores
1146 1911 1188 1939 vel
1211 1910 1357 1946 philos0phi
1373 1910 1414 1938 vel
1430 1914 1527 1945 poetae,
1543 1917 1610 1945 quos
1622 1909 1693 1938 idem

903 1961 960 1995 ipse
973 1959 1106 1994 apostolus
1119 1965 1241 1992 magnum
1250 1965 1314 1984 sane
1326 1956 1423 1992 aliquid
1435 1956 1593 1983 etvcraciter
1604 1964 1694 1991 prom-

903 2012 977 2043 ptum
995 2006 1028 2033 ad
1051 2005 1227 2033 Athenienses
1250 2003 1377 2038 loquens.
1401 2002 1499 2029 dixisse
1526 2003 1688 2029 conﬁrmat:

903 2053 935 2080 In
949 2054 993 2080 illo
1007 2052 1071 2079 enim
1094 2051 1207 2082 vivimus,
1219 2056 1241 2076 et
1258 2057 1394 2081 movemur,
1411 2054 1432 2076 et
1442 2057 1527 2075 sumus
1545 2048 1613 2082 (Act.
1626 2056 1691 2080 xvn,

902 2099 959 2134 28).
971 2098 1044 2126 Licet
1058 2097 1127 2125 enim
1141 2096 1237 2123 divinzc
1245 2095 1392 2122 auctoritati
1404 2094 1473 2121 unde
1485 2094 1608 2126 voluerit,
1622 2094 1692 2127 quod

902 2151 995 2172 verum
1011 2143 1150 2175 invenerit,
1168 2141 1346 2169 testimonium
1365 2147 1485 2172 sumere;
1499 2139 1544 2165 scd
1560 2147 1612 2165 non
1633 2138 1692 2166 ideo

902 2190 990 2218 omnia
1005 2197 1064 2224 qua:
1078 2188 1113 2215 ibi
1127 2187 1224 2221 scripta
1236 2189 1306 2216 sunt,
1317 2184 1468 2219 accipienda
1481 2184 1627 2210 continuat.
1640 2183 1692 2210 Cur

902 2241 990 2265 autem
1002 2237 1052 2263 hoc
1062 2235 1113 2262 isto
1123 2236 1357 2261 commemoratum
1370 2231 1478 2262 sitioco,
1491 2237 1543 2257 non
1557 2229 1692 2257 evidenter

902 2286 1026 2319 apparet;
1051 2280 1102 2307 nisi
1125 2280 1202 2310 forte,
1225 2282 1255 2305 ut
1273 2278 1340 2304 ﬁnes
1352 2277 1405 2304 illic
1428 2276 1497 2303 inter
1518 2275 1583 2303 duas
1599 2280 1692 2311 gentes

902 2328 1135 2358 constituerentur,
1152 2324 1222 2351 bello
1235 2328 1321 2351 actum
1344 2327 1394 2353 est.
1418 2321 1487 2357 quod
1509 2321 1606 2349 bellum
1621 2321 1692 2355 ejus-

901 2374 964 2404 dem
980 2372 1033 2401 loci
1048 2371 1169 2400 homines
1182 2374 1290 2405 propter
1303 2367 1519 2403 magnitudinem,
1532 2367 1630 2394 bellum
1643 2368 1693 2395 [)0-

908 2409 1189 2450 Mdixerunt,
1204 2420 1232 2443 ut
1255 2414 1416 2442 scriberetur
1441 2413 1466 2440 in
1490 2413 1577 2448 aliquo
1599 2420 1691 2440 eorum

1097 2459 1297 2500 Mloob
1308 2459 1472 2495 inﬂammavit
1489 2467 1498 2485 :
1512 2458 1581 2494 quod
1595 2459 1636 2485 vel
1650 2466 1692 2485 ar-

1327 2692 1424 2728 pulum,
1444 2696 1467 2718 et
1477 2690 1541 2718 dabo
1553 2691 1588 2718 eis
1602 2695 1693 2725 aquam

1292 2511 1343 2542 tas,
1357 2512 1402 2535 aut
1414 2506 1446 2534 ad
1462 2505 1630 2542 pugnandum
1652 2505 1693 2531 iu-
1720 2541 1723 2546 Ι

1317 2554 1390 2587 itaut,
1414 2553 1457 2580 vel
1469 2553 1491 2580 si
1504 2552 1566 2587 quid
1580 2551 1650 2579 aliud
1664 2551 1690 2579 in
1711 2549 1735 2586 ς’

1324 2650 1334 2673 t
1346 2650 1434 2680 puteus
1445 2652 1517 2679 quem
1530 2643 1594 2671 dixit
1609 2642 1696 2670 Domi-
1714 2642 1728 2662 ἰ

1704 2592 1730 2653 ξς
