3862 6304
16 790 23 807 ι

14 824 23 867 l

798 308 813 320 ν
903 305 924 326 ΖΙ
972 318 982 328 ,
1028 308 1124 325 _‘-.!

63 390 380 465 aspersionis,
412 392 719 448 immundus
744 393 838 449 erit
859 408 1016 466 usque
1039 395 1107 449 ad
1130 408 1404 464 vesperam.
1428 395 1497 449 Et
1516 412 1662 451 omne

63 484 409 556 quodcumque
431 485 665 555 tetigerit
695 484 825 539 illud
846 486 1154 551 immundus,
1182 487 1495 541 immundum
1523 488 1618 541 erit
1643 502 1663 542 :

63 586 105 632 et
128 577 298 630 animo
319 591 443 646 qua
461 577 705 648 tetigerit,
731 577 991 632 immunda
1010 578 1103 633 erit
1126 594 1280 649 usque
1301 578 1369 632 ad
1383 594 1658 650 vesperam.

60 670 168 727 iam
212 668 326 725 dixi
373 669 641 739 superius
683 669 812 741 quid
854 669 984 726 mihi
1025 670 1325 741 signiﬁcare
1378 671 1659 738 videatur,

59 778 209 833 usque
236 761 308 814 ad
337 777 635 833 vesperam.

16 850 23 909 ἶ
124 850 371 909 XXXIV.
406 850 518 924 [lb.
546 854 801 928 ιιι,ξ16.]
832 854 1007 911 Omnis
1030 855 1117 925 qui
1150 854 1363 928 tetigerit
1390 858 1661 927 super,fa-

16 940 21 945 ’
57 947 176 1001 ciem
199 945 372 1016 campi
400 946 752 1014 vulneratum,
794 956 881 1001 aut
919 944 1194 1016 mortuum,
1225 958 1312 1002 aut
1335 964 1391 1003 os
1422 947 1659 1015 hominis,

58 1044 138 1091 aut
160 1045 579 1090 monumentum.
632 1038 807 1104 Qumri
833 1046 1006 1109 potest
1029 1038 1154 1109 quid
1171 1039 1368 1095 dictum
1399 1040 1468 1094 sit
1485 1040 1661 1094 vulne-

58 1137 234 1193 ratum,
262 1136 354 1181 aut
373 1137 666 1182 mortuum.
692 1128 749 1185 Si
772 1129 913 1185 enim
942 1130 1085 1184 aliud
1110 1130 1277 1185 voluit
1302 1132 1519 1201 intelligi
1548 1131 1665 1186 vul-

59 1230 319 1288 neratum,
347 1221 506 1276 aliud
539 1230 843 1285 mortuum;
890 1222 1183 1278 cavendum
1222 1230 1307 1278 est
1347 1238 1415 1279 ne
1450 1232 1664 1293 putetur

58 1313 362 1368 immundus
388 1328 523 1369 esse
546 1314 710 1369 etiam
736 1315 824 1385 qui
846 1316 1078 1386 tetigerit
1096 1316 1428 1371 vulneratum
1460 1317 1660 1384 vivum,

57 1403 189 1472 quod
236 1404 430 1473 utique
458 1405 757 1461 absurdum
784 1414 884 1461 est.
912 1405 1016 1463 Sed
1043 1407 1164 1478 quia
1192 1415 1413 1477 possunt
1436 1414 1489 1462 et
1514 1422 1661 1462 mor-

60 1496 127 1549 tui
151 1510 271 1552 esse
295 1497 603 1563 vulnerati,
633 1497 777 1567 ipsos
798 1507 1037 1554 mortuos
1058 1499 1366 1568 intelligitur
1384 1499 1664 1555 discrevis-

59 1603 130 1651 se,
167 1596 225 1642 ut
253 1596 312 1644 et
350 1589 702 1645 vulneratum
749 1600 1017 1646 mortuum
1066 1591 1445 1662 intelligamus,
1480 1592 1531 1647 id
1559 1600 1659 1659 est,

60 1680 272 1736 vulnere
303 1690 657 1753 peremptum
679 1693 767 1738 aut
794 1692 1059 1739 mortuum
1087 1685 1201 1739 sine
1227 1685 1466 1741 vulnere.

121 1773 341 1828 XXXV.
377 1774 484 1846 [11).
507 1792 603 1843 xx,
620 1774 730 1849 1L]
752 1776 904 1843 Quod
920 1777 986 1831 de
1011 1788 1159 1847 petra
1181 1792 1313 1845 aqua
1336 1776 1526 1831 educta
1556 1785 1657 1841 est,

61 1868 326 1935 apostolus
344 1867 561 1924 Paulus
578 1869 703 1940 quid
727 1878 873 1926 esset
893 1871 1156 1941 exposuit,
1176 1870 1261 1925 ubi
1284 1874 1377 1938 ait,
1402 1869 1468 1924 Et
1489 1886 1661 1925 omnes

62 1964 279 2018 eumdem
306 1976 497 2037 potum
527 1966 847 2035 spiritualem
870 1966 1112 2021 biberunt.
1146 1963 1385 2018 Bibebaut
1410 1967 1543 2019 enim
1567 1965 1582 1996 ί
1601 1964 1663 2018 de

60 2056 307 2122 spirituali
326 2057 570 2126 sequenti
583 2066 723 2126 petra
742 2072 760 2111 :
776 2067 915 2127 petra
935 2067 1101 2110 autem
1115 2065 1221 2110 erat
1240 2055 1469 2111 Christus
1482 2055 1524 2127 (I
1543 2057 1659 2111 Cor.

58 2160 102 2208 x,
126 2144 200 2215 4).
232 2146 564 2216 Signiﬁcata
602 2156 684 2202 est
712 2162 837 2219 ergo
860 2147 928 2202 de
955 2147 1168 2202 Christo
1202 2147 1470 2217 proﬂuens
1496 2146 1662 2216 gratia

59 2237 361 2305 Spiritualis,
419 2254 539 2311 qua
588 2239 807 2294 interior
857 2239 970 2293 sitis
1021 2239 1344 2307 irrigaretur.
1390 2236 1494 2292 Sed
1520 2236 1662 2306 quod

60 2327 194 2397 virga
224 2337 383 2399 petra
415 2330 743 2401 percutitur,
766 2344 897 2384 crux
931 2329 1127 2385 Christi
1171 2328 1444 2398 ﬁguratur.
1494 2327 1663 2397 Ligno

61 2420 193 2475 enim
220 2421 533 2478 accedente
572 2421 637 2477 ad
670 2430 895 2493 petram,
925 2421 1091 2492 gratia
1130 2420 1361 2476 manavit
1394 2429 1485 2475 :et
1523 2419 1663 2489 quod

63 2511 135 2568 bis
186 2516 503 2583 percutitur
532 2553 548 2581 ,
603 2512 900 2569 evidentius
953 2512 1213 2583 signiﬁcat
1265 2526 1497 2568 crucem.
1550 2511 1664 2566 Duo

64 2606 248 2678 quippe
275 2606 429 2678 ligna
462 2614 590 2661 sunt
608 2620 758 2660 crux.

127 2699 373 2756 XXXVI.
413 2700 520 2774 [11).
554 2716 641 2765 xx,
672 2696 784 2771 15]
798 2697 947 2766 Quod
975 2698 1042 2754 de
1066 2712 1201 2768 aqua
1224 2698 1310 2754 illa
1334 2715 1453 2770 quae
1479 2699 1545 2754 de
1566 2715 1661 2770 pe-

70 2800 141 2847 tra
188 2795 458 2865 proﬂuxit
501 2793 699 2850 dictum
748 2804 848 2858 εει,
889 2792 1013 2848 Haec
1053 2811 1185 2864 aqua
1229 2794 1658 2861 contradictionis,

66 2885 173 2953 quia
201 2887 588 2941 maledixerunt
630 2886 725 2955 ﬁlii
753 2884 919 2940 Israel
943 2896 1059 2940 ante
1085 2885 1378 2954 Dominum,
1403 2896 1449 2940 et
1474 2888 1663 2942 sancti-

71 2980 245 3046 ﬁcatus
272 2992 350 3037 est
371 2984 427 3036 in
462 2982 586 3050 ipsis
609 2996 628 3035 :
651 2981 798 3052 prius
827 2981 1234 3046 maledixerunt,
1268 2981 1479 3052 quando
1503 2981 1664 3036 locuti

67 3084 181 3129 sunt
204 3086 404 3130 contra
437 3074 752 3130 beneﬁcium
785 3074 1011 3137 Domini,
1039 3089 1146 3144 quo
1187 3074 1363 3129 educti
1409 3082 1560 3129 erant
1597 3073 1666 3130 de

72 3166 339 3239 Egypto;
370 3176 429 3223 et
461 3177 643 3237 postea
668 3167 1026 3222 sanctiﬁcatus
1050 3176 1131 3221 εει
1158 3167 1208 3220 in
1235 3165 1382 3237 ipsis.
1427 3181 1546 3222 cum
1574 3165 1666 3221 illo

68 3261 325 3316 miraculo
350 3260 675 3331 proﬂuentis
699 3275 850 3330 aqute
865 3259 979 3327 ejus
1001 3258 1251 3313 sanctitas
1267 3258 1531 3312 declarata
1561 3267 1662 3313 est.

67 3351 140 3405 An
164 3351 312 3408 forte
340 3350 457 3405 duo
484 3366 677 3422 genera
719 3349 993 3403 hominum
1021 3348 1423 3414 demonstravit,
1449 3358 1503 3403 et
1539 3365 1668 3403 con-

68 3445 451 3502 tradicentium
503 3445 686 3515 gratiae
730 3442 965 3507 Christi,
1005 3450 1059 3497 et
1096 3442 1496 3511 percipientium
1547 3457 1667 3513 gra-

69 3536 186 3592 tiam
228 3536 475 3603 Christi;
518 3545 575 3591 ut
604 3536 710 3590 illis
751 3536 820 3589 sit
861 3548 996 3604 aqua
1036 3533 1502 3601 contradictionis,
1550 3535 1667 3591 istis

70 3626 546 3682 sanctiﬁcationis?
568 3624 699 3679 Nam
727 3632 780 3680 et
804 3623 873 3678 de
919 3624 1033 3693 ipso
1060 3622 1349 3678 Dominoin
1380 3625 1668 3696 Evangelio

74 3718 280 3788 legitur,
318 3718 389 3772 Et
421 3719 474 3771 in
519 3719 722 3789 signum
751 3717 838 3770 cui
883 3718 1255 3770 contradicetur
1280 3716 1426 3787 (Luc.
1461 3734 1517 3785 lt,
1549 3719 1663 3790 51).

137 3813 411 3869 XXXVII.
446 3814 648 3888 [lb.xx,
681 3815 767 3879 I7,
794 3813 900 3886 19.]
916 3810 1063 3877 Quod
1092 3812 1228 3867 inter
1243 3815 1487 3868 mandata
1518 3815 1667 3887 Moy-

78 3917 156 3959 ses
183 3907 249 3960 ad
273 3922 461 3977 regem
492 3906 659 3961 Edom
685 3906 813 3961 dicit
835 3906 972 3960 inter
997 3913 1210 3970 caetera,
1247 3904 1424 3977 Neque
1446 3907 1667 3964 bibemus

80 4011 253 4065 aquam
279 3998 346 4053 de
390 3997 503 4052 lacu
550 4009 655 4063 tuo,
699 3997 1097 4067 intelligendum
1142 4006 1225 4052 est
1265 3998 1449 4068 gratis,
1480 3999 1531 4054 id
1562 4009 1663 4069 est,

81 4090 192 4156 quia
216 4105 325 4145 non
354 4090 518 4160 gratis
549 4089 789 4145 bibemus
821 4108 833 4142 :
867 4089 1006 4159 quod
1038 4099 1221 4159 postea
1242 4090 1560 4156 manifestat,
1589 4092 1668 4146 di-

83 4194 220 4249 cens,
256 4182 317 4238 Si
343 4192 510 4237 autem
532 4184 592 4236 de
618 4198 749 4245 aqua
771 4190 857 4235 tua
884 4182 1121 4250 bibemus,
1151 4198 1242 4252 ego
1259 4192 1304 4235 et
1326 4198 1505 4252 pecora
1531 4200 1663 4252 mea,

85 4274 203 4329 dabo
234 4279 451 4346 pretium
480 4276 585 4331 tibi.

150 4368 437 4427 XXXVIII.
465 4368 565 4442 [11).
590 4386 680 4436 xx,
710 4369 821 4443 ‘17.]
846 4368 967 4423 Non
984 4370 1344 4425 declinabimus
1368 4371 1420 4425 in
1463 4370 1668 4425 dextera

86 4474 230 4528 neque
271 4462 327 4516 in
373 4463 580 4517 sinistra
609 4461 924 4531 :pluraliter
956 4462 1154 4517 dictum
1204 4472 1305 4531 est,
1349 4463 1403 4519 in
1442 4478 1505 4519 ea
1548 4478 1667 4534 quae

87 4547 293 4607 dextera
324 4562 474 4620 sunt,
505 4554 589 4609 vel
616 4568 733 4631 quae
756 4552 966 4607 sinistra
997 4561 1136 4607 sunt.

153 4641 395 4701 XXXIX.
428 4644 525 4717 [11).
556 4662 643 4708 xx,
669 4643 784 4717 21.]
812 4642 932 4698 Non
950 4645 1217 4699 introibitis
1236 4646 1287 4699 in
1317 4656 1500 4701 terram
1517 4664 1668 4719 quam

92 4731 195 4786 dedi
217 4736 337 4804 ﬁliis
367 4735 534 4791 Israel
559 4737 610 4790 in
647 4735 1045 4806 possessionem;
1073 4737 1308 4807 quoniam
1338 4738 1668 4793 exacerbastis

92 4840 163 4878 me
194 4844 343 4899 super
389 4846 573 4902 aquam
613 4827 996 4883 maledictionis.
1035 4827 1203 4895 Quam
1250 4828 1383 4884 dixit
1424 4832 1667 4901 superius

1386 274 1586 336 LIBER
1623 274 2013 350 QUARTUS.‘
2177 268 2184 275 '
2309 266 2327 273 “

1769 398 1951 470 Siquis
1969 400 2105 457 vobis
2121 403 2528 474 evangelisaverit
2557 414 2889 481 prieterquam
2907 410 3042 482 quod
3062 397 3346 486 accepistis,

1768 494 2036 548 anathema
2062 495 2128 549 sit
2152 494 2342 571 (Galat.
2372 514 2409 565 ι,
2433 498 2510 570 9).
2545 499 2676 554 Hinc
2702 502 2858 585 vglgo
2896 502 3111 560 ductum
3148 514 3250 572 est,
3292 516 3355 562 ut

1767 586 2033 643 devotatio
2070 589 2314 645 dicatur:
2348 606 2468 646 nam
2511 592 2762 651 devotare
2788 610 2848 651 se
2876 611 3215 669 quemquam,
3254 615 3352 656 ne-

1767 695 1857 736 mo
1886 681 1995 737 fere
2024 681 2169 748 dicit,
2194 684 2295 739 nisi
2323 684 2667 743 maledicens.

1837 772 1974 828 XLI.
2008 771 2106 846 [Ib.
2137 790 2246 841 χιι,
2279 774 2357 847 5.]
2401 776 2467 831 Et
2508 779 2847 835 anathemavit
2871 797 2984 837 eum
3015 791 3063 838 et
3106 784 3363 841 civitatem

1768 863 1877 929 eius
1904 878 1925 918 :
1950 872 1999 917 et
2024 875 2251 919 vocatum
2276 873 2349 920 est
2382 883 2560 923 nomen
2590 869 2689 924 loci
2725 871 2862 926 illius
2889 871 3189 928 Anathemn.
3220 874 3322 929 Hin
3342 895 3367 929 e

1768 954 1985 1010 ductum
2013 963 2096 1011 est
2123 964 2181 1011 ut
2206 956 2508 1025 anathema,
2538 958 2848 1017 detestabile
2882 962 3081 1034 aliquid
3128 972 3183 1019 et
3219 965 3351 1020 abo-

1767 1047 2019 1103 minabile
2047 1047 2302 1104 videatur.
2333 1049 2399 1106 Ut
2424 1050 2566 1106 enim
2592 1051 2721 1106 nihil
2760 1051 2885 1108 inde
2912 1054 3077 1110 victor
3118 1054 3172 1110 in
3216 1069 3345 1111 usus

1768 1154 1895 1196 suos
1919 1141 2169 1206 auferret,
2197 1141 2289 1198 sed
2318 1150 2484 1198 totum
2516 1144 2567 1199 in
2598 1160 2808 1214 poenam
2836 1146 3081 1202 tuendam
3111 1156 3349 1213 voveret,

1769 1231 1873 1287 hoc
1914 1242 2029 1287 erat
2070 1233 2432 1298 anathemare,
2474 1234 2615 1301 quod
2645 1235 2801 1306 vulgo
2829 1236 3022 1292 dicitur
3074 1237 3347 1293 devotare.

1769 1325 1929 1399 Origo
1954 1335 2130 1383 autem
2162 1327 2317 1398 hujus
2360 1328 2507 1384 verbi
2536 1337 2616 1383 est
2646 1328 2699 1383 in
2725 1344 2897 1400 grzeca
2946 1331 3120 1401 lingua
3159 1330 3227 1384 ab
3271 1330 3352 1385 his

1768 1420 1948 1486 rebus,
1978 1436 2097 1491 qua:
2122 1429 2258 1475 vota:
2298 1429 2351 1474 et
2392 1420 2699 1490 persolutaz,
2731 1420 2831 1476 hoc
2856 1430 2957 1487 est,
2986 1436 3260 1492 promissae
3301 1428 3357 1475 ct

1768 1511 2010 1577 redditae,
2029 1527 2238 1566 sursum
2265 1511 2664 1581 ponebanturin
2681 1512 2911 1582 templis,
2934 1516 3032 1567 ἀπὸ
3051 1523 3133 1568 τοῦ
3159 1519 3254 1566 ἄνω
3275 1536 3352 1566 τι-

1767 1612 1894 1657 οἱναι
1926 1620 1939 1657 :
1971 1602 2071 1658 hoc
2100 1610 2202 1668 εει,
2238 1618 2450 1657 sursum
2494 1618 2711 1673 ponere,
2741 1602 2823 1658 vel
2851 1602 3079 1673 ﬁgendo,
3124 1604 3207 1659 vel
3233 1618 3355 1659 sus-

1768 1696 2074 1767 pendendo.

1843 1789 1995 1845 XLII.
2024 1786 2123 1862 [lb.
2144 1790 2356 1856 “1,43,
2385 1787 2497 1861 14.]
2520 1788 2573 1843 In
2592 1788 2779 1845 itinere
2796 1788 3024 1844 ﬁliorum
3048 1787 3230 1855 Israel,
3251 1804 3355 1859 quo

1769 1891 1939 1937 castra
1964 1882 2362 1951 promovebant,
2380 1889 2537 1951 atque
2558 1881 2842 1950 ponebant,
2862 1880 3000 1936 inter
3017 1890 3208 1936 caetera
3228 1881 3356 1936 seri-

1770 1984 1917 2044 ptum
1946 1982 2047 2040 est,
2080 1972 2148 2026 Et
2172 1974 2290 2027 inde
2313 1982 2479 2027 castra
2512 1973 2877 2027 collocaverunt
2905 1982 3043 2027 trans
3085 1974 3259 2026 Arnen
3297 1973 3351 2026 in

1770 2081 1933 2120 eremo
1959 2066 1999 2132 ί,
2017 2065 2151 2135 quod
2161 2073 2367 2119 exstata
2394 2064 2631 2118 limitibus
2650 2064 3077 2118 Amorrhteorum.
3101 2061 3188 2118 Est
3215 2065 3348 2118 enim

1770 2157 1945 2211 Arnon
1961 2158 2099 2211 limes
2112 2156 2263 2210 Moab
2275 2159 2295 2189 ²
2313 2156 2441 2210 inter
2454 2156 2604 2210 Moab
2621 2167 2665 2210 et
2682 2158 2810 2211 inter
2830 2157 3195 2211 Amorrhwum.
3218 2155 3355 2210 Pro-

1773 2260 1939 2318 pterea
1956 2250 2139 2303 dicitur
2157 2250 2209 2303 in
2228 2250 2373 2313 libro,
2393 2247 2590 2303 Bellum
2610 2247 2813 2302 Domini
2831 2247 2969 2302 Ζοοὸ
2997 2248 3350 2319 inﬂammavit,

1772 2349 1819 2394 et
1836 2349 2075 2394 torrentes
2096 2342 2288 2404 Arnen,
2303 2350 2349 2394 et
2363 2350 2604 2395 torrentes
2613 2340 2866 2395 constituit
2878 2339 3157 2394 inhabitare
3169 2338 3263 2393 Er.
3289 2338 3348 2393 In

1770 2447 1876 2503 quo
1905 2432 2040 2486 libro
2069 2431 2170 2485 hoc
2195 2431 2448 2500 scriptum
2475 2431 2563 2497 sit,
2582 2446 2687 2485 non
2712 2431 3164 2495 commemoravit,
3183 2443 3358 2499 neque

1770 2523 1911 2577 ullus
1931 2532 2014 2577 est
2043 2523 2093 2575 in
2117 2522 2200 2576 his
2227 2536 2362 2593 quos
2388 2521 2579 2576 divina:
2618 2522 2907 2592 Scriptura:
2948 2522 3231 2577 canonicos
3255 2536 3355 2592 ap-

1771 2614 2053 2685 pellamus.
2087 2614 2161 2667 De
2188 2613 2379 2667 talibus
2407 2613 2714 2669 occasiones
2752 2613 3040 2682 reperiunt,
3066 2613 3155 2683 qui
3193 2613 3357 2669 libros

1771 2706 2106 2776 apocryphos
2133 2706 2461 2761 incautorum
2485 2705 2702 2761 auribus
2729 2715 2783 2761 et
2808 2706 3138 2761 curiosorum
3169 2721 3357 2763 conan-

1771 2808 1858 2854 tur
1886 2801 2141 2866 inserere,
2182 2798 2247 2853 ad
2287 2798 2678 2868 persuadendas
2719 2797 2983 2853 fabulosus
3035 2798 3353 2869 impietates.

1772 2892 1879 2947 Sed
1909 2891 1994 2946 hic
2017 2890 2212 2945 dictum
2244 2900 2326 2945 est
2367 2890 2617 2960 scriptum
2650 2890 2701 2945 in
2730 2888 2887 2953 libro,
2920 2905 3023 2945 non
3050 2890 3245 2945 dictum
3275 2898 3359 2945 est

1771 2983 1829 3039 in
1852 2983 2005 3053 cujus
2037 2982 2306 3053 prophetae
2332 2982 2418 3037 vel
2446 2980 2758 3051 patriarcha:
2783 2990 2968 3036 sancto
2996 2981 3151 3037 libro.
3174 2981 3357 3052 Neque

1772 3077 2072 3149 negandum
2124 3084 2206 3131 est
2247 3074 2409 3130 fuisse
2451 3074 2560 3145 jam
2583 3075 2743 3130 libros
2794 3076 2907 3129 sive
2952 3073 3355 3141 Chaldaeorum,

1772 3172 1912 3226 unde
1936 3186 2183 3242 egressus
2209 3178 2290 3225 est
2321 3167 2619 3234 Abraham;
2668 3168 2784 3224 sive
2832 3166 3224 3239 Egyptiorum,
3268 3166 3358 3223 ubi

1774 3263 2030 3318 didicerat
2054 3263 2260 3332 Moyses
2285 3277 2496 3316 omnem
2527 3261 2736 3314 illorum
2766 3259 3112 3330 sapientiam;
3144 3260 3254 3314 sive
3267 3273 3357 3315 cu-

1770 3352 1963 3422 jusque
1987 3352 2160 3421 gentis
2189 3352 2428 3417 alterius,
2453 3352 2504 3405 in
2535 3365 2760 3421 quorum
2787 3349 3042 3404 librorum
3071 3349 3248 3420 aliquo
3272 3363 3359 3420 po-

1776 3446 1873 3499 tuit
1901 3444 2002 3498 huc
2025 3458 2143 3499 esse
2171 3446 2426 3514 scriptum
2460 3461 2473 3496 :
2505 3442 2593 3513 qui
2626 3450 2799 3496 tamen
2829 3456 2934 3495 non
2960 3440 3079 3495 ideo
3108 3440 3177 3495 sit
3206 3455 3357 3496 assu-

1776 3538 2002 3593 mendus
2031 3536 2085 3591 in
2109 3552 2200 3592 eas
2224 3535 2526 3606 Scripturas
2548 3534 2739 3604 quibus
2759 3533 2933 3587 divina
2954 3532 3357 3589 commendatur

1774 3630 2090 3695 auctoritas;
2120 3630 2257 3684 sicut
2299 3644 2397 3684 nec
2440 3625 2695 3697 prOpheta
2736 3625 2824 3680 ille
2863 3624 3154 3692 Cretensis,
3204 3623 3356 3694 cujus

1775 3723 2098 3777 mentionem
2146 3720 2269 3774 facit
2312 3718 2598 3788 Apostolus
2644 3715 2767 3787 (Tit.
2801 3715 2982 3785 1,12);
3014 3730 3114 3771 nec
3138 3714 3355 3771 Graeco-

1773 3830 1891 3869 rum
1936 3812 2220 3880 scriptores
2262 3810 2345 3865 vel
2392 3808 2684 3879 philosophi
2715 3809 2797 3863 vel
2828 3817 3023 3878 poctze,
3056 3823 3188 3878 quos
3214 3807 3355 3864 idem

1773 3907 1889 3977 ipse
1915 3905 2182 3975 apostolus
2207 3917 2452 3973 magnum
2470 3916 2598 3957 sane
2620 3900 2815 3971 aliquid
2837 3900 3157 3954 etveraciter
3178 3915 3357 3969 prom-

1774 4010 1923 4072 ptum
1960 3997 2027 4053 ad
2071 3996 2423 4052 Athenienses
2468 3994 2723 4064 loquens,
2771 3992 2967 4047 dixisse
3021 3992 3345 4047 conﬁrmat:

1774 4092 1839 4147 In
1866 4094 1956 4147 illo
1982 4091 2112 4145 enim
2157 4090 2384 4153 vivimus,
2408 4099 2453 4141 et
2485 4102 2757 4150 movemur,
2789 4095 2834 4139 et
2854 4102 3023 4139 sumus
3058 4084 3196 4153 (Act.
3222 4099 3351 4150 xv",

1772 4185 1887 4255 28).
1911 4184 2058 4239 Licet
2085 4181 2223 4237 enim
2250 4179 2443 4235 divina:
2459 4176 2753 4233 auctoritati
2776 4176 2915 4230 unde
2940 4175 3186 4241 voluerit,
3213 4175 3353 4244 quod

1773 4290 1958 4330 verum
1989 4272 2269 4338 invenerit,
2304 4269 2661 4325 testimonium
2698 4281 2939 4334 sumere;
2967 4265 3057 4319 sed
3090 4281 3193 4319 non
3234 4265 3354 4320 ideo

1773 4367 1950 4423 omnia
1979 4380 2097 4436 qua:
2123 4363 2195 4418 ibi
2221 4360 2418 4430 scripta
2440 4366 2581 4421 sunt,
2602 4355 2905 4425 accipienda
2930 4355 3224 4409 conﬁrmat.
3248 4354 3353 4410 Cur

1772 4469 1950 4517 autem
1971 4461 2072 4514 hoc
2093 4458 2195 4512 isto
2215 4459 2683 4511 commemoratum
2708 4450 2926 4514 sitloco,
2951 4463 3055 4502 non
3083 4447 3353 4503 evidenter

1772 4559 2020 4624 apparet;
2070 4548 2173 4603 nisi
2218 4546 2372 4608 forte.
2419 4552 2478 4598 ut
2514 4544 2648 4597 ﬁnes
2674 4541 2779 4597 illic
2825 4540 2963 4595 inter
3004 4539 3134 4594 duas
3166 4548 3353 4610 gentes

1772 4645 2239 4705 constituerentur,
2271 4636 2412 4692 bello
2437 4644 2611 4690 actum
2655 4642 2756 4695 est,
2804 4630 2944 4702 quod
2986 4631 3181 4686 bellum
3211 4631 3355 4699 ejus-

1773 4737 1894 4792 dem
1929 4734 2032 4790 loci
2064 4732 2305 4787 homines
2332 4736 2548 4799 propter
2574 4722 3007 4795 magnitudinem,
3032 4722 3227 4777 bellum
3254 4724 3356 4779 1)οκ

1773 4828 1901 4883 mini
1933 4841 2052 4881 esse
2080 4823 2346 4888 dixerunt,
2375 4829 2432 4875 ut
2478 4818 2800 4873 scriberetur
2848 4815 2901 4869 in
2946 4814 3122 4884 aliquo
3166 4829 3352 4869 eorum
3435 4880 3437 4882 η

1771 4921 1930 4985 libro,
1958 4917 2157 4972 Bellum
2182 4912 2391 4967 Domini
2424 4908 2562 4965 Zoob
2583 4906 2913 4979 inﬂammavit
2946 4921 2964 4959 :
2991 4905 3131 4976 quod
3157 4906 3239 4958 vel
3268 4918 3353 4958 ar-

1772 5015 1897 5072 serit
1929 5012 2118 5069 eodem
2145 5009 2286 5065 bello
2311 5008 2409 5063 ista
2443 5005 2653 5071 civitas,
2681 5012 2771 5059 aut
2795 5001 2860 5057 ad
2891 4998 3227 5071 pugnandum
3271 4997 3354 5050 in-
3403 5057 3413 5088 ἡ

1772 5108 2040 5163 ﬂammata
2075 5105 2161 5170 sit,
2204 5102 2306 5157 hoc
2347 5108 2451 5162 est.
2500 5098 2747 5163 excitata,
2797 5094 2881 5149 vel
2905 5094 2951 5147 si
2977 5090 3101 5161 quid
3126 5088 3267 5144 aliud
3294 5088 3348 5144 in
3383 5094 3412 5170 pg,

1772 5199 2093 5255 obscuritate
2122 5168 2222 5250 loci
2254 5192 2408 5263 hujus
2429 5192 2572 5246 latet.

1845 5245 2419 5361 "x'iiif'[it;.‘;g;,'iéi]
2447 5245 2546 5335 Hic
2560 5289 2633 5334 est
2659 5286 2834 5347 puteus
2857 5289 3001 5345 quem
3026 5272 3155 5328 dixit
3183 5270 3358 5325 Domi-
3386 5245 3422 5311 l.

1774 5402 1868 5440 nus
1895 5384 1962 5437 ad
1988 5380 2221 5453 Moysen,
2265 5377 2523 5447 Congrega
2554 5371 2816 5443 populum,
2855 5376 2900 5420 et
2920 5365 3048 5420 dabo
3072 5366 3143 5418 eis
3170 5376 3354 5432 aquam

94 4932 269 4989 aquam
298 4923 753 4989 contradictionis,
782 4922 949 4992 ipsam
978 4920 1106 4976 dicit
1125 4921 1211 4978 hic
1236 4923 1623 4979 maledictionis
1650 4944 1664 4979 :

97 5025 192 5067 non
219 5016 361 5072 enim
387 5016 461 5071 ait
481 5021 768 5081 αντιλογίας,
800 5013 895 5068 sed
926 5017 1179 5083 λοιδορίας.

161 5102 265 5159 XL.
289 5105 401 5179 [1b.
434 5123 543 5173 xxi,
573 5105 652 5178 2.]
686 5105 751 5159 Et
776 5105 903 5159 vovit
929 5103 1091 5159 Israel
1136 5113 1303 5159 votum
1352 5105 1590 5175 Domino,
1622 5117 1669 5163 et

101 5194 233 5264 dixit,
260 5200 317 5255 Si
345 5201 469 5255 mihi
514 5198 781 5253 tradideris
820 5198 1062 5268 populum
1094 5198 1243 5251 istum
1281 5198 1573 5269 subjectum,
1616 5199 1669 5255 id

104 5295 195 5350 est.
221 5289 263 5342 si
286 5291 413 5346 mihi
442 5306 562 5345 eum
610 5288 865 5345 tradendo
908 5288 1221 5358 subjeeeris,
1253 5290 1581 5344 anathemabo
1605 5290 1671 5343 il-

107 5375 201 5433 lum
215 5394 257 5437 et
275 5387 490 5440 civitates
507 5386 631 5456 ejus.
662 5384 755 5439 Hic
784 5382 1067 5438 videndum
1093 5392 1193 5447 est,
1226 5384 1491 5452 quomodo
1518 5383 1668 5437 dica-

109 5479 184 5526 tur
208 5479 551 5542 anathemabo,
575 5475 714 5547 quod
735 5484 974 5540 vovetur,
993 5483 1047 5531 et
1068 5484 1242 5529 tamen
1267 5490 1361 5544 pro
1384 5475 1668 5529 maledicto

108 5570 321 5639 ponitur,
348 5572 487 5628 sicut
506 5578 561 5627 et
575 5561 763 5627 de’isto
788 5569 984 5642 populo
1008 5568 1201 5624 dicitur
1222 5585 1235 5621 :
1260 5567 1400 5623 unde
1419 5566 1549 5623 illud
1564 5576 1665 5637 est,

3425 5084 3439 5116 ι

1836 5524 1854 5554 ί
1878 5520 2077 5570 Codices
2097 5527 2268 5567 omnes
2288 5512 2367 5560 hic
2402 5507 2642 5570 ferebant,
2668 5502 2719 5554 in
2741 5512 2932 5570 nemon
2958 5514 2976 5552 :
2999 5505 3223 5563 corrupte
3245 5511 3355 5562 pro,

1773 5584 1823 5636 in
1843 5565 2125 5643 er'e'nio'futi
2146 5590 2210 5627 ex
2233 5581 2343 5643 ut);
2364 5579 2417 5623 et
2438 5584 2502 5643 ex
2519 5565 2914 5643 .Vulgataliqu‘et.

1836 5622 2374 5695 ’wtsvd'i'tvi’oiuittuutbic,
2408 5628 2574 5691 Moab;
2604 5622 2751 5692 atque
2788 5622 2911 5695 intra
2948 5640 3035 5689 pro
3063 5622 3203 5695 Z_o_ob,
3242 5634 3356 5695 eou-

1771 5690 2179 5764 stanter'habent,
2193 5696 2327 5752 Moab
2344 5690 2485 5763 {quae
2509 5690 3007 5746 errata—emendantur
3019 5701 3081 5740 ex
3094 5693 3197 5737 Mss.
3224 5690 3277 5736 et
3294 5695 3357 5737 ex

1774 5778 1906 5824 LXX.

1676 5904 1781 5924 ,κιαι

168 5768 334 5839 ιωίιί,
355 5780 531 5829 mn.
571 5781 677 5827 Mss.
701 5786 840 5841 vero,
861 5773 1021 5839 εηὺη.
1047 5774 1186 5843 juxta
1207 5788 1438 5842 gramm.
