3862 6312
510 276 616 337 ’148

507 395 857 465 interpretes,
899 390 1088 463 Aquila
1132 386 1445 463 perhibetur
1483 390 1717 455 dixisse,
1758 388 1982 461 conﬁge,
2007 388 2093 444 vel

504 489 681 562 potius
707 502 903 542 sursum
923 486 1149 556 conﬁge,
1176 483 1318 556 quod
1338 493 1422 540 est
1443 487 1716 551 ἀνάπηεον;
1741 481 2093 554 Symmachus

503 560 680 636 autem
708 578 873 635 verbo
896 576 1223 634 evidentiore
1243 618 1258 643 ,
1288 576 1557 646 suspende.
1615 574 1803 629 Mirum
1828 582 1909 630 est
1932 590 2090 641 sane,

502 671 645 744 quod
678 670 948 741 Scriptura
974 684 1193 725 narrare
1217 668 1485 724 destiterit
1510 675 1685 723 utrum
1714 666 1817 723 hoc
1838 667 2001 723 fuerit
2025 682 2090 723 ex

400 765 421 821 ἐ
502 771 770 834 praecepto
795 761 1003 816 Domini
1029 760 1342 831 impletum:
1381 758 1521 829 quod
1549 760 1817 815 contemni
1854 759 2093 831 potuisse

503 870 610 910 non
639 854 793 910 video
810 896 826 922 ,
852 862 943 908 aut
961 852 1007 909 si
1026 861 1388 923 contemptum
1414 861 1526 917 est,
1557 854 1772 924 impune
1796 854 2087 909 contemni.

402 944 434 1033 ν
500 946 559 1001 Si
586 955 765 1003 autem
789 945 985 1001 factum
1010 952 1093 1000 est
1120 954 1174 1000 et
1203 944 1451 1011 tacitum,
1480 960 1577 1000 cur
1603 960 1667 1000 ex
1699 960 1764 1001 eo
1795 945 1936 1018 quod
1966 944 2089 1001 Phi-

500 1051 629 1093 nees
675 1035 814 1090 ﬁlius
868 1034 1090 1090 Eleazar
1138 1035 1403 1090 transﬁxit
1464 1034 1767 1103 adulteros,
1825 1036 2089 1106 placatum

498 1127 662 1183 fuisse
698 1125 979 1182 Dominum
1014 1124 1287 1195 Scriptura
1328 1133 1575 1191 testatur,
1616 1126 1932 1197 plagamque
1966 1140 2087 1181 ces-

496 1232 673 1285 sasse;
696 1216 844 1288 quasi
860 1214 1128 1271 cruciﬁxis
1147 1214 1391 1283 ducibus,
1410 1215 1547 1271 sicut
1565 1226 1891 1287 praeceperat
1910 1216 2091 1271 Domi-

496 1324 625 1375 nus,
672 1307 848 1363 adhuc
893 1306 1186 1377 indignatio
1230 1320 1581 1376 perseverans
1625 1306 1732 1361 alio
1772 1306 1933 1362 modo
1977 1307 2089 1378 pla-

493 1401 662 1457 canda
691 1400 999 1456 videretur:
1031 1415 1153 1455 cum
1176 1400 1361 1471 procul
1400 1399 1563 1455 dubio
1586 1399 1777 1455 falsum
1818 1416 1940 1456 esse
1978 1415 2086 1456 non

493 1502 704 1565 posset,
736 1493 877 1564 quod
905 1493 1349 1563 pramuntiaverat
1374 1502 1429 1547 et
1457 1492 1775 1563 promiserat
1791 1493 2046 1548 Dominus
2065 1533 2081 1559 ,

493 1584 704 1648 dicens,
736 1583 919 1653 Accipe
937 1584 1087 1637 duces
1106 1583 1317 1654 populi,
1341 1591 1385 1636 et
1406 1593 1599 1637 ostenta
1618 1599 1702 1637 eos
1722 1583 1943 1637 Domino
1964 1600 2086 1638 con-

494 1684 574 1728 tra
601 1675 787 1740 solem;
808 1682 859 1728 et
876 1682 1122 1728 avertetur
1140 1674 1217 1725 ira
1234 1672 1556 1728 animationis
1577 1672 1784 1728 Domini
1804 1675 1867 1728 ab
1886 1673 2086 1729 Israel?

492 1766 547 1823 Si
568 1782 697 1837 ergo
724 1765 921 1822 factum
948 1774 1092 1833 erat,
1119 1766 1236 1836 quis
1261 1766 1471 1821 dubitet
1510 1768 1643 1821 iram
1685 1766 1893 1821 Domini
1927 1782 2085 1822 aver-

491 1873 607 1912 sam
640 1857 800 1913 fuisse
828 1857 894 1913 ab
923 1855 1119 1913 Israel?
1152 1855 1290 1923 Quid
1317 1857 1492 1925 itaque
1516 1870 1651 1927 opus
1674 1866 1789 1911 erat
1823 1865 1879 1910 ut
1910 1856 2085 1911 adhuc

490 1949 719 2005 Phinees
742 1948 809 2003 ad
838 1947 1153 2019 placandum
1179 1949 1346 2003 Deum
1374 1948 1452 2002 sic
1477 1949 1529 2002 in
1552 1947 1823 2004 adulteros
1847 1948 2083 2004 vindica-

489 2052 604 2108 ret,
633 2043 790 2113 eique
819 2042 1179 2098 testimonium
1216 2041 1490 2111 Scriptura
1526 2040 1828 2110 perhiberet
1846 2040 1987 2112 quod
2016 2056 2083 2096 eo

488 2136 649 2192 modo
676 2136 965 2207 placaverit
1001 2135 1322 2190 Dominum?
1362 2134 1473 2189 Nisi
1511 2134 1651 2189 forte
1690 2135 2078 2205 intelligamus,

487 2244 611 2285 cum
634 2229 763 2285 illud
786 2228 855 2285 dc
881 2229 1108 2285 ducibus
1128 2228 1307 2299 populi
1329 2228 1557 2299 Moyses,
1586 2228 1725 2298 quod
1757 2239 2083 2300 praeceperat

488 2321 745 2377 Dominus
760 2362 775 2388 ,
803 2321 1024 2392 implere
1047 2320 1383 2389 disponeret,
1417 2334 1539 2374 eum
1562 2319 1794 2375 voluisse
1811 2320 1973 2375 etiam
1994 2337 2081 2379 se-

488 2413 719 2471 cundum
742 2412 939 2485 Legem
970 2414 1093 2467 talia
1120 2412 1307 2482 punire
1329 2411 1526 2481 ﬂagitia
1554 2420 1609 2467 et
1636 2413 1957 2485 sacrilegam
1985 2430 2079 2470 au-

486 2505 726 2572 daciam,
769 2514 827 2560 ut
867 2506 1080 2577 juberet
1127 2519 1390 2575 quemque
1435 2504 1735 2561 interficere
1774 2508 2077 2578 proximum

484 2613 637 2653 suum
666 2597 769 2652 diis
793 2596 982 2652 alienis
1021 2594 1220 2650 nefarie
1245 2608 1615 2651 consecratum
1636 2637 1651 2663 ,
1682 2605 1843 2668 atque
1872 2600 2077 2655 interea

484 2691 643 2746 etiam
669 2688 800 2745 illud
826 2688 1054 2744 Phinees
1073 2686 1291 2755 faceret,
1310 2703 1374 2743 ac
1392 2688 1470 2744 sic
1495 2688 1571 2743 ira
1598 2689 1805 2745 Domini
1828 2692 1941 2761 jam
1962 2692 2076 2762 pla-

482 2794 626 2851 cata,
657 2797 761 2838 non
786 2795 919 2852 opus
947 2779 1112 2836 fuisse
1136 2779 1299 2837 duces
1324 2782 1507 2853 populi
1527 2784 1781 2855 cruciligi.
1805 2784 1931 2840 Haec
1945 2799 2076 2842 sane

481 2877 739 2934 severitas
786 2875 859 2929 illi
909 2874 1137 2944 tempori
1175 2890 1447 2946 congrua,
1483 2886 1739 2947 quantum
1766 2878 1966 2933 malum
2005 2879 2075 2935 sit

483 2964 847 3023 fornicationis
873 2974 929 3020 et
953 2963 1287 3033 idololatriae,
1308 2966 1645 3036 prudentium
1672 2967 1936 3024 ﬁdeisatis
1962 2970 2075 3025 evi-

481 3058 669 3114 denter
690 3054 939 3112 ostendit.

550 3149 681 3205 LIII.
712 3148 820 3222 [lb.
849 3150 1129 3217 xxvn,15,
1156 3148 1269 3222 η]
1293 3149 1423 3205 Eam
1449 3164 1663 3207 causam
1698 3152 1887 3208 mortis
1904 3152 2072 3224 Moysi
2126 3224 2133 3231 ι

483 3241 611 3298 dicit
650 3240 946 3306 Dominus,
994 3254 1153 3311 quam
1197 3241 1358 3296 etiam
1402 3240 1582 3297 fratris
1618 3241 1754 3314 ejus.
1796 3243 2072 3300 Ambobus

480 3336 623 3391 enim
643 3334 803 3389 etiam
826 3333 927 3389 hoc
955 3342 1079 3389 ante
1105 3332 1441 3404 prmdixerat,
1469 3334 1611 3406 quod
1632 3335 1754 3392 ideo
1772 3351 1880 3392 non
1907 3337 2072 3393 intra-

480 3435 599 3482 rent
620 3442 740 3481 cum
762 3426 961 3496 populo
981 3425 1075 3481 Dei
1100 3427 1151 3480 in
1171 3434 1369 3483 terram
1396 3427 1784 3497 promissionis,
1813 3429 1937 3501 quia
1962 3444 2069 3486 non

478 3534 598 3576 eum
626 3517 1093 3575 sanctificaverunt
1116 3534 1295 3575 coram
1328 3521 1523 3591 populo
1550 3521 1617 3576 ad
1641 3537 1831 3594 aquam
1858 3533 2069 3579 contra-

480 3613 727 3668 dictiouis
749 3613 767 3685 (
791 3612 950 3666 Num.
979 3629 1069 3680 xx,
1097 3612 1233 3684 12);
1263 3613 1317 3667 id
1345 3622 1430 3669 est
1456 3614 1576 3684 quia
1605 3614 1977 3671 dubitaverunt
1999 3616 2070 3673 de

481 3704 620 3761 dono
645 3704 782 3775 ejus,
812 3704 953 3775 quod
984 3712 1166 3776 posset
1189 3718 1324 3775 aqua
1352 3704 1417 3759 de
1441 3714 1592 3776 petra
1621 3706 1905 3775 proﬂuere,
1933 3706 2069 3763 sicut

479 3800 822 3869 exposuimus
853 3798 906 3852 in
936 3812 1004 3853 eo
1034 3798 1150 3868 ipso
1172 3799 1463 3867 Scriptura:
1488 3799 1606 3853 loco
1636 3799 1866 3871 (Supra,
1888 3809 2065 3871 quast.

479 3890 546 3945 i9
568 3890 607 3961 ).
643 3889 812 3958 Hujus
839 3898 1016 3943 autem
1043 3888 1122 3943 rei
1154 3888 1467 3960 mysterium
1493 3888 1648 3943 datur
1676 3889 1917 3961 intelligi.
1944 3891 2067 3962 quia

482 3998 582 4038 nec
608 3980 961 4036 sacerdotium
988 3980 1130 4050 quod
1155 3980 1301 4050 prius
1322 3981 1615 4037 institutum
1638 3991 1740 4050 est,
1767 3983 1917 4053 cujus
1942 3999 2067 4054 pcr-

480 4087 664 4128 sonam
694 4072 914 4142 gerebat
948 4073 1145 4136 Aaron,
1178 4088 1278 4126 nec
1312 4072 1425 4142 ipsa
1456 4072 1565 4127 Lex
1604 4076 1757 4145 cujus
1783 4090 2065 4145 personam

478 4166 694 4236 gerebat
722 4166 963 4237 Moyses,
1002 4165 1345 4221 introducunt
1377 4166 1627 4237 populum
1675 4169 1765 4224 Dei
1794 4170 1845 4223 in
1873 4178 2066 4225 terram

480 4260 808 4315 litereditatis
829 4268 1078 4325 aeternae;
1107 4259 1201 4315 sed
1230 4259 1408 4323 Iesus,
1435 4260 1486 4315 in
1514 4277 1619 4332 quo
1650 4272 1804 4334 typus
1832 4272 1947 4319 erat
1967 4265 2069 4319 Do-

476 4352 605 4408 mini
629 4351 754 4407 .Iesu
788 4350 1015 4416 Christi,
1050 4350 1103 4404 id
1147 4359 1229 4406 est
1260 4351 1428 4421 gratia
1458 4367 1555 4423 per
1582 4353 1759 4409 (idem.
1793 4354 1861 4409 Et
1888 4355 2067 4411 Aaron

476 4444 694 4516 quidem
737 4451 862 4498 ante
890 4441 1173 4497 defunctus
1208 4452 1326 4509 est,
1352 4458 1511 4513 quam
1548 4444 1709 4501 Israel
1739 4446 1791 4501 in
1835 4446 2066 4518 aliquam

478 4545 683 4607 partem
710 4543 867 4590 terra:
890 4532 1257 4603 promissionis
1292 4534 1543 4602 intraret;
1571 4536 1749 4608 Moyse
1766 4546 1945 4593 autem
1970 4537 2068 4593 ad-

479 4625 583 4680 huc
604 4624 816 4679 vivente
840 4632 993 4693 capta
1020 4631 1103 4678 est
1129 4630 1269 4679 terra
1299 4625 1735 4682 Amorrbzeorum
1757 4638 1917 4699 atque
1949 4643 2069 4699 pos-

410 4727 443 4815 ἷ
479 4733 646 4783 sessa,
680 4716 775 4773 sed
799 4716 1086 4773 Jordanem
1109 4732 1229 4772 cum
1255 4719 1334 4774 eis
1362 4734 1468 4774 non
1489 4728 1573 4775 est
1595 4722 1819 4776 transire
1846 4723 2069 4791 permis-

402 4808 441 4944 ἱ
479 4828 593 4868 sus.
630 4811 709 4866 Ex
753 4811 929 4881 aliqua
968 4808 1111 4865 enim
1161 4819 1311 4881 parte
1356 4810 1469 4867 Lex
1514 4812 1827 4868 observatur
1867 4813 1917 4867 in
1964 4812 2069 4870 fide

466 4875 782 4944 Lhrietiang-
806 4902 879 4944 ΙΙιί
897 4902 1036 4944 anim
1053 4904 1347 4944 cnnlolinm
1372 4913 1630 4944 nrmnonm
1669 4920 1787 4944 nium
1805 4904 2067 4944 hmlinmm

400 4875 427 4988 ξ
460 4875 785 4988 lubrisuana.
806 4875 880 4958 Ibi
897 4902 1036 4957 enim
1052 4875 1348 4959 suntetiam
1371 4913 1655 4974 praecepta,
1669 4920 1789 4976 quae
1805 4904 2068 4977 hodieque

442 4972 760 5115 {observare
771 4996 1054 5053 Christiani
1066 4995 1337 5067 jubemur.
1349 4996 1713 5053 Sacerdotium
1731 5014 1858 5053 vero
1873 4998 1999 5054 illud
2015 5008 2068 5056 et

402 5112 409 5115 _
478 5090 729 5115 ---_:c-:-
755 5090 949 5115 “ull-..
973 5097 1175 5115 -ιιι-ΙΑ-νι
1201 5098 1380 5115 ιιι-..-ι
1412 5088 1569 5115 ιυιλε..
1594 5090 1714 5115 Ωιιλὲ
1744 5091 2041 5115 -L_!-a!___

394 5088 460 5160 λζ
476 5090 733 5147 sacrificia
755 5090 951 5145 nullam
973 5097 1178 5159 partem
1201 5098 1386 5145 tenent
1412 5088 1571 5146 hodie
1594 5090 1715 5145 fidei
1740 5091 2064 5160 christianae,

422 5140 455 5197 3
476 5184 577 5240 nisi
589 5182 729 5255 quod
747 5183 798 5236 in
813 5140 1015 5236 umbrirs
1030 5179 1328 5236 futurorum
1344 5190 1463 5236 acta
1473 5190 1632 5253 atque
1649 5190 1909 5239 transacta
1922 5192 2063 5239 sunt.

426 5340 431 5343 _
475 5279 608 5335 Cum
638 5293 766 5334 vero
789 5275 1051 5332 ambobus
1082 5274 1352 5340 fratribus,
1385 5274 1439 5330 id
1473 5284 1555 5331 est
1592 5278 1768 5331 Aaron
1793 5289 1849 5333 et
1875 5278 2062 5350 Moysi,

428 5362 429 5365 “
480 5370 673 5427 dicitur
698 5378 757 5424 ut
781 5375 1114 5440 apponuntur
1134 5366 1199 5422 ad
1226 5365 1481 5437 populum
1519 5382 1695 5433 suum,
1724 5369 2065 5425 manifestum

420 5504 423 5507 -
480 5473 697 5519 estnon
736 5474 856 5516 esse
888 5460 940 5516 in
984 5458 1108 5515 illos
1150 5459 1283 5514 iram
1319 5458 1453 5527 Dei,
1486 5475 1604 5531 qua:
1632 5470 1844 5531 separat
1880 5477 1907 5516 a
1936 5477 2067 5533 pace

476 5563 676 5612 sancta:
701 5553 972 5610 societatis
990 5562 1224 5609 aatcrnaa.
1252 5552 1406 5610 Unde
1432 5554 1816 5623 manifestatur,
1842 5571 1948 5613 non
1975 5572 2066 5613 so-

477 5646 589 5703 lum
614 5646 807 5714 ofﬁcia,
843 5645 940 5702 sed
965 5644 1127 5701 etiam
1174 5654 1377 5703 mortes
1402 5660 1588 5703 eorum
1618 5646 1769 5719 signa
1797 5646 1961 5705 fuisse
1988 5647 2069 5705 fu-

480 5743 747 5805 turorum,
772 5753 880 5795 non
906 5735 1165 5806 supplicia
1193 5737 1566 5809 indignationis
1591 5737 1708 5795 Dei.

1315 266 1781 338 QUESTIONUM
1817 266 1878 324 s.
1916 260 2283 325 AUGUSTINI
2321 264 2387 322 1N
2425 265 2979 326 aerumnarum
3220 226 3251 231 θ’
3277 226 3287 232 ’
3312 228 3339 249 ⁷
3658 272 3739 332 τα

2273 386 2404 442 LIV.
2438 386 2533 461 [lb.
2552 403 2721 453 mn,
2752 388 2838 450 is,
2867 386 2979 461 19.]
3021 385 3086 441 Et
3110 384 3303 441 locutus
3326 384 3401 442 at
3439 353 3664 447 υοηιῑηιὶε
3685 397 3736 448 αι

2203 478 2435 551 Moysen,
2454 482 2623 536 dicens
2651 498 2669 536 :
2690 482 2872 553 Accipe
2889 482 2957 534 ad
2983 481 3195 550 teipsum
3215 479 3393 535 Iesum
3416 480 3577 551 ﬁlium
3604 482 3735 556 Nave,

2202 573 2451 628 hominem
2472 574 2560 639 qui
2588 574 2735 628 habet
2765 574 3014 645 Spiritum
3036 574 3091 627 in
3118 576 3317 643 seipso;
3345 584 3393 628 et
3415 575 3630 645 impones
3649 595 3761 655 αισι-ρ

2201 682 2297 719 nus
2318 676 2429 721 tuas
2449 683 2599 737 super
2622 666 2755 730 eum,
2777 676 2823 721 et
2837 676 3022 721 statues
3047 683 3158 721 eum
3179 667 3233 721 in
3253 678 3521 738 conspectu
3547 668 3736 727 Eleazan'

2198 760 2491 827 sacerdotis,
2518 770 2568 814 et
2582 760 2845 815 mandabis
2871 761 2919 814 ei
2940 761 2994 813 in
3013 768 3280 831 conspectu
3301 762 3463 816 omnis
3490 779 3733 836 synagoga,

2198 858 2305 906 etc.
2336 849 2637 907 Notandum
2668 860 2771 915 est,
2814 852 2954 923 quod
2981 866 3101 908 cum
3128 852 3237 923 jam
3276 852 3498 909 haberet
3526 852 3735 925 Spiritum

2197 942 2252 998 in
2274 943 2452 1016 seipso
2471 943 2597 1000 Iesu
2622 943 2784 1009 Nave,
2807 946 2943 1000 sicut
2965 944 3234 1016 Scriptura
3262 953 3484 1002 testatur
3513 946 3624 1020 (ubi
3642 950 3737 1019 quid

2195 1033 2338 1089 aliud
2369 1050 2527 1105 quam
2551 1034 2806 1106 Spiritum
2833 1045 3077 1092 sanctum
3097 1036 3353 1093 debemus
3374 1038 3643 1108 accipere?
3658 1055 3736 1095 non

2195 1124 2338 1179 enim
2358 1124 2426 1181 de
2451 1126 2641 1197 spiritu
2667 1126 2898 1181 hominis
2922 1126 3025 1181 hoc
3044 1126 3266 1192 diceret,
3292 1142 3451 1197 quem
3472 1128 3637 1184 nullus
3653 1143 3739 1185 erat

2193 1215 2285 1286 qui
2316 1231 2422 1271 non
2450 1217 2731 1289 habebat),
2758 1217 2935 1284 jussus
2963 1228 3045 1273 est
3068 1226 3245 1274 tamen
3274 1217 3487 1290 Moyses
3514 1219 3563 1274 ei
3587 1235 3739 1274 manus

2195 1305 2506 1377 imponere;
2539 1324 2606 1363 ne
2632 1308 2911 1380 quisquam
2959 1309 3139 1377 homo,
3183 1310 3422 1381 qualibet
3464 1312 3741 1382 prtepollens

2192 1400 2361 1469 gratia
2383 1440 2399 1466 ,
2429 1410 2761 1455 sacramenta
2794 1401 2811 1433 ⁸
2842 1402 3259 1457 consecrationis
3284 1402 3481 1459 audeat
3514 1418 3739 1461 recusare.

2270 1489 2379 1545 LV.
2412 1488 2527 1563 [Ib'
2548 1507 2717 1553 xxvn,
2746 1490 2861 1565 20.]
2890 1491 3025 1561 Quid
3048 1504 3131 1549 est
3154 1494 3295 1565 quod
3321 1509 3443 1550 cum
3478 1496 3608 1552 Deus
3630 1513 3741 1568 pra-

2193 1580 2397 1650 ciperet
2418 1580 2586 1653 Moysi
2616 1582 2685 1639 de
2709 1583 2833 1638 lesu
2861 1583 3026 1652 Nave,
3052 1585 3125 1641 ait
3147 1586 3283 1641 inter
3307 1595 3525 1655 czetera,
3552 1587 3612 1642 Et
3629 1589 3743 1644 dabis

2192 1671 2256 1725 de
2279 1672 2443 1741 gloria
2474 1681 2562 1726 tua
2590 1690 2745 1743 super
2768 1676 2918 1729 eum?
2950 1675 3083 1731 Nam
3108 1693 3277 1744 grteca
3306 1678 3573 1736 locutione
3590 1698 3666 1744 τῆς
3684 1686 3742 1736 δό-

2191 1774 2275 1829 ξης
2297 1763 2482 1831 habet,
2513 1765 2655 1834 quod
2684 1765 3012 1821 tantumdem
3047 1768 3193 1824 valet
3210 1784 3273 1824 ac
3296 1770 3343 1825 si
3370 1770 3570 1827 diceret
3591 1772 3741 1843 deglu-

2190 1854 2287 1918 ria,
2330 1854 2383 1909 id
2414 1863 2497 1910 est
2520 1859 2617 1909 ἀπὸ
2642 1872 2725 1918 τῆς
2752 1862 2907 1924 δόξης.
2938 1858 3113 1914 Latini
3142 1869 3318 1916 autem
3351 1862 3587 1918 nonnulli
3609 1864 3740 1918 inter-

2190 1946 2384 2015 pretati
2414 1956 2568 2012 sunt,
2600 1948 2745 2003 dabis
2773 1949 2994 2021 gloriam
3027 1961 3196 2019 tuam;
3232 1969 3363 2022 non,
3400 1955 3463 2009 de
3486 1956 3637 2028 gloria
3657 1965 3737 2009 tua.

2188 2036 2294 2094 Sed
2315 2038 2428 2095 sive
2457 2039 2589 2095 illud
2612 2052 2774 2109 esset,
2803 2054 2861 2097 ut
2883 2044 3099 2114 gloriam
3121 2058 3257 2100 tuam
3284 2047 3510 2117 diceret,
3533 2065 3630 2105 non
3649 2048 3741 2105 ideo

2187 2145 2305 2186 eam
2337 2147 2441 2186 non
2487 2132 2766 2190 habiturus
2801 2145 2917 2191 erat
2946 2135 3183 2208 Moyses;
3230 2153 3330 2195 nec
3370 2141 3493 2211 quia
3536 2141 3672 2206 dixit,
3695 2140 3742 2193 de

2186 2222 2371 2293 gloria,
2402 2224 2524 2280 ideo
2551 2226 2812 2281 minutum
2848 2235 2934 2282 est
2956 2228 3098 2299 quod
3130 2228 3382 2287 habebat.
3410 2232 3499 2289 Sic
3523 2234 3650 2288 enim
3671 2246 3738 2286 ac-

2186 2315 2490 2385 cipiendum
2512 2326 2616 2385 est,
2646 2332 2709 2373 ac
2744 2318 2789 2373 si
2810 2318 3030 2386 diceret,
3058 2320 3247 2377 Facies
3277 2338 3403 2378 eum
3433 2325 3626 2379 socium
3648 2324 3738 2395 glo-

2186 2408 2282 2463 ria:
2316 2417 2421 2464 tuae
2449 2426 2461 2463 :
2490 2425 2596 2464 non
2625 2419 2804 2466 autem
2838 2410 3142 2482 bujusmodi
3182 2428 3289 2480 res,
3330 2416 3483 2486 quasi
3520 2415 3739 2486 partiliter

2183 2498 2388 2567 divisae,
2421 2502 2761 2570 minuuntur;
2791 2504 2883 2560 sed
2907 2514 3032 2561 tota:
3058 2517 3183 2562 sunt
3210 2508 3481 2577 omnibus,
3509 2516 3625 2563 totae
3651 2508 3737 2562 sin-
3812 2506 3823 2635 Ι

2183 2594 2319 2635 anilia
2338 2595 2427 2635 nni
2456 2610 2641 2635 uanum
2667 2596 2857 2635 hahnnl
2885 2597 3192 2635 minimam

2182 2594 2319 2664 gulis
2338 2595 2429 2664 qui
2456 2610 2642 2651 earum
2666 2596 2863 2652 habent
2885 2597 3215 2654 societatem.

2252 2685 2383 2741 LVI.
2418 2685 2532 2760 [lb.
2549 2704 2684 2756 xxx,
2711 2688 2790 2764 5.]
2824 2689 3028 2758 Homo,
3068 2692 3215 2747 homo
3255 2694 3555 2767 quicumque
3589 2692 3736 2749 vomit

2180 2786 2348 2833 votum
2385 2778 2639 2847 Domino,
2670 2791 2758 2835 aut
2779 2782 3030 2853 juraverit
3049 2785 3422 2857 jurantentum,
3452 2798 3538 2841 aut
3562 2785 3735 2854 deﬁnie-

2180 2870 2247 2923 rit
2275 2870 2621 2940 deﬁnitionem
2661 2873 2724 2928 de
2751 2875 2924 2929 anima
2961 2891 3072 2942 sua,
3114 2893 3216 2932 non
3261 2878 3548 2951 profanabit
3573 2878 3735 2933 verbum

2178 2978 2327 3016 suum
2348 2980 2368 3017 :
2388 2966 2555 3019 omnia
2574 2982 2900 3039 quecumque
2918 2969 3129 3024 exierint
3148 2987 3211 3025 ea:
3228 2987 3315 3026 ore
3332 2974 3443 3044 ejus
3467 2972 3627 3044 faciet.
3647 2969 3733 3025 Non

2181 3053 2284 3110 hoc
2322 3055 2389 3109 ad
2417 3071 2632 3112 omnem
2664 3058 2989 3128 jurationem
3028 3061 3273 3132 pertinet,
3319 3062 3415 3119 sed
3445 3063 3510 3119 ad
3535 3076 3642 3119 eam
3668 3058 3733 3114 ubi

2177 3148 2401 3218 quisque
2420 3148 2487 3204 de
2507 3149 2681 3204 anima
2708 3165 2802 3205 sua
2827 3153 3034 3208 voverit
3053 3152 3281 3224 alicujus
3300 3154 3485 3226 utique
3503 3154 3577 3210 rei
3599 3151 3733 3207 absti-

2177 3242 2433 3306 nentiam,
2462 3258 2562 3313 qua
2590 3244 2639 3298 ei
2668 3244 2860 3301 licebat
2879 3247 2953 3301 uti
2981 3261 3077 3316 per
3100 3246 3321 3319 Legem,
3349 3248 3447 3305 sed
3472 3263 3567 3320 per
3586 3253 3731 3302 votum

2177 3332 2280 3389 sibi
2309 3334 2422 3402 ipse
2451 3334 2615 3391 efficit
2637 3352 2743 3392 non
2770 3338 2952 3394 licere.

2246 3423 2401 3479 LVII.
2437 3423 2551 3498 [lb.
2576 3442 2703 3494 xxx,
2735 3428 2875 3501 L6,]
2899 3428 2961 3485 Si
2982 3439 3151 3485 autem
3192 3432 3373 3487 mulier
3395 3432 3578 3487 voverit
3600 3437 3731 3485 votum

2180 3514 2422 3581 Domino,
2455 3528 2543 3570 aut
2580 3516 2829 3585 deﬁnierit
2858 3520 3200 3591 deﬁnitionem
3238 3524 3290 3578 in
3318 3524 3470 3579 domo
3501 3521 3649 3595 patris
3671 3517 3731 3574 sui

2180 3552 2422 3581 uvuuuv,
2455 3552 2541 3570 uua
2580 3552 2829 3585 ωιμηηηι
2858 3552 3200 3591 αυμηηιυηεηι
3238 3552 3290 3578 ιη
3318 3552 3470 3579 ιιυιηυ
3501 3552 3649 3595 puuu
3671 3552 3730 3574 0⁸⁸

2175 3607 2228 3660 in
2244 3608 2508 3678 juventute
2534 3624 2648 3674 sua,
2688 3619 2735 3664 et
2763 3611 2981 3665 audierit
3007 3622 3148 3682 pater
3174 3614 3282 3685 ejus
3306 3624 3420 3669 vota
3452 3616 3581 3685 ejus,
3607 3622 3648 3667 et
3667 3610 3730 3663 de.
3810 3552 3821 3661 '

2174 3697 2425 3765 ﬁnitiones
2454 3699 2583 3768 ejus,
2615 3716 2741 3769 quas
2769 3701 2993 3771 deﬁnivit
3012 3703 3248 3757 adversus
3271 3705 3495 3758 animam
3524 3719 3671 3767 suam,
3695 3715 3731 3770 τι
3810 3692 3819 3821 1

2176 3790 2381 3821 Ianuar-'0
2406 3802 2546 3821 nm...
2574 3792 2679 3821 ..ξυμ
2701 3810 2713 3821 .
2743 3802 2784 3821 ..ο
2812 3794 3007 3821 -.-ιηηο
3037 3795 3203 3821 -......'..
3234 3804 3349 3821 ..-ιη
3380 3798 3483 3821 Α..-
3537 3806 3574 3821 ,ι
3601 3807 3727 3821 mm...

2174 3790 2381 3843 tacuerit
2404 3802 2546 3859 pater
2570 3792 2713 3864 ejus;
2739 3802 2784 3846 et
2807 3794 3007 3847 stabunt
3034 3795 3203 3848 omnia
3234 3804 3349 3849 vota
3373 3798 3505 3867 ejus,
3528 3806 3574 3851 et
3596 3807 3727 3851 omnis

2174 3858 2488 3949 deﬁnitiones
2516 3858 2645 3953 ejus,
2674 3901 2802 3953 quas
2820 3884 3043 3953 deﬁnivit
3071 3886 3308 3941 adversus
3334 3858 3564 3943 animum
3596 3901 3725 3947 suam.
3810 3858 3821 3953 η

2173 3972 2442 4026 manebunt
2462 3975 2526 4027 ei.
2557 3974 2617 4030 Si
2636 3984 2803 4028 autem
2821 3974 3046 4031 abnuens
3063 3979 3291 4033 abnuerit
3310 3992 3457 4051 pater
3477 3983 3605 4051 ejus,
3628 3992 3726 4048 φια-
3814 4010 3822 4092 1

2175 4080 2385 4092 ﬁngunt-ann
2413 4066 2491 4092 ΑΒ-
2513 4066 2723 4092 ...υΙέΑ-ἰι
2748 4068 2913 4092 -.μυξη
2933 4078 3045 4092 μ-.-
3080 4071 3181 4092 ΑΒ-.-
3234 4081 3271 4092 ᾼ.
3306 4072 3411 4092 μικιη
3440 4075 3514 4092 ’.οᾲ
3572 4089 3600 4092 μ
3633 4071 3711 4092 -3...

2172 4080 2385 4136 cumque
2408 4066 2491 4119 die
2507 4066 2723 4119 audierit
2744 4068 2914 4122 omnia
2931 4078 3045 4123 vota
3071 4071 3202 4142 ejus,
3223 4081 3271 4126 et
3295 4072 3604 4144 deﬁnitiones
3625 4071 3725 4140 ej”.
3816 4066 3819 4129 ἵ

2173 4176 2297 4230 quas
2323 4160 2551 4229 deﬁnivit
2580 4160 2818 4216 adversus
2844 4164 3071 4217 animum
3108 4181 3255 4220 suam
3272 4209 3286 4233 ,
3328 4185 3428 4223 non
3451 4168 3639 4224 stabunt
3657 4179 3673 4217 :
3691 4170 3725 4215 et

2172 4249 2421 4305 Dominus
2448 4252 2732 4307 entundabit
2759 4269 2898 4321 eam,
2924 4255 3045 4325 quia
3070 4256 3244 4311 abnuit
3272 4270 3415 4331 pater
3455 4262 3581 4331 ejus.
3608 4256 3725 4323 Quo-

2174 4341 2315 4396 niam
2342 4342 2556 4413 quidem
2586 4342 2651 4399 de
2681 4344 2927 4409 muliere,
2950 4362 3070 4417 quae
3094 4348 3266 4405 adhuc
3293 4350 3344 4405 in
3365 4351 3630 4421 juventute
3649 4356 3723 4400 sua

2175 4434 2228 4488 in
2258 4432 2420 4489 domo
2450 4434 2616 4505 patris
2658 4445 2776 4501 est,
2826 4437 3099 4508 loquitur,
3143 4443 3334 4497 merito
3378 4443 3465 4500 hic
3507 4442 3724 4513 quaeritur

2172 4523 2330 4579 etiam
2359 4524 2427 4580 de
2455 4536 2580 4580 voto
2600 4526 2948 4597 virginitatis;
2978 4530 3229 4587 mulieres
3249 4534 3443 4604 quippe
3469 4534 3621 4590 etiam
3641 4527 3724 4581 vir-

2171 4618 2320 4688 gines
2346 4618 2397 4672 in
2419 4617 2689 4690 Scriptura
2718 4621 2971 4692 appellari
2997 4623 3172 4679 solere
3196 4626 3528 4681 notissimum
3551 4632 3626 4679 est
3649 4638 3659 4674 :
3683 4626 3723 4671 et

2173 4708 2381 4765 videtur
2410 4711 2582 4779 etiam
2624 4711 2911 4781 Apostolus
2947 4713 3017 4770 de
3061 4724 3209 4785 patre
3253 4717 3417 4788 loqui,
3447 4732 3562 4775 cum
3598 4710 3719 4773 dicit,

2176 4802 2348 4858 Servet
2382 4804 2620 4875 virginem
2645 4822 2827 4869 suam;
2863 4814 2938 4869 et,
2978 4806 3074 4862 Det
3102 4821 3317 4881 nuptum
3343 4813 3577 4885 virginem
3605 4816 3721 4861 σωκ

2174 4891 2232 4962 (l
2267 4892 2385 4949 Cor.
2414 4909 2504 4958 vn,
2549 4894 2637 4959 57,
2667 4896 2735 4949 38
2755 4896 2803 4967 ),
2846 4907 2901 4951 et
2926 4908 3117 4953 cetera
3145 4900 3249 4957 hoc
3274 4902 3434 4958 modo
3462 4921 3475 4957 :
3506 4899 3586 4956 ubi
3613 4908 3721 4950 nou-
3814 4906 3815 4995 χ

2174 4985 2304 5039 nulli
2328 4986 2723 5053 intellexerunt,
2747 4989 2987 5060 virginem
3007 5008 3172 5061 suam,
3196 4994 3543 5066 virginitatem
3567 4998 3716 5047 suam;

2173 5079 2313 5132 nulla
2337 5087 2511 5133 tamen
2537 5078 2638 5134 hoc
2659 5080 2815 5135 simili
2837 5080 3227 5154 Scripturarum
3251 5088 3515 5145 locutione
3533 5084 3719 5140 demoﬂ'

3816 4464 3817 4555 ι

3816 4608 3817 4691 ι

2174 5179 2365 5236 strant,
2396 5186 2518 5225 cum
2545 5172 2621 5226 sit
2642 5173 3057 5229 inusitatissima.
3084 5178 3236 5246 Quod
3258 5189 3436 5236 autem
3454 5179 3541 5243 ait,
3565 5173 3717 5229 adva-

2173 5278 2259 5316 sus
2287 5262 2508 5317 animam
2533 5280 2697 5330 suam,
2725 5282 2832 5321 non
2852 5269 2930 5323 sic
2954 5269 3321 5340 accipiendum
3349 5282 3449 5339 est,
3472 5267 3607 5343 quasi
3623 5259 3717 5317 ani-

2172 5369 2276 5409 ma:
2300 5363 2491 5410 noceat
2511 5355 2701 5411 talibus
2724 5358 2894 5423 votis;
2922 5359 3015 5415 sed
3039 5361 3281 5419 adversus
3298 5366 3514 5420 animant
3534 5355 3713 5415 dicitur:

2174 5444 2435 5503 adversus
2459 5447 2741 5504 animalem
2771 5448 3203 5519 delectationem,
3231 5456 3367 5511 sicut
3388 5456 3539 5513 etiam
3574 5441 3715 5511 de}?

2169 5539 2320 5612 juniu
2346 5542 2659 5613 praecipiens
2688 5543 2933 5614 superius
2965 5545 3068 5613 ait,
3097 5544 3167 5600 Et
3189 5545 3624 5623 amigaisranimﬂ
3641 5546 3710 5589 σν
3810 5578 3811 5599 ι

2173 5642 2305 5689 stras
2327 5629 2347 5701 (
2367 5632 2524 5687 Num.
2556 5649 2706 5700 xxix,
2731 5630 2819 5705 7).

2235 5749 2249 5779 ε
2279 5746 2412 5808 editi,
2444 5750 2806 5800 sacramentinu.
2829 5754 2959 5814 uss,
2980 5758 3295 5808 «loramenta.
