3862 6320
194 192 295 250 Ἰἑϐ

262 305 439 363 LVIII.
470 303 579 378 [1b.
613 320 742 369 xxx,
766 299 858 376 6.]
889 302 1039 370 Quod
1073 312 1249 360 autem
1288 304 1397 369 ait,
1430 302 1498 358 Et
1528 305 1774 364 Dominus

194 398 474 453 emundabit
491 412 624 461 eam,
647 396 766 466 quia
790 394 961 449 abnuit
986 404 1128 465 pater
1150 396 1292 465 ejus;
1311 396 1597 450 emundabit
1624 397 1773 462 dixit,

193 508 223 547 a
248 492 353 545 voti
380 504 487 544 non
525 488 727 558 impleti
772 488 997 542 crimine
1029 486 1271 542 absolvet
1303 505 1316 541 :
1343 485 1481 542 sicut
1509 487 1559 542 in
1599 489 1778 544 multis

192 585 320 639 locis
354 583 567 645 dicitur,
594 580 664 636 Et
690 581 951 635 mundabit
989 598 1104 635 eum
1131 582 1397 644 sacerdos.
1426 581 1480 636 id
1514 592 1599 638 est
1624 599 1776 637 mun-

191 674 311 729 dum
358 674 598 740 habebit,
627 672 883 729 mundum
908 672 1198 742 judicabit;
1226 674 1381 729 sicuti
1406 684 1491 730 est
1515 685 1569 729 et
1601 674 1731 729 illud
1754 714 1773 742 ,

191 765 523 821 Mundatione
564 783 663 821 non
702 766 967 820 nmndabis
1010 782 1179 834 reum,
1220 764 1273 821 id
1318 774 1434 833 est,
1474 764 1592 822 Non
1629 766 1776 823 dices

190 858 442 913 mundum
473 875 595 913 eum
622 858 711 929 qui
744 858 1044 913 immundus
1070 866 1168 913 est.

255 948 388 1004 LIX.
413 947 525 1022 [lb.
552 964 687 1016 xxx,
718 947 893 1021 746.]
922 948 983 1003 Si
1021 958 1187 1002 autem
1208 948 1344 1019 facta
1384 950 1536 1019 fuerit
1563 950 1704 1015 viro,
1731 957 1778 1002 et

189 1051 297 1096 vota
321 1042 431 1111 ejus
468 1057 618 1111 super
657 1056 767 1093 eam
810 1042 1086 1094 secundum
1120 1040 1489 1094 distinctionem
1527 1042 1777 1095 labiorum

187 1142 311 1203 ejus,
340 1142 530 1203 quanta
571 1132 795 1200 deﬁnivit
823 1130 1063 1185 adversus
1089 1132 1311 1185 animam
1338 1148 1515 1197 suam;
1537 1140 1583 1185 et
1601 1132 1777 1186 audie-

185 1228 246 1279 rit
282 1226 356 1279 vir
395 1225 526 1295 ejus,
570 1234 618 1278 et
658 1225 867 1278 tacuerit
894 1226 1279 1293 ei'quacumque
1316 1226 1398 1280 die
1424 1226 1641 1280 audierit
1680 1241 1698 1280 :
1729 1236 1777 1280 et

184 1318 254 1372 ita
280 1319 482 1373 stabunt
514 1319 684 1372 omnia
718 1327 830 1372 vota
870 1320 979 1388 ejus
1000 1358 1015 1384 ,
1046 1328 1092 1373 et
1129 1319 1443 1389 deﬁnitiones
1474 1322 1612 1390 ejus,
1650 1338 1777 1390 quas

183 1413 405 1478 deﬁnivit
434 1411 676 1465 adversus
699 1412 923 1465 animum
951 1428 1117 1475 suam,
1150 1412 1367 1467 stabunt.
1400 1412 1461 1468 Si
1488 1424 1655 1467 autem
1684 1413 1776 1467 ab-

183 1520 341 1558 nuens
361 1505 594 1557 abnuerit
623 1504 699 1556 vir
724 1504 833 1573 ejus
862 1504 916 1557 in
943 1520 1256 1575 quacumque
1273 1505 1355 1558 die
1373 1506 1588 1559 audierit
1608 1506 1779 1559 omnia

182 1604 292 1649 vota
327 1596 473 1665 ejus,
514 1604 560 1647 et
596 1594 912 1662 deﬁnitiones
940 1596 1047 1665 ejus
1074 1635 1089 1661 ,
1131 1611 1256 1663 quas
1289 1596 1511 1664 deﬁnivit
1542 1596 1778 1650 adversus

180 1688 406 1740 animum
431 1702 597 1751 suam,
629 1702 731 1739 non
752 1686 1016 1739 manebunt
1043 1701 1060 1739 :
1083 1687 1319 1756 quoniam
1340 1687 1415 1740 vir
1435 1687 1609 1741 abnuit
1637 1686 1698 1741 ab
1719 1704 1778 1741 ea

180 1788 225 1832 et
267 1777 522 1832 Dominus
548 1778 808 1831 mundabit
846 1794 975 1831 eam.
1020 1777 1292 1833 Feminam
1321 1778 1420 1833 sub
1450 1790 1598 1848 patre
1628 1789 1775 1834 ante-

181 1886 336 1942 quam
364 1872 550 1935 nubat,
574 1881 628 1925 ct
651 1870 751 1925 sub
768 1870 881 1924 viro
904 1880 1141 1940 nuptam,
1173 1871 1341 1925 noluit
1360 1871 1467 1925 Lex
1490 1873 1559 1926 ita
1583 1887 1779 1927 vovere

180 1961 375 2033 aliquid
400 1963 512 2016 Deo
527 1961 783 2016 adversus
801 1962 1031 2015 animam
1049 1976 1221 2026 suam,
1246 1961 1297 2015 id
1315 1971 1396 2016 εει
1412 1962 1464 2015 in
1480 1964 1775 2034 aliquarum

181 2072 356 2111 rerum
394 2056 660 2111 liciturum
686 2066 846 2125 atque
871 2070 1246 2110 concessurum
1271 2055 1615 2124 abstinentia,
1641 2056 1776 2110 utin

180 2148 380 2203 eisdem
408 2147 547 2203 votis
583 2146 810 2202 feminea
840 2147 1014 2201 valeat
1040 2147 1057 2178 ¹
1081 2147 1369 2202 auctoritas
1389 2190 1404 2212 ,
1446 2148 1539 2202 sed
1573 2149 1774 2214 virilis;

180 2240 252 2295 ita
284 2249 340 2295 ut
378 2240 423 2294 si
469 2238 643 2293 adhuc
680 2238 917 2307 innupta:
948 2237 1058 2307 jam
1087 2247 1428 2293 concesserat
1466 2247 1615 2308 pater
1658 2247 1776 2294 vota

181 2333 505 2404 persolvere,
535 2332 580 2386 si
608 2340 890 2401 antequam
921 2330 1243 2401 persolverit
1277 2332 1539 2400 nupserit,
1575 2339 1629 2385 et
1655 2331 1772 2384 viro

181 2423 292 2492 ejus
316 2422 416 2477 hoc
445 2421 713 2493 cognitum
736 2436 839 2475 non
871 2421 1150 2490 placuerit,
1180 2436 1285 2473 non
1312 2420 1600 2490 persolvat,
1629 2429 1683 2475 et
1710 2420 1783 2474 sit

182 2514 393 2568 omnino
423 2514 540 2568 sine
582 2521 802 2581 peccato
825 2552 839 2575 ,
883 2511 1007 2581 quia
1046 2509 1295 2564 Dominus
1336 2510 1599 2563 mundabit
1627 2525 1776 2576 eam,

182 2605 316 2660 sicut
338 2605 489 2667 dicit,
521 2603 572 2657 id
600 2614 682 2658 est
703 2601 954 2657 mundam
977 2600 1240 2671 iudicabit
1270 2618 1283 2655 :
1319 2616 1490 2671 neque
1517 2601 1618 2656 hoc
1644 2616 1776 2656 con-

184 2707 259 2752 tra
289 2699 454 2753 Deum
478 2696 591 2751 ﬁeri
616 2696 908 2766 putandum
932 2703 1035 2764 est,
1063 2710 1183 2751 cum
1210 2694 1323 2766 ipse
1348 2695 1490 2750 Deus
1516 2695 1618 2750 hoc
1644 2710 1782 2765 prae-

184 2793 399 2863 ceperit,
439 2792 539 2846 hoc
564 2791 812 2845 voluerit.

251 2885 502 2954 Sequitur
522 2892 701 2938 autem
722 2882 789 2937 de
808 2881 1002 2949 viduis,
1029 2883 1166 2937 vela
1191 2882 1308 2936 viro
1331 2882 1571 2952 abjectis,
1601 2880 1655 2936 id
1675 2891 1785 2957 est,

184 2988 285 3028 non
316 2974 414 3028 sub
444 2972 835 3043 potestateviri
879 2972 1218 3038 constitutis,
1256 2981 1350 3026 aut
1376 2972 1541 3041 patris
1567 2988 1581 3038 ;
1612 2980 1665 3026 et
1688 2978 1781 3026 ea-

186 3078 298 3120 rum
320 3077 441 3121 vota
462 3067 527 3121 ad
553 3065 956 3137 persolvendum
980 3066 1144 3121 libera
1167 3080 1288 3121 esse
1308 3065 1437 3120 dicit
1458 3066 1559 3121 hoc
1583 3065 1744 3121 modo
1765 3085 1780 3122 :

187 3157 250 3212 Et
266 3170 463 3223 ,votum,
500 3160 687 3229 inquit,
717 3158 883 3213 viduae
906 3168 952 3212 et
967 3159 1210 3230 expulsis,
1231 3173 1555 3229 quiscumque
1583 3158 1774 3213 voverit

185 3250 420 3304 adversus
458 3251 680 3304 animam
720 3266 899 3316 suam,
936 3250 1210 3303 manebunt
1237 3250 1301 3302 ei.
1335 3249 1536 3304 Deinde
1558 3249 1688 3304 dicit
1713 3248 1782 3304 de

186 3352 387 3411 nupta,
430 3342 476 3396 si
524 3342 576 3395 in
619 3342 779 3394 domo
826 3340 924 3393 viri
969 3340 1050 3394 sui
1094 3340 1204 3408 jam
1257 3340 1541 3393 constituta
1585 3340 1783 3409 aliquid

186 3432 291 3486 tale
338 3433 558 3486 voverit.
623 3431 698 3485 De
745 3430 833 3483 illa
877 3430 1019 3484 enim
1074 3429 1219 3498 prius
1263 3426 1509 3495 dixerat,
1556 3444 1673 3497 qua:
1731 3430 1782 3483 in

186 3521 347 3575 domo
407 3522 571 3591 patris
627 3529 886 3585 voverat,
935 3528 990 3574 et
1046 3529 1326 3588 antequam
1380 3517 1627 3574 redderet
1680 3534 1784 3573 nu-

188 3627 385 3683 pserat.
432 3615 504 3668 De
534 3614 633 3668 hac
661 3628 788 3683 ergo
830 3628 949 3684 qua:
998 3612 1048 3665 in
1098 3611 1258 3665 domo
1307 3611 1482 3665 mariti
1531 3612 1694 3676 vovit,
1717 3612 1786 3665 ita

191 3705 425 3775 loquitur
467 3722 478 3757 :
534 3706 593 3759 Si
641 3712 809 3757 autem
854 3703 905 3756 in
944 3703 1095 3756 domo
1136 3703 1230 3756 viri
1269 3704 1378 3774 ejus
1422 3712 1590 3756 votum
1636 3703 1782 3773 ejus,

192 3807 277 3849 aut
322 3797 549 3865 deﬁnitio
572 3836 587 3862 ,
633 3811 746 3862 qua:
781 3795 1021 3849 adversus
1060 3795 1282 3848 animam
1336 3796 1444 3866 ejus
1486 3812 1601 3849 cum
1638 3796 1786 3866 jure-

195 3886 447 3951 jurando;
474 3898 518 3941 et
544 3887 761 3940 audierit
786 3888 860 3940 vir
886 3886 1025 3956 ejus,
1062 3894 1107 3938 et
1138 3884 1347 3938 tacuerit
1385 3887 1458 3951 ei,
1495 3895 1541 3939 et
1568 3902 1668 3939 non
1695 3885 1787 3939 ab-

197 3981 358 4033 nuerit
396 3981 479 4043 ei;
502 3988 547 4033 et
573 3978 776 4033 stabunt
816 3978 985 4032 omnia
1015 3987 1128 4030 vota
1158 3978 1298 4043 eius,
1329 3987 1374 4031 et
1404 3993 1573 4033 omnes
1601 3978 1785 4046 deﬁni-

201 4070 373 4136 tiones,
404 4088 530 4143 quas
568 4070 799 4139 deﬁnivit
838 4070 1078 4123 adversus
1106 4069 1329 4121 animam
1365 4085 1510 4122 suam
1532 4109 1547 4135 ,
1589 4070 1790 4123 stabunt

201 4161 434 4218 adversus
471 4178 605 4216 eam.
638 4160 700 4216 Si
741 4170 913 4215 autem
945 4160 1369 4231 circumauferens
1402 4162 1789 4230 circumauferat

201 4254 273 4307 vir
310 4256 454 4327 ejus,
497 4273 810 4328 quacumque
854 4257 937 4310 die.
976 4256 1193 4310 audierit
1222 4256 1425 4320 omnia,
1467 4272 1791 4327 quaecumque

204 4347 406 4402 exierint
438 4365 503 4403 ex
529 4350 677 4403 labiis
703 4350 832 4420 ejus,
866 4348 1140 4403 secundum
1168 4356 1283 4401 vota
1309 4347 1419 4417 ejus
1447 4356 1492 4400 et
1515 4347 1790 4401 secundum

204 4435 533 4507 deﬁnitiones,
558 4456 669 4511 qua:
691 4440 928 4494 adversus
950 4441 1169 4493 animum
1193 4441 1323 4510 ejus,
1352 4456 1452 4493 non
1480 4449 1680 4493 manent
1709 4440 1793 4493 ei:

205 4528 276 4581 vir
298 4532 405 4601 ejus
426 4532 838 4596 circumabstulit,
860 4540 907 4585 et
928 4530 1175 4585 Dominus
1198 4530 1458 4583 mundabit
1479 4546 1606 4583 eam.
1634 4530 1795 4583 Omne

206 4632 368 4678 votum
406 4634 455 4679 et
484 4642 630 4679 omne
662 4626 1030 4696 jusjurandum
1068 4625 1255 4678 vinculi
1283 4625 1498 4695 afﬂigere
1536 4626 1754 4679 animam
1776 4665 1790 4689 ,

207 4712 279 4766 vir
314 4716 424 4786 ejus
451 4726 632 4771 statuet
675 4719 736 4782 ei,
768 4727 815 4771 et
844 4718 918 4770 vir
946 4718 1054 4788 ejus
1083 4716 1485 4785 circumauferet.
1530 4715 1591 4771 Si
1628 4725 1796 4768 autem

212 4812 372 4869 tacens
399 4809 614 4862 tacuerit
641 4808 686 4861 ei
721 4808 854 4861 diem
892 4824 955 4861 ea:
995 4808 1096 4874 die,
1126 4816 1173 4861 et
1201 4815 1383 4860 statuet
1415 4806 1461 4860 ei
1490 4808 1660 4861 omnia
1684 4816 1797 4860 vota

212 4894 335 4962 eius,
360 4909 408 4955 et
436 4900 774 4968 deﬁnitiones,
832 4915 945 4969 qua:
961 4916 1112 4970 super
1143 4899 1327 4970 ipsam,
1354 4908 1535 4955 statuet
1562 4900 1644 4965 ei;
1668 4918 1799 4971 quo-

214 4985 341 5042 niam
367 4992 523 5045 tacuit
544 4993 609 5055 ei,
634 4992 719 5047 die
734 5008 832 5063 quo
857 4992 1068 5045 audivit.
1102 4990 1160 5046 Si
1186 5002 1352 5045 autem
1375 4992 1797 5064 circumauferens

215 5076 597 5155 circumuuferat
625 5084 699 5137 vir
726 5085 837 5154 ejus
870 5093 980 5155 post
1007 5084 1142 5139 diem
1162 5100 1322 5154 quem
1341 5084 1565 5153 audivit;
1588 5094 1637 5139 et
1665 5086 1797 5139 acci-

218 5168 309 5233 piet
336 5187 593 5242 peccatum
620 5192 787 5230 suum.
1726 5222 1739 5229 -

284 5261 609 5320 Manifestum
637 5268 819 5322 estita
863 5266 1098 5323 voluisse
1126 5266 1323 5338 Legem
1371 5268 1621 5324 feminam
1671 5284 1791 5326 esse

221 5351 313 5407 sub
341 5360 476 5425 viro,
507 5369 564 5413 ut
618 5360 759 5413 nulla
787 5368 907 5416 vota
947 5362 1084 5430 ejus,
1117 5377 1235 5432 quze
1270 5360 1605 5417 abstinentia:
1639 5378 1798 5417 causa

223 5451 437 5515 voverit,
470 5452 759 5507 reddantur
773 5454 842 5509 ab
869 5468 953 5521 ea,
978 5453 1078 5508 nisi
1104 5460 1288 5508 auctor
1301 5458 1383 5509 vir
1397 5453 1558 5510 fuerit
1583 5455 1799 5524 permit-

285 5579 301 5610 ⁸
327 5590 422 5634 Am.
446 5593 519 5636 Er.
546 5594 598 5637 et
616 5594 726 5653 Lov.
742 5625 756 5649 ,
777 5602 870 5653 non
904 5587 1179 5653 prwvaleat.
1204 5595 1325 5653 82L,
1346 5601 1441 5641 nm
1460 5588 1631 5643 valeat.
1654 5590 1803 5643 Abest

223 5646 310 5691 ηοη
325 5656 353 5694 a
372 5654 497 5710 ωδε,
523 5663 554 5699 e
575 5646 752 5712 quibus
773 5646 997 5714 pleriilue
1020 5651 1220 5713 habent,
1246 5646 1416 5702 valeat.

491 5734 717 5799 Sauc'r.
763 5741 1045 5800 Aususr.
1090 5736 1202 5800 III.

1538 180 1739 245 LIBER
1777 176 2120 259 QUARTUS.

3365 189 3469 257 746

1886 310 2065 364 tendo.
2094 308 2225 363 Nam
2251 324 2371 364 cum
2398 310 2462 366 ad
2505 318 2781 382 peccatum
2807 313 3045 385 ejusdem
3074 316 3169 371 viri
3200 320 3468 387 pertinere

1885 401 2130 468 voluerit,
2187 401 2232 455 si
2263 402 2409 471 prius
2438 406 2755 471 permiserit,
2792 414 2845 459 et
2875 417 3058 476 postea
3092 409 3461 477 prohibuerit;

1885 496 2043 550 etiam
2066 495 2151 549 hic
2169 500 2344 551 tamen
2366 510 2470 551 non
2497 496 2627 552 dixit
2654 508 2709 553 ut
2738 498 2891 553 faciat
2926 501 3117 556 mulier
3138 482 3281 572 quod
3308 522 3467 561 vove-

1884 597 1986 651 rat,
2017 588 2138 657 quia
2176 587 2432 656 permissa
2463 588 2609 657 prius
2631 604 2660 642 a
2689 590 2804 644 viro
2832 591 3021 646 fuerat.
3059 591 3165 647 Viri
3188 595 3320 648 dixit
3344 611 3466 651 esse

1884 686 2183 748 peccatum,
2206 680 2325 749 quia
2375 680 2560 734 abnuit
2590 681 2731 751 quod
2767 681 2913 751 prius
2951 694 3326 739 concesserat:
3357 702 3465 742 non

1886 779 2063 826 tamen
2112 770 2323 826 mulieri
2362 771 2447 826 vel
2474 786 2539 828 ex
2568 772 2669 827 hoc
2712 776 3030 843 permissum
3057 776 3221 845 dedit,
3260 788 3316 832 ut
3343 794 3464 833 cum

1882 865 2031 935 prius
2051 865 2099 920 ei
2124 865 2207 920 vir
2228 866 2574 934 concesserit,
2592 876 2774 936 postea
2799 868 2844 923 si
2886 868 3237 937 prohibuerit,
3271 883 3461 927 conte-

1882 968 2113 1012 mnatur.

1956 1047 2145 1105 Utrum
2186 1058 2361 1103 autem
2402 1052 2501 1103 ista
2528 1052 2687 1105 etiam
2716 1052 2782 1105 ad
2826 1062 2947 1107 vota
2975 1055 3317 1110 continentize
3347 1065 3401 1110 et
3430 1074 3461 1111 a

1882 1141 2167 1196 concubitu
2196 1141 2528 1196 abstinentia-
2588 1142 2905 1211 pertineant,
2966 1145 3157 1198 merito
3182 1148 3458 1215 qumritur.

1886 1248 1953 1287 ne
1975 1233 2111 1288 forte
2135 1248 2197 1288 ea
2232 1242 2436 1287 tantum
2465 1234 2805 1304 intelligenda
2835 1236 2941 1290 sint
2956 1237 3211 1293 adversus
3229 1241 3460 1294 :mimam

1884 1326 2085 1389 voveri,
2117 1340 2237 1395 qua:
2260 1335 2384 1380 sunt
2411 1328 2465 1380 in
2498 1326 2631 1381 cibis
2653 1337 2705 1380 ct
2729 1328 3046 1396 potionibus.
3075 1330 3226 1394 Quod
3258 1332 3469 1385 videtur

1886 1428 1941 1474 et
1979 1418 2107 1472 illud
2136 1417 2459 1485 significare,
2488 1419 2578 1473 ubi
2634 1419 2890 1473 Dominus
2942 1420 3036 1483 ait,
3067 1418 3255 1475 Nonne
3295 1424 3467 1475 anima

1884 1510 2000 1580 plus
2024 1519 2094 1562 est
2122 1524 2272 1577 quant
2291 1525 2402 1562 esca
2423 1507 2443 1580 (
2468 1506 2651 1560 Matth.
2684 1524 2754 1571 vt,
2907 1508 2930 1560 ?
2959 1519 3011 1561 et
3036 1525 3155 1563 cum
3177 1508 3244 1563 de
3266 1511 3470 1580 jejunio

1886 1603 2227 1673 praccipitur,
2274 1602 2343 1656 ita
2391 1602 2725 1671 przecipttur,
2752 1600 2986 1671 Amigetis
3038 1602 3234 1654 animus
3275 1613 3463 1656 vestras

1886 1695 2084 1766 (Num.
2109 1711 2254 1757 xxix,
2279 1697 2310 1749 7
2333 1696 2371 1763 ).
2389 1693 2581 1748 Nescio
2603 1704 2780 1747 autem
2806 1703 2976 1746 utrum
2998 1694 3190 1748 alicubi
3213 1695 3311 1763 legi
3342 1710 3465 1763 pos-

1885 1787 1973 1851 sit,
2002 1787 2259 1840 adversus
2287 1786 2518 1839 animam
2544 1783 2647 1838 diei
2676 1794 2853 1837 votum
2882 1783 3020 1853 quod
3046 1784 3112 1838 de
3138 1784 3463 1838 abstinentia

1884 1877 2197 1932 concubitus
2225 1875 2419 1930 fuerit:
2444 1877 2672 1929 maxime
2697 1874 2817 1944 quia
2836 1890 2957 1927 cum
2985 1874 3069 1927 hic
3093 1873 3199 1928 Lex
3222 1876 3455 1928 auctori-

1886 1978 2047 2024 tatem
2069 1969 2184 2022 viro
2211 1968 2426 2031 tribuat,
2456 1982 2561 2020 non
2593 1965 2803 2019 mulieri
2831 1980 2950 2034 quae
2980 1966 3093 2018 viro
3126 1965 3336 2019 subdita
3358 1975 3461 2033 est,

1885 2071 1943 2117 ut
1965 2071 2091 2115 tunc
2120 2058 2466 2130 persolvendo
2492 2059 2599 2113 sint
2623 2067 2741 2111 vola
2792 2057 3049 2117 mulieris,
3080 2056 3125 2109 si
3154 2057 3234 2110 vir
3274 2074 3471 2126 appro-

1884 2154 2126 2218 baverit;
2154 2152 2198 2205 si
2225 2161 2400 2205 autem
2444 2149 2697 2213 tenuerit,
2732 2164 2837 2203 non
2876 2148 3207 2203 debeantur:
3241 2150 3471 2217 Aposto-

1885 2244 1971 2300 lus
1997 2253 2196 2305 tamen,
2225 2259 2348 2297 eum
2369 2241 2436 2297 de
2462 2241 2746 2296 concubitu
2777 2239 3176 2309 conjugalarum
3207 2239 3456 2308 loquere—

1888 2346 1993 2402 tur,
2026 2352 2130 2391 non
2161 2337 2230 2390 ibi
2258 2336 2513 2405 majorem
2539 2334 2907 2388 auctoritatem
2933 2333 3047 2387 viro
3077 2348 3233 2401 quam
3258 2332 3469 2388 feminae

1887 2426 2033 2482 dedit
2060 2443 2074 2490 ;
2104 2426 2220 2491 sed,
2248 2424 2426 2489 Uxori,
2459 2425 2647 2493 inquit,
2683 2424 2755 2477 vir
2779 2424 2999 2476 debitum
3028 2424 3224 2489 reddat,
3243 2424 3471 2479 similiter

1886 2526 1935 2571 et
1957 2532 2087 2571 uxor
2100 2516 2206 2569 viro
2229 2532 2247 2569 :
2266 2532 2395 2569 uxor
2414 2531 2513 2568 non
2535 2514 2680 2567 habet
2710 2524 2998 2584 potestatem
3015 2516 3238 2584 corporis
3262 2517 3360 2579 sui,
3384 2518 3472 2569 sed

1886 2609 1995 2674 vir;
2016 2608 2244 2662 similiter
2264 2616 2434 2660 autem
2457 2616 2504 2659 et
2533 2606 2607 2658 vir
2644 2622 2743 2658 non
2766 2605 2911 2658 habet
2931 2616 3220 2676 potestatem
3247 2609 3473 2678 corporis

1887 2702 1986 2766 sui,
2013 2701 2101 2754 sed
2136 2700 2316 2754 mulier
2343 2700 2360 2769 (
2389 2697 2542 2754 lCor.
2568 2714 2657 2762 vn,
2687 2700 2740 2764 '5,
2763 2698 2796 2751 4
2815 2695 2857 2768 ).
2885 2698 3106 2765 Quando
3130 2715 3256 2769 ergo
3291 2699 3341 2753 in
3375 2700 3473 2754 hac

1888 2810 1949 2850 re
1967 2809 2147 2864 parem
2175 2794 2450 2863 utriusque
2472 2807 2592 2847 esse
2620 2791 2789 2845 voluit
2817 2800 3151 2862 potestatem,
3174 2800 3299 2859 puto
3328 2791 3471 2859 quod

1888 2885 2043 2940 nobis
2073 2883 2471 2954 intelligendum
2502 2883 2750 2948 insinuet,
2780 2883 2934 2937 istam
2963 2879 3030 2936 de
3063 2880 3471 2937 concumbendo

1895 2975 1978 3029 vel
2011 2990 2116 3030 non
2156 2972 2561 3029 concumbendo
2608 2973 2849 3043 regulam
2876 2987 2982 3025 non
3015 2971 3371 3040 pertinere'ad
3400 2987 3463 3026 ea

1890 3081 2029 3135 vota,
2056 3069 2145 3124 ubi
2176 3085 2280 3123 non
2312 3069 2506 3124 habent
2535 3083 2717 3137 parem
2742 3050 2828 3121 vir.
2846 3076 2900 3121 et
2920 3067 3111 3120 mulier
3133 3076 3470 3135 potestatem,

1888 3162 1983 3218 sed
2002 3162 2099 3215 viri
2127 3160 2296 3230 major
2320 3169 2423 3223 est,
2454 3174 2517 3212 ac
2538 3173 2700 3228 pr0pe
2725 3158 2840 3227 ejus
2868 3157 3032 3213 solius
3052 3166 3153 3211 est.
3184 3156 3299 3211 Non
3331 3158 3471 3212 enim

1888 3253 1963 3305 ait
1986 3252 2092 3307 Lex
2117 3251 2289 3305 virum
2314 3266 2419 3304 nou
2450 3249 2645 3303 debere
2685 3247 2908 3302 reddere
2934 3256 3053 3301 vota
3110 3263 3225 3311 sua,
3259 3249 3301 3299 si
3342 3263 3475 3310 uxor

1892 3342 2260 3412 prohibuerit;
2294 3342 2388 3396 sed
2420 3356 2662 3404 uxorem,
2697 3340 2739 3393 si
2788 3340 2870 3391 vir
2921 3340 3271 3409 prohibuerit.
3321 3339 3473 3394 Unde

1893 3450 1997 3489 non
2024 3434 2152 3489 mihi
2188 3433 2396 3487 videtur
2434 3432 2485 3485 in
2514 3429 2815 3500 lmjnsmodi
2846 3431 2983 3483 votis
3006 3441 3058 3482 et
3082 3430 3477 3484 definitionibus

1891 3534 2049 3596 atque
2095 3523 2525 3595 obligationibus,
2576 3538 2694 3590 qua:
2732 3519 2988 3573 adversus
3038 3522 3268 3572 animam
3322 3520 3473 3585 fiunt,

1892 3618 2050 3672 etiam
2082 3618 2178 3670 ista
2209 3615 2405 3669 debere
2440 3612 2630 3681 accipi,
2654 3627 2771 3679 qua:
2800 3611 2936 3664 inter
2962 3626 3020 3662 se
3047 3610 3127 3661 vir
3164 3620 3215 3663 et
3249 3626 3380 3663 uxor
3409 3610 3477 3665 de

1892 3706 2323 3774 concumbendo,
2351 3705 2436 3760 vel
2461 3704 2529 3759 de
2548 3702 2865 3758 abstinentia
2891 3700 3275 3771 concumbeudi
3308 3701 3473 3770 placi-

1894 3810 1945 3856 ta
1978 3799 2278 3855 habuerint.

1966 3891 2167 3947 Deinde
2194 3890 2315 3960 quia
2337 3897 2390 3944 et
2411 3889 2523 3943 ista:
2549 3885 2951 3956 justiﬁcationes
2978 3884 3244 3949 dicuntur,
3275 3894 3331 3939 et
3357 3899 3472 3939 me-

1894 3984 2145 4040 minimus
2180 3983 2231 4036 in
2256 3982 2359 4035 illis
2380 3978 2863 4051 justificationibus,
2892 3994 3010 4047 qua:
3060 3978 3110 4031 in
3150 3977 3333 4031 Exodo
3371 3978 3472 4031 sub

1894 4076 1998 4131 hoc
2021 4074 2232 4129 nomine
2249 4073 2366 4126 alia:
2387 4080 2894 4137 commemorantur,
2917 4069 3080 4123 multa
3105 4070 3336 4137 przreipi,
3360 4084 3477 4138 qua:

1895 4167 2061 4238 accipi
2109 4166 2172 4221 ad
2201 4166 2575 4236 proprietatem
2608 4179 2713 4217 non
2738 4160 2961 4230 possint,
3000 4176 3098 4214 nec
3124 4160 3175 4213 in
3201 4159 3347 4213 Novo
3374 4160 3477 4213 Te-

1896 4267 2161 4316 stamento
2184 4258 2532 4312 observentur
2555 4271 2569 4317 ;
2598 4255 2732 4307 sicut
2761 4253 2827 4307 de
2843 4267 2971 4306 aure
2993 4253 3132 4305 servi
3157 4251 3481 4320 perfunden-

1898 4350 1962 4406 da
1986 4351 2001 4419 (
2028 4348 2194 4403 Exod.
2226 4364 2333 4410 xXI,
2359 4346 2446 4417 6),
2476 4355 2532 4399 et
2574 4344 2617 4398 si
2647 4342 2771 4413 qttid
2803 4342 3065 4410 ejusmodi
3094 4351 3174 4395 est
3204 4360 3217 4395 :
3248 4358 3351 4394 non
3383 4341 3479 4397 ab-

1899 4444 2062 4500 surde
2088 4443 2248 4497 etiam
2295 4440 2383 4494 hic
2407 4437 2603 4507 aliquid
2634 4437 2852 4506 figurate
2905 4435 3100 4488 dictum
3152 4435 3479 4504 intelligitur,

1900 4546 1958 4589 ut
1982 4532 2232 4603 quoniam
2278 4539 2402 4585 sunt
2448 4529 2625 4582 multa:
2669 4527 3004 4580 abstinentia:
3057 4526 3471 4580 cerimoniarum

1900 4623 2311 4687 irrationabiles,
2355 4631 2409 4677 et
2437 4618 2721 4690 aliquando
2768 4618 2929 4672 etiam
2978 4618 3205 4672 inimicae
3246 4618 3478 4685 veritati,

1903 4718 2005 4772 hoc
2030 4715 2255 4770 fortasse
2305 4713 2390 4768 hic
2416 4713 2636 4781 intelligi
2661 4710 2923 4775 voluerit,
2972 4719 3097 4764 tunc
3146 4719 3289 4763 ratas
3339 4724 3481 4776 eSse,

1903 4824 2024 4865 cum
2048 4805 2388 4863 rationabiles
2414 4803 2650 4869 fuerint;
2686 4803 2786 4856 hoc
2806 4810 2907 4866 est,
2947 4816 3069 4856 cum
3111 4816 3200 4855 eas
3226 4800 3486 4869 approba-

1902 4902 2041 4958 verit
2094 4898 2250 4963 ratio,
2279 4914 2399 4969 quze
2428 4897 2494 4951 ad
2520 4896 2690 4952 vicem
2722 4895 2820 4950 viri
2858 4894 3015 4949 debet
3042 4909 3227 4963 regere
3272 4908 3487 4945 omnem

1904 4995 2187 5049 animalem
2215 4991 2524 5051 motionem,
2559 5003 2678 5058 qua:
2704 4987 2763 5040 fit
2793 5001 2900 5040 non
2925 4995 3127 5039 tantum
3156 4984 3206 5036 in
3229 4992 3485 5051 appeten-

1905 5091 1995 5155 do,
2019 5103 2201 5144 verum
2220 5084 2379 5141 etiam
2397 5084 2450 5139 in
2469 5080 2784 5137 abstinendo
2813 5096 2826 5132 :
2857 5088 2914 5132 ut
2936 5078 2980 5132 si
3007 5085 3184 5131 mente
3211 5085 3264 5128 et
3286 5075 3491 5129 ratione

1906 5180 2229 5242 decernitur,
2252 5187 2376 5232 tunc
2400 5175 2490 5229 fiat
2513 5191 2528 5239 ;
2556 5174 2601 5227 si
2619 5181 2794 5227 autem
2812 5169 3145 5238 improbatur
3160 5167 3383 5220 consilio
3404 5182 3490 5219 ra-

1907 5276 2087 5342 tionis,
2118 5291 2223 5329 non
2247 5273 2357 5327 fiat.
2381 5269 2532 5339 Quod
2549 5269 2592 5323 si
2614 5266 2751 5322 ratio
2776 5264 2917 5334 quod
2951 5263 3098 5332 prius
3120 5269 3265 5316 recte
3295 5260 3490 5315 facien-

1908 5369 2034 5423 dutn
2063 5382 2184 5424 esse
2237 5363 2556 5429 decreverit,
2608 5368 2727 5431 post
2780 5356 3063 5427 improbet,
3121 5356 3190 5408 sit
3213 5364 3491 5424 peccatum

1907 5461 2154 5517 consilii:
2183 5458 2343 5515 etiam
2396 5456 2474 5511 sic
2519 5462 2697 5507 tamen
2727 5449 2936 5504 nonnisi
2985 5446 3178 5502 rationi
3207 5446 3370 5501 motio
3405 5446 3494 5500 illa

1908 5560 2227 5719 ωῗῗὶῗηέίιὶξζ
2260 5655 2405 5709 xxxi,
2429 5638 2483 5706 5,
2509 5636 2562 5693 6.
2582 5635 2603 5710 [
2624 5635 2759 5703 Quid
2790 5644 2890 5701 est,
2922 5633 2990 5688 Et
3019 5633 3153 5688 misit
3179 5647 3264 5691 eos
3291 5629 3495 5721 Moyses

2693 5730 3254 5814 (Viam-qualn.)
