  <div class='ocr_page' id='page_1' title='image "/cluster/home/n/w/nwhite01/storage/ocr_20150623/34/uva.x000826574/396.png"; bbox 0 0 3862 6296; ppageno 0'>
   <div class='ocr_carea' id='block_1_1' title="bbox 188 153 299 214">
    <p class='ocr_par' dir='ltr' id='par_1_1' title="bbox 188 153 299 214">
     <span class='ocr_line' id='line_1_1' title="bbox 188 153 299 214; baseline 0.018 -2"><span class='ocrx_word' id='word_1_1' title='bbox 188 153 299 214; x_wconf 68' lang='grc'><strong>’149</strong></span> 
     </span>
    </p>
   </div>
   <div class='ocr_carea' id='block_1_2' title="bbox 186 253 1775 335">
    <p class='ocr_par' dir='ltr' id='par_1_2' title="bbox 186 253 1775 335">
     <span class='ocr_line' id='line_1_2' title="bbox 186 253 1775 335; baseline -0.009 -11"><span class='ocrx_word' id='word_1_2' title='bbox 186 285 389 334; x_wconf 69' lang='lat' dir='ltr'><strong>contu,</strong></span> <span class='ocrx_word' id='word_1_3' title='bbox 418 275 471 322; x_wconf 86' lang='grc'><strong>111</strong></span> <span class='ocrx_word' id='word_1_4' title='bbox 518 266 739 321; x_wconf 79' lang='lat' dir='ltr'><strong>odissent</strong></span> <span class='ocrx_word' id='word_1_5' title='bbox 781 261 1021 335; x_wconf 81' lang='lat' dir='ltr'><strong>populum</strong></span> <span class='ocrx_word' id='word_1_6' title='bbox 1046 262 1156 331; x_wconf 79' lang='lat' dir='ltr'><strong>eius</strong></span> <span class='ocrx_word' id='word_1_7' title='bbox 1181 256 1351 330; x_wconf 81' lang='lat' dir='ltr'><strong>(Psal.</strong></span> <span class='ocrx_word' id='word_1_8' title='bbox 1380 270 1491 317; x_wconf 84' lang='lat' dir='ltr'><strong>etv.</strong></span> <span class='ocrx_word' id='word_1_9' title='bbox 1519 255 1633 323; x_wconf 65' lang='lat' dir='ltr'><strong>2T3).</strong></span> <span class='ocrx_word' id='word_1_10' title='bbox 1669 253 1775 310; x_wconf 83' lang='lat' dir='ltr'><strong>Nec</strong></span> 
     </span>
    </p>
   </div>
   <div class='ocr_carea' id='block_1_3' title="bbox 190 350 1775 423">
    <p class='ocr_par' dir='ltr' id='par_1_3' title="bbox 190 350 1775 423">
     <span class='ocr_line' id='line_1_3' title="bbox 190 350 1775 423; baseline -0.009 -8"><span class='ocrx_word' id='word_1_11' title='bbox 190 369 402 415; x_wconf 87' lang='lat' dir='ltr'><strong>tacetur</strong></span> <span class='ocrx_word' id='word_1_12' title='bbox 428 359 513 414; x_wconf 88' lang='lat' dir='ltr'><strong>hic</strong></span> <span class='ocrx_word' id='word_1_13' title='bbox 541 373 699 413; x_wconf 89' lang='lat' dir='ltr'><strong>causa</strong></span> <span class='ocrx_word' id='word_1_14' title='bbox 731 356 1077 411; x_wconf 79' lang='lat' dir='ltr'><strong>indurationis</strong></span> <span class='ocrx_word' id='word_1_15' title='bbox 1098 352 1274 423; x_wconf 82' lang='lat' dir='ltr'><strong>hujus,</strong></span> <span class='ocrx_word' id='word_1_16' title='bbox 1305 367 1421 405; x_wconf 90' lang='lat' dir='ltr'><strong>eum</strong></span> <span class='ocrx_word' id='word_1_17' title='bbox 1470 350 1682 414; x_wconf 89' lang='lat' dir='ltr'><strong>dicitur,</strong></span> <span class='ocrx_word' id='word_1_18' title='bbox 1722 355 1775 401; x_wconf 79' lang='lat' dir='ltr'><strong>ut</strong></span> 
     </span>
    </p>
   </div>
   <div class='ocr_carea' id='block_1_4' title="bbox 190 442 1777 511">
    <p class='ocr_par' dir='ltr' id='par_1_4' title="bbox 190 442 1777 511">
     <span class='ocr_line' id='line_1_4' title="bbox 190 442 1777 511; baseline -0.009 -4"><span class='ocrx_word' id='word_1_19' title='bbox 190 455 480 509; x_wconf 70' lang='lat' dir='ltr'><strong>traderetur</strong></span> <span class='ocrx_word' id='word_1_20' title='bbox 504 452 557 506; x_wconf 83' lang='lat' dir='ltr'><strong>in</strong></span> <span class='ocrx_word' id='word_1_21' title='bbox 593 469 771 505; x_wconf 88' lang='lat' dir='ltr'><strong>manus</strong></span> <span class='ocrx_word' id='word_1_22' title='bbox 791 461 920 511; x_wconf 84' lang='lat' dir='ltr'><strong>tuas,</strong></span> <span class='ocrx_word' id='word_1_23' title='bbox 945 450 1070 503; x_wconf 86' lang='lat' dir='ltr'><strong>sicut</strong></span> <span class='ocrx_word' id='word_1_24' title='bbox 1099 449 1152 502; x_wconf 86' lang='lat' dir='ltr'><strong>in</strong></span> <span class='ocrx_word' id='word_1_25' title='bbox 1179 446 1274 500; x_wconf 86' lang='lat' dir='ltr'><strong>hac</strong></span> <span class='ocrx_word' id='word_1_26' title='bbox 1311 445 1394 498; x_wconf 84' lang='lat' dir='ltr'><strong>die</strong></span> <span class='ocrx_word' id='word_1_27' title='bbox 1432 458 1450 497; x_wconf 86' lang='lat'><strong>.&#39;</strong></span> <span class='ocrx_word' id='word_1_28' title='bbox 1482 442 1529 496; x_wconf 98' lang='lat' dir='ltr'><strong>id</strong></span> <span class='ocrx_word' id='word_1_29' title='bbox 1556 452 1669 505; x_wconf 89' lang='lat' dir='ltr'><strong>est,</strong></span> <span class='ocrx_word' id='word_1_30' title='bbox 1720 448 1777 493; x_wconf 87' lang='lat' dir='ltr'><strong>ut</strong></span> 
     </span>
    </p>
   </div>
   <div class='ocr_carea' id='block_1_5' title="bbox 187 536 1775 613">
    <p class='ocr_par' dir='ltr' id='par_1_5' title="bbox 187 536 1775 613">
     <span class='ocr_line' id='line_1_5' title="bbox 187 536 1775 613; baseline -0.009 -14"><span class='ocrx_word' id='word_1_31' title='bbox 187 546 495 599; x_wconf 73' lang='lat' dir='ltr'><strong>vinei-retur</strong></span> <span class='ocrx_word' id='word_1_32' title='bbox 520 560 548 596; x_wconf 89' lang='lat' dir='ltr'><strong>a</strong></span> <span class='ocrx_word' id='word_1_33' title='bbox 582 553 666 607; x_wconf 88' lang='lat' dir='ltr'><strong>te;</strong></span> <span class='ocrx_word' id='word_1_34' title='bbox 697 542 837 613; x_wconf 90' lang='lat' dir='ltr'><strong>quod</strong></span> <span class='ocrx_word' id='word_1_35' title='bbox 870 557 971 594; x_wconf 92' lang='lat' dir='ltr'><strong>non</strong></span> <span class='ocrx_word' id='word_1_36' title='bbox 997 539 1166 600; x_wconf 82' lang='lat' dir='ltr'><strong>ﬁeret,</strong></span> <span class='ocrx_word' id='word_1_37' title='bbox 1192 537 1290 590; x_wconf 73' lang='lat' dir='ltr'><strong>nisi</strong></span> <span class='ocrx_word' id='word_1_38' title='bbox 1324 536 1624 593; x_wconf 83' lang='lat' dir='ltr'><strong>resisteret:</strong></span> <span class='ocrx_word' id='word_1_39' title='bbox 1669 547 1775 585; x_wconf 88' lang='lat' dir='ltr'><strong>non</strong></span> 
     </span>
    </p>
   </div>
   <div class='ocr_carea' id='block_1_6' title="bbox 185 625 1774 700">
    <p class='ocr_par' dir='ltr' id='par_1_6' title="bbox 185 625 1774 700">
     <span class='ocr_line' id='line_1_6' title="bbox 185 625 1774 700; baseline -0.009 -7"><span class='ocrx_word' id='word_1_40' title='bbox 185 650 367 693; x_wconf 85' lang='lat' dir='ltr'><strong>autem</strong></span> <span class='ocrx_word' id='word_1_41' title='bbox 405 639 696 700; x_wconf 84' lang='lat' dir='ltr'><strong>resisteret,</strong></span> <span class='ocrx_word' id='word_1_42' title='bbox 734 635 833 688; x_wconf 88' lang='lat' dir='ltr'><strong>nisi</strong></span> <span class='ocrx_word' id='word_1_43' title='bbox 867 634 1029 689; x_wconf 88' lang='lat' dir='ltr'><strong>corde</strong></span> <span class='ocrx_word' id='word_1_44' title='bbox 1076 631 1353 686; x_wconf 85' lang='lat' dir='ltr'><strong>obdurato.</strong></span> <span class='ocrx_word' id='word_1_45' title='bbox 1399 627 1561 695; x_wconf 80' lang='lat' dir='ltr'><strong>Cujus</strong></span> <span class='ocrx_word' id='word_1_46' title='bbox 1591 626 1664 680; x_wconf 92' lang='lat' dir='ltr'><strong>rei</strong></span> <span class='ocrx_word' id='word_1_47' title='bbox 1687 625 1774 695; x_wconf 85' lang='lat' dir='ltr'><strong>ju-</strong></span> 
     </span>
    </p>
   </div>
   <div class='ocr_carea' id='block_1_7' title="bbox 184 718 1775 797">
    <p class='ocr_par' dir='ltr' id='par_1_7' title="bbox 184 718 1775 797">
     <span class='ocr_line' id='line_1_7' title="bbox 184 718 1775 797; baseline -0.009 -10"><span class='ocrx_word' id='word_1_48' title='bbox 184 732 391 787; x_wconf 85' lang='lat' dir='ltr'><strong>stitiam</strong></span> <span class='ocrx_word' id='word_1_49' title='bbox 422 731 465 785; x_wconf 88' lang='lat' dir='ltr'><strong>si</strong></span> <span class='ocrx_word' id='word_1_50' title='bbox 492 729 879 797; x_wconf 67' lang='lat' dir='ltr'><strong>qnazsierimus,</strong></span> <span class='ocrx_word' id='word_1_51' title='bbox 921 725 1279 781; x_wconf 86' lang='lat' dir='ltr'><strong>inscrulabilia</strong></span> <span class='ocrx_word' id='word_1_52' title='bbox 1306 720 1646 790; x_wconf 88' lang='lat' dir='ltr'><strong>snntjndicia</strong></span> <span class='ocrx_word' id='word_1_53' title='bbox 1684 718 1775 773; x_wconf 91' lang='lat' dir='ltr'><strong>Dei</strong></span> 
     </span>
    </p>
   </div>
   <div class='ocr_carea' id='block_1_8' title="bbox 188 811 1774 892">
    <p class='ocr_par' dir='ltr' id='par_1_8' title="bbox 188 811 1774 892">
     <span class='ocr_line' id='line_1_8' title="bbox 188 811 1774 892; baseline -0.008 -15"><span class='ocrx_word' id='word_1_54' title='bbox 188 823 372 892; x_wconf 86' lang='lat' dir='ltr'><strong>(Rom.</strong></span> <span class='ocrx_word' id='word_1_55' title='bbox 421 838 501 885; x_wconf 77' lang='grc'><strong>111,</strong></span> <span class='ocrx_word' id='word_1_56' title='bbox 537 821 667 889; x_wconf 80' lang='grc'><strong>55);</strong></span> <span class='ocrx_word' id='word_1_57' title='bbox 702 820 952 888; x_wconf 87' lang='lat' dir='ltr'><strong>iniquitas</strong></span> <span class='ocrx_word' id='word_1_58' title='bbox 977 828 1152 872; x_wconf 90' lang='lat' dir='ltr'><strong>autem</strong></span> <span class='ocrx_word' id='word_1_59' title='bbox 1185 832 1288 869; x_wconf 89' lang='lat' dir='ltr'><strong>non</strong></span> <span class='ocrx_word' id='word_1_60' title='bbox 1333 826 1413 869; x_wconf 88' lang='lat' dir='ltr'><strong>est</strong></span> <span class='ocrx_word' id='word_1_61' title='bbox 1439 812 1573 882; x_wconf 86' lang='lat' dir='ltr'><strong>apud</strong></span> <span class='ocrx_word' id='word_1_62' title='bbox 1610 811 1774 866; x_wconf 90' lang='lat' dir='ltr'><strong>Deum</strong></span> 
     </span>
    </p>
   </div>
   <div class='ocr_carea' id='block_1_9' title="bbox 186 906 1775 982">
    <p class='ocr_par' dir='ltr' id='par_1_9' title="bbox 186 906 1775 982">
     <span class='ocr_line' id='line_1_9' title="bbox 186 906 1775 982; baseline -0.007 -17"><span class='ocrx_word' id='word_1_63' title='bbox 186 912 300 982; x_wconf 85' lang='lat' dir='ltr'><strong>(Id.</strong></span> <span class='ocrx_word' id='word_1_64' title='bbox 337 928 413 974; x_wconf 78' lang='lat' dir='ltr'><strong>rx,</strong></span> <span class='ocrx_word' id='word_1_65' title='bbox 449 910 556 979; x_wconf 76' lang='lat' dir='ltr'><strong>li).</strong></span> <span class='ocrx_word' id='word_1_66' title='bbox 614 912 753 964; x_wconf 88' lang='lat' dir='ltr'><strong>Sane</strong></span> <span class='ocrx_word' id='word_1_67' title='bbox 796 907 1084 963; x_wconf 88' lang='lat' dir='ltr'><strong>notandum</strong></span> <span class='ocrx_word' id='word_1_68' title='bbox 1131 916 1247 975; x_wconf 86' lang='lat' dir='ltr'><strong>est,</strong></span> <span class='ocrx_word' id='word_1_69' title='bbox 1280 906 1635 961; x_wconf 86' lang='lat' dir='ltr'><strong>conlortatum</strong></span> <span class='ocrx_word' id='word_1_70' title='bbox 1681 915 1775 957; x_wconf 90' lang='lat' dir='ltr'><strong>cor</strong></span> 
     </span>
    </p>
   </div>
   <div class='ocr_carea' id='block_1_10' title="bbox 184 1000 1379 1073">
    <p class='ocr_par' dir='ltr' id='par_1_10' title="bbox 184 1000 1379 1073">
     <span class='ocr_line' id='line_1_10' title="bbox 184 1000 1379 1073; baseline -0.003 -16"><span class='ocrx_word' id='word_1_71' title='bbox 184 1018 346 1073; x_wconf 82' lang='lat' dir='ltr'><strong>posse</strong></span> <span class='ocrx_word' id='word_1_72' title='bbox 370 1003 474 1054; x_wconf 83' lang='lat' dir='ltr'><strong>dici</strong></span> <span class='ocrx_word' id='word_1_73' title='bbox 497 1002 655 1055; x_wconf 88' lang='lat' dir='ltr'><strong>etiam</strong></span> <span class='ocrx_word' id='word_1_74' title='bbox 682 1002 731 1054; x_wconf 87' lang='lat' dir='ltr'><strong>in</strong></span> <span class='ocrx_word' id='word_1_75' title='bbox 764 1000 923 1053; x_wconf 89' lang='lat' dir='ltr'><strong>malo.</strong></span> <span class='ocrx_word' id='word_1_76' title='bbox 1376 1064 1379 1065; x_wconf 19' lang='grc' dir='ltr'><em>ν</em></span> 
     </span>
    </p>
   </div>
   <div class='ocr_carea' id='block_1_11' title="bbox 255 1078 1775 1166">
    <p class='ocr_par' dir='ltr' id='par_1_11' title="bbox 255 1078 1775 1166">
     <span class='ocr_line' id='line_1_11' title="bbox 255 1078 1775 1166; baseline -0.007 -19"><span class='ocrx_word' id='word_1_77' title='bbox 255 1093 345 1147; x_wconf 89' lang='grc'><strong>111.</strong></span> <span class='ocrx_word' id='word_1_78' title='bbox 380 1092 481 1166; x_wconf 71' lang='grc'><strong>[111.</strong></span> <span class='ocrx_word' id='word_1_79' title='bbox 509 1110 585 1154; x_wconf 87' lang='grc'><strong>111,</strong></span> <span class='ocrx_word' id='word_1_80' title='bbox 616 1090 695 1165; x_wconf 73' lang='lat'><strong>2.]</strong></span> <span class='ocrx_word' id='word_1_81' title='bbox 734 1078 1081 1145; x_wconf 80' lang='lat' dir='ltr'><strong>l’ermntamcn</strong></span> <span class='ocrx_word' id='word_1_82' title='bbox 1124 1085 1202 1159; x_wconf 82' lang='lat' dir='ltr'><strong>Og</strong></span> <span class='ocrx_word' id='word_1_83' title='bbox 1227 1102 1316 1141; x_wconf 74' lang='lat' dir='ltr'><strong>rex</strong></span> <span class='ocrx_word' id='word_1_84' title='bbox 1351 1084 1518 1140; x_wconf 83' lang='lat' dir='ltr'><strong>Busan</strong></span> <span class='ocrx_word' id='word_1_85' title='bbox 1556 1084 1775 1154; x_wconf 78' lang='lat' dir='ltr'><strong>reliquus</strong></span> 
     </span>
    </p>
   </div>
   <div class='ocr_carea' id='block_1_12' title="bbox 182 1176 1771 1257">
    <p class='ocr_par' dir='ltr' id='par_1_12' title="bbox 182 1176 1771 1257">
     <span class='ocr_line' id='line_1_12' title="bbox 182 1176 1771 1257; baseline -0.007 -19"><span class='ocrx_word' id='word_1_86' title='bbox 182 1189 351 1257; x_wconf 74' lang='lat' dir='ltr'><strong>{actus</strong></span> <span class='ocrx_word' id='word_1_87' title='bbox 380 1198 450 1240; x_wconf 74' lang='lat' dir='ltr'><strong>est</strong></span> <span class='ocrx_word' id='word_1_88' title='bbox 471 1202 502 1237; x_wconf 88' lang='lat' dir='ltr'><strong>a</strong></span> <span class='ocrx_word' id='word_1_89' title='bbox 530 1184 785 1253; x_wconf 68' lang='lat' dir='ltr'><strong>llaphuin.</strong></span> <span class='ocrx_word' id='word_1_90' title='bbox 818 1183 926 1236; x_wconf 91' lang='lat' dir='ltr'><strong>lloc</strong></span> <span class='ocrx_word' id='word_1_91' title='bbox 954 1180 1189 1244; x_wconf 87' lang='lat' dir='ltr'><strong>nomine,</strong></span> <span class='ocrx_word' id='word_1_92' title='bbox 1223 1178 1366 1248; x_wconf 90' lang='lat' dir='ltr'><strong>quod</strong></span> <span class='ocrx_word' id='word_1_93' title='bbox 1396 1186 1480 1232; x_wconf 89' lang='lat' dir='ltr'><strong>cst</strong></span> <span class='ocrx_word' id='word_1_94' title='bbox 1511 1176 1771 1245; x_wconf 79' lang='lat' dir='ltr'><strong>Raphain,</strong></span> 
     </span>
    </p>
   </div>
   <div class='ocr_carea' id='block_1_13' title="bbox 177 1269 1773 1348">
    <p class='ocr_par' dir='ltr' id='par_1_13' title="bbox 177 1269 1773 1348">
     <span class='ocr_line' id='line_1_13' title="bbox 177 1269 1773 1348; baseline -0.006 -18"><span class='ocrx_word' id='word_1_95' title='bbox 177 1278 430 1347; x_wconf 80' lang='lat' dir='ltr'><strong>gigantes</strong></span> <span class='ocrx_word' id='word_1_96' title='bbox 461 1278 743 1348; x_wconf 87' lang='lat' dir='ltr'><strong>signiﬁcari</strong></span> <span class='ocrx_word' id='word_1_97' title='bbox 780 1277 831 1330; x_wconf 93' lang='grc'><strong>111</strong></span> <span class='ocrx_word' id='word_1_98' title='bbox 863 1275 1074 1329; x_wconf 81' lang='lat' dir='ltr'><strong>hebra-a</strong></span> <span class='ocrx_word' id='word_1_99' title='bbox 1108 1272 1280 1341; x_wconf 89' lang='lat' dir='ltr'><strong>lingua</strong></span> <span class='ocrx_word' id='word_1_100' title='bbox 1310 1270 1490 1325; x_wconf 91' lang='lat' dir='ltr'><strong>dicunt</strong></span> <span class='ocrx_word' id='word_1_101' title='bbox 1517 1269 1606 1338; x_wconf 85' lang='lat' dir='ltr'><strong>qui</strong></span> <span class='ocrx_word' id='word_1_102' title='bbox 1656 1284 1773 1322; x_wconf 87' lang='lat' dir='ltr'><strong>eam</strong></span> 
     </span>
    </p>
   </div>
   <div class='ocr_carea' id='block_1_14' title="bbox 182 1360 1775 1442">
    <p class='ocr_par' dir='ltr' id='par_1_14' title="bbox 182 1360 1775 1442">
     <span class='ocr_line' id='line_1_14' title="bbox 182 1360 1775 1442; baseline -0.007 -17"><span class='ocrx_word' id='word_1_103' title='bbox 182 1381 469 1426; x_wconf 72' lang='lat' dir='ltr'><strong>noverunt.</strong></span> <span class='ocrx_word' id='word_1_104' title='bbox 509 1371 657 1427; x_wconf 91' lang='lat' dir='ltr'><strong>Unde</strong></span> <span class='ocrx_word' id='word_1_105' title='bbox 677 1370 817 1442; x_wconf 90' lang='lat' dir='ltr'><strong>quod</strong></span> <span class='ocrx_word' id='word_1_106' title='bbox 847 1370 1041 1423; x_wconf 78' lang='lat' dir='ltr'><strong>habent</strong></span> <span class='ocrx_word' id='word_1_107' title='bbox 1073 1367 1309 1437; x_wconf 87' lang='lat' dir='ltr'><strong>plerique</strong></span> <span class='ocrx_word' id='word_1_108' title='bbox 1342 1363 1554 1419; x_wconf 79' lang='lat' dir='ltr'><strong>codices</strong></span> <span class='ocrx_word' id='word_1_109' title='bbox 1588 1360 1775 1415; x_wconf 80' lang='lat' dir='ltr'><strong>dereli-</strong></span> 
     </span>
    </p>
   </div>
   <div class='ocr_carea' id='block_1_15' title="bbox 180 1454 1775 1533">
    <p class='ocr_par' dir='ltr' id='par_1_15' title="bbox 180 1454 1775 1533">
     <span class='ocr_line' id='line_1_15' title="bbox 180 1454 1775 1533; baseline -0.006 -15"><span class='ocrx_word' id='word_1_110' title='bbox 180 1474 292 1518; x_wconf 82' lang='lat' dir='ltr'><strong>ctus</strong></span> <span class='ocrx_word' id='word_1_111' title='bbox 330 1474 405 1518; x_wconf 86' lang='lat' dir='ltr'><strong>est</strong></span> <span class='ocrx_word' id='word_1_112' title='bbox 444 1482 476 1517; x_wconf 90' lang='lat' dir='ltr'><strong>a</strong></span> <span class='ocrx_word' id='word_1_113' title='bbox 516 1464 770 1533; x_wconf 82' lang='lat' dir='ltr'><strong>Ruphuin,</strong></span> <span class='ocrx_word' id='word_1_114' title='bbox 802 1462 1008 1532; x_wconf 86' lang='lat' dir='ltr'><strong>planius</strong></span> <span class='ocrx_word' id='word_1_115' title='bbox 1054 1461 1236 1529; x_wconf 84' lang='lat' dir='ltr'><strong>utique</strong></span> <span class='ocrx_word' id='word_1_116' title='bbox 1282 1458 1506 1521; x_wconf 92' lang='lat' dir='ltr'><strong>dicitur,</strong></span> <span class='ocrx_word' id='word_1_117' title='bbox 1556 1454 1775 1519; x_wconf 75' lang='lat' dir='ltr'><strong>reliquus</strong></span> 
     </span>
    </p>
   </div>
   <div class='ocr_carea' id='block_1_16' title="bbox 176 1548 1774 1628">
    <p class='ocr_par' dir='ltr' id='par_1_16' title="bbox 176 1548 1774 1628">
     <span class='ocr_line' id='line_1_16' title="bbox 176 1548 1774 1628; baseline -0.006 -18"><span class='ocrx_word' id='word_1_118' title='bbox 176 1557 351 1628; x_wconf 82' lang='lat' dir='ltr'><strong>{actus</strong></span> <span class='ocrx_word' id='word_1_119' title='bbox 375 1568 470 1623; x_wconf 87' lang='lat' dir='ltr'><strong>est,</strong></span> <span class='ocrx_word' id='word_1_120' title='bbox 486 1568 541 1611; x_wconf 91' lang='lat' dir='ltr'><strong>ut</strong></span> <span class='ocrx_word' id='word_1_121' title='bbox 563 1558 672 1628; x_wconf 87' lang='lat' dir='ltr'><strong>ipse</strong></span> <span class='ocrx_word' id='word_1_122' title='bbox 690 1556 874 1627; x_wconf 74' lang='lat' dir='ltr'><strong>exillis</strong></span> <span class='ocrx_word' id='word_1_123' title='bbox 896 1554 1215 1609; x_wconf 92' lang='lat' dir='ltr'><strong>remansisse</strong></span> <span class='ocrx_word' id='word_1_124' title='bbox 1242 1552 1595 1620; x_wconf 87' lang='lat' dir='ltr'><strong>intelligatur:</strong></span> <span class='ocrx_word' id='word_1_125' title='bbox 1623 1548 1774 1615; x_wconf 89' lang='lat' dir='ltr'><strong>cujus</strong></span> 
     </span>
    </p>
   </div>
   <div class='ocr_carea' id='block_1_17' title="bbox 178 1632 1772 1720">
    <p class='ocr_par' dir='ltr' id='par_1_17' title="bbox 178 1632 1772 1720">
     <span class='ocr_line' id='line_1_17' title="bbox 178 1632 1772 1720; baseline -0.01 -13"><span class='ocrx_word' id='word_1_126' title='bbox 178 1654 346 1707; x_wconf 85' lang='lat' dir='ltr'><strong>etiam</strong></span> <span class='ocrx_word' id='word_1_127' title='bbox 374 1659 765 1720; x_wconf 89' lang='lat' dir='ltr'><strong>consequenter</strong></span> <span class='ocrx_word' id='word_1_128' title='bbox 802 1646 1074 1717; x_wconf 86' lang='lat' dir='ltr'><strong>lengitudo</strong></span> <span class='ocrx_word' id='word_1_129' title='bbox 1101 1656 1153 1700; x_wconf 89' lang='lat' dir='ltr'><strong>et</strong></span> <span class='ocrx_word' id='word_1_130' title='bbox 1178 1644 1398 1699; x_wconf 90' lang='lat' dir='ltr'><strong>latitudo</strong></span> <span class='ocrx_word' id='word_1_131' title='bbox 1443 1640 1601 1697; x_wconf 82' lang='lat' dir='ltr'><strong>ferrei</strong></span> <span class='ocrx_word' id='word_1_132' title='bbox 1647 1632 1772 1694; x_wconf 76' lang='lat' dir='ltr'><strong>lec&#39;ti</strong></span> 
     </span>
    </p>
   </div>
   <div class='ocr_carea' id='block_1_18' title="bbox 176 1736 1776 1810">
    <p class='ocr_par' dir='ltr' id='par_1_18' title="bbox 176 1736 1776 1810">
     <span class='ocr_line' id='line_1_18' title="bbox 176 1736 1776 1810; baseline -0.009 -11"><span class='ocrx_word' id='word_1_133' title='bbox 176 1753 677 1809; x_wconf 75' lang='lat' dir='ltr'><strong>commemoratur,</strong></span> <span class='ocrx_word' id='word_1_134' title='bbox 720 1741 787 1795; x_wconf 87' lang='lat' dir='ltr'><strong>ad</strong></span> <span class='ocrx_word' id='word_1_135' title='bbox 850 1739 968 1810; x_wconf 86' lang='lat' dir='ltr'><strong>ejus</strong></span> <span class='ocrx_word' id='word_1_136' title='bbox 1023 1736 1441 1807; x_wconf 86' lang='lat' dir='ltr'><strong>magnitudinem</strong></span> <span class='ocrx_word' id='word_1_137' title='bbox 1500 1744 1776 1788; x_wconf 89' lang='lat' dir='ltr'><strong>commcn-</strong></span> 
     </span>
    </p>
   </div>
   <div class='ocr_carea' id='block_1_19' title="bbox 178 1835 1523 1893">
    <p class='ocr_par' dir='ltr' id='par_1_19' title="bbox 178 1835 1523 1893">
     <span class='ocr_line' id='line_1_19' title="bbox 178 1835 1523 1893; baseline -0.015 0"><span class='ocrx_word' id='word_1_138' title='bbox 178 1835 439 1893; x_wconf 81' lang='lat' dir='ltr'><strong>(landam.</strong></span> <span class='ocrx_word' id='word_1_139' title='bbox 1520 1870 1523 1873; x_wconf 91' lang='lat'><strong>.</strong></span> 
     </span>
    </p>
   </div>
   <div class='ocr_carea' id='block_1_20' title="bbox 252 1916 1773 1999">
    <p class='ocr_par' dir='ltr' id='par_1_20' title="bbox 252 1916 1773 1999">
     <span class='ocr_line' id='line_1_20' title="bbox 252 1916 1773 1999; baseline -0.008 -18"><span class='ocrx_word' id='word_1_140' title='bbox 252 1928 342 1981; x_wconf 79' lang='grc' dir='ltr'><strong>ιν.</strong></span> <span class='ocrx_word' id='word_1_141' title='bbox 370 1927 473 1999; x_wconf 85' lang='grc'><strong>[111.</strong></span> <span class='ocrx_word' id='word_1_142' title='bbox 505 1941 581 1989; x_wconf 84' lang='lat' dir='ltr'><strong>tv,</strong></span> <span class='ocrx_word' id='word_1_143' title='bbox 614 1922 726 1997; x_wconf 69' lang='lat'><strong>16.]</strong></span> <span class='ocrx_word' id='word_1_144' title='bbox 768 1922 851 1977; x_wconf 86' lang='lat' dir='ltr'><strong>Ne</strong></span> <span class='ocrx_word' id='word_1_145' title='bbox 875 1924 1091 1993; x_wconf 74' lang='lat' dir='ltr'><strong>feceritis</strong></span> <span class='ocrx_word' id='word_1_146' title='bbox 1119 1920 1452 1993; x_wconf 77' lang='lat' dir='ltr'><strong>iniquitatem,</strong></span> <span class='ocrx_word' id='word_1_147' title='bbox 1484 1927 1531 1972; x_wconf 89' lang='lat' dir='ltr'><strong>et</strong></span> <span class='ocrx_word' id='word_1_148' title='bbox 1573 1916 1773 1987; x_wconf 77' lang='lat' dir='ltr'><strong>faciatis</strong></span> 
     </span>
    </p>
   </div>
   <div class='ocr_carea' id='block_1_21' title="bbox 176 2009 1788 2088">
    <p class='ocr_par' dir='ltr' id='par_1_21' title="bbox 176 2009 1788 2088">
     <span class='ocr_line' id='line_1_21' title="bbox 176 2009 1788 2088; baseline -0.011 -11"><span class='ocrx_word' id='word_1_149' title='bbox 176 2020 318 2077; x_wconf 61' lang='lat' dir='ltr'><strong>vobis</strong></span> <span class='ocrx_word' id='word_1_150' title='bbox 338 2019 468 2087; x_wconf 87' lang='lat' dir='ltr'><strong>ipsis</strong></span> <span class='ocrx_word' id='word_1_151' title='bbox 496 2017 777 2088; x_wconf 86' lang='lat' dir='ltr'><strong>sculptilem</strong></span> <span class='ocrx_word' id='word_1_152' title='bbox 820 2015 1220 2079; x_wconf 79' lang='lat' dir='ltr'><strong>similitudinem,</strong></span> <span class='ocrx_word' id='word_1_153' title='bbox 1246 2027 1442 2065; x_wconf 86' lang='lat' dir='ltr'><strong>omnem</strong></span> <span class='ocrx_word' id='word_1_154' title='bbox 1480 2009 1788 2079; x_wconf 73' lang='lat' dir='ltr'><strong>inurgiuem.’</strong></span> 
     </span>
    </p>
   </div>
   <div class='ocr_carea' id='block_1_22' title="bbox 178 2098 1769 2178">
    <p class='ocr_par' dir='ltr' id='par_1_22' title="bbox 178 2098 1769 2178">
     <span class='ocr_line' id='line_1_22' title="bbox 178 2098 1769 2178; baseline -0.009 -13"><span class='ocrx_word' id='word_1_155' title='bbox 178 2110 318 2178; x_wconf 79' lang='lat' dir='ltr'><strong>Quid</strong></span> <span class='ocrx_word' id='word_1_156' title='bbox 362 2108 577 2164; x_wconf 87' lang='lat' dir='ltr'><strong>intersit</strong></span> <span class='ocrx_word' id='word_1_157' title='bbox 612 2109 749 2162; x_wconf 88' lang='lat' dir='ltr'><strong>inter</strong></span> <span class='ocrx_word' id='word_1_158' title='bbox 769 2106 1167 2160; x_wconf 82' lang='lat' dir='ltr'><strong>similitudinem</strong></span> <span class='ocrx_word' id='word_1_159' title='bbox 1196 2112 1251 2158; x_wconf 88' lang='lat' dir='ltr'><strong>et</strong></span> <span class='ocrx_word' id='word_1_160' title='bbox 1293 2101 1574 2171; x_wconf 79' lang='lat' dir='ltr'><strong>imaginem</strong></span> <span class='ocrx_word' id='word_1_161' title='bbox 1607 2098 1769 2169; x_wconf 73' lang='lat' dir='ltr'><strong>qureri</strong></span> 
     </span>
    </p>
   </div>
   <div class='ocr_carea' id='block_1_23' title="bbox 176 2190 1773 2268">
    <p class='ocr_par' dir='ltr' id='par_1_23' title="bbox 176 2190 1773 2268">
     <span class='ocr_line' id='line_1_23' title="bbox 176 2190 1773 2268; baseline -0.011 -7"><span class='ocrx_word' id='word_1_162' title='bbox 176 2204 339 2261; x_wconf 68' lang='lat' dir='ltr'><strong>Solet.</strong></span> <span class='ocrx_word' id='word_1_163' title='bbox 370 2202 478 2259; x_wconf 82' lang='lat' dir='ltr'><strong>Sed</strong></span> <span class='ocrx_word' id='word_1_164' title='bbox 508 2203 594 2256; x_wconf 92' lang='lat' dir='ltr'><strong>hic</strong></span> <span class='ocrx_word' id='word_1_165' title='bbox 620 2217 722 2255; x_wconf 91' lang='lat' dir='ltr'><strong>non</strong></span> <span class='ocrx_word' id='word_1_166' title='bbox 753 2198 906 2253; x_wconf 89' lang='lat' dir='ltr'><strong>video</strong></span> <span class='ocrx_word' id='word_1_167' title='bbox 934 2198 1060 2268; x_wconf 88' lang='lat' dir='ltr'><strong>quid</strong></span> <span class='ocrx_word' id='word_1_168' title='bbox 1108 2197 1367 2251; x_wconf 90' lang='lat' dir='ltr'><strong>interesse</strong></span> <span class='ocrx_word' id='word_1_169' title='bbox 1388 2193 1633 2258; x_wconf 87' lang='lat' dir='ltr'><strong>voluerit,</strong></span> <span class='ocrx_word' id='word_1_170' title='bbox 1671 2190 1773 2244; x_wconf 88' lang='lat' dir='ltr'><strong>nisi</strong></span> 
     </span>
    </p>
   </div>
   <div class='ocr_carea' id='block_1_24' title="bbox 177 2281 1769 2353">
    <p class='ocr_par' dir='ltr' id='par_1_24' title="bbox 177 2281 1769 2353">
     <span class='ocr_line' id='line_1_24' title="bbox 177 2281 1769 2353; baseline -0.011 -3"><span class='ocrx_word' id='word_1_171' title='bbox 177 2306 273 2350; x_wconf 75' lang='lat' dir='ltr'><strong>aut</strong></span> <span class='ocrx_word' id='word_1_172' title='bbox 304 2294 517 2349; x_wconf 90' lang='lat' dir='ltr'><strong>duobus</strong></span> <span class='ocrx_word' id='word_1_173' title='bbox 567 2293 680 2347; x_wconf 88' lang='lat' dir='ltr'><strong>istis</strong></span> <span class='ocrx_word' id='word_1_174' title='bbox 712 2289 981 2345; x_wconf 89' lang='lat' dir='ltr'><strong>vocabulis</strong></span> <span class='ocrx_word' id='word_1_175' title='bbox 1019 2303 1175 2342; x_wconf 89' lang='lat' dir='ltr'><strong>uuam</strong></span> <span class='ocrx_word' id='word_1_176' title='bbox 1226 2301 1338 2340; x_wconf 90' lang='lat' dir='ltr'><strong>rem</strong></span> <span class='ocrx_word' id='word_1_177' title='bbox 1377 2281 1769 2353; x_wconf 86' lang='lat' dir='ltr'><strong>signiﬁcaverit,</strong></span> 
     </span>
    </p>
   </div>
   <div class='ocr_carea' id='block_1_25' title="bbox 178 2377 1773 2447">
    <p class='ocr_par' dir='ltr' id='par_1_25' title="bbox 178 2377 1773 2447">
     <span class='ocr_line' id='line_1_25' title="bbox 178 2377 1773 2447; baseline -0.009 -5"><span class='ocrx_word' id='word_1_178' title='bbox 178 2397 270 2441; x_wconf 76' lang='lat' dir='ltr'><strong>aut</strong></span> <span class='ocrx_word' id='word_1_179' title='bbox 297 2386 702 2441; x_wconf 69' lang='lat' dir='ltr'><strong>similitudinem</strong></span> <span class='ocrx_word' id='word_1_180' title='bbox 732 2384 945 2443; x_wconf 77' lang='lat' dir='ltr'><strong>dixerit,</strong></span> <span class='ocrx_word' id='word_1_181' title='bbox 975 2382 1049 2442; x_wconf 86' lang='lat' dir='ltr'><strong>si,</strong></span> <span class='ocrx_word' id='word_1_182' title='bbox 1083 2379 1229 2435; x_wconf 89' lang='lat' dir='ltr'><strong>vcrhi</strong></span> <span class='ocrx_word' id='word_1_183' title='bbox 1256 2378 1442 2447; x_wconf 83' lang='lat' dir='ltr'><strong>gratia,</strong></span> <span class='ocrx_word' id='word_1_184' title='bbox 1487 2377 1573 2428; x_wconf 88' lang='lat' dir='ltr'><strong>ﬁat</strong></span> <span class='ocrx_word' id='word_1_185' title='bbox 1601 2383 1773 2428; x_wconf 82' lang='lat' dir='ltr'><strong>statua</strong></span> 
     </span>
    </p>
   </div>
   <div class='ocr_carea' id='block_1_26' title="bbox 181 2474 1771 2544">
    <p class='ocr_par' dir='ltr' id='par_1_26' title="bbox 181 2474 1771 2544">
     <span class='ocr_line' id='line_1_26' title="bbox 181 2474 1771 2544; baseline -0.009 -9"><span class='ocrx_word' id='word_1_186' title='bbox 181 2481 261 2535; x_wconf 77' lang='lat' dir='ltr'><strong>vel</strong></span> <span class='ocrx_word' id='word_1_187' title='bbox 290 2481 638 2533; x_wconf 86' lang='lat' dir='ltr'><strong>sinmlacrnm</strong></span> <span class='ocrx_word' id='word_1_188' title='bbox 663 2478 862 2532; x_wconf 90' lang='lat' dir='ltr'><strong>habens</strong></span> <span class='ocrx_word' id='word_1_189' title='bbox 892 2476 1120 2544; x_wconf 74' lang='lat' dir='ltr'><strong>efﬁgiem</strong></span> <span class='ocrx_word' id='word_1_190' title='bbox 1149 2474 1451 2534; x_wconf 76' lang='lat' dir='ltr'><strong>humanam,</strong></span> <span class='ocrx_word' id='word_1_191' title='bbox 1473 2485 1576 2523; x_wconf 92' lang='lat' dir='ltr'><strong>non</strong></span> <span class='ocrx_word' id='word_1_192' title='bbox 1597 2478 1771 2523; x_wconf 89' lang='lat' dir='ltr'><strong>tamen</strong></span> 
     </span>
    </p>
   </div>
   <div class='ocr_carea' id='block_1_27' title="bbox 177 2563 1771 2640">
    <p class='ocr_par' dir='ltr' id='par_1_27' title="bbox 177 2563 1771 2640">
     <span class='ocr_line' id='line_1_27' title="bbox 177 2563 1771 2640; baseline -0.007 -15"><span class='ocrx_word' id='word_1_193' title='bbox 177 2571 408 2640; x_wconf 68' lang='lat' dir='ltr'><strong>alicujus</strong></span> <span class='ocrx_word' id='word_1_194' title='bbox 441 2570 671 2624; x_wconf 82' lang='lat' dir='ltr'><strong>hominis</strong></span> <span class='ocrx_word' id='word_1_195' title='bbox 692 2569 1056 2637; x_wconf 76' lang='lat' dir='ltr'><strong>exprimantur</strong></span> <span class='ocrx_word' id='word_1_196' title='bbox 1082 2566 1423 2627; x_wconf 84' lang='lat' dir='ltr'><strong>lineamenta,</strong></span> <span class='ocrx_word' id='word_1_197' title='bbox 1443 2564 1579 2617; x_wconf 90' lang='lat' dir='ltr'><strong>sicut</strong></span> <span class='ocrx_word' id='word_1_198' title='bbox 1605 2563 1771 2632; x_wconf 84' lang='lat' dir='ltr'><strong>picto-</strong></span> 
     </span>
    </p>
   </div>
   <div class='ocr_carea' id='block_1_28' title="bbox 181 2658 1773 2728">
    <p class='ocr_par' dir='ltr' id='par_1_28' title="bbox 181 2658 1773 2728">
     <span class='ocr_line' id='line_1_28' title="bbox 181 2658 1773 2728; baseline -0.006 -9"><span class='ocrx_word' id='word_1_199' title='bbox 181 2666 361 2719; x_wconf 77' lang='lat' dir='ltr'><strong>resvol</strong></span> <span class='ocrx_word' id='word_1_200' title='bbox 396 2665 632 2719; x_wconf 70' lang='lat' dir='ltr'><strong>statuarii</strong></span> <span class='ocrx_word' id='word_1_201' title='bbox 657 2663 871 2727; x_wconf 82' lang='lat' dir='ltr'><strong>faciunt,</strong></span> <span class='ocrx_word' id='word_1_202' title='bbox 898 2662 1165 2715; x_wconf 81' lang='lat' dir='ltr'><strong>intuentes</strong></span> <span class='ocrx_word' id='word_1_203' title='bbox 1178 2674 1269 2713; x_wconf 81' lang='lat' dir='ltr'><strong>eos</strong></span> <span class='ocrx_word' id='word_1_204' title='bbox 1284 2672 1415 2728; x_wconf 84' lang='lat' dir='ltr'><strong>quos</strong></span> <span class='ocrx_word' id='word_1_205' title='bbox 1435 2658 1651 2727; x_wconf 87' lang='lat' dir='ltr'><strong>pingunt</strong></span> <span class='ocrx_word' id='word_1_206' title='bbox 1681 2670 1773 2709; x_wconf 81' lang='lat' dir='ltr'><strong>seu</strong></span> 
     </span>
    </p>
   </div>
   <div class='ocr_carea' id='block_1_29' title="bbox 184 2746 1769 2826">
    <p class='ocr_par' dir='ltr' id='par_1_29' title="bbox 184 2746 1769 2826">
     <span class='ocr_line' id='line_1_29' title="bbox 184 2746 1769 2826; baseline -0.009 -13"><span class='ocrx_word' id='word_1_207' title='bbox 184 2756 409 2826; x_wconf 79' lang='lat' dir='ltr'><strong>lingunt.</strong></span> <span class='ocrx_word' id='word_1_208' title='bbox 444 2756 590 2811; x_wconf 79' lang='grc'><strong>1111110</strong></span> <span class='ocrx_word' id='word_1_209' title='bbox 627 2755 767 2809; x_wconf 86' lang='lat' dir='ltr'><strong>enim</strong></span> <span class='ocrx_word' id='word_1_210' title='bbox 796 2753 1076 2822; x_wconf 81' lang='lat' dir='ltr'><strong>imaginem</strong></span> <span class='ocrx_word' id='word_1_211' title='bbox 1108 2750 1209 2804; x_wconf 91' lang='lat' dir='ltr'><strong>dici</strong></span> <span class='ocrx_word' id='word_1_212' title='bbox 1235 2766 1388 2803; x_wconf 90' lang='lat' dir='ltr'><strong>nemo</strong></span> <span class='ocrx_word' id='word_1_213' title='bbox 1418 2746 1769 2801; x_wconf 87' lang='lat' dir='ltr'><strong>dubitaverit:</strong></span> 
     </span>
    </p>
   </div>
   <div class='ocr_carea' id='block_1_30' title="bbox 183 2840 1771 2917">
    <p class='ocr_par' dir='ltr' id='par_1_30' title="bbox 183 2840 1771 2917">
     <span class='ocr_line' id='line_1_30' title="bbox 183 2840 1771 2917; baseline -0.008 -14"><span class='ocrx_word' id='word_1_214' title='bbox 183 2848 479 2903; x_wconf 69' lang='lat' dir='ltr'><strong>eccunidnm</strong></span> <span class='ocrx_word' id='word_1_215' title='bbox 506 2864 662 2917; x_wconf 82' lang='lat' dir='ltr'><strong>quant</strong></span> <span class='ocrx_word' id='word_1_216' title='bbox 685 2845 1077 2900; x_wconf 82' lang='lat' dir='ltr'><strong>distimtionem</strong></span> <span class='ocrx_word' id='word_1_217' title='bbox 1106 2843 1278 2896; x_wconf 84' lang='lat' dir='ltr'><strong>omnis</strong></span> <span class='ocrx_word' id='word_1_218' title='bbox 1316 2843 1487 2909; x_wconf 85' lang='lat' dir='ltr'><strong>imago</strong></span> <span class='ocrx_word' id='word_1_219' title='bbox 1512 2840 1669 2894; x_wconf 86' lang='lat' dir='ltr'><strong>etiam</strong></span> <span class='ocrx_word' id='word_1_220' title='bbox 1698 2840 1771 2893; x_wconf 58' lang='lat' dir='ltr'><strong>si-</strong></span> 
     </span>
    </p>
   </div>
   <div class='ocr_carea' id='block_1_31' title="bbox 184 2934 1770 3005">
    <p class='ocr_par' dir='ltr' id='par_1_31' title="bbox 184 2934 1770 3005">
     <span class='ocr_line' id='line_1_31' title="bbox 184 2934 1770 3005; baseline -0.007 -12"><span class='ocrx_word' id='word_1_221' title='bbox 184 2938 430 2993; x_wconf 83' lang='lat' dir='ltr'><strong>militudo</strong></span> <span class='ocrx_word' id='word_1_222' title='bbox 457 2949 539 2993; x_wconf 91' lang='lat' dir='ltr'><strong>est</strong></span> <span class='ocrx_word' id='word_1_223' title='bbox 559 2980 573 3005; x_wconf 92' lang='lat'><strong>,</strong></span> <span class='ocrx_word' id='word_1_224' title='bbox 629 2954 731 2992; x_wconf 91' lang='lat' dir='ltr'><strong>non</strong></span> <span class='ocrx_word' id='word_1_225' title='bbox 759 2938 934 2993; x_wconf 78' lang='lat' dir='ltr'><strong>oinnis</strong></span> <span class='ocrx_word' id='word_1_226' title='bbox 959 2935 1249 2989; x_wconf 72' lang='lat' dir='ltr'><strong>similitudo</strong></span> <span class='ocrx_word' id='word_1_227' title='bbox 1279 2934 1437 2988; x_wconf 87' lang='lat' dir='ltr'><strong>etiam</strong></span> <span class='ocrx_word' id='word_1_228' title='bbox 1476 2934 1647 3001; x_wconf 90' lang='lat' dir='ltr'><strong>imago</strong></span> <span class='ocrx_word' id='word_1_229' title='bbox 1670 2940 1770 2986; x_wconf 85' lang='lat' dir='ltr'><strong>est.</strong></span> 
     </span>
    </p>
   </div>
   <div class='ocr_carea' id='block_1_32' title="bbox 186 3023 1777 3100">
    <p class='ocr_par' dir='ltr' id='par_1_32' title="bbox 186 3023 1777 3100">
     <span class='ocr_line' id='line_1_32' title="bbox 186 3023 1777 3100; baseline -0.005 -15"><span class='ocrx_word' id='word_1_230' title='bbox 186 3027 342 3085; x_wconf 85' lang='lat' dir='ltr'><strong>Unde</strong></span> <span class='ocrx_word' id='word_1_231' title='bbox 359 3032 401 3083; x_wconf 90' lang='lat' dir='ltr'><strong>si</strong></span> <span class='ocrx_word' id='word_1_232' title='bbox 430 3030 624 3100; x_wconf 83' lang='lat' dir='ltr'><strong>gemini</strong></span> <span class='ocrx_word' id='word_1_233' title='bbox 645 3031 779 3085; x_wconf 91' lang='lat' dir='ltr'><strong>inter</strong></span> <span class='ocrx_word' id='word_1_234' title='bbox 792 3046 848 3083; x_wconf 87' lang='lat' dir='ltr'><strong>se</strong></span> <span class='ocrx_word' id='word_1_235' title='bbox 875 3029 1075 3081; x_wconf 81' lang='lat' dir='ltr'><strong>similes</strong></span> <span class='ocrx_word' id='word_1_236' title='bbox 1103 3028 1227 3091; x_wconf 87' lang='lat' dir='ltr'><strong>sint,</strong></span> <span class='ocrx_word' id='word_1_237' title='bbox 1252 3024 1540 3079; x_wconf 73' lang='lat' dir='ltr'><strong>similitudo</strong></span> <span class='ocrx_word' id='word_1_238' title='bbox 1566 3023 1777 3094; x_wconf 83' lang='lat' dir='ltr'><strong>dicipo-</strong></span> 
     </span>
    </p>
   </div>
   <div class='ocr_carea' id='block_1_33' title="bbox 184 3116 1776 3191">
    <p class='ocr_par' dir='ltr' id='par_1_33' title="bbox 184 3116 1776 3191">
     <span class='ocr_line' id='line_1_33' title="bbox 184 3116 1776 3191; baseline -0.006 -13"><span class='ocrx_word' id='word_1_239' title='bbox 184 3128 287 3178; x_wconf 84' lang='lat' dir='ltr'><strong>test</strong></span> <span class='ocrx_word' id='word_1_240' title='bbox 316 3124 537 3177; x_wconf 78' lang='lat' dir='ltr'><strong>alterius</strong></span> <span class='ocrx_word' id='word_1_241' title='bbox 564 3123 843 3191; x_wconf 81' lang='lat' dir='ltr'><strong>cujuslibet</strong></span> <span class='ocrx_word' id='word_1_242' title='bbox 875 3122 924 3176; x_wconf 93' lang='lat' dir='ltr'><strong>in</strong></span> <span class='ocrx_word' id='word_1_243' title='bbox 948 3122 1135 3181; x_wconf 89' lang='lat' dir='ltr'><strong>altero,</strong></span> <span class='ocrx_word' id='word_1_244' title='bbox 1162 3136 1265 3173; x_wconf 89' lang='lat' dir='ltr'><strong>non</strong></span> <span class='ocrx_word' id='word_1_245' title='bbox 1296 3120 1487 3187; x_wconf 87' lang='lat' dir='ltr'><strong>imago.</strong></span> <span class='ocrx_word' id='word_1_246' title='bbox 1523 3116 1578 3171; x_wconf 88' lang='lat' dir='ltr'><strong>Si</strong></span> <span class='ocrx_word' id='word_1_247' title='bbox 1599 3126 1776 3170; x_wconf 88' lang='lat' dir='ltr'><strong>autem</strong></span> 
     </span>
    </p>
   </div>
   <div class='ocr_carea' id='block_1_34' title="bbox 185 3210 1781 3286">
    <p class='ocr_par' dir='ltr' id='par_1_34' title="bbox 185 3210 1781 3286">
     <span class='ocr_line' id='line_1_34' title="bbox 185 3210 1781 3286; baseline -0.004 -18"><span class='ocrx_word' id='word_1_248' title='bbox 185 3218 324 3286; x_wconf 86' lang='lat' dir='ltr'><strong>patri</strong></span> <span class='ocrx_word' id='word_1_249' title='bbox 361 3217 497 3269; x_wconf 90' lang='lat' dir='ltr'><strong>lilins</strong></span> <span class='ocrx_word' id='word_1_250' title='bbox 526 3217 715 3270; x_wconf 72' lang='lat' dir='ltr'><strong>similis</strong></span> <span class='ocrx_word' id='word_1_251' title='bbox 737 3218 824 3279; x_wconf 87' lang='lat' dir='ltr'><strong>sit,</strong></span> <span class='ocrx_word' id='word_1_252' title='bbox 877 3217 1035 3269; x_wconf 89' lang='lat' dir='ltr'><strong>etiam</strong></span> <span class='ocrx_word' id='word_1_253' title='bbox 1069 3215 1240 3281; x_wconf 85' lang='lat' dir='ltr'><strong>imago</strong></span> <span class='ocrx_word' id='word_1_254' title='bbox 1271 3220 1412 3265; x_wconf 88' lang='lat' dir='ltr'><strong>recte</strong></span> <span class='ocrx_word' id='word_1_255' title='bbox 1461 3210 1691 3274; x_wconf 86' lang='lat' dir='ltr'><strong>dicitur;</strong></span> <span class='ocrx_word' id='word_1_256' title='bbox 1723 3218 1781 3263; x_wconf 87' lang='lat' dir='ltr'><strong>ut</strong></span> 
     </span>
    </p>
   </div>
   <div class='ocr_carea' id='block_1_35' title="bbox 180 3304 1779 3379">
    <p class='ocr_par' dir='ltr' id='par_1_35' title="bbox 180 3304 1779 3379">
     <span class='ocr_line' id='line_1_35' title="bbox 180 3304 1779 3379; baseline -0.007 -14"><span class='ocrx_word' id='word_1_257' title='bbox 180 3308 256 3365; x_wconf 79' lang='lat' dir='ltr'><strong>sit</strong></span> <span class='ocrx_word' id='word_1_258' title='bbox 284 3320 439 3377; x_wconf 88' lang='lat' dir='ltr'><strong>pater</strong></span> <span class='ocrx_word' id='word_1_259' title='bbox 467 3318 796 3379; x_wconf 80' lang='lat' dir='ltr'><strong>protozypns,</strong></span> <span class='ocrx_word' id='word_1_260' title='bbox 831 3308 970 3361; x_wconf 90' lang='lat' dir='ltr'><strong>unde</strong></span> <span class='ocrx_word' id='word_1_261' title='bbox 997 3306 1083 3359; x_wconf 88' lang='lat' dir='ltr'><strong>illa</strong></span> <span class='ocrx_word' id='word_1_262' title='bbox 1117 3306 1288 3372; x_wconf 91' lang='lat' dir='ltr'><strong>imago</strong></span> <span class='ocrx_word' id='word_1_263' title='bbox 1314 3318 1567 3369; x_wconf 80' lang='lat' dir='ltr'><strong>expressa</strong></span> <span class='ocrx_word' id='word_1_264' title='bbox 1602 3304 1779 3356; x_wconf 84' lang='lat' dir='ltr'><strong>videa-</strong></span> 
     </span>
    </p>
   </div>
   <div class='ocr_carea' id='block_1_36' title="bbox 189 3393 1781 3466">
    <p class='ocr_par' dir='ltr' id='par_1_36' title="bbox 189 3393 1781 3466">
     <span class='ocr_line' id='line_1_36' title="bbox 189 3393 1781 3466; baseline -0.004 -14"><span class='ocrx_word' id='word_1_265' title='bbox 189 3408 316 3452; x_wconf 89' lang='lat' dir='ltr'><strong>tur:</strong></span> <span class='ocrx_word' id='word_1_266' title='bbox 350 3414 575 3466; x_wconf 88' lang='lat' dir='ltr'><strong>quarmn</strong></span> <span class='ocrx_word' id='word_1_267' title='bbox 620 3399 737 3451; x_wconf 80' lang='lat' dir='ltr'><strong>alia:</strong></span> <span class='ocrx_word' id='word_1_268' title='bbox 784 3406 907 3450; x_wconf 86' lang='lat' dir='ltr'><strong>sunt</strong></span> <span class='ocrx_word' id='word_1_269' title='bbox 958 3396 1198 3463; x_wconf 79' lang='lat' dir='ltr'><strong>ejusdem</strong></span> <span class='ocrx_word' id='word_1_270' title='bbox 1250 3393 1562 3447; x_wconf 73' lang='lat' dir='ltr'><strong>substantia:</strong></span> <span class='ocrx_word' id='word_1_271' title='bbox 1588 3433 1603 3454; x_wconf 91' lang='lat'><strong>,</strong></span> <span class='ocrx_word' id='word_1_272' title='bbox 1644 3394 1781 3447; x_wconf 89' lang='lat' dir='ltr'><strong>sicut</strong></span> 
     </span>
    </p>
   </div>
   <div class='ocr_carea' id='block_1_37' title="bbox 182 3481 1778 3557">
    <p class='ocr_par' dir='ltr' id='par_1_37' title="bbox 182 3481 1778 3557">
     <span class='ocr_line' id='line_1_37' title="bbox 182 3481 1778 3557; baseline -0.005 -14"><span class='ocrx_word' id='word_1_273' title='bbox 182 3487 367 3552; x_wconf 66' lang='lat' dir='ltr'><strong>ﬁlius;</strong></span> <span class='ocrx_word' id='word_1_274' title='bbox 402 3490 518 3542; x_wconf 68' lang='lat' dir='ltr'><strong>alite</strong></span> <span class='ocrx_word' id='word_1_275' title='bbox 546 3504 649 3542; x_wconf 91' lang='lat' dir='ltr'><strong>non</strong></span> <span class='ocrx_word' id='word_1_276' title='bbox 704 3487 966 3557; x_wconf 83' lang='lat' dir='ltr'><strong>ejusdem,</strong></span> <span class='ocrx_word' id='word_1_277' title='bbox 1013 3487 1149 3539; x_wconf 89' lang='lat' dir='ltr'><strong>sicut</strong></span> <span class='ocrx_word' id='word_1_278' title='bbox 1192 3485 1414 3552; x_wconf 82' lang='lat' dir='ltr'><strong>pictura.</strong></span> <span class='ocrx_word' id='word_1_279' title='bbox 1464 3481 1612 3537; x_wconf 86' lang='lat' dir='ltr'><strong>Unde</strong></span> <span class='ocrx_word' id='word_1_280' title='bbox 1653 3482 1778 3535; x_wconf 89' lang='lat' dir='ltr'><strong>illud</strong></span> 
     </span>
    </p>
   </div>
   <div class='ocr_carea' id='block_1_38' title="bbox 180 3576 1782 3652">
    <p class='ocr_par' dir='ltr' id='par_1_38' title="bbox 180 3576 1782 3652">
     <span class='ocr_line' id='line_1_38' title="bbox 180 3576 1782 3652; baseline -0.004 -17"><span class='ocrx_word' id='word_1_281' title='bbox 180 3582 331 3652; x_wconf 70' lang='lat' dir='ltr'><strong>quod</strong></span> <span class='ocrx_word' id='word_1_282' title='bbox 363 3582 416 3635; x_wconf 87' lang='lat' dir='ltr'><strong>in</strong></span> <span class='ocrx_word' id='word_1_283' title='bbox 443 3581 637 3637; x_wconf 84' lang='lat' dir='ltr'><strong>Genesi</strong></span> <span class='ocrx_word' id='word_1_284' title='bbox 666 3582 922 3649; x_wconf 88' lang='lat' dir='ltr'><strong>scriptum</strong></span> <span class='ocrx_word' id='word_1_285' title='bbox 949 3589 1048 3641; x_wconf 78' lang='lat' dir='ltr'><strong>est,</strong></span> <span class='ocrx_word' id='word_1_286' title='bbox 1096 3577 1235 3632; x_wconf 76' lang='lat' dir='ltr'><strong>Fecit</strong></span> <span class='ocrx_word' id='word_1_287' title='bbox 1271 3577 1403 3630; x_wconf 82' lang='lat' dir='ltr'><strong>Deus</strong></span> <span class='ocrx_word' id='word_1_288' title='bbox 1431 3576 1681 3629; x_wconf 79' lang='lat' dir='ltr'><strong>hominem</strong></span> <span class='ocrx_word' id='word_1_289' title='bbox 1714 3577 1782 3628; x_wconf 89' lang='lat' dir='ltr'><strong>ad</strong></span> 
     </span>
    </p>
   </div>
   <div class='ocr_carea' id='block_1_39' title="bbox 183 3670 1778 3747">
    <p class='ocr_par' dir='ltr' id='par_1_39' title="bbox 183 3670 1778 3747">
     <span class='ocr_line' id='line_1_39' title="bbox 183 3670 1778 3747; baseline -0.007 -16"><span class='ocrx_word' id='word_1_290' title='bbox 183 3676 466 3747; x_wconf 78' lang='lat' dir='ltr'><strong>imaginem</strong></span> <span class='ocrx_word' id='word_1_291' title='bbox 514 3676 640 3740; x_wconf 84' lang='lat' dir='ltr'><strong>Dei;</strong></span> <span class='ocrx_word' id='word_1_292' title='bbox 682 3673 1017 3728; x_wconf 78' lang='lat' dir='ltr'><strong>manifestum</strong></span> <span class='ocrx_word' id='word_1_293' title='bbox 1064 3681 1147 3727; x_wconf 89' lang='lat' dir='ltr'><strong>est</strong></span> <span class='ocrx_word' id='word_1_294' title='bbox 1178 3672 1246 3724; x_wconf 84' lang='lat' dir='ltr'><strong>ita</strong></span> <span class='ocrx_word' id='word_1_295' title='bbox 1292 3670 1522 3729; x_wconf 74' lang='lat' dir='ltr'><strong>dictum,</strong></span> <span class='ocrx_word' id='word_1_296' title='bbox 1567 3677 1623 3721; x_wconf 90' lang='lat' dir='ltr'><strong>ul.</strong></span> <span class='ocrx_word' id='word_1_297' title='bbox 1676 3682 1778 3721; x_wconf 91' lang='lat' dir='ltr'><strong>non</strong></span> 
     </span>
    </p>
   </div>
   <div class='ocr_carea' id='block_1_40' title="bbox 192 3760 1780 3839">
    <p class='ocr_par' dir='ltr' id='par_1_40' title="bbox 192 3760 1780 3839">
     <span class='ocr_line' id='line_1_40' title="bbox 192 3760 1780 3839; baseline -0.006 -19"><span class='ocrx_word' id='word_1_298' title='bbox 192 3769 433 3839; x_wconf 79' lang='lat' dir='ltr'><strong>ejusdem</strong></span> <span class='ocrx_word' id='word_1_299' title='bbox 464 3767 775 3823; x_wconf 70' lang='lat' dir='ltr'><strong>substantia-</strong></span> <span class='ocrx_word' id='word_1_300' title='bbox 804 3767 873 3820; x_wconf 87' lang='lat' dir='ltr'><strong>sit</strong></span> <span class='ocrx_word' id='word_1_301' title='bbox 903 3766 1074 3833; x_wconf 80' lang='lat' dir='ltr'><strong>imago</strong></span> <span class='ocrx_word' id='word_1_302' title='bbox 1103 3778 1221 3831; x_wconf 59' lang='lat' dir='ltr'><strong>quae</strong></span> <span class='ocrx_word' id='word_1_303' title='bbox 1261 3760 1397 3814; x_wconf 74' lang='lat' dir='ltr'><strong>facta</strong></span> <span class='ocrx_word' id='word_1_304' title='bbox 1428 3769 1527 3813; x_wconf 83' lang='lat' dir='ltr'><strong>est.</strong></span> <span class='ocrx_word' id='word_1_305' title='bbox 1562 3760 1614 3814; x_wconf 88' lang='lat' dir='ltr'><strong>Si</strong></span> <span class='ocrx_word' id='word_1_306' title='bbox 1638 3760 1780 3812; x_wconf 90' lang='lat' dir='ltr'><strong>enim</strong></span> 
     </span>
    </p>
   </div>
   <div class='ocr_carea' id='block_1_41' title="bbox 191 3850 1779 3931">
    <p class='ocr_par' dir='ltr' id='par_1_41' title="bbox 191 3850 1779 3931">
     <span class='ocr_line' id='line_1_41' title="bbox 191 3850 1779 3931; baseline -0.006 -17"><span class='ocrx_word' id='word_1_307' title='bbox 191 3862 436 3931; x_wconf 80' lang='lat' dir='ltr'><strong>ejusdem</strong></span> <span class='ocrx_word' id='word_1_308' title='bbox 468 3872 627 3920; x_wconf 80' lang='lat' dir='ltr'><strong>esset.</strong></span> <span class='ocrx_word' id='word_1_309' title='bbox 663 3875 764 3913; x_wconf 88' lang='lat' dir='ltr'><strong>non</strong></span> <span class='ocrx_word' id='word_1_310' title='bbox 812 3858 945 3912; x_wconf 81' lang='lat' dir='ltr'><strong>facta</strong></span> <span class='ocrx_word' id='word_1_311' title='bbox 966 3898 982 3922; x_wconf 96' lang='lat'><strong>,</strong></span> <span class='ocrx_word' id='word_1_312' title='bbox 1014 3856 1106 3910; x_wconf 78' lang='lat' dir='ltr'><strong>sed</strong></span> <span class='ocrx_word' id='word_1_313' title='bbox 1143 3855 1320 3926; x_wconf 87' lang='lat' dir='ltr'><strong>genita</strong></span> <span class='ocrx_word' id='word_1_314' title='bbox 1349 3853 1632 3907; x_wconf 86' lang='lat' dir='ltr'><strong>diceretur.</strong></span> <span class='ocrx_word' id='word_1_315' title='bbox 1676 3850 1779 3905; x_wconf 87' lang='lat' dir='ltr'><strong>Sed</strong></span> 
     </span>
    </p>
   </div>
   <div class='ocr_carea' id='block_1_42' title="bbox 194 3946 1783 4026">
    <p class='ocr_par' dir='ltr' id='par_1_42' title="bbox 194 3946 1783 4026">
     <span class='ocr_line' id='line_1_42' title="bbox 194 3946 1783 4026; baseline -0.008 -17"><span class='ocrx_word' id='word_1_316' title='bbox 194 3957 335 4026; x_wconf 68' lang='lat' dir='ltr'><strong>quod</strong></span> <span class='ocrx_word' id='word_1_317' title='bbox 370 3972 473 4009; x_wconf 91' lang='lat' dir='ltr'><strong>non</strong></span> <span class='ocrx_word' id='word_1_318' title='bbox 522 3954 719 4008; x_wconf 89' lang='lat' dir='ltr'><strong>addidit</strong></span> <span class='ocrx_word' id='word_1_319' title='bbox 750 3992 766 4018; x_wconf 96' lang='lat'><strong>,</strong></span> <span class='ocrx_word' id='word_1_320' title='bbox 821 3952 881 4005; x_wconf 77' lang='lat' dir='ltr'><strong>Et</strong></span> <span class='ocrx_word' id='word_1_321' title='bbox 927 3949 1361 4011; x_wconf 82' lang='lat' dir='ltr'><strong>similittulinem,</strong></span> <span class='ocrx_word' id='word_1_322' title='bbox 1389 3962 1508 4000; x_wconf 88' lang='lat' dir='ltr'><strong>cum</strong></span> <span class='ocrx_word' id='word_1_323' title='bbox 1539 3946 1783 4013; x_wconf 89' lang='lat' dir='ltr'><strong>superius</strong></span> 
     </span>
    </p>
   </div>
   <div class='ocr_carea' id='block_1_43' title="bbox 195 4037 1783 4111">
    <p class='ocr_par' dir='ltr' id='par_1_43' title="bbox 195 4037 1783 4111">
     <span class='ocr_line' id='line_1_43' title="bbox 195 4037 1783 4111; baseline -0.012 -5"><span class='ocrx_word' id='word_1_324' title='bbox 195 4048 397 4106; x_wconf 53' lang='lat' dir='ltr'><strong>(“ctum</strong></span> <span class='ocrx_word' id='word_1_325' title='bbox 420 4058 582 4111; x_wconf 73' lang='lat' dir='ltr'><strong>esset,</strong></span> <span class='ocrx_word' id='word_1_326' title='bbox 620 4045 892 4099; x_wconf 77' lang='lat' dir='ltr'><strong>Faciamus</strong></span> <span class='ocrx_word' id='word_1_327' title='bbox 913 4044 1162 4096; x_wconf 81' lang='lat' dir='ltr'><strong>hominem</strong></span> <span class='ocrx_word' id='word_1_328' title='bbox 1188 4042 1255 4093; x_wconf 85' lang='lat' dir='ltr'><strong>ml</strong></span> <span class='ocrx_word' id='word_1_329' title='bbox 1284 4040 1549 4108; x_wconf 79' lang='lat' dir='ltr'><strong>imaginem</strong></span> <span class='ocrx_word' id='word_1_330' title='bbox 1573 4046 1617 4090; x_wconf 85' lang='lat' dir='ltr'><strong>et</strong></span> <span class='ocrx_word' id='word_1_331' title='bbox 1638 4037 1783 4089; x_wconf 82' lang='lat' dir='ltr'><strong>simi-</strong></span> 
     </span>
    </p>
   </div>
   <div class='ocr_carea' id='block_1_44' title="bbox 194 4129 1783 4209">
    <p class='ocr_par' dir='ltr' id='par_1_44' title="bbox 194 4129 1783 4209">
     <span class='ocr_line' id='line_1_44' title="bbox 194 4129 1783 4209; baseline -0.009 -14"><span class='ocrx_word' id='word_1_332' title='bbox 194 4140 459 4195; x_wconf 64' lang='lat' dir='ltr'><strong>ﬁludinent</strong></span> <span class='ocrx_word' id='word_1_333' title='bbox 485 4150 705 4193; x_wconf 83' lang='lat' dir='ltr'><strong>nostrum</strong></span> <span class='ocrx_word' id='word_1_334' title='bbox 730 4135 879 4209; x_wconf 75' lang='lat' dir='ltr'><strong>(Gen.</strong></span> <span class='ocrx_word' id='word_1_335' title='bbox 909 4151 947 4199; x_wconf 88' lang='grc'><strong>1,</strong></span> <span class='ocrx_word' id='word_1_336' title='bbox 974 4136 1065 4197; x_wconf 78' lang='lat'><strong>‘27,</strong></span> <span class='ocrx_word' id='word_1_337' title='bbox 1092 4132 1184 4204; x_wconf 72' lang='lat'><strong>‘26)</strong></span> <span class='ocrx_word' id='word_1_338' title='bbox 1210 4151 1223 4198; x_wconf 87' lang='lat'><strong>;</strong></span> <span class='ocrx_word' id='word_1_339' title='bbox 1268 4131 1582 4201; x_wconf 83' lang='lat' dir='ltr'><strong>quibusdam</strong></span> <span class='ocrx_word' id='word_1_340' title='bbox 1612 4129 1783 4181; x_wconf 71' lang='lat' dir='ltr'><strong>\‘isttm</strong></span> 
     </span>
    </p>
   </div>
   <div class='ocr_carea' id='block_1_45' title="bbox 198 4220 1784 4298">
    <p class='ocr_par' dir='ltr' id='par_1_45' title="bbox 198 4220 1784 4298">
     <span class='ocr_line' id='line_1_45' title="bbox 198 4220 1784 4298; baseline -0.009 -10"><span class='ocrx_word' id='word_1_341' title='bbox 198 4243 279 4288; x_wconf 80' lang='lat' dir='ltr'><strong>est</strong></span> <span class='ocrx_word' id='word_1_342' title='bbox 305 4234 705 4287; x_wconf 83' lang='lat' dir='ltr'><strong>similitudinem</strong></span> <span class='ocrx_word' id='word_1_343' title='bbox 735 4229 929 4298; x_wconf 88' lang='lat' dir='ltr'><strong>aliquid</strong></span> <span class='ocrx_word' id='word_1_344' title='bbox 983 4228 1211 4294; x_wconf 89' lang='lat' dir='ltr'><strong>amplius</strong></span> <span class='ocrx_word' id='word_1_345' title='bbox 1258 4240 1380 4279; x_wconf 88' lang='lat' dir='ltr'><strong>esse</strong></span> <span class='ocrx_word' id='word_1_346' title='bbox 1408 4239 1563 4292; x_wconf 86' lang='lat' dir='ltr'><strong>quam</strong></span> <span class='ocrx_word' id='word_1_347' title='bbox 1596 4220 1784 4291; x_wconf 85' lang='lat' dir='ltr'><strong>imagi-</strong></span> 
     </span>
    </p>
   </div>
   <div class='ocr_carea' id='block_1_46' title="bbox 200 4314 1786 4395">
    <p class='ocr_par' dir='ltr' id='par_1_46' title="bbox 200 4314 1786 4395">
     <span class='ocr_line' id='line_1_46' title="bbox 200 4314 1786 4395; baseline -0.008 -16"><span class='ocrx_word' id='word_1_348' title='bbox 200 4337 342 4383; x_wconf 79' lang='grc'><strong>1111111,</strong></span> <span class='ocrx_word' id='word_1_349' title='bbox 385 4325 526 4395; x_wconf 86' lang='lat' dir='ltr'><strong>quod</strong></span> <span class='ocrx_word' id='word_1_350' title='bbox 578 4322 777 4377; x_wconf 86' lang='lat' dir='ltr'><strong>homini</strong></span> <span class='ocrx_word' id='word_1_351' title='bbox 822 4320 1159 4375; x_wconf 76' lang='lat' dir='ltr'><strong>reformando</strong></span> <span class='ocrx_word' id='word_1_352' title='bbox 1201 4333 1296 4388; x_wconf 87' lang='lat' dir='ltr'><strong>per</strong></span> <span class='ocrx_word' id='word_1_353' title='bbox 1337 4314 1534 4370; x_wconf 78' lang='lat' dir='ltr'><strong>Christi</strong></span> <span class='ocrx_word' id='word_1_354' title='bbox 1562 4314 1786 4383; x_wconf 79' lang='lat' dir='ltr'><strong>gratiam</strong></span> 
     </span>
    </p>
   </div>
   <div class='ocr_carea' id='block_1_47' title="bbox 200 4411 1788 4483">
    <p class='ocr_par' dir='ltr' id='par_1_47' title="bbox 200 4411 1788 4483">
     <span class='ocr_line' id='line_1_47' title="bbox 200 4411 1788 4483; baseline -0.007 -14"><span class='ocrx_word' id='word_1_355' title='bbox 200 4412 895 4483; x_wconf 52' lang='grc'><strong>110310118011111111111111101</strong></span> <span class='ocrx_word' id='word_1_356' title='bbox 918 4423 1090 4464; x_wconf 88' lang='lat' dir='ltr'><strong>autem</strong></span> <span class='ocrx_word' id='word_1_357' title='bbox 1113 4411 1277 4464; x_wconf 89' lang='lat' dir='ltr'><strong>sinon</strong></span> <span class='ocrx_word' id='word_1_358' title='bbox 1304 4416 1578 4478; x_wconf 65' lang='lat' dir='ltr'><strong>proiiterea</strong></span> <span class='ocrx_word' id='word_1_359' title='bbox 1605 4413 1788 4473; x_wconf 87' lang='lat' dir='ltr'><strong>postea</strong></span> 
     </span>
    </p>
   </div>
   <div class='ocr_carea' id='block_1_48' title="bbox 196 4498 1786 4575">
    <p class='ocr_par' dir='ltr' id='par_1_48' title="bbox 196 4498 1786 4575">
     <span class='ocr_line' id='line_1_48' title="bbox 196 4498 1786 4575; baseline -0.006 -16"><span class='ocrx_word' id='word_1_360' title='bbox 196 4504 483 4575; x_wconf 76' lang='lat' dir='ltr'><strong>imaginem</strong></span> <span class='ocrx_word' id='word_1_361' title='bbox 515 4507 681 4558; x_wconf 58' lang='lat' dir='ltr'><strong>stilum</strong></span> <span class='ocrx_word' id='word_1_362' title='bbox 701 4504 1323 4563; x_wconf 63' lang='grc'><strong>111111110011111101111111110,</strong></span> <span class='ocrx_word' id='word_1_363' title='bbox 1342 4499 1462 4568; x_wconf 90' lang='lat' dir='ltr'><strong>quia</strong></span> <span class='ocrx_word' id='word_1_364' title='bbox 1480 4498 1564 4552; x_wconf 86' lang='lat' dir='ltr'><strong>ubi</strong></span> <span class='ocrx_word' id='word_1_365' title='bbox 1591 4498 1786 4567; x_wconf 88' lang='lat' dir='ltr'><strong>imago,</strong></span> 
     </span>
    </p>
   </div>
   <div class='ocr_carea' id='block_1_49' title="bbox 203 4588 1789 4659">
    <p class='ocr_par' dir='ltr' id='par_1_49' title="bbox 203 4588 1789 4659">
     <span class='ocr_line' id='line_1_49' title="bbox 203 4588 1789 4659; baseline -0.006 -9"><span class='ocrx_word' id='word_1_366' title='bbox 203 4599 455 4651; x_wconf 80' lang='lat' dir='ltr'><strong>coittinno</strong></span> <span class='ocrx_word' id='word_1_367' title='bbox 484 4611 530 4651; x_wconf 88' lang='lat' dir='ltr'><strong>et</strong></span> <span class='ocrx_word' id='word_1_368' title='bbox 578 4594 869 4651; x_wconf 86' lang='lat' dir='ltr'><strong>similitudo</strong></span> <span class='ocrx_word' id='word_1_369' title='bbox 894 4603 993 4647; x_wconf 84' lang='lat' dir='ltr'><strong>est.</strong></span> <span class='ocrx_word' id='word_1_370' title='bbox 1026 4590 1178 4647; x_wconf 81' lang='lat' dir='ltr'><strong>Unde</strong></span> <span class='ocrx_word' id='word_1_371' title='bbox 1207 4604 1260 4645; x_wconf 83' lang='lat' dir='ltr'><strong>et</strong></span> <span class='ocrx_word' id='word_1_372' title='bbox 1290 4590 1377 4644; x_wconf 85' lang='lat' dir='ltr'><strong>hic</strong></span> <span class='ocrx_word' id='word_1_373' title='bbox 1409 4589 1616 4659; x_wconf 74' lang='lat' dir='ltr'><strong>Moyses</strong></span> <span class='ocrx_word' id='word_1_374' title='bbox 1642 4588 1789 4642; x_wconf 82' lang='lat' dir='ltr'><strong>simi-</strong></span> 
     </span>
    </p>
   </div>
   <div class='ocr_carea' id='block_1_50' title="bbox 200 4681 1790 4755">
    <p class='ocr_par' dir='ltr' id='par_1_50' title="bbox 200 4681 1790 4755">
     <span class='ocr_line' id='line_1_50' title="bbox 200 4681 1790 4755; baseline -0.004 -14"><span class='ocrx_word' id='word_1_375' title='bbox 200 4684 477 4744; x_wconf 78' lang='lat' dir='ltr'><strong>litudinem</strong></span> <span class='ocrx_word' id='word_1_376' title='bbox 530 4699 583 4743; x_wconf 91' lang='lat' dir='ltr'><strong>et</strong></span> <span class='ocrx_word' id='word_1_377' title='bbox 627 4687 912 4755; x_wconf 74' lang='lat' dir='ltr'><strong>imaginem</strong></span> <span class='ocrx_word' id='word_1_378' title='bbox 962 4684 1079 4738; x_wconf 82' lang='lat' dir='ltr'><strong>ﬁeri</strong></span> <span class='ocrx_word' id='word_1_379' title='bbox 1118 4691 1291 4745; x_wconf 82' lang='lat' dir='ltr'><strong>vetat,</strong></span> <span class='ocrx_word' id='word_1_380' title='bbox 1352 4681 1642 4734; x_wconf 88' lang='lat' dir='ltr'><strong>secundum</strong></span> <span class='ocrx_word' id='word_1_381' title='bbox 1671 4696 1790 4734; x_wconf 88' lang='lat' dir='ltr'><strong>eam</strong></span> 
     </span>
    </p>
   </div>
   <div class='ocr_carea' id='block_1_51' title="bbox 204 4772 1791 4849">
    <p class='ocr_par' dir='ltr' id='par_1_51' title="bbox 204 4772 1791 4849">
     <span class='ocr_line' id='line_1_51' title="bbox 204 4772 1791 4849; baseline -0.006 -17"><span class='ocrx_word' id='word_1_382' title='bbox 204 4778 710 4838; x_wconf 73' lang='lat' dir='ltr'><strong>lortas~erationi-nt</strong></span> <span class='ocrx_word' id='word_1_383' title='bbox 742 4794 900 4849; x_wconf 89' lang='lat' dir='ltr'><strong>quam</strong></span> <span class='ocrx_word' id='word_1_384' title='bbox 952 4775 1183 4831; x_wconf 75' lang='lat' dir='ltr'><strong>diximus</strong></span> <span class='ocrx_word' id='word_1_385' title='bbox 1234 4772 1288 4826; x_wconf 94' lang='grc'><strong>111</strong></span> <span class='ocrx_word' id='word_1_386' title='bbox 1325 4773 1585 4840; x_wconf 85' lang='lat' dir='ltr'><strong>Decalogo</strong></span> <span class='ocrx_word' id='word_1_387' title='bbox 1612 4782 1791 4825; x_wconf 92' lang='grc'><strong>1111111111</strong></span> 
     </span>
    </p>
   </div>
   <div class='ocr_carea' id='block_1_52' title="bbox 206 4863 1791 4940">
    <p class='ocr_par' dir='ltr' id='par_1_52' title="bbox 206 4863 1791 4940">
     <span class='ocr_line' id='line_1_52' title="bbox 206 4863 1791 4940; baseline -0.005 -15"><span class='ocrx_word' id='word_1_388' title='bbox 206 4876 525 4940; x_wconf 84' lang='lat' dir='ltr'><strong>generaliter</strong></span> <span class='ocrx_word' id='word_1_389' title='bbox 550 4873 759 4933; x_wconf 84' lang='lat' dir='ltr'><strong>dicitur,</strong></span> <span class='ocrx_word' id='word_1_390' title='bbox 794 4870 991 4925; x_wconf 84' lang='lat' dir='ltr'><strong>nullam</strong></span> <span class='ocrx_word' id='word_1_391' title='bbox 1024 4868 1138 4922; x_wconf 88' lang='lat' dir='ltr'><strong>ﬁeri</strong></span> <span class='ocrx_word' id='word_1_392' title='bbox 1168 4864 1363 4920; x_wconf 83' lang='lat' dir='ltr'><strong>debere</strong></span> <span class='ocrx_word' id='word_1_393' title='bbox 1391 4863 1791 4918; x_wconf 84' lang='lat' dir='ltr'><strong>similitudinem</strong></span> 
     </span>
    </p>
   </div>
   <div class='ocr_carea' id='block_1_53' title="bbox 214 4955 1792 5033">
    <p class='ocr_par' dir='ltr' id='par_1_53' title="bbox 214 4955 1792 5033">
     <span class='ocr_line' id='line_1_53' title="bbox 214 4955 1792 5033; baseline -0.007 -16"><span class='ocrx_word' id='word_1_394' title='bbox 214 4962 401 5033; x_wconf 76' lang='lat' dir='ltr'><strong>(Exod.</strong></span> <span class='ocrx_word' id='word_1_395' title='bbox 438 4981 535 5028; x_wconf 74' lang='lat' dir='ltr'><strong>xx,</strong></span> <span class='ocrx_word' id='word_1_396' title='bbox 565 4966 640 5033; x_wconf 76' lang='grc'><strong>1).</strong></span> <span class='ocrx_word' id='word_1_397' title='bbox 670 4978 769 5018; x_wconf 88' lang='lat' dir='ltr'><strong>nec</strong></span> <span class='ocrx_word' id='word_1_398' title='bbox 796 4964 968 5031; x_wconf 82' lang='lat' dir='ltr'><strong>imago</strong></span> <span class='ocrx_word' id='word_1_399' title='bbox 990 4965 1460 5013; x_wconf 87' lang='lat' dir='ltr'><strong>connnemoratur.</strong></span> <span class='ocrx_word' id='word_1_400' title='bbox 1489 4956 1623 5010; x_wconf 83' lang='lat' dir='ltr'><strong>Cum</strong></span> <span class='ocrx_word' id='word_1_401' title='bbox 1648 4955 1792 5009; x_wconf 91' lang='lat' dir='ltr'><strong>enim</strong></span> 
     </span>
    </p>
   </div>
   <div class='ocr_carea' id='block_1_54' title="bbox 210 5047 1796 5123">
    <p class='ocr_par' dir='ltr' id='par_1_54' title="bbox 210 5047 1796 5123">
     <span class='ocr_line' id='line_1_54' title="bbox 210 5047 1796 5123; baseline -0.006 -14"><span class='ocrx_word' id='word_1_402' title='bbox 210 5060 347 5113; x_wconf 87' lang='lat' dir='ltr'><strong>nulla</strong></span> <span class='ocrx_word' id='word_1_403' title='bbox 371 5058 668 5114; x_wconf 87' lang='lat' dir='ltr'><strong>similitudo</strong></span> <span class='ocrx_word' id='word_1_404' title='bbox 693 5055 771 5119; x_wconf 85' lang='grc'><strong>111,</strong></span> <span class='ocrx_word' id='word_1_405' title='bbox 806 5054 987 5123; x_wconf 79' lang='lat' dir='ltr'><strong>procul</strong></span> <span class='ocrx_word' id='word_1_406' title='bbox 1015 5050 1177 5107; x_wconf 90' lang='lat' dir='ltr'><strong>dubio</strong></span> <span class='ocrx_word' id='word_1_407' title='bbox 1212 5065 1311 5105; x_wconf 90' lang='lat' dir='ltr'><strong>nec</strong></span> <span class='ocrx_word' id='word_1_408' title='bbox 1339 5048 1513 5118; x_wconf 86' lang='lat' dir='ltr'><strong>imago</strong></span> <span class='ocrx_word' id='word_1_409' title='bbox 1541 5047 1631 5111; x_wconf 87' lang='lat' dir='ltr'><strong>ﬁt;</strong></span> <span class='ocrx_word' id='word_1_410' title='bbox 1658 5062 1796 5116; x_wconf 82' lang='lat' dir='ltr'><strong>quo-</strong></span> 
     </span>
    </p>
   </div>
   <div class='ocr_carea' id='block_1_55' title="bbox 215 5141 1799 5222">
    <p class='ocr_par' dir='ltr' id='par_1_55' title="bbox 215 5141 1799 5222">
     <span class='ocr_line' id='line_1_55' title="bbox 215 5141 1799 5222; baseline -0.005 -21"><span class='ocrx_word' id='word_1_411' title='bbox 215 5150 349 5205; x_wconf 84' lang='lat' dir='ltr'><strong>niam</strong></span> <span class='ocrx_word' id='word_1_412' title='bbox 376 5155 420 5206; x_wconf 91' lang='lat' dir='ltr'><strong>si</strong></span> <span class='ocrx_word' id='word_1_413' title='bbox 452 5154 644 5222; x_wconf 82' lang='lat' dir='ltr'><strong>imago,</strong></span> <span class='ocrx_word' id='word_1_414' title='bbox 674 5150 857 5218; x_wconf 86' lang='lat' dir='ltr'><strong>utique</strong></span> <span class='ocrx_word' id='word_1_415' title='bbox 882 5158 937 5202; x_wconf 81' lang='lat' dir='ltr'><strong>et</strong></span> <span class='ocrx_word' id='word_1_416' title='bbox 961 5144 1273 5201; x_wconf 89' lang='lat' dir='ltr'><strong>similitudo.</strong></span> <span class='ocrx_word' id='word_1_417' title='bbox 1304 5141 1420 5198; x_wconf 79' lang='lat' dir='ltr'><strong>Non</strong></span> <span class='ocrx_word' id='word_1_418' title='bbox 1446 5152 1621 5196; x_wconf 75' lang='lat' dir='ltr'><strong>autem</strong></span> <span class='ocrx_word' id='word_1_419' title='bbox 1667 5142 1709 5193; x_wconf 88' lang='lat' dir='ltr'><strong>si</strong></span> <span class='ocrx_word' id='word_1_420' title='bbox 1739 5141 1799 5193; x_wconf 83' lang='lat' dir='ltr'><strong>ﬁt</strong></span> 
     </span>
    </p>
   </div>
   <div class='ocr_carea' id='block_1_56' title="bbox 215 5231 1794 5307">
    <p class='ocr_par' dir='ltr' id='par_1_56' title="bbox 215 5231 1794 5307">
     <span class='ocr_line' id='line_1_56' title="bbox 215 5231 1794 5307; baseline -0.006 -14"><span class='ocrx_word' id='word_1_421' title='bbox 215 5240 520 5307; x_wconf 73' lang='lat' dir='ltr'><strong>similitudo,</strong></span> <span class='ocrx_word' id='word_1_422' title='bbox 550 5242 801 5296; x_wconf 89' lang='lat' dir='ltr'><strong>continuo</strong></span> <span class='ocrx_word' id='word_1_423' title='bbox 830 5239 887 5293; x_wconf 88' lang='lat' dir='ltr'><strong>ﬁt</strong></span> <span class='ocrx_word' id='word_1_424' title='bbox 916 5249 969 5292; x_wconf 89' lang='lat' dir='ltr'><strong>et</strong></span> <span class='ocrx_word' id='word_1_425' title='bbox 994 5238 1169 5307; x_wconf 79' lang='lat' dir='ltr'><strong>imago</strong></span> <span class='ocrx_word' id='word_1_426' title='bbox 1199 5254 1214 5292; x_wconf 89' lang='lat'><strong>:</strong></span> <span class='ocrx_word' id='word_1_427' title='bbox 1248 5247 1421 5289; x_wconf 81' lang='lat' dir='ltr'><strong>tamen</strong></span> <span class='ocrx_word' id='word_1_428' title='bbox 1452 5234 1496 5288; x_wconf 91' lang='lat' dir='ltr'><strong>si</strong></span> <span class='ocrx_word' id='word_1_429' title='bbox 1545 5231 1687 5287; x_wconf 87' lang='lat' dir='ltr'><strong>nulla</strong></span> <span class='ocrx_word' id='word_1_430' title='bbox 1716 5232 1794 5284; x_wconf 86' lang='lat' dir='ltr'><strong>si-</strong></span> 
     </span>
    </p>
   </div>
   <div class='ocr_carea' id='block_1_57' title="bbox 218 5322 1799 5403">
    <p class='ocr_par' dir='ltr' id='par_1_57' title="bbox 218 5322 1799 5403">
     <span class='ocr_line' id='line_1_57' title="bbox 218 5322 1799 5403; baseline -0.005 -20"><span class='ocrx_word' id='word_1_431' title='bbox 218 5330 477 5399; x_wconf 70' lang='lat' dir='ltr'><strong>militudo,</strong></span> <span class='ocrx_word' id='word_1_432' title='bbox 511 5335 746 5403; x_wconf 88' lang='lat' dir='ltr'><strong>sequitur</strong></span> <span class='ocrx_word' id='word_1_433' title='bbox 775 5341 830 5386; x_wconf 88' lang='lat' dir='ltr'><strong>ut</strong></span> <span class='ocrx_word' id='word_1_434' title='bbox 857 5332 995 5385; x_wconf 82' lang='lat' dir='ltr'><strong>nulla</strong></span> <span class='ocrx_word' id='word_1_435' title='bbox 1022 5332 1211 5398; x_wconf 81' lang='lat' dir='ltr'><strong>imago.</strong></span> <span class='ocrx_word' id='word_1_436' title='bbox 1245 5329 1479 5395; x_wconf 85' lang='lat' dir='ltr'><strong>Denique</strong></span> <span class='ocrx_word' id='word_1_437' title='bbox 1508 5325 1595 5379; x_wconf 92' lang='lat' dir='ltr'><strong>ubi</strong></span> <span class='ocrx_word' id='word_1_438' title='bbox 1620 5322 1799 5393; x_wconf 86' lang='lat' dir='ltr'><strong>prohi-</strong></span> 
     </span>
    </p>
   </div>
   <div class='ocr_carea' id='block_1_58' title="bbox 223 5414 1796 5491">
    <p class='ocr_par' dir='ltr' id='par_1_58' title="bbox 223 5414 1796 5491">
     <span class='ocr_line' id='line_1_58' title="bbox 223 5414 1796 5491; baseline -0.004 -18"><span class='ocrx_word' id='word_1_439' title='bbox 223 5419 329 5476; x_wconf 88' lang='lat' dir='ltr'><strong>buit</strong></span> <span class='ocrx_word' id='word_1_440' title='bbox 374 5427 771 5479; x_wconf 87' lang='lat' dir='ltr'><strong>similitudinem</strong></span> <span class='ocrx_word' id='word_1_441' title='bbox 832 5432 886 5477; x_wconf 91' lang='lat' dir='ltr'><strong>et</strong></span> <span class='ocrx_word' id='word_1_442' title='bbox 937 5422 1251 5491; x_wconf 79' lang='lat' dir='ltr'><strong>imaginem,</strong></span> <span class='ocrx_word' id='word_1_443' title='bbox 1299 5418 1527 5470; x_wconf 88' lang='lat' dir='ltr'><strong>hominis</strong></span> <span class='ocrx_word' id='word_1_444' title='bbox 1573 5414 1796 5483; x_wconf 75' lang='lat' dir='ltr'><strong>intelligi</strong></span> 
     </span>
    </p>
   </div>
   <div class='ocr_carea' id='block_1_59' title="bbox 224 5507 1802 5584">
    <p class='ocr_par' dir='ltr' id='par_1_59' title="bbox 224 5507 1802 5584">
     <span class='ocr_line' id='line_1_59' title="bbox 224 5507 1802 5584; baseline -0.004 -17"><span class='ocrx_word' id='word_1_445' title='bbox 224 5516 405 5583; x_wconf 79' lang='lat' dir='ltr'><strong>voluit,</strong></span> <span class='ocrx_word' id='word_1_446' title='bbox 436 5520 521 5573; x_wconf 92' lang='lat' dir='ltr'><strong>ubi</strong></span> <span class='ocrx_word' id='word_1_447' title='bbox 564 5527 618 5573; x_wconf 90' lang='lat' dir='ltr'><strong>et</strong></span> <span class='ocrx_word' id='word_1_448' title='bbox 648 5516 934 5572; x_wconf 77' lang='lat' dir='ltr'><strong>similitudo</strong></span> <span class='ocrx_word' id='word_1_449' title='bbox 969 5515 1079 5569; x_wconf 85' lang='lat' dir='ltr'><strong>ﬁeri</strong></span> <span class='ocrx_word' id='word_1_450' title='bbox 1132 5521 1342 5584; x_wconf 83' lang='lat' dir='ltr'><strong>potest,</strong></span> <span class='ocrx_word' id='word_1_451' title='bbox 1389 5525 1494 5562; x_wconf 92' lang='lat' dir='ltr'><strong>non</strong></span> <span class='ocrx_word' id='word_1_452' title='bbox 1527 5507 1680 5575; x_wconf 81' lang='lat' dir='ltr'><strong>hujus</strong></span> <span class='ocrx_word' id='word_1_453' title='bbox 1709 5515 1802 5561; x_wconf 86' lang='lat' dir='ltr'><strong>aut</strong></span> 
     </span>
    </p>
   </div>
   <div class='ocr_carea' id='block_1_60' title="bbox 228 5597 1802 5681">
    <p class='ocr_par' dir='ltr' id='par_1_60' title="bbox 228 5597 1802 5681">
     <span class='ocr_line' id='line_1_60' title="bbox 228 5597 1802 5681; baseline -0.008 -18"><span class='ocrx_word' id='word_1_454' title='bbox 228 5604 383 5680; x_wconf 75' lang='lat' dir='ltr'><strong>illius,</strong></span> <span class='ocrx_word' id='word_1_455' title='bbox 410 5611 505 5667; x_wconf 87' lang='lat' dir='ltr'><strong>sed</strong></span> <span class='ocrx_word' id='word_1_456' title='bbox 531 5611 815 5681; x_wconf 81' lang='lat' dir='ltr'><strong>cujuslibet</strong></span> <span class='ocrx_word' id='word_1_457' title='bbox 838 5609 1103 5672; x_wconf 78' lang='lat' dir='ltr'><strong>honﬁnis;</strong></span> <span class='ocrx_word' id='word_1_458' title='bbox 1128 5617 1182 5662; x_wconf 81' lang='lat' dir='ltr'><strong>et</strong></span> <span class='ocrx_word' id='word_1_459' title='bbox 1208 5606 1405 5673; x_wconf 84' lang='lat' dir='ltr'><strong>imago,</strong></span> <span class='ocrx_word' id='word_1_460' title='bbox 1434 5600 1488 5654; x_wconf 89' lang='lat' dir='ltr'><strong>id</strong></span> <span class='ocrx_word' id='word_1_461' title='bbox 1517 5608 1602 5655; x_wconf 81' lang='lat' dir='ltr'><strong>est</strong></span> <span class='ocrx_word' id='word_1_462' title='bbox 1642 5597 1802 5668; x_wconf 86' lang='lat' dir='ltr'><strong>hujus</strong></span> 
     </span>
    </p>
   </div>
   <div class='ocr_carea' id='block_1_61' title="bbox 1561 136 2118 208">
    <p class='ocr_par' dir='ltr' id='par_1_61' title="bbox 1561 136 2118 208">
     <span class='ocr_line' id='line_1_61' title="bbox 1561 136 2118 208; baseline 0.002 -12"><span class='ocrx_word' id='word_1_463' title='bbox 1561 136 1766 196; x_wconf 68' lang='lat' dir='ltr'><strong>UBE“</strong></span> <span class='ocrx_word' id='word_1_464' title='bbox 1798 136 2118 208; x_wconf 70' lang='lat' dir='ltr'><strong>QUINTUS.</strong></span> 
     </span>
    </p>
   </div>
   <div class='ocr_carea' id='block_1_62' title="bbox 3364 145 3469 205">
    <p class='ocr_par' dir='ltr' id='par_1_62' title="bbox 3364 145 3469 205">
     <span class='ocr_line' id='line_1_62' title="bbox 3364 145 3469 205; baseline 0 0"><span class='ocrx_word' id='word_1_465' title='bbox 3364 145 3469 205; x_wconf 75' lang='lat'><strong>750</strong></span> 
     </span>
    </p>
   </div>
   <div class='ocr_carea' id='block_1_63' title="bbox 1887 249 3464 333">
    <p class='ocr_par' dir='ltr' id='par_1_63' title="bbox 1887 249 3464 333">
     <span class='ocr_line' id='line_1_63' title="bbox 1887 249 3464 333; baseline 0.009 -26"><span class='ocrx_word' id='word_1_466' title='bbox 1887 252 2099 325; x_wconf 83' lang='lat' dir='ltr'><strong>proprie</strong></span> <span class='ocrx_word' id='word_1_467' title='bbox 2122 293 2137 317; x_wconf 87' lang='lat'><strong>,</strong></span> <span class='ocrx_word' id='word_1_468' title='bbox 2186 249 2269 308; x_wconf 71' lang='lat' dir='ltr'><strong>vel</strong></span> <span class='ocrx_word' id='word_1_469' title='bbox 2302 251 2439 312; x_wconf 85' lang='lat' dir='ltr'><strong>illius</strong></span> <span class='ocrx_word' id='word_1_470' title='bbox 2465 252 2716 313; x_wconf 87' lang='lat' dir='ltr'><strong>hominis.</strong></span> <span class='ocrx_word' id='word_1_471' title='bbox 2761 258 2895 333; x_wconf 83' lang='lat' dir='ltr'><strong>Cum</strong></span> <span class='ocrx_word' id='word_1_472' title='bbox 2928 276 3056 316; x_wconf 86' lang='lat' dir='ltr'><strong>vero</strong></span> <span class='ocrx_word' id='word_1_473' title='bbox 3082 260 3149 317; x_wconf 90' lang='lat' dir='ltr'><strong>de</strong></span> <span class='ocrx_word' id='word_1_474' title='bbox 3180 263 3464 332; x_wconf 82' lang='lat' dir='ltr'><strong>pecoribus</strong></span> 
     </span>
    </p>
   </div>
   <div class='ocr_carea' id='block_1_64' title="bbox 1883 346 3465 416">
    <p class='ocr_par' dir='ltr' id='par_1_64' title="bbox 1883 346 3465 416">
     <span class='ocr_line' id='line_1_64' title="bbox 1883 346 3465 416; baseline 0.007 -15"><span class='ocrx_word' id='word_1_475' title='bbox 1883 347 2151 402; x_wconf 77' lang='lat' dir='ltr'><strong>diceretur</strong></span> <span class='ocrx_word' id='word_1_476' title='bbox 2171 358 2329 416; x_wconf 89' lang='lat' dir='ltr'><strong>atque</strong></span> <span class='ocrx_word' id='word_1_477' title='bbox 2372 346 2759 405; x_wconf 86' lang='lat' dir='ltr'><strong>irratiOnalihns</strong></span> <span class='ocrx_word' id='word_1_478' title='bbox 2792 352 3166 416; x_wconf 85' lang='lat' dir='ltr'><strong>animantibus,</strong></span> <span class='ocrx_word' id='word_1_479' title='bbox 3194 357 3361 411; x_wconf 78' lang='lat' dir='ltr'><strong>Solam</strong></span> <span class='ocrx_word' id='word_1_480' title='bbox 3389 358 3465 411; x_wconf 78' lang='lat' dir='ltr'><strong>si-</strong></span> 
     </span>
    </p>
   </div>
   <div class='ocr_carea' id='block_1_65' title="bbox 1883 440 3460 521">
    <p class='ocr_par' dir='ltr' id='par_1_65' title="bbox 1883 440 3460 521">
     <span class='ocr_line' id='line_1_65' title="bbox 1883 440 3460 521; baseline 0.009 -26"><span class='ocrx_word' id='word_1_481' title='bbox 1883 440 2234 496; x_wconf 88' lang='lat' dir='ltr'><strong>militudinem</strong></span> <span class='ocrx_word' id='word_1_482' title='bbox 2265 441 2433 495; x_wconf 79' lang='lat' dir='ltr'><strong>dixit:</strong></span> <span class='ocrx_word' id='word_1_483' title='bbox 2462 442 2580 512; x_wconf 85' lang='lat' dir='ltr'><strong>quis</strong></span> <span class='ocrx_word' id='word_1_484' title='bbox 2604 444 2742 499; x_wconf 91' lang='lat' dir='ltr'><strong>enim</strong></span> <span class='ocrx_word' id='word_1_485' title='bbox 2776 447 2993 514; x_wconf 85' lang='lat' dir='ltr'><strong>reperiri</strong></span> <span class='ocrx_word' id='word_1_486' title='bbox 3023 460 3210 515; x_wconf 79' lang='lat' dir='ltr'><strong>potest,</strong></span> <span class='ocrx_word' id='word_1_487' title='bbox 3242 452 3331 521; x_wconf 89' lang='lat' dir='ltr'><strong>qui</strong></span> <span class='ocrx_word' id='word_1_488' title='bbox 3357 452 3460 509; x_wconf 82' lang='lat' dir='ltr'><strong>sibi</strong></span> 
     </span>
    </p>
   </div>
   <div class='ocr_carea' id='block_1_66' title="bbox 1884 533 3460 611">
    <p class='ocr_par' dir='ltr' id='par_1_66' title="bbox 1884 533 3460 611">
     <span class='ocr_line' id='line_1_66' title="bbox 1884 533 3460 611; baseline 0.006 -25"><span class='ocrx_word' id='word_1_489' title='bbox 1884 547 2046 587; x_wconf 90' lang='lat' dir='ltr'><strong>unum</strong></span> <span class='ocrx_word' id='word_1_490' title='bbox 2075 533 2359 588; x_wconf 89' lang='lat' dir='ltr'><strong>constituat</strong></span> <span class='ocrx_word' id='word_1_491' title='bbox 2405 549 2613 598; x_wconf 88' lang='lat' dir='ltr'><strong>canem,</strong></span> <span class='ocrx_word' id='word_1_492' title='bbox 2669 537 2750 590; x_wconf 88' lang='lat' dir='ltr'><strong>vel</strong></span> <span class='ocrx_word' id='word_1_493' title='bbox 2790 538 2912 607; x_wconf 88' lang='lat' dir='ltr'><strong>quid</strong></span> <span class='ocrx_word' id='word_1_494' title='bbox 2962 537 3257 607; x_wconf 83' lang='lat' dir='ltr'><strong>ejusmodi,</strong></span> <span class='ocrx_word' id='word_1_495' title='bbox 3302 559 3460 611; x_wconf 88' lang='lat' dir='ltr'><strong>quem</strong></span> 
     </span>
    </p>
   </div>
   <div class='ocr_carea' id='block_1_67' title="bbox 1884 622 3464 704">
    <p class='ocr_par' dir='ltr' id='par_1_67' title="bbox 1884 622 3464 704">
     <span class='ocr_line' id='line_1_67' title="bbox 1884 622 3464 704; baseline 0.008 -27"><span class='ocrx_word' id='word_1_496' title='bbox 1884 622 2096 679; x_wconf 74' lang='lat' dir='ltr'><strong>intuens</strong></span> <span class='ocrx_word' id='word_1_497' title='bbox 2124 626 2236 693; x_wconf 78' lang='lat' dir='ltr'><strong>ejus</strong></span> <span class='ocrx_word' id='word_1_498' title='bbox 2269 626 2548 693; x_wconf 81' lang='lat' dir='ltr'><strong>imaginem</strong></span> <span class='ocrx_word' id='word_1_499' title='bbox 2597 627 2791 697; x_wconf 88' lang='lat' dir='ltr'><strong>pingat,</strong></span> <span class='ocrx_word' id='word_1_500' title='bbox 2843 640 2935 683; x_wconf 88' lang='lat' dir='ltr'><strong>aut</strong></span> <span class='ocrx_word' id='word_1_501' title='bbox 2978 631 3175 702; x_wconf 82' lang='lat' dir='ltr'><strong>lingat?</strong></span> <span class='ocrx_word' id='word_1_502' title='bbox 3217 634 3359 704; x_wconf 88' lang='lat' dir='ltr'><strong>quod</strong></span> <span class='ocrx_word' id='word_1_503' title='bbox 3395 635 3464 690; x_wconf 87' lang='lat' dir='ltr'><strong>de</strong></span> 
     </span>
    </p>
   </div>
   <div class='ocr_carea' id='block_1_68' title="bbox 1878 715 2754 775">
    <p class='ocr_par' dir='ltr' id='par_1_68' title="bbox 1878 715 2754 775">
     <span class='ocr_line' id='line_1_68' title="bbox 1878 715 2754 775; baseline 0.002 -4"><span class='ocrx_word' id='word_1_504' title='bbox 1878 715 2190 772; x_wconf 74' lang='lat' dir='ltr'><strong>hominibus</strong></span> <span class='ocrx_word' id='word_1_505' title='bbox 2218 719 2620 772; x_wconf 59' lang='lat' dir='ltr'><strong>usitatissimum</strong></span> <span class='ocrx_word' id='word_1_506' title='bbox 2652 730 2754 775; x_wconf 89' lang='lat' dir='ltr'><strong>est.</strong></span> 
     </span>
    </p>
   </div>
   <div class='ocr_carea' id='block_1_69' title="bbox 1956 806 3464 883">
    <p class='ocr_par' dir='ltr' id='par_1_69' title="bbox 1956 806 3464 883">
     <span class='ocr_line' id='line_1_69' title="bbox 1956 806 3464 883; baseline 0.009 -24"><span class='ocrx_word' id='word_1_507' title='bbox 1956 808 2019 860; x_wconf 72' lang='grc' dir='ltr'><strong>γ.</strong></span> <span class='ocrx_word' id='word_1_508' title='bbox 2049 806 2149 880; x_wconf 89' lang='grc'><strong>[11).</strong></span> <span class='ocrx_word' id='word_1_509' title='bbox 2180 825 2247 870; x_wconf 80' lang='lat' dir='ltr'><strong>tv,</strong></span> <span class='ocrx_word' id='word_1_510' title='bbox 2284 807 2395 881; x_wconf 69' lang='lat'><strong>18.]</strong></span> <span class='ocrx_word' id='word_1_511' title='bbox 2425 810 2557 876; x_wconf 75' lang='lat' dir='ltr'><strong>Quid</strong></span> <span class='ocrx_word' id='word_1_512' title='bbox 2579 819 2658 865; x_wconf 87' lang='lat' dir='ltr'><strong>est</strong></span> <span class='ocrx_word' id='word_1_513' title='bbox 2686 820 2859 868; x_wconf 85' lang='lat' dir='ltr'><strong>autem</strong></span> <span class='ocrx_word' id='word_1_514' title='bbox 2882 812 3020 883; x_wconf 89' lang='lat' dir='ltr'><strong>quod</strong></span> <span class='ocrx_word' id='word_1_515' title='bbox 3046 818 3139 878; x_wconf 85' lang='lat' dir='ltr'><strong>ait,</strong></span> <span class='ocrx_word' id='word_1_516' title='bbox 3162 816 3464 872; x_wconf 86' lang='lat' dir='ltr'><strong>Similitudi-</strong></span> 
     </span>
    </p>
   </div>
   <div class='ocr_carea' id='block_1_70' title="bbox 1881 900 3459 973">
    <p class='ocr_par' dir='ltr' id='par_1_70' title="bbox 1881 900 3459 973">
     <span class='ocr_line' id='line_1_70' title="bbox 1881 900 3459 973; baseline 0.006 -21"><span class='ocrx_word' id='word_1_517' title='bbox 1881 914 1993 952; x_wconf 81' lang='lat' dir='ltr'><strong>nem</strong></span> <span class='ocrx_word' id='word_1_518' title='bbox 2022 900 2183 952; x_wconf 83' lang='lat' dir='ltr'><strong>omnis</strong></span> <span class='ocrx_word' id='word_1_519' title='bbox 2217 900 2386 968; x_wconf 83' lang='lat' dir='ltr'><strong>piscis,</strong></span> <span class='ocrx_word' id='word_1_520' title='bbox 2415 916 2737 971; x_wconf 60' lang='lat' dir='ltr'><strong>quarumque</strong></span> <span class='ocrx_word' id='word_1_521' title='bbox 2771 912 2885 955; x_wconf 89' lang='lat' dir='ltr'><strong>sunt</strong></span> <span class='ocrx_word' id='word_1_522' title='bbox 2928 904 2979 956; x_wconf 88' lang='lat' dir='ltr'><strong>in</strong></span> <span class='ocrx_word' id='word_1_523' title='bbox 3023 905 3165 973; x_wconf 81' lang='lat' dir='ltr'><strong>aquis</strong></span> <span class='ocrx_word' id='word_1_524' title='bbox 3194 908 3282 959; x_wconf 84' lang='lat' dir='ltr'><strong>sub</strong></span> <span class='ocrx_word' id='word_1_525' title='bbox 3308 918 3459 962; x_wconf 85' lang='lat' dir='ltr'><strong>terra.</strong></span> 
     </span>
    </p>
   </div>
   <div class='ocr_carea' id='block_1_71' title="bbox 1881 990 3465 1063">
    <p class='ocr_par' dir='ltr' id='par_1_71' title="bbox 1881 990 3465 1063">
     <span class='ocr_line' id='line_1_71' title="bbox 1881 990 3465 1063; baseline 0.006 -19"><span class='ocrx_word' id='word_1_526' title='bbox 1881 990 1965 1045; x_wconf 82' lang='lat' dir='ltr'><strong>An</strong></span> <span class='ocrx_word' id='word_1_527' title='bbox 1993 998 2048 1043; x_wconf 89' lang='lat' dir='ltr'><strong>et</strong></span> <span class='ocrx_word' id='word_1_528' title='bbox 2075 1006 2287 1059; x_wconf 88' lang='lat' dir='ltr'><strong>aquam,</strong></span> <span class='ocrx_word' id='word_1_529' title='bbox 2321 1001 2537 1060; x_wconf 87' lang='lat' dir='ltr'><strong>propter</strong></span> <span class='ocrx_word' id='word_1_530' title='bbox 2567 992 2893 1048; x_wconf 87' lang='lat' dir='ltr'><strong>tractabilem</strong></span> <span class='ocrx_word' id='word_1_531' title='bbox 2928 997 3330 1063; x_wconf 87' lang='lat' dir='ltr'><strong>corpulentiam.</strong></span> <span class='ocrx_word' id='word_1_532' title='bbox 3357 1009 3465 1053; x_wconf 83' lang='lat' dir='ltr'><strong>ter—</strong></span> 
     </span>
    </p>
   </div>
   <div class='ocr_carea' id='block_1_72' title="bbox 1881 1081 3466 1155">
    <p class='ocr_par' dir='ltr' id='par_1_72' title="bbox 1881 1081 3466 1155">
     <span class='ocr_line' id='line_1_72' title="bbox 1881 1081 3466 1155; baseline 0.006 -20"><span class='ocrx_word' id='word_1_533' title='bbox 1881 1094 1994 1135; x_wconf 82' lang='lat' dir='ltr'><strong>ram</strong></span> <span class='ocrx_word' id='word_1_534' title='bbox 2024 1081 2243 1151; x_wconf 85' lang='lat' dir='ltr'><strong>intelligi</strong></span> <span class='ocrx_word' id='word_1_535' title='bbox 2277 1082 2457 1144; x_wconf 87' lang='lat' dir='ltr'><strong>voluit,</strong></span> <span class='ocrx_word' id='word_1_536' title='bbox 2487 1090 2541 1136; x_wconf 87' lang='lat' dir='ltr'><strong>et</strong></span> <span class='ocrx_word' id='word_1_537' title='bbox 2566 1083 2852 1137; x_wconf 82' lang='lat' dir='ltr'><strong>secundum</strong></span> <span class='ocrx_word' id='word_1_538' title='bbox 2879 1086 2976 1139; x_wconf 90' lang='lat' dir='ltr'><strong>hoc</strong></span> <span class='ocrx_word' id='word_1_539' title='bbox 3004 1086 3054 1139; x_wconf 88' lang='lat' dir='ltr'><strong>in</strong></span> <span class='ocrx_word' id='word_1_540' title='bbox 3082 1102 3147 1141; x_wconf 83' lang='lat' dir='ltr'><strong>eo</strong></span> <span class='ocrx_word' id='word_1_541' title='bbox 3173 1089 3310 1155; x_wconf 85' lang='lat' dir='ltr'><strong>quod</strong></span> <span class='ocrx_word' id='word_1_542' title='bbox 3333 1090 3466 1144; x_wconf 84' lang='lat' dir='ltr'><strong>scri-</strong></span> 
     </span>
    </p>
   </div>
   <div class='ocr_carea' id='block_1_73' title="bbox 1881 1171 3461 1252">
    <p class='ocr_par' dir='ltr' id='par_1_73' title="bbox 1881 1171 3461 1252">
     <span class='ocr_line' id='line_1_73' title="bbox 1881 1171 3461 1252; baseline 0.006 -27"><span class='ocrx_word' id='word_1_543' title='bbox 1881 1179 2030 1242; x_wconf 86' lang='lat' dir='ltr'><strong>ptum</strong></span> <span class='ocrx_word' id='word_1_544' title='bbox 2070 1180 2188 1232; x_wconf 88' lang='lat' dir='ltr'><strong>cst,</strong></span> <span class='ocrx_word' id='word_1_545' title='bbox 2220 1172 2333 1241; x_wconf 82' lang='lat' dir='ltr'><strong>fecit</strong></span> <span class='ocrx_word' id='word_1_546' title='bbox 2380 1171 2515 1228; x_wconf 81' lang='lat' dir='ltr'><strong>Deus</strong></span> <span class='ocrx_word' id='word_1_547' title='bbox 2559 1172 2737 1228; x_wconf 74' lang='lat' dir='ltr'><strong>cazlum</strong></span> <span class='ocrx_word' id='word_1_548' title='bbox 2783 1185 2831 1229; x_wconf 86' lang='lat' dir='ltr'><strong>et</strong></span> <span class='ocrx_word' id='word_1_549' title='bbox 2875 1185 3059 1230; x_wconf 85' lang='lat' dir='ltr'><strong>terram</strong></span> <span class='ocrx_word' id='word_1_550' title='bbox 3104 1176 3254 1252; x_wconf 81' lang='lat' dir='ltr'><strong>(Cen.</strong></span> <span class='ocrx_word' id='word_1_551' title='bbox 3295 1196 3340 1241; x_wconf 88' lang='grc' dir='ltr'><strong>ι.</strong></span> <span class='ocrx_word' id='word_1_552' title='bbox 3385 1182 3461 1247; x_wconf 83' lang='grc'><strong>1),</strong></span> 
     </span>
    </p>
   </div>
   <div class='ocr_carea' id='block_1_74' title="bbox 1878 1262 3465 1339">
    <p class='ocr_par' dir='ltr' id='par_1_74' title="bbox 1878 1262 3465 1339">
     <span class='ocr_line' id='line_1_74' title="bbox 1878 1262 3465 1339; baseline 0.008 -24"><span class='ocrx_word' id='word_1_553' title='bbox 1878 1270 1937 1337; x_wconf 82' lang='lat' dir='ltr'><strong>ct</strong></span> <span class='ocrx_word' id='word_1_554' title='bbox 1960 1278 2124 1331; x_wconf 86' lang='lat' dir='ltr'><strong>aquas</strong></span> <span class='ocrx_word' id='word_1_555' title='bbox 2149 1262 2402 1318; x_wconf 84' lang='lat' dir='ltr'><strong>debemus</strong></span> <span class='ocrx_word' id='word_1_556' title='bbox 2427 1264 2704 1332; x_wconf 80' lang='lat' dir='ltr'><strong>accipere?</strong></span> <span class='ocrx_word' id='word_1_557' title='bbox 2724 1266 2950 1320; x_wconf 68' lang='lat' dir='ltr'><strong>Assidue</strong></span> <span class='ocrx_word' id='word_1_558' title='bbox 2970 1268 3163 1337; x_wconf 83' lang='lat' dir='ltr'><strong>quippe</strong></span> <span class='ocrx_word' id='word_1_559' title='bbox 3193 1270 3465 1339; x_wconf 79' lang='lat' dir='ltr'><strong>Scriptura</strong></span> 
     </span>
    </p>
   </div>
   <div class='ocr_carea' id='block_1_75' title="bbox 1881 1350 3461 1423">
    <p class='ocr_par' dir='ltr' id='par_1_75' title="bbox 1881 1350 3461 1423">
     <span class='ocr_line' id='line_1_75' title="bbox 1881 1350 3461 1423; baseline 0.006 -17"><span class='ocrx_word' id='word_1_560' title='bbox 1881 1350 1966 1408; x_wconf 91' lang='lat' dir='ltr'><strong>his</strong></span> <span class='ocrx_word' id='word_1_561' title='bbox 1991 1353 2192 1408; x_wconf 87' lang='lat' dir='ltr'><strong>duabus</strong></span> <span class='ocrx_word' id='word_1_562' title='bbox 2219 1354 2455 1423; x_wconf 88' lang='lat' dir='ltr'><strong>partibus</strong></span> <span class='ocrx_word' id='word_1_563' title='bbox 2496 1358 2943 1421; x_wconf 86' lang='lat' dir='ltr'><strong>commemoratis,</strong></span> <span class='ocrx_word' id='word_1_564' title='bbox 2976 1359 3274 1415; x_wconf 87' lang='lat' dir='ltr'><strong>universum</strong></span> <span class='ocrx_word' id='word_1_565' title='bbox 3308 1377 3461 1415; x_wconf 84' lang='lat' dir='ltr'><strong>mun-</strong></span> 
     </span>
    </p>
   </div>
   <div class='ocr_carea' id='block_1_76' title="bbox 1881 1432 3464 1519">
    <p class='ocr_par' dir='ltr' id='par_1_76' title="bbox 1881 1432 3464 1519">
     <span class='ocr_line' id='line_1_76' title="bbox 1881 1432 3464 1519; baseline 0.005 -20"><span class='ocrx_word' id='word_1_566' title='bbox 1881 1443 2006 1519; x_wconf 85' lang='lat' dir='ltr'><strong>dum</strong></span> <span class='ocrx_word' id='word_1_567' title='bbox 2040 1447 2149 1500; x_wconf 82' lang='lat' dir='ltr'><strong>vult</strong></span> <span class='ocrx_word' id='word_1_568' title='bbox 2178 1448 2422 1517; x_wconf 85' lang='lat' dir='ltr'><strong>intelligi,</strong></span> <span class='ocrx_word' id='word_1_569' title='bbox 2446 1448 2737 1503; x_wconf 72' lang='lat' dir='ltr'><strong>secundum</strong></span> <span class='ocrx_word' id='word_1_570' title='bbox 2766 1450 2921 1515; x_wconf 91' lang='lat' dir='ltr'><strong>illud,</strong></span> <span class='ocrx_word' id='word_1_571' title='bbox 2958 1432 3218 1507; x_wconf 76' lang='lat' dir='ltr'><strong>Auxilium</strong></span> <span class='ocrx_word' id='word_1_572' title='bbox 3247 1470 3409 1507; x_wconf 83' lang='lat' dir='ltr'><strong>meum</strong></span> <span class='ocrx_word' id='word_1_573' title='bbox 3432 1470 3464 1507; x_wconf 90' lang='lat' dir='ltr'><strong>a</strong></span> 
     </span>
    </p>
   </div>
   <div class='ocr_carea' id='block_1_77' title="bbox 1874 1536 3468 1613">
    <p class='ocr_par' dir='ltr' id='par_1_77' title="bbox 1874 1536 3468 1613">
     <span class='ocr_line' id='line_1_77' title="bbox 1874 1536 3468 1613; baseline 0.005 -22"><span class='ocrx_word' id='word_1_574' title='bbox 1874 1536 2122 1611; x_wconf 67' lang='lat' dir='ltr'><strong>Domino,</strong></span> <span class='ocrx_word' id='word_1_575' title='bbox 2154 1540 2238 1607; x_wconf 84' lang='lat' dir='ltr'><strong>qui</strong></span> <span class='ocrx_word' id='word_1_576' title='bbox 2268 1540 2382 1609; x_wconf 74' lang='lat' dir='ltr'><strong>fecit</strong></span> <span class='ocrx_word' id='word_1_577' title='bbox 2410 1542 2591 1594; x_wconf 65' lang='lat' dir='ltr'><strong>caelum</strong></span> <span class='ocrx_word' id='word_1_578' title='bbox 2621 1550 2666 1594; x_wconf 79' lang='lat' dir='ltr'><strong>et</strong></span> <span class='ocrx_word' id='word_1_579' title='bbox 2696 1552 2877 1594; x_wconf 85' lang='lat' dir='ltr'><strong>terram</strong></span> <span class='ocrx_word' id='word_1_580' title='bbox 2915 1540 3085 1611; x_wconf 85' lang='lat' dir='ltr'><strong>(Psal.</strong></span> <span class='ocrx_word' id='word_1_581' title='bbox 3127 1559 3264 1604; x_wconf 80' lang='lat' dir='ltr'><strong>cxx,</strong></span> <span class='ocrx_word' id='word_1_582' title='bbox 3307 1542 3388 1613; x_wconf 73' lang='lat'><strong>9.),</strong></span> <span class='ocrx_word' id='word_1_583' title='bbox 3411 1550 3468 1599; x_wconf 80' lang='lat' dir='ltr'><strong>ct</strong></span> 
     </span>
    </p>
   </div>
   <div class='ocr_carea' id='block_1_78' title="bbox 1880 1624 3460 1699">
    <p class='ocr_par' dir='ltr' id='par_1_78' title="bbox 1880 1624 3460 1699">
     <span class='ocr_line' id='line_1_78' title="bbox 1880 1624 3460 1699; baseline 0.002 -15"><span class='ocrx_word' id='word_1_584' title='bbox 1880 1626 2286 1685; x_wconf 65' lang='lat' dir='ltr'><strong>innumerabilia</strong></span> <span class='ocrx_word' id='word_1_585' title='bbox 2309 1630 2589 1699; x_wconf 85' lang='lat' dir='ltr'><strong>ejusmodi.</strong></span> <span class='ocrx_word' id='word_1_586' title='bbox 2614 1633 2694 1684; x_wconf 80' lang='lat' dir='ltr'><strong>An</strong></span> <span class='ocrx_word' id='word_1_587' title='bbox 2713 1630 2830 1684; x_wconf 90' lang='lat' dir='ltr'><strong>ideo</strong></span> <span class='ocrx_word' id='word_1_588' title='bbox 2850 1631 3049 1686; x_wconf 85' lang='lat' dir='ltr'><strong>dictum</strong></span> <span class='ocrx_word' id='word_1_589' title='bbox 3067 1641 3169 1697; x_wconf 57' lang='lat' dir='ltr'><strong>Cal,</strong></span> <span class='ocrx_word' id='word_1_590' title='bbox 3197 1624 3288 1687; x_wconf 80' lang='lat' dir='ltr'><strong>sub</strong></span> <span class='ocrx_word' id='word_1_591' title='bbox 3307 1644 3460 1699; x_wconf 84' lang='lat' dir='ltr'><strong>terra,</strong></span> 
     </span>
    </p>
   </div>
   <div class='ocr_carea' id='block_1_79' title="bbox 1880 1710 3466 1811">
    <p class='ocr_par' dir='ltr' id='par_1_79' title="bbox 1880 1710 3466 1811">
     <span class='ocr_line' id='line_1_79' title="bbox 1880 1710 3466 1811; baseline 0.004 -39"><span class='ocrx_word' id='word_1_592' title='bbox 1880 1720 2020 1811; x_wconf 76' lang='lat' dir='ltr'><strong>quod</strong></span> <span class='ocrx_word' id='word_1_593' title='bbox 2085 1732 2220 1775; x_wconf 90' lang='lat' dir='ltr'><strong>terra</strong></span> <span class='ocrx_word' id='word_1_594' title='bbox 2253 1722 2350 1774; x_wconf 87' lang='lat' dir='ltr'><strong>nisi</strong></span> <span class='ocrx_word' id='word_1_595' title='bbox 2394 1722 2635 1789; x_wconf 88' lang='lat' dir='ltr'><strong>superior</strong></span> <span class='ocrx_word' id='word_1_596' title='bbox 2659 1724 2809 1791; x_wconf 87' lang='lat' dir='ltr'><strong>aquis</strong></span> <span class='ocrx_word' id='word_1_597' title='bbox 2832 1710 2994 1790; x_wconf 84' lang='lat' dir='ltr'><strong>esset,</strong></span> <span class='ocrx_word' id='word_1_598' title='bbox 3038 1725 3258 1779; x_wconf 88' lang='lat' dir='ltr'><strong>habitari</strong></span> <span class='ocrx_word' id='word_1_599' title='bbox 3287 1727 3466 1795; x_wconf 84' lang='lat' dir='ltr'><strong>utique</strong></span> 
     </span>
    </p>
   </div>
   <div class='ocr_carea' id='block_1_80' title="bbox 1881 1812 3460 1886">
    <p class='ocr_par' dir='ltr' id='par_1_80' title="bbox 1881 1812 3460 1886">
     <span class='ocr_line' id='line_1_80' title="bbox 1881 1812 3460 1886; baseline 0.001 -18"><span class='ocrx_word' id='word_1_600' title='bbox 1881 1812 1949 1868; x_wconf 88' lang='lat' dir='ltr'><strong>ab</strong></span> <span class='ocrx_word' id='word_1_601' title='bbox 1979 1812 2279 1866; x_wconf 87' lang='lat' dir='ltr'><strong>hominibus</strong></span> <span class='ocrx_word' id='word_1_602' title='bbox 2300 1821 2354 1868; x_wconf 88' lang='lat' dir='ltr'><strong>et</strong></span> <span class='ocrx_word' id='word_1_603' title='bbox 2383 1812 2631 1866; x_wconf 83' lang='lat' dir='ltr'><strong>animalia</strong></span> <span class='ocrx_word' id='word_1_604' title='bbox 2656 1823 2863 1867; x_wconf 88' lang='lat' dir='ltr'><strong>terrena</strong></span> <span class='ocrx_word' id='word_1_605' title='bbox 2889 1814 3083 1870; x_wconf 87' lang='lat' dir='ltr'><strong>habere</strong></span> <span class='ocrx_word' id='word_1_606' title='bbox 3107 1830 3210 1869; x_wconf 88' lang='lat' dir='ltr'><strong>non</strong></span> <span class='ocrx_word' id='word_1_607' title='bbox 3243 1826 3421 1886; x_wconf 83' lang='lat' dir='ltr'><strong>posset</strong></span> <span class='ocrx_word' id='word_1_608' title='bbox 3445 1816 3460 1869; x_wconf 90' lang='lat' dir='ltr'><strong>l</strong></span> 
     </span>
    </p>
   </div>
   <div class='ocr_carea' id='block_1_81' title="bbox 1952 1900 3464 1976">
    <p class='ocr_par' dir='ltr' id='par_1_81' title="bbox 1952 1900 3464 1976">
     <span class='ocr_line' id='line_1_81' title="bbox 1952 1900 3464 1976; baseline 0.003 -19"><span class='ocrx_word' id='word_1_609' title='bbox 1952 1900 2037 1958; x_wconf 68' lang='lat' dir='ltr'><strong>Vl.</strong></span> <span class='ocrx_word' id='word_1_610' title='bbox 2068 1901 2169 1974; x_wconf 85' lang='grc'><strong>[111.</strong></span> <span class='ocrx_word' id='word_1_611' title='bbox 2202 1920 2274 1967; x_wconf 85' lang='lat' dir='ltr'><strong>tv,</strong></span> <span class='ocrx_word' id='word_1_612' title='bbox 2310 1902 2418 1976; x_wconf 73' lang='lat'><strong>19.]</strong></span> <span class='ocrx_word' id='word_1_613' title='bbox 2443 1903 2503 1957; x_wconf 81' lang='lat' dir='ltr'><strong>Et</strong></span> <span class='ocrx_word' id='word_1_614' title='bbox 2530 1921 2593 1958; x_wconf 87' lang='lat' dir='ltr'><strong>ne</strong></span> <span class='ocrx_word' id='word_1_615' title='bbox 2613 1905 2888 1974; x_wconf 78' lang='lat' dir='ltr'><strong>suspiciens</strong></span> <span class='ocrx_word' id='word_1_616' title='bbox 2906 1906 2957 1959; x_wconf 90' lang='lat' dir='ltr'><strong>in</strong></span> <span class='ocrx_word' id='word_1_617' title='bbox 2979 1908 3157 1962; x_wconf 65' lang='lat' dir='ltr'><strong>caelum</strong></span> <span class='ocrx_word' id='word_1_618' title='bbox 3177 1950 3191 1974; x_wconf 93' lang='lat'><strong>,</strong></span> <span class='ocrx_word' id='word_1_619' title='bbox 3222 1918 3267 1962; x_wconf 89' lang='lat' dir='ltr'><strong>et</strong></span> <span class='ocrx_word' id='word_1_620' title='bbox 3294 1910 3464 1969; x_wconf 82' lang='lat' dir='ltr'><strong>videns</strong></span> 
     </span>
    </p>
   </div>
   <div class='ocr_carea' id='block_1_82' title="bbox 1878 1994 3466 2063">
    <p class='ocr_par' dir='ltr' id='par_1_82' title="bbox 1878 1994 3466 2063">
     <span class='ocr_line' id='line_1_82' title="bbox 1878 1994 3466 2063; baseline 0.003 -13"><span class='ocrx_word' id='word_1_621' title='bbox 1878 1994 2037 2050; x_wconf 86' lang='lat' dir='ltr'><strong>solem</strong></span> <span class='ocrx_word' id='word_1_622' title='bbox 2060 2007 2107 2049; x_wconf 87' lang='lat' dir='ltr'><strong>et</strong></span> <span class='ocrx_word' id='word_1_623' title='bbox 2132 1997 2305 2050; x_wconf 89' lang='lat' dir='ltr'><strong>lunam</strong></span> <span class='ocrx_word' id='word_1_624' title='bbox 2332 2006 2377 2050; x_wconf 83' lang='lat' dir='ltr'><strong>et</strong></span> <span class='ocrx_word' id='word_1_625' title='bbox 2403 1995 2575 2051; x_wconf 81' lang='lat' dir='ltr'><strong>stellas</strong></span> <span class='ocrx_word' id='word_1_626' title='bbox 2604 2006 2649 2050; x_wconf 87' lang='lat' dir='ltr'><strong>et</strong></span> <span class='ocrx_word' id='word_1_627' title='bbox 2667 2014 2860 2050; x_wconf 80' lang='lat' dir='ltr'><strong>onmem</strong></span> <span class='ocrx_word' id='word_1_628' title='bbox 2883 2008 3112 2052; x_wconf 89' lang='lat' dir='ltr'><strong>ornatum</strong></span> <span class='ocrx_word' id='word_1_629' title='bbox 3139 2000 3268 2063; x_wconf 80' lang='lat' dir='ltr'><strong>cazli,</strong></span> <span class='ocrx_word' id='word_1_630' title='bbox 3293 2016 3466 2054; x_wconf 82' lang='lat' dir='ltr'><strong>errans</strong></span> 
     </span>
    </p>
   </div>
   <div class='ocr_carea' id='block_1_83' title="bbox 1878 2085 3460 2156">
    <p class='ocr_par' dir='ltr' id='par_1_83' title="bbox 1878 2085 3460 2156">
     <span class='ocr_line' id='line_1_83' title="bbox 1878 2085 3460 2156; baseline 0.002 -16"><span class='ocrx_word' id='word_1_631' title='bbox 1878 2085 2060 2140; x_wconf 79' lang='lat' dir='ltr'><strong>adores</strong></span> <span class='ocrx_word' id='word_1_632' title='bbox 2088 2103 2168 2149; x_wconf 86' lang='lat' dir='ltr'><strong>ea,</strong></span> <span class='ocrx_word' id='word_1_633' title='bbox 2203 2101 2246 2140; x_wconf 84' lang='lat' dir='ltr'><strong>et</strong></span> <span class='ocrx_word' id='word_1_634' title='bbox 2273 2087 2457 2140; x_wconf 85' lang='lat' dir='ltr'><strong>servius</strong></span> <span class='ocrx_word' id='word_1_635' title='bbox 2486 2086 2609 2153; x_wconf 87' lang='lat' dir='ltr'><strong>illis,</strong></span> <span class='ocrx_word' id='word_1_636' title='bbox 2639 2103 2750 2156; x_wconf 75' lang='lat' dir='ltr'><strong>qua:</strong></span> <span class='ocrx_word' id='word_1_637' title='bbox 2772 2087 3022 2141; x_wconf 82' lang='lat' dir='ltr'><strong>distribuit</strong></span> <span class='ocrx_word' id='word_1_638' title='bbox 3052 2086 3299 2143; x_wconf 86' lang='lat' dir='ltr'><strong>Dominus</strong></span> <span class='ocrx_word' id='word_1_639' title='bbox 3323 2088 3460 2144; x_wconf 86' lang='lat' dir='ltr'><strong>Deus</strong></span> 
     </span>
    </p>
   </div>
   <div class='ocr_carea' id='block_1_84' title="bbox 1881 2168 3467 2253">
    <p class='ocr_par' dir='ltr' id='par_1_84' title="bbox 1881 2168 3467 2253">
     <span class='ocr_line' id='line_1_84' title="bbox 1881 2168 3467 2253; baseline 0.001 -19"><span class='ocrx_word' id='word_1_640' title='bbox 1881 2189 1996 2253; x_wconf 81' lang='lat' dir='ltr'><strong>tuus</strong></span> <span class='ocrx_word' id='word_1_641' title='bbox 2033 2198 2113 2246; x_wconf 89' lang='lat' dir='ltr'><strong>ea,</strong></span> <span class='ocrx_word' id='word_1_642' title='bbox 2137 2181 2364 2234; x_wconf 87' lang='lat' dir='ltr'><strong>omnibus</strong></span> <span class='ocrx_word' id='word_1_643' title='bbox 2387 2168 2635 2250; x_wconf 80' lang='lat' dir='ltr'><strong>gentibus,</strong></span> <span class='ocrx_word' id='word_1_644' title='bbox 2663 2196 2775 2250; x_wconf 74' lang='lat' dir='ltr'><strong>qum</strong></span> <span class='ocrx_word' id='word_1_645' title='bbox 2804 2189 2919 2232; x_wconf 88' lang='lat' dir='ltr'><strong>sunt</strong></span> <span class='ocrx_word' id='word_1_646' title='bbox 2948 2179 3037 2233; x_wconf 85' lang='lat' dir='ltr'><strong>sub</strong></span> <span class='ocrx_word' id='word_1_647' title='bbox 3080 2180 3222 2235; x_wconf 66' lang='lat' dir='ltr'><strong>calo.</strong></span> <span class='ocrx_word' id='word_1_648' title='bbox 3253 2181 3368 2236; x_wconf 81' lang='lat' dir='ltr'><strong>Non</strong></span> <span class='ocrx_word' id='word_1_649' title='bbox 3388 2176 3467 2235; x_wconf 84' lang='lat' dir='ltr'><strong>ita</strong></span> 
     </span>
    </p>
   </div>
   <div class='ocr_carea' id='block_1_85' title="bbox 1880 2271 3469 2347">
    <p class='ocr_par' dir='ltr' id='par_1_85' title="bbox 1880 2271 3469 2347">
     <span class='ocr_line' id='line_1_85' title="bbox 1880 2271 3469 2347; baseline 0 -21"><span class='ocrx_word' id='word_1_650' title='bbox 1880 2271 2081 2347; x_wconf 87' lang='lat' dir='ltr'><strong>dictum</strong></span> <span class='ocrx_word' id='word_1_651' title='bbox 2110 2281 2211 2335; x_wconf 85' lang='lat' dir='ltr'><strong>est,</strong></span> <span class='ocrx_word' id='word_1_652' title='bbox 2248 2282 2494 2340; x_wconf 87' lang='lat' dir='ltr'><strong>tanquam</strong></span> <span class='ocrx_word' id='word_1_653' title='bbox 2526 2272 2664 2327; x_wconf 88' lang='lat' dir='ltr'><strong>Deus</strong></span> <span class='ocrx_word' id='word_1_654' title='bbox 2695 2271 3003 2341; x_wconf 48' lang='lat' dir='ltr'><strong>prater-perit</strong></span> <span class='ocrx_word' id='word_1_655' title='bbox 3030 2287 3089 2327; x_wconf 87' lang='lat' dir='ltr'><strong>ea</strong></span> <span class='ocrx_word' id='word_1_656' title='bbox 3113 2273 3214 2327; x_wconf 81' lang='lat' dir='ltr'><strong>coli</strong></span> <span class='ocrx_word' id='word_1_657' title='bbox 3239 2290 3269 2327; x_wconf 86' lang='lat' dir='ltr'><strong>a</strong></span> <span class='ocrx_word' id='word_1_658' title='bbox 3295 2274 3469 2345; x_wconf 76' lang='lat' dir='ltr'><strong>genti-</strong></span> 
     </span>
    </p>
   </div>
   <div class='ocr_carea' id='block_1_86' title="bbox 1880 2362 3467 2437">
    <p class='ocr_par' dir='ltr' id='par_1_86' title="bbox 1880 2362 3467 2437">
     <span class='ocr_line' id='line_1_86' title="bbox 1880 2362 3467 2437; baseline 0.001 -19"><span class='ocrx_word' id='word_1_659' title='bbox 1880 2364 2002 2437; x_wconf 84' lang='lat' dir='ltr'><strong>bus,</strong></span> <span class='ocrx_word' id='word_1_660' title='bbox 2031 2382 2059 2417; x_wconf 85' lang='grc'><strong>11</strong></span> <span class='ocrx_word' id='word_1_661' title='bbox 2088 2366 2203 2419; x_wconf 89' lang='lat' dir='ltr'><strong>solo</strong></span> <span class='ocrx_word' id='word_1_662' title='bbox 2228 2374 2404 2418; x_wconf 87' lang='lat' dir='ltr'><strong>autem</strong></span> <span class='ocrx_word' id='word_1_663' title='bbox 2454 2365 2650 2435; x_wconf 84' lang='lat' dir='ltr'><strong>populo</strong></span> <span class='ocrx_word' id='word_1_664' title='bbox 2693 2380 2789 2419; x_wconf 88' lang='lat' dir='ltr'><strong>suo</strong></span> <span class='ocrx_word' id='word_1_665' title='bbox 2824 2382 2926 2419; x_wconf 89' lang='lat' dir='ltr'><strong>nou</strong></span> <span class='ocrx_word' id='word_1_666' title='bbox 2966 2366 3070 2421; x_wconf 80' lang='lat' dir='ltr'><strong>eoli</strong></span> <span class='ocrx_word' id='word_1_667' title='bbox 3103 2384 3116 2422; x_wconf 94' lang='lat'><strong>:</strong></span> <span class='ocrx_word' id='word_1_668' title='bbox 3158 2367 3248 2421; x_wconf 85' lang='lat' dir='ltr'><strong>scd</strong></span> <span class='ocrx_word' id='word_1_669' title='bbox 3277 2378 3366 2422; x_wconf 88' lang='lat' dir='ltr'><strong>aut</strong></span> <span class='ocrx_word' id='word_1_670' title='bbox 3396 2362 3467 2421; x_wconf 88' lang='lat' dir='ltr'><strong>ita</strong></span> 
     </span>
    </p>
   </div>
   <div class='ocr_carea' id='block_1_87' title="bbox 1882 2456 3466 2528">
    <p class='ocr_par' dir='ltr' id='par_1_87' title="bbox 1882 2456 3466 2528">
     <span class='ocr_line' id='line_1_87' title="bbox 1882 2456 3466 2528; baseline 0 -17"><span class='ocrx_word' id='word_1_671' title='bbox 1882 2457 2081 2511; x_wconf 81' lang='lat' dir='ltr'><strong>dictum</strong></span> <span class='ocrx_word' id='word_1_672' title='bbox 2124 2465 2233 2518; x_wconf 89' lang='lat' dir='ltr'><strong>est,</strong></span> <span class='ocrx_word' id='word_1_673' title='bbox 2287 2456 2425 2525; x_wconf 86' lang='lat' dir='ltr'><strong>quod</strong></span> <span class='ocrx_word' id='word_1_674' title='bbox 2471 2456 2608 2510; x_wconf 89' lang='lat' dir='ltr'><strong>Deus</strong></span> <span class='ocrx_word' id='word_1_675' title='bbox 2649 2458 2939 2525; x_wconf 73' lang='lat' dir='ltr'><strong>pra&#39;scierit</strong></span> <span class='ocrx_word' id='word_1_676' title='bbox 2975 2468 3161 2528; x_wconf 84' lang='lat' dir='ltr'><strong>gentes</strong></span> <span class='ocrx_word' id='word_1_677' title='bbox 3206 2460 3466 2514; x_wconf 87' lang='lat' dir='ltr'><strong>culturam</strong></span> 
     </span>
    </p>
   </div>
   <div class='ocr_carea' id='block_1_88' title="bbox 1881 2547 3466 2617">
    <p class='ocr_par' dir='ltr' id='par_1_88' title="bbox 1881 2547 3466 2617">
     <span class='ocr_line' id='line_1_88' title="bbox 1881 2547 3466 2617; baseline -0.001 -12"><span class='ocrx_word' id='word_1_678' title='bbox 1881 2548 2214 2605; x_wconf 76' lang='lat' dir='ltr'><strong>exhibituras</strong></span> <span class='ocrx_word' id='word_1_679' title='bbox 2249 2549 2330 2603; x_wconf 87' lang='lat' dir='ltr'><strong>his</strong></span> <span class='ocrx_word' id='word_1_680' title='bbox 2376 2547 2685 2601; x_wconf 62' lang='lat' dir='ltr'><strong>coelestibus</strong></span> <span class='ocrx_word' id='word_1_681' title='bbox 2715 2556 2768 2601; x_wconf 92' lang='lat' dir='ltr'><strong>et</strong></span> <span class='ocrx_word' id='word_1_682' title='bbox 2815 2557 2988 2601; x_wconf 82' lang='lat' dir='ltr'><strong>tamen</strong></span> <span class='ocrx_word' id='word_1_683' title='bbox 3031 2548 3131 2603; x_wconf 89' lang='lat' dir='ltr'><strong>hoc</strong></span> <span class='ocrx_word' id='word_1_684' title='bbox 3182 2551 3466 2617; x_wconf 55' lang='grc'><strong>111-11³8010118</strong></span> 
     </span>
    </p>
   </div>
   <div class='ocr_carea' id='block_1_89' title="bbox 1883 2640 3469 2708">
    <p class='ocr_par' dir='ltr' id='par_1_89' title="bbox 1883 2640 3469 2708">
     <span class='ocr_line' id='line_1_89' title="bbox 1883 2640 3469 2708; baseline 0.003 -13"><span class='ocrx_word' id='word_1_685' title='bbox 1883 2642 2152 2696; x_wconf 87' lang='lat' dir='ltr'><strong>creaverit</strong></span> <span class='ocrx_word' id='word_1_686' title='bbox 2199 2656 2291 2704; x_wconf 83' lang='lat' dir='ltr'><strong>ea;</strong></span> <span class='ocrx_word' id='word_1_687' title='bbox 2320 2656 2439 2695; x_wconf 90' lang='lat' dir='ltr'><strong>eum</strong></span> <span class='ocrx_word' id='word_1_688' title='bbox 2472 2656 2597 2693; x_wconf 72' lang='lat' dir='ltr'><strong>vero</strong></span> <span class='ocrx_word' id='word_1_689' title='bbox 2625 2640 2874 2708; x_wconf 84' lang='lat' dir='ltr'><strong>populum</strong></span> <span class='ocrx_word' id='word_1_690' title='bbox 2904 2657 3056 2695; x_wconf 90' lang='lat' dir='ltr'><strong>suum</strong></span> <span class='ocrx_word' id='word_1_691' title='bbox 3091 2641 3318 2696; x_wconf 82' lang='lat' dir='ltr'><strong>futui-um</strong></span> <span class='ocrx_word' id='word_1_692' title='bbox 3350 2659 3469 2699; x_wconf 80' lang='lat' dir='ltr'><strong>esse</strong></span> 
     </span>
    </p>
   </div>
   <div class='ocr_carea' id='block_1_90' title="bbox 1881 2734 3467 2805">
    <p class='ocr_par' dir='ltr' id='par_1_90' title="bbox 1881 2734 3467 2805">
     <span class='ocr_line' id='line_1_90' title="bbox 1881 2734 3467 2805; baseline 0.001 -18"><span class='ocrx_word' id='word_1_693' title='bbox 1881 2735 2230 2805; x_wconf 62' lang='grc'><strong>111-1080110111.</strong></span> <span class='ocrx_word' id='word_1_694' title='bbox 2250 2734 2335 2803; x_wconf 93' lang='lat' dir='ltr'><strong>qui</strong></span> <span class='ocrx_word' id='word_1_695' title='bbox 2370 2735 2467 2787; x_wconf 86' lang='lat' dir='ltr'><strong>ista</strong></span> <span class='ocrx_word' id='word_1_696' title='bbox 2498 2748 2603 2787; x_wconf 89' lang='lat' dir='ltr'><strong>non</strong></span> <span class='ocrx_word' id='word_1_697' title='bbox 2627 2734 2828 2787; x_wconf 87' lang='lat' dir='ltr'><strong>eoleret</strong></span> <span class='ocrx_word' id='word_1_698' title='bbox 2851 2752 2863 2785; x_wconf 88' lang='lat'><strong>:</strong></span> <span class='ocrx_word' id='word_1_699' title='bbox 2887 2742 2975 2787; x_wconf 90' lang='lat' dir='ltr'><strong>aut</strong></span> <span class='ocrx_word' id='word_1_700' title='bbox 3000 2734 3251 2789; x_wconf 66' lang='lat' dir='ltr'><strong>distribuit</strong></span> <span class='ocrx_word' id='word_1_701' title='bbox 3268 2734 3467 2788; x_wconf 90' lang='lat' dir='ltr'><strong>dictum</strong></span> 
     </span>
    </p>
   </div>
   <div class='ocr_carea' id='block_1_91' title="bbox 1884 2820 3468 2895">
    <p class='ocr_par' dir='ltr' id='par_1_91' title="bbox 1884 2820 3468 2895">
     <span class='ocr_line' id='line_1_91' title="bbox 1884 2820 3468 2895; baseline -0.001 -17"><span class='ocrx_word' id='word_1_702' title='bbox 1884 2836 1985 2893; x_wconf 81' lang='lat' dir='ltr'><strong>est,</strong></span> <span class='ocrx_word' id='word_1_703' title='bbox 2021 2836 2075 2878; x_wconf 91' lang='lat' dir='ltr'><strong>ut</strong></span> <span class='ocrx_word' id='word_1_704' title='bbox 2106 2826 2427 2895; x_wconf 85' lang='lat' dir='ltr'><strong>intelligatur</strong></span> <span class='ocrx_word' id='word_1_705' title='bbox 2458 2840 2604 2887; x_wconf 80' lang='lat' dir='ltr'><strong>usus,</strong></span> <span class='ocrx_word' id='word_1_706' title='bbox 2624 2824 2713 2893; x_wconf 91' lang='lat' dir='ltr'><strong>qui</strong></span> <span class='ocrx_word' id='word_1_707' title='bbox 2741 2824 3144 2877; x_wconf 85' lang='lat' dir='ltr'><strong>commendatur</strong></span> <span class='ocrx_word' id='word_1_708' title='bbox 3174 2820 3468 2891; x_wconf 64' lang='lat' dir='ltr'><strong>inﬂenesi,</strong></span> 
     </span>
    </p>
   </div>
   <div class='ocr_carea' id='block_1_92' title="bbox 1888 2917 3466 2986">
    <p class='ocr_par' dir='ltr' id='par_1_92' title="bbox 1888 2917 3466 2986">
     <span class='ocr_line' id='line_1_92' title="bbox 1888 2917 3466 2986; baseline -0.002 -13"><span class='ocrx_word' id='word_1_709' title='bbox 1888 2917 1957 2973; x_wconf 86' lang='lat' dir='ltr'><strong>Ut</strong></span> <span class='ocrx_word' id='word_1_710' title='bbox 1994 2918 2091 2969; x_wconf 86' lang='lat' dir='ltr'><strong>sint</strong></span> <span class='ocrx_word' id='word_1_711' title='bbox 2129 2919 2182 2970; x_wconf 88' lang='lat' dir='ltr'><strong>in</strong></span> <span class='ocrx_word' id='word_1_712' title='bbox 2217 2918 2393 2984; x_wconf 84' lang='lat' dir='ltr'><strong>signis,</strong></span> <span class='ocrx_word' id='word_1_713' title='bbox 2436 2926 2482 2970; x_wconf 87' lang='lat' dir='ltr'><strong>et</strong></span> <span class='ocrx_word' id='word_1_714' title='bbox 2508 2917 2559 2969; x_wconf 89' lang='lat' dir='ltr'><strong>in</strong></span> <span class='ocrx_word' id='word_1_715' title='bbox 2596 2917 2918 2986; x_wconf 84' lang='lat' dir='ltr'><strong>temporibus,</strong></span> <span class='ocrx_word' id='word_1_716' title='bbox 2953 2926 2998 2970; x_wconf 86' lang='lat' dir='ltr'><strong>et</strong></span> <span class='ocrx_word' id='word_1_717' title='bbox 3039 2918 3088 2970; x_wconf 89' lang='lat' dir='ltr'><strong>in</strong></span> <span class='ocrx_word' id='word_1_718' title='bbox 3112 2917 3310 2981; x_wconf 83' lang='lat' dir='ltr'><strong>diebus,</strong></span> <span class='ocrx_word' id='word_1_719' title='bbox 3346 2927 3391 2971; x_wconf 90' lang='lat' dir='ltr'><strong>et</strong></span> <span class='ocrx_word' id='word_1_720' title='bbox 3412 2918 3466 2970; x_wconf 85' lang='lat' dir='ltr'><strong>in</strong></span> 
     </span>
    </p>
   </div>
   <div class='ocr_carea' id='block_1_93' title="bbox 1885 2998 3467 3081">
    <p class='ocr_par' dir='ltr' id='par_1_93' title="bbox 1885 2998 3467 3081">
     <span class='ocr_line' id='line_1_93' title="bbox 1885 2998 3467 3081; baseline -0.001 -18"><span class='ocrx_word' id='word_1_721' title='bbox 1885 3011 2033 3063; x_wconf 83' lang='lat' dir='ltr'><strong>annis</strong></span> <span class='ocrx_word' id='word_1_722' title='bbox 2053 3007 2199 3081; x_wconf 75' lang='lat' dir='ltr'><strong>(Gen.</strong></span> <span class='ocrx_word' id='word_1_723' title='bbox 2225 3024 2260 3071; x_wconf 88' lang='lat' dir='ltr'><strong>l,</strong></span> <span class='ocrx_word' id='word_1_724' title='bbox 2297 2998 2419 3078; x_wconf 67' lang='lat' dir='ltr'><strong>lt);</strong></span> <span class='ocrx_word' id='word_1_725' title='bbox 2450 3023 2608 3077; x_wconf 90' lang='lat' dir='ltr'><strong>quem</strong></span> <span class='ocrx_word' id='word_1_726' title='bbox 2638 3022 2788 3060; x_wconf 89' lang='lat' dir='ltr'><strong>usum</strong></span> <span class='ocrx_word' id='word_1_727' title='bbox 2822 3008 2871 3061; x_wconf 91' lang='grc'><strong>111</strong></span> <span class='ocrx_word' id='word_1_728' title='bbox 2895 3007 2974 3061; x_wconf 83' lang='lat' dir='ltr'><strong>eis</strong></span> <span class='ocrx_word' id='word_1_729' title='bbox 3001 3023 3335 3061; x_wconf 87' lang='lat' dir='ltr'><strong>communem</strong></span> <span class='ocrx_word' id='word_1_730' title='bbox 3367 3008 3467 3061; x_wconf 83' lang='lat' dir='ltr'><strong>ha-</strong></span> 
     </span>
    </p>
   </div>
   <div class='ocr_carea' id='block_1_94' title="bbox 1886 3100 3471 3172">
    <p class='ocr_par' dir='ltr' id='par_1_94' title="bbox 1886 3100 3471 3172">
     <span class='ocr_line' id='line_1_94' title="bbox 1886 3100 3471 3172; baseline -0.003 -13"><span class='ocrx_word' id='word_1_731' title='bbox 1886 3105 1976 3159; x_wconf 80' lang='lat' dir='ltr'><strong>bet</strong></span> <span class='ocrx_word' id='word_1_732' title='bbox 2021 3104 2241 3172; x_wconf 77' lang='lat' dir='ltr'><strong>populus</strong></span> <span class='ocrx_word' id='word_1_733' title='bbox 2271 3103 2362 3157; x_wconf 89' lang='lat' dir='ltr'><strong>Dei</strong></span> <span class='ocrx_word' id='word_1_734' title='bbox 2395 3117 2515 3155; x_wconf 88' lang='lat' dir='ltr'><strong>cum</strong></span> <span class='ocrx_word' id='word_1_735' title='bbox 2544 3101 2791 3154; x_wconf 88' lang='lat' dir='ltr'><strong>omnibus</strong></span> <span class='ocrx_word' id='word_1_736' title='bbox 2836 3100 3118 3170; x_wconf 83' lang='lat' dir='ltr'><strong>gentibus,</strong></span> <span class='ocrx_word' id='word_1_737' title='bbox 3160 3118 3267 3157; x_wconf 87' lang='lat' dir='ltr'><strong>non</strong></span> <span class='ocrx_word' id='word_1_738' title='bbox 3291 3111 3471 3158; x_wconf 86' lang='lat' dir='ltr'><strong>autem</strong></span> 
     </span>
    </p>
   </div>
   <div class='ocr_carea' id='block_1_95' title="bbox 1884 3193 2868 3263">
    <p class='ocr_par' dir='ltr' id='par_1_95' title="bbox 1884 3193 2868 3263">
     <span class='ocr_line' id='line_1_95' title="bbox 1884 3193 2868 3263; baseline -0.004 -12"><span class='ocrx_word' id='word_1_739' title='bbox 1884 3197 2085 3251; x_wconf 86' lang='lat' dir='ltr'><strong>cultum</strong></span> <span class='ocrx_word' id='word_1_740' title='bbox 2112 3211 2268 3263; x_wconf 89' lang='lat' dir='ltr'><strong>quem</strong></span> <span class='ocrx_word' id='word_1_741' title='bbox 2302 3194 2495 3248; x_wconf 83' lang='lat' dir='ltr'><strong>habent</strong></span> <span class='ocrx_word' id='word_1_742' title='bbox 2515 3193 2631 3247; x_wconf 77' lang='lat' dir='ltr'><strong>alia:</strong></span> <span class='ocrx_word' id='word_1_743' title='bbox 2666 3202 2868 3262; x_wconf 87' lang='lat' dir='ltr'><strong>gentes.</strong></span> 
     </span>
    </p>
   </div>
   <div class='ocr_carea' id='block_1_96' title="bbox 1958 3284 3470 3359">
    <p class='ocr_par' dir='ltr' id='par_1_96' title="bbox 1958 3284 3470 3359">
     <span class='ocr_line' id='line_1_96' title="bbox 1958 3284 3470 3359; baseline -0.001 -18"><span class='ocrx_word' id='word_1_744' title='bbox 1958 3287 2069 3341; x_wconf 69' lang='lat' dir='ltr'><strong>VII.</strong></span> <span class='ocrx_word' id='word_1_745' title='bbox 2100 3286 2199 3358; x_wconf 87' lang='grc'><strong>[111.</strong></span> <span class='ocrx_word' id='word_1_746' title='bbox 2233 3302 2304 3352; x_wconf 82' lang='lat' dir='ltr'><strong>tv,</strong></span> <span class='ocrx_word' id='word_1_747' title='bbox 2333 3288 2405 3340; x_wconf 69' lang='grc'><strong>25</strong></span> <span class='ocrx_word' id='word_1_748' title='bbox 2429 3285 2449 3359; x_wconf 92' lang='grc'><strong>]</strong></span> <span class='ocrx_word' id='word_1_749' title='bbox 2478 3284 2560 3339; x_wconf 86' lang='lat' dir='ltr'><strong>Ne</strong></span> <span class='ocrx_word' id='word_1_750' title='bbox 2587 3287 2950 3340; x_wconf 74' lang='lat' dir='ltr'><strong>obliviscamini</strong></span> <span class='ocrx_word' id='word_1_751' title='bbox 2980 3295 3330 3340; x_wconf 87' lang='lat' dir='ltr'><strong>testamentum</strong></span> <span class='ocrx_word' id='word_1_752' title='bbox 3362 3285 3470 3340; x_wconf 84' lang='lat' dir='ltr'><strong>Do-</strong></span> 
     </span>
    </p>
   </div>
   <div class='ocr_carea' id='block_1_97' title="bbox 1888 3376 3476 3448">
    <p class='ocr_par' dir='ltr' id='par_1_97' title="bbox 1888 3376 3476 3448">
     <span class='ocr_line' id='line_1_97' title="bbox 1888 3376 3476 3448; baseline -0.001 -17"><span class='ocrx_word' id='word_1_753' title='bbox 1888 3377 2014 3431; x_wconf 85' lang='lat' dir='ltr'><strong>mini</strong></span> <span class='ocrx_word' id='word_1_754' title='bbox 2046 3377 2133 3430; x_wconf 86' lang='lat' dir='ltr'><strong>Dei</strong></span> <span class='ocrx_word' id='word_1_755' title='bbox 2166 3377 2333 3443; x_wconf 71' lang='lat' dir='ltr'><strong>vestri,</strong></span> <span class='ocrx_word' id='word_1_756' title='bbox 2363 3378 2497 3446; x_wconf 88' lang='lat' dir='ltr'><strong>quod</strong></span> <span class='ocrx_word' id='word_1_757' title='bbox 2521 3376 2767 3444; x_wconf 81' lang='lat' dir='ltr'><strong>disposuit</strong></span> <span class='ocrx_word' id='word_1_758' title='bbox 2794 3376 2863 3428; x_wconf 89' lang='lat' dir='ltr'><strong>ad</strong></span> <span class='ocrx_word' id='word_1_759' title='bbox 2892 3392 2995 3442; x_wconf 82' lang='lat' dir='ltr'><strong>vos,</strong></span> <span class='ocrx_word' id='word_1_760' title='bbox 3023 3387 3071 3429; x_wconf 85' lang='lat' dir='ltr'><strong>et</strong></span> <span class='ocrx_word' id='word_1_761' title='bbox 3090 3378 3287 3448; x_wconf 78' lang='lat' dir='ltr'><strong>faciatis</strong></span> <span class='ocrx_word' id='word_1_762' title='bbox 3315 3377 3476 3431; x_wconf 83' lang='lat' dir='ltr'><strong>robis-</strong></span> 
     </span>
    </p>
   </div>
   <div class='ocr_carea' id='block_1_98' title="bbox 1889 3466 3477 3549">
    <p class='ocr_par' dir='ltr' id='par_1_98' title="bbox 1889 3466 3477 3549">
     <span class='ocr_line' id='line_1_98' title="bbox 1889 3466 3477 3549; baseline 0.001 -28"><span class='ocrx_word' id='word_1_763' title='bbox 1889 3468 2116 3537; x_wconf 81' lang='lat' dir='ltr'><strong>metipsis</strong></span> <span class='ocrx_word' id='word_1_764' title='bbox 2148 3466 2434 3549; x_wconf 82' lang='lat' dir='ltr'><strong>sculptilem</strong></span> <span class='ocrx_word' id='word_1_765' title='bbox 2466 3466 2850 3520; x_wconf 86' lang='lat' dir='ltr'><strong>similitudinem</strong></span> <span class='ocrx_word' id='word_1_766' title='bbox 2886 3469 3111 3521; x_wconf 89' lang='lat' dir='ltr'><strong>omnium</strong></span> <span class='ocrx_word' id='word_1_767' title='bbox 3155 3484 3477 3538; x_wconf 77' lang='lat' dir='ltr'><strong>qucecumque</strong></span> 
     </span>
    </p>
   </div>
   <div class='ocr_carea' id='block_1_99' title="bbox 1890 3558 3480 3628">
    <p class='ocr_par' dir='ltr' id='par_1_99' title="bbox 1890 3558 3480 3628">
     <span class='ocr_line' id='line_1_99' title="bbox 1890 3558 3480 3628; baseline 0.001 -15"><span class='ocrx_word' id='word_1_768' title='bbox 1890 3561 2146 3615; x_wconf 82' lang='lat' dir='ltr'><strong>constituit</strong></span> <span class='ocrx_word' id='word_1_769' title='bbox 2169 3561 2255 3612; x_wconf 90' lang='lat' dir='ltr'><strong>tibi</strong></span> <span class='ocrx_word' id='word_1_770' title='bbox 2284 3558 2532 3612; x_wconf 86' lang='lat' dir='ltr'><strong>Dominus</strong></span> <span class='ocrx_word' id='word_1_771' title='bbox 2564 3558 2699 3612; x_wconf 82' lang='lat' dir='ltr'><strong>Deus</strong></span> <span class='ocrx_word' id='word_1_772' title='bbox 2716 3568 2846 3611; x_wconf 89' lang='lat' dir='ltr'><strong>tuus.</strong></span> <span class='ocrx_word' id='word_1_773' title='bbox 2875 3558 2971 3612; x_wconf 85' lang='lat' dir='ltr'><strong>llic</strong></span> <span class='ocrx_word' id='word_1_774' title='bbox 2990 3568 3133 3613; x_wconf 87' lang='lat' dir='ltr'><strong>certe</strong></span> <span class='ocrx_word' id='word_1_775' title='bbox 3162 3561 3480 3628; x_wconf 81' lang='lat' dir='ltr'><strong>generaliter</strong></span> 
     </span>
    </p>
   </div>
   <div class='ocr_carea' id='block_1_100' title="bbox 1891 3650 3473 3722">
    <p class='ocr_par' dir='ltr' id='par_1_100' title="bbox 1891 3650 3473 3722">
     <span class='ocr_line' id='line_1_100' title="bbox 1891 3650 3473 3722; baseline -0.003 -13"><span class='ocrx_word' id='word_1_776' title='bbox 1891 3654 2116 3722; x_wconf 80' lang='lat' dir='ltr'><strong>loquens</strong></span> <span class='ocrx_word' id='word_1_777' title='bbox 2138 3650 2538 3707; x_wconf 84' lang='lat' dir='ltr'><strong>similitudinem</strong></span> <span class='ocrx_word' id='word_1_778' title='bbox 2561 3651 2759 3722; x_wconf 88' lang='lat' dir='ltr'><strong>posuit,</strong></span> <span class='ocrx_word' id='word_1_779' title='bbox 2786 3652 3065 3720; x_wconf 85' lang='lat' dir='ltr'><strong>imaginem</strong></span> <span class='ocrx_word' id='word_1_780' title='bbox 3098 3651 3295 3714; x_wconf 85' lang='lat' dir='ltr'><strong>tacuit;</strong></span> <span class='ocrx_word' id='word_1_781' title='bbox 3335 3666 3473 3722; x_wconf 87' lang='lat' dir='ltr'><strong>quo-</strong></span> 
     </span>
    </p>
   </div>
   <div class='ocr_carea' id='block_1_101' title="bbox 1894 3741 3469 3812">
    <p class='ocr_par' dir='ltr' id='par_1_101' title="bbox 1894 3741 3469 3812">
     <span class='ocr_line' id='line_1_101' title="bbox 1894 3741 3469 3812; baseline 0 -15"><span class='ocrx_word' id='word_1_782' title='bbox 1894 3744 2035 3798; x_wconf 85' lang='lat' dir='ltr'><strong>niam</strong></span> <span class='ocrx_word' id='word_1_783' title='bbox 2066 3744 2108 3795; x_wconf 88' lang='lat' dir='ltr'><strong>si</strong></span> <span class='ocrx_word' id='word_1_784' title='bbox 2137 3742 2279 3796; x_wconf 89' lang='lat' dir='ltr'><strong>nulla</strong></span> <span class='ocrx_word' id='word_1_785' title='bbox 2313 3742 2369 3794; x_wconf 88' lang='lat' dir='ltr'><strong>ﬁt</strong></span> <span class='ocrx_word' id='word_1_786' title='bbox 2394 3741 2705 3806; x_wconf 87' lang='lat' dir='ltr'><strong>similitudo,</strong></span> <span class='ocrx_word' id='word_1_787' title='bbox 2729 3742 2962 3809; x_wconf 80' lang='lat' dir='ltr'><strong>proiecto</strong></span> <span class='ocrx_word' id='word_1_788' title='bbox 2989 3757 3087 3796; x_wconf 91' lang='lat' dir='ltr'><strong>nec</strong></span> <span class='ocrx_word' id='word_1_789' title='bbox 3116 3742 3321 3811; x_wconf 85' lang='lat' dir='ltr'><strong>imago:</strong></span> <span class='ocrx_word' id='word_1_790' title='bbox 3344 3742 3469 3812; x_wconf 82' lang='lat' dir='ltr'><strong>quia</strong></span> 
     </span>
    </p>
   </div>
   <div class='ocr_carea' id='block_1_102' title="bbox 1895 3833 3474 3905">
    <p class='ocr_par' dir='ltr' id='par_1_102' title="bbox 1895 3833 3474 3905">
     <span class='ocr_line' id='line_1_102' title="bbox 1895 3833 3474 3905; baseline -0.001 -15"><span class='ocrx_word' id='word_1_791' title='bbox 1895 3836 1983 3890; x_wconf 89' lang='lat' dir='ltr'><strong>ubi</strong></span> <span class='ocrx_word' id='word_1_792' title='bbox 2017 3834 2210 3904; x_wconf 83' lang='lat' dir='ltr'><strong>imago,</strong></span> <span class='ocrx_word' id='word_1_793' title='bbox 2232 3835 2486 3888; x_wconf 89' lang='lat' dir='ltr'><strong>continuo</strong></span> <span class='ocrx_word' id='word_1_794' title='bbox 2512 3833 2845 3901; x_wconf 85' lang='lat' dir='ltr'><strong>similitudo;</strong></span> <span class='ocrx_word' id='word_1_795' title='bbox 2875 3835 3115 3905; x_wconf 79' lang='lat' dir='ltr'><strong>quamvis</strong></span> <span class='ocrx_word' id='word_1_796' title='bbox 3153 3851 3258 3890; x_wconf 86' lang='lat' dir='ltr'><strong>non</strong></span> <span class='ocrx_word' id='word_1_797' title='bbox 3288 3834 3377 3889; x_wconf 87' lang='lat' dir='ltr'><strong>ubi</strong></span> <span class='ocrx_word' id='word_1_798' title='bbox 3398 3834 3474 3889; x_wconf 80' lang='lat' dir='ltr'><strong>6i-</strong></span> 
     </span>
    </p>
   </div>
   <div class='ocr_carea' id='block_1_103' title="bbox 1895 3926 2664 3993">
    <p class='ocr_par' dir='ltr' id='par_1_103' title="bbox 1895 3926 2664 3993">
     <span class='ocr_line' id='line_1_103' title="bbox 1895 3926 2664 3993; baseline -0.005 -12"><span class='ocrx_word' id='word_1_799' title='bbox 1895 3927 2160 3989; x_wconf 81' lang='lat' dir='ltr'><strong>rnilitudo,</strong></span> <span class='ocrx_word' id='word_1_800' title='bbox 2194 3927 2445 3980; x_wconf 82' lang='lat' dir='ltr'><strong>continuo</strong></span> <span class='ocrx_word' id='word_1_801' title='bbox 2470 3926 2664 3993; x_wconf 87' lang='lat' dir='ltr'><strong>imago.</strong></span> 
     </span>
    </p>
   </div>
   <div class='ocr_carea' id='block_1_104' title="bbox 1969 4014 3481 4090">
    <p class='ocr_par' dir='ltr' id='par_1_104' title="bbox 1969 4014 3481 4090">
     <span class='ocr_line' id='line_1_104' title="bbox 1969 4014 3481 4090; baseline -0.001 -15"><span class='ocrx_word' id='word_1_802' title='bbox 1969 4019 2102 4075; x_wconf 74' lang='lat' dir='ltr'><strong>Vlll.</strong></span> <span class='ocrx_word' id='word_1_803' title='bbox 2135 4017 2233 4090; x_wconf 84' lang='grc'><strong>[111.</strong></span> <span class='ocrx_word' id='word_1_804' title='bbox 2256 4034 2326 4081; x_wconf 80' lang='lat' dir='ltr'><strong>tv,</strong></span> <span class='ocrx_word' id='word_1_805' title='bbox 2348 4017 2435 4080; x_wconf 75' lang='lat'><strong>5:2,</strong></span> <span class='ocrx_word' id='word_1_806' title='bbox 2465 4014 2578 4088; x_wconf 77' lang='lat'><strong>55.]</strong></span> <span class='ocrx_word' id='word_1_807' title='bbox 2607 4016 2960 4082; x_wconf 77' lang='lat' dir='ltr'><strong>Qumrendnm</strong></span> <span class='ocrx_word' id='word_1_808' title='bbox 2988 4016 3255 4085; x_wconf 87' lang='lat' dir='ltr'><strong>quomodo</strong></span> <span class='ocrx_word' id='word_1_809' title='bbox 3280 4016 3481 4073; x_wconf 85' lang='lat' dir='ltr'><strong>dictum</strong></span> 
     </span>
    </p>
   </div>
   <div class='ocr_carea' id='block_1_105' title="bbox 1896 4109 3485 4180">
    <p class='ocr_par' dir='ltr' id='par_1_105' title="bbox 1896 4109 3485 4180">
     <span class='ocr_line' id='line_1_105' title="bbox 1896 4109 3485 4180; baseline -0.003 -13"><span class='ocrx_word' id='word_1_810' title='bbox 1896 4113 1991 4179; x_wconf 80' lang='lat' dir='ltr'><strong>sit,</strong></span> <span class='ocrx_word' id='word_1_811' title='bbox 2017 4111 2343 4180; x_wconf 73' lang='lat' dir='ltr'><strong>Interrogata</strong></span> <span class='ocrx_word' id='word_1_812' title='bbox 2368 4111 2474 4163; x_wconf 68' lang='lat' dir='ltr'><strong>dies</strong></span> <span class='ocrx_word' id='word_1_813' title='bbox 2509 4110 2723 4178; x_wconf 64' lang='lat' dir='ltr'><strong>piores,</strong></span> <span class='ocrx_word' id='word_1_814' title='bbox 2756 4109 2841 4177; x_wconf 81' lang='lat' dir='ltr'><strong>qui</strong></span> <span class='ocrx_word' id='word_1_815' title='bbox 2870 4109 3069 4177; x_wconf 81' lang='lat' dir='ltr'><strong>[uerunt</strong></span> <span class='ocrx_word' id='word_1_816' title='bbox 3099 4109 3290 4178; x_wconf 82' lang='lat' dir='ltr'><strong>priores</strong></span> <span class='ocrx_word' id='word_1_817' title='bbox 3316 4120 3363 4163; x_wconf 88' lang='lat' dir='ltr'><strong>te</strong></span> <span class='ocrx_word' id='word_1_818' title='bbox 3384 4151 3399 4174; x_wconf 96' lang='lat'><strong>,</strong></span> <span class='ocrx_word' id='word_1_819' title='bbox 3420 4124 3485 4163; x_wconf 67' lang='lat' dir='ltr'><strong>ex</strong></span> 
     </span>
    </p>
   </div>
   <div class='ocr_carea' id='block_1_106' title="bbox 1897 4202 3480 4274">
    <p class='ocr_par' dir='ltr' id='par_1_106' title="bbox 1897 4202 3480 4274">
     <span class='ocr_line' id='line_1_106' title="bbox 1897 4202 3480 4274; baseline -0.003 -16"><span class='ocrx_word' id='word_1_820' title='bbox 1897 4205 1980 4259; x_wconf 85' lang='lat' dir='ltr'><strong>die</strong></span> <span class='ocrx_word' id='word_1_821' title='bbox 2007 4222 2107 4274; x_wconf 77' lang='lat' dir='ltr'><strong>qua</strong></span> <span class='ocrx_word' id='word_1_822' title='bbox 2124 4203 2304 4256; x_wconf 77' lang='lat' dir='ltr'><strong>creavit</strong></span> <span class='ocrx_word' id='word_1_823' title='bbox 2327 4202 2457 4254; x_wconf 85' lang='lat' dir='ltr'><strong>Deus</strong></span> <span class='ocrx_word' id='word_1_824' title='bbox 2480 4202 2727 4254; x_wconf 80' lang='lat' dir='ltr'><strong>hominem</strong></span> <span class='ocrx_word' id='word_1_825' title='bbox 2753 4216 2903 4268; x_wconf 85' lang='lat' dir='ltr'><strong>super</strong></span> <span class='ocrx_word' id='word_1_826' title='bbox 2929 4210 3132 4261; x_wconf 81' lang='lat' dir='ltr'><strong>terram,</strong></span> <span class='ocrx_word' id='word_1_827' title='bbox 3154 4210 3200 4253; x_wconf 85' lang='lat' dir='ltr'><strong>et</strong></span> <span class='ocrx_word' id='word_1_828' title='bbox 3224 4216 3258 4253; x_wconf 80' lang='grc' dir='ltr'><em>α</em></span> <span class='ocrx_word' id='word_1_829' title='bbox 3282 4215 3480 4253; x_wconf 84' lang='lat' dir='ltr'><strong>summa</strong></span> 
     </span>
    </p>
   </div>
   <div class='ocr_carea' id='block_1_107' title="bbox 1898 4290 3484 4366">
    <p class='ocr_par' dir='ltr' id='par_1_107' title="bbox 1898 4290 3484 4366">
     <span class='ocr_line' id='line_1_107' title="bbox 1898 4290 3484 4366; baseline -0.005 -14"><span class='ocrx_word' id='word_1_830' title='bbox 1898 4298 2011 4352; x_wconf 66' lang='lat' dir='ltr'><strong>mali</strong></span> <span class='ocrx_word' id='word_1_831' title='bbox 2031 4314 2185 4366; x_wconf 75' lang='lat' dir='ltr'><strong>usque</strong></span> <span class='ocrx_word' id='word_1_832' title='bbox 2214 4296 2281 4347; x_wconf 84' lang='lat' dir='ltr'><strong>ad</strong></span> <span class='ocrx_word' id='word_1_833' title='bbox 2300 4310 2547 4347; x_wconf 88' lang='lat' dir='ltr'><strong>sumumm</strong></span> <span class='ocrx_word' id='word_1_834' title='bbox 2576 4294 2706 4345; x_wconf 73' lang='lat' dir='ltr'><strong>coeli.</strong></span> <span class='ocrx_word' id='word_1_835' title='bbox 2734 4290 3229 4351; x_wconf 87' lang='lat' dir='ltr'><strong>Subanditurenim.</strong></span> <span class='ocrx_word' id='word_1_836' title='bbox 3253 4291 3484 4345; x_wconf 87' lang='lat' dir='ltr'><strong>interro-</strong></span> 
     </span>
    </p>
   </div>
   <div class='ocr_carea' id='block_1_108' title="bbox 1892 4381 3486 4461">
    <p class='ocr_par' dir='ltr' id='par_1_108' title="bbox 1892 4381 3486 4461">
     <span class='ocr_line' id='line_1_108' title="bbox 1892 4381 3486 4461; baseline -0.014 -15"><span class='ocrx_word' id='word_1_837' title='bbox 1892 4402 2039 4461; x_wconf 78' lang='lat' dir='ltr'><strong>gate.</strong></span> <span class='ocrx_word' id='word_1_838' title='bbox 2085 4388 2301 4441; x_wconf 69' lang='lat' dir='ltr'><strong>Videtur</strong></span> <span class='ocrx_word' id='word_1_839' title='bbox 2329 4394 2503 4436; x_wconf 87' lang='lat' dir='ltr'><strong>autem</strong></span> <span class='ocrx_word' id='word_1_840' title='bbox 2553 4383 2852 4451; x_wconf 87' lang='lat' dir='ltr'><strong>signiﬁcare</strong></span> <span class='ocrx_word' id='word_1_841' title='bbox 2884 4392 3047 4434; x_wconf 85' lang='grc'><strong>10111111</strong></span> <span class='ocrx_word' id='word_1_842' title='bbox 3078 4381 3261 4435; x_wconf 83' lang='lat' dir='ltr'><strong>urbem</strong></span> <span class='ocrx_word' id='word_1_843' title='bbox 3306 4392 3486 4437; x_wconf 76' lang='lat' dir='ltr'><strong>terra.</strong></span> 
     </span>
    </p>
   </div>
   <div class='ocr_carea' id='block_1_109' title="bbox 1898 4471 3485 4541">
    <p class='ocr_par' dir='ltr' id='par_1_109' title="bbox 1898 4471 3485 4541">
     <span class='ocr_line' id='line_1_109' title="bbox 1898 4471 3485 4541; baseline -0.006 -6"><span class='ocrx_word' id='word_1_844' title='bbox 1898 4496 2041 4535; x_wconf 73' lang='lat' dir='ltr'><strong>rum.</strong></span> <span class='ocrx_word' id='word_1_845' title='bbox 2077 4479 2183 4533; x_wconf 77' lang='lat' dir='ltr'><strong>Sed</strong></span> <span class='ocrx_word' id='word_1_846' title='bbox 2226 4492 2343 4539; x_wconf 89' lang='lat' dir='ltr'><strong>cur,</strong></span> <span class='ocrx_word' id='word_1_847' title='bbox 2371 4492 2401 4526; x_wconf 90' lang='lat' dir='ltr'><strong>a</strong></span> <span class='ocrx_word' id='word_1_848' title='bbox 2435 4490 2633 4528; x_wconf 86' lang='lat' dir='ltr'><strong>summa</strong></span> <span class='ocrx_word' id='word_1_849' title='bbox 2660 4474 2769 4526; x_wconf 79' lang='lat' dir='ltr'><strong>rwli</strong></span> <span class='ocrx_word' id='word_1_850' title='bbox 2794 4488 2949 4541; x_wconf 83' lang='lat' dir='ltr'><strong>usque</strong></span> <span class='ocrx_word' id='word_1_851' title='bbox 2983 4472 3052 4525; x_wconf 80' lang='lat' dir='ltr'><strong>tul</strong></span> <span class='ocrx_word' id='word_1_852' title='bbox 3088 4489 3337 4525; x_wconf 87' lang='lat' dir='ltr'><strong>summum</strong></span> <span class='ocrx_word' id='word_1_853' title='bbox 3374 4471 3485 4526; x_wconf 74' lang='lat' dir='ltr'><strong>(teli</strong></span> 
     </span>
    </p>
   </div>
   <div class='ocr_carea' id='block_1_110' title="bbox 1901 4560 3485 4635">
    <p class='ocr_par' dir='ltr' id='par_1_110' title="bbox 1901 4560 3485 4635">
     <span class='ocr_line' id='line_1_110' title="bbox 1901 4560 3485 4635; baseline -0.007 -6"><span class='ocrx_word' id='word_1_854' title='bbox 1901 4575 2062 4631; x_wconf 78' lang='lat' dir='ltr'><strong>dieat,</strong></span> <span class='ocrx_word' id='word_1_855' title='bbox 2088 4589 2212 4633; x_wconf 88' lang='lat' dir='ltr'><strong>non,</strong></span> <span class='ocrx_word' id='word_1_856' title='bbox 2238 4586 2265 4621; x_wconf 89' lang='lat' dir='ltr'><strong>a</strong></span> <span class='ocrx_word' id='word_1_857' title='bbox 2289 4584 2496 4621; x_wconf 85' lang='lat' dir='ltr'><strong>summo</strong></span> <span class='ocrx_word' id='word_1_858' title='bbox 2522 4575 2680 4619; x_wconf 72' lang='lat' dir='ltr'><strong>terra:</strong></span> <span class='ocrx_word' id='word_1_859' title='bbox 2702 4581 2869 4635; x_wconf 78' lang='lat' dir='ltr'><strong>usque</strong></span> <span class='ocrx_word' id='word_1_860' title='bbox 2900 4565 2963 4621; x_wconf 77' lang='lat' dir='ltr'><strong>ad</strong></span> <span class='ocrx_word' id='word_1_861' title='bbox 2998 4560 3258 4619; x_wconf 86' lang='lat' dir='ltr'><strong>sumntum</strong></span> <span class='ocrx_word' id='word_1_862' title='bbox 3305 4576 3485 4629; x_wconf 77' lang='lat' dir='ltr'><strong>teme,</strong></span> 
     </span>
    </p>
   </div>
   <div class='ocr_carea' id='block_1_111' title="bbox 1904 4656 3487 4726">
    <p class='ocr_par' dir='ltr' id='par_1_111' title="bbox 1904 4656 3487 4726">
     <span class='ocr_line' id='line_1_111' title="bbox 1904 4656 3487 4726; baseline -0.008 -6"><span class='ocrx_word' id='word_1_863' title='bbox 1904 4683 2009 4720; x_wconf 78' lang='lat' dir='ltr'><strong>non</strong></span> <span class='ocrx_word' id='word_1_864' title='bbox 2032 4661 2286 4718; x_wconf 75' lang='lat' dir='ltr'><strong>estlacile</strong></span> <span class='ocrx_word' id='word_1_865' title='bbox 2310 4660 2641 4726; x_wconf 77' lang='lat' dir='ltr'><strong>dignoscere.</strong></span> <span class='ocrx_word' id='word_1_866' title='bbox 2664 4657 2805 4709; x_wconf 75' lang='lat' dir='ltr'><strong>Talis</strong></span> <span class='ocrx_word' id='word_1_867' title='bbox 2845 4658 2985 4710; x_wconf 87' lang='lat' dir='ltr'><strong>enim</strong></span> <span class='ocrx_word' id='word_1_868' title='bbox 3023 4656 3263 4725; x_wconf 78' lang='lat' dir='ltr'><strong>qua-dam</strong></span> <span class='ocrx_word' id='word_1_869' title='bbox 3292 4657 3487 4709; x_wconf 86' lang='lat' dir='ltr'><strong>locutio</strong></span> 
     </span>
    </p>
   </div>
   <div class='ocr_carea' id='block_1_112' title="bbox 1896 4747 3490 4819">
    <p class='ocr_par' dir='ltr' id='par_1_112' title="bbox 1896 4747 3490 4819">
     <span class='ocr_line' id='line_1_112' title="bbox 1896 4747 3490 4819; baseline -0.008 -5"><span class='ocrx_word' id='word_1_870' title='bbox 1896 4768 1989 4814; x_wconf 69' lang='lat' dir='ltr'><strong>est</strong></span> <span class='ocrx_word' id='word_1_871' title='bbox 2015 4766 2069 4813; x_wconf 85' lang='lat' dir='ltr'><strong>et</strong></span> <span class='ocrx_word' id='word_1_872' title='bbox 2094 4757 2143 4808; x_wconf 89' lang='lat' dir='ltr'><strong>in</strong></span> <span class='ocrx_word' id='word_1_873' title='bbox 2179 4752 2461 4819; x_wconf 71' lang='lat' dir='ltr'><strong>Evangelio</strong></span> <span class='ocrx_word' id='word_1_874' title='bbox 2488 4766 2608 4804; x_wconf 82' lang='lat' dir='ltr'><strong>cum</strong></span> <span class='ocrx_word' id='word_1_875' title='bbox 2647 4748 2780 4801; x_wconf 77' lang='lat' dir='ltr'><strong>dicit</strong></span> <span class='ocrx_word' id='word_1_876' title='bbox 2808 4748 3081 4813; x_wconf 80' lang='lat' dir='ltr'><strong>Dominus,</strong></span> <span class='ocrx_word' id='word_1_877' title='bbox 3103 4747 3241 4816; x_wconf 88' lang='lat' dir='ltr'><strong>quod</strong></span> <span class='ocrx_word' id='word_1_878' title='bbox 3263 4763 3490 4815; x_wconf 87' lang='lat' dir='ltr'><strong>congre-</strong></span> 
     </span>
    </p>
   </div>
   <div class='ocr_carea' id='block_1_113' title="bbox 1893 4842 3491 4922">
    <p class='ocr_par' dir='ltr' id='par_1_113' title="bbox 1893 4842 3491 4922">
     <span class='ocr_line' id='line_1_113' title="bbox 1893 4842 3491 4922; baseline -0.008 -18"><span class='ocrx_word' id='word_1_879' title='bbox 1893 4852 2171 4922; x_wconf 52' lang='lat' dir='ltr'><strong>igahuutnr</strong></span> <span class='ocrx_word' id='word_1_880' title='bbox 2198 4846 2352 4901; x_wconf 78' lang='lat' dir='ltr'><strong>electi</strong></span> <span class='ocrx_word' id='word_1_881' title='bbox 2392 4844 2508 4912; x_wconf 82' lang='lat' dir='ltr'><strong>ejus</strong></span> <span class='ocrx_word' id='word_1_882' title='bbox 2534 4860 2564 4895; x_wconf 91' lang='lat' dir='ltr'><strong>a</strong></span> <span class='ocrx_word' id='word_1_883' title='bbox 2590 4842 2798 4896; x_wconf 84' lang='lat' dir='ltr'><strong>smumis</strong></span> <span class='ocrx_word' id='word_1_884' title='bbox 2824 4843 3063 4896; x_wconf 75' lang='lat' dir='ltr'><strong>actorum</strong></span> <span class='ocrx_word' id='word_1_885' title='bbox 3096 4858 3252 4909; x_wconf 79' lang='lat' dir='ltr'><strong>usque</strong></span> <span class='ocrx_word' id='word_1_886' title='bbox 3280 4842 3348 4893; x_wconf 79' lang='lat' dir='ltr'><strong>ad</strong></span> <span class='ocrx_word' id='word_1_887' title='bbox 3389 4850 3491 4893; x_wconf 88' lang='lat' dir='ltr'><strong>ter-</strong></span> 
     </span>
    </p>
   </div>
   <div class='ocr_carea' id='block_1_114' title="bbox 1909 4930 3493 5008">
    <p class='ocr_par' dir='ltr' id='par_1_114' title="bbox 1909 4930 3493 5008">
     <span class='ocr_line' id='line_1_114' title="bbox 1909 4930 3493 5008; baseline -0.009 -11"><span class='ocrx_word' id='word_1_888' title='bbox 1909 4942 2073 4997; x_wconf 80' lang='lat' dir='ltr'><strong>minos</strong></span> <span class='ocrx_word' id='word_1_889' title='bbox 2100 4955 2271 4994; x_wconf 74' lang='lat' dir='ltr'><strong>rorum</strong></span> <span class='ocrx_word' id='word_1_890' title='bbox 2299 4934 2508 5008; x_wconf 78' lang='lat' dir='ltr'><strong>(Matth.</strong></span> <span class='ocrx_word' id='word_1_891' title='bbox 2544 4951 2690 4994; x_wconf 73' lang='lat' dir='ltr'><strong>sxw,</strong></span> <span class='ocrx_word' id='word_1_892' title='bbox 2722 4934 2837 5002; x_wconf 84' lang='grc'><strong>51).</strong></span> <span class='ocrx_word' id='word_1_893' title='bbox 2868 4933 2974 4987; x_wconf 75' lang='lat' dir='ltr'><strong>Nisi</strong></span> <span class='ocrx_word' id='word_1_894' title='bbox 3002 4932 3141 4986; x_wconf 75' lang='lat' dir='ltr'><strong>forte</strong></span> <span class='ocrx_word' id='word_1_895' title='bbox 3182 4932 3266 4985; x_wconf 91' lang='lat' dir='ltr'><strong>hie</strong></span> <span class='ocrx_word' id='word_1_896' title='bbox 3294 4946 3391 4985; x_wconf 88' lang='lat' dir='ltr'><strong>nec</strong></span> <span class='ocrx_word' id='word_1_897' title='bbox 3441 4930 3493 4983; x_wconf 89' lang='lat' dir='ltr'><strong>in</strong></span> 
     </span>
    </p>
   </div>
   <div class='ocr_carea' id='block_1_115' title="bbox 1906 5022 3489 5099">
    <p class='ocr_par' dir='ltr' id='par_1_115' title="bbox 1906 5022 3489 5099">
     <span class='ocr_line' id='line_1_115' title="bbox 1906 5022 3489 5099; baseline -0.013 -7"><span class='ocrx_word' id='word_1_898' title='bbox 1906 5034 2214 5091; x_wconf 76' lang='lat' dir='ltr'><strong>hominibus</strong></span> <span class='ocrx_word' id='word_1_899' title='bbox 2239 5046 2335 5086; x_wconf 81' lang='lat' dir='ltr'><strong>nec</strong></span> <span class='ocrx_word' id='word_1_900' title='bbox 2358 5032 2408 5083; x_wconf 93' lang='lat' dir='ltr'><strong>in</strong></span> <span class='ocrx_word' id='word_1_901' title='bbox 2433 5029 2654 5099; x_wconf 87' lang='lat' dir='ltr'><strong>Angelis</strong></span> <span class='ocrx_word' id='word_1_902' title='bbox 2678 5027 2915 5081; x_wconf 83' lang='lat' dir='ltr'><strong>auditum</strong></span> <span class='ocrx_word' id='word_1_903' title='bbox 2943 5040 3063 5081; x_wconf 88' lang='lat' dir='ltr'><strong>esse</strong></span> <span class='ocrx_word' id='word_1_904' title='bbox 3098 5024 3203 5077; x_wconf 79' lang='lat' dir='ltr'><strong>vult</strong></span> <span class='ocrx_word' id='word_1_905' title='bbox 3247 5022 3489 5091; x_wconf 86' lang='lat' dir='ltr'><strong>intelligi,</strong></span> 
     </span>
    </p>
   </div>
   <div class='ocr_carea' id='block_1_116' title="bbox 1910 5112 3493 5199">
    <p class='ocr_par' dir='ltr' id='par_1_116' title="bbox 1910 5112 3493 5199">
     <span class='ocr_line' id='line_1_116' title="bbox 1910 5112 3493 5199; baseline -0.012 -16"><span class='ocrx_word' id='word_1_906' title='bbox 1910 5127 2052 5199; x_wconf 88' lang='lat' dir='ltr'><strong>quod</strong></span> <span class='ocrx_word' id='word_1_907' title='bbox 2078 5128 2127 5179; x_wconf 84' lang='lat' dir='ltr'><strong>in</strong></span> <span class='ocrx_word' id='word_1_908' title='bbox 2159 5126 2259 5179; x_wconf 87' lang='lat' dir='ltr'><strong>hoc</strong></span> <span class='ocrx_word' id='word_1_909' title='bbox 2291 5122 2485 5193; x_wconf 78' lang='lat' dir='ltr'><strong>populo</strong></span> <span class='ocrx_word' id='word_1_910' title='bbox 2516 5120 2714 5173; x_wconf 77' lang='lat' dir='ltr'><strong>factum</strong></span> <span class='ocrx_word' id='word_1_911' title='bbox 2751 5115 3089 5185; x_wconf 71' lang='lat' dir='ltr'><strong>singulariter</strong></span> <span class='ocrx_word' id='word_1_912' title='bbox 3116 5112 3493 5169; x_wconf 84' lang='lat' dir='ltr'><strong>Commendat:</strong></span> 
     </span>
    </p>
   </div>
   <div class='ocr_carea' id='block_1_117' title="bbox 1914 5205 3496 5285">
    <p class='ocr_par' dir='ltr' id='par_1_117' title="bbox 1914 5205 3496 5285">
     <span class='ocr_line' id='line_1_117' title="bbox 1914 5205 3496 5285; baseline -0.011 -10"><span class='ocrx_word' id='word_1_913' title='bbox 1914 5222 2020 5275; x_wconf 86' lang='lat' dir='ltr'><strong>hoc</strong></span> <span class='ocrx_word' id='word_1_914' title='bbox 2056 5219 2201 5274; x_wconf 88' lang='lat' dir='ltr'><strong>cnim</strong></span> <span class='ocrx_word' id='word_1_915' title='bbox 2229 5216 2494 5285; x_wconf 87' lang='lat' dir='ltr'><strong>sequitur,</strong></span> <span class='ocrx_word' id='word_1_916' title='bbox 2528 5211 2589 5265; x_wconf 85' lang='lat' dir='ltr'><strong>Si</strong></span> <span class='ocrx_word' id='word_1_917' title='bbox 2626 5214 2823 5279; x_wconf 68' lang='lat' dir='ltr'><strong>{artum</strong></span> <span class='ocrx_word' id='word_1_918' title='bbox 2873 5216 2944 5259; x_wconf 82' lang='lat' dir='ltr'><strong>est</strong></span> <span class='ocrx_word' id='word_1_919' title='bbox 2986 5205 3260 5275; x_wconf 65' lang='lat' dir='ltr'><strong>sqcumlum</strong></span> <span class='ocrx_word' id='word_1_920' title='bbox 3296 5206 3496 5259; x_wconf 82' lang='lat' dir='ltr'><strong>verbum</strong></span> 
     </span>
    </p>
   </div>
   <div class='ocr_carea' id='block_1_118' title="bbox 1914 5296 3495 5384">
    <p class='ocr_par' dir='ltr' id='par_1_118' title="bbox 1914 5296 3495 5384">
     <span class='ocr_line' id='line_1_118' title="bbox 1914 5296 3495 5384; baseline -0.01 -18"><span class='ocrx_word' id='word_1_921' title='bbox 1914 5328 2157 5384; x_wconf 83' lang='lat' dir='ltr'><strong>maguum</strong></span> <span class='ocrx_word' id='word_1_922' title='bbox 2185 5310 2299 5372; x_wconf 79' lang='lat' dir='ltr'><strong>hoc,</strong></span> <span class='ocrx_word' id='word_1_923' title='bbox 2327 5307 2369 5358; x_wconf 85' lang='lat' dir='ltr'><strong>si</strong></span> <span class='ocrx_word' id='word_1_924' title='bbox 2399 5303 2627 5357; x_wconf 87' lang='lat' dir='ltr'><strong>auditum</strong></span> <span class='ocrx_word' id='word_1_925' title='bbox 2652 5311 2721 5352; x_wconf 87' lang='lat' dir='ltr'><strong>est</strong></span> <span class='ocrx_word' id='word_1_926' title='bbox 2750 5297 2851 5351; x_wconf 80' lang='lat' dir='ltr'><strong>tale</strong></span> <span class='ocrx_word' id='word_1_927' title='bbox 2875 5298 2994 5362; x_wconf 78' lang='lat' dir='ltr'><strong>quid</strong></span> <span class='ocrx_word' id='word_1_928' title='bbox 3020 5312 3039 5350; x_wconf 89' lang='lat'><strong>:</strong></span> <span class='ocrx_word' id='word_1_929' title='bbox 3066 5297 3111 5349; x_wconf 87' lang='lat' dir='ltr'><strong>si</strong></span> <span class='ocrx_word' id='word_1_930' title='bbox 3149 5296 3341 5349; x_wconf 69' lang='lat' dir='ltr'><strong>audivit</strong></span> <span class='ocrx_word' id='word_1_931' title='bbox 3373 5312 3495 5366; x_wconf 79' lang='lat' dir='ltr'><strong>gens</strong></span> 
     </span>
    </p>
   </div>
   <div class='ocr_carea' id='block_1_119' title="bbox 1912 5387 3497 5460">
    <p class='ocr_par' dir='ltr' id='par_1_119' title="bbox 1912 5387 3497 5460">
     <span class='ocr_line' id='line_1_119' title="bbox 1912 5387 3497 5460; baseline -0.014 1"><span class='ocrx_word' id='word_1_932' title='bbox 1912 5422 2082 5460; x_wconf 74' lang='lat' dir='ltr'><strong>uocem</strong></span> <span class='ocrx_word' id='word_1_933' title='bbox 2119 5401 2208 5453; x_wconf 83' lang='lat' dir='ltr'><strong>Dei</strong></span> <span class='ocrx_word' id='word_1_934' title='bbox 2240 5397 2441 5451; x_wconf 77' lang='lat' dir='ltr'><strong>viventis</strong></span> <span class='ocrx_word' id='word_1_935' title='bbox 2462 5391 2715 5459; x_wconf 81' lang='lat' dir='ltr'><strong>loquentis</strong></span> <span class='ocrx_word' id='word_1_936' title='bbox 2741 5406 2767 5441; x_wconf 84' lang='grc' dir='ltr'><em>ε</em></span> <span class='ocrx_word' id='word_1_937' title='bbox 2791 5389 2951 5441; x_wconf 87' lang='lat' dir='ltr'><strong>medio</strong></span> <span class='ocrx_word' id='word_1_938' title='bbox 2980 5388 3128 5458; x_wconf 67' lang='lat' dir='ltr'><strong>ignis,</strong></span> <span class='ocrx_word' id='word_1_939' title='bbox 3164 5387 3497 5457; x_wconf 76' lang='lat' dir='ltr'><strong>quemadmo-</strong></span> 
     </span>
    </p>
   </div>
   <div class='ocr_carea' id='block_1_120' title="bbox 1913 5479 3501 5553">
    <p class='ocr_par' dir='ltr' id='par_1_120' title="bbox 1913 5479 3501 5553">
     <span class='ocr_line' id='line_1_120' title="bbox 1913 5479 3501 5553; baseline -0.014 0"><span class='ocrx_word' id='word_1_940' title='bbox 1913 5498 2037 5553; x_wconf 83' lang='lat' dir='ltr'><strong>dum</strong></span> <span class='ocrx_word' id='word_1_941' title='bbox 2072 5492 2257 5546; x_wconf 77' lang='lat' dir='ltr'><strong>audisti</strong></span> <span class='ocrx_word' id='word_1_942' title='bbox 2287 5498 2360 5549; x_wconf 90' lang='lat' dir='ltr'><strong>tu,</strong></span> <span class='ocrx_word' id='word_1_943' title='bbox 2387 5496 2433 5541; x_wconf 85' lang='lat' dir='ltr'><strong>et</strong></span> <span class='ocrx_word' id='word_1_944' title='bbox 2473 5483 2638 5539; x_wconf 79' lang='lat' dir='ltr'><strong>vixisti</strong></span> <span class='ocrx_word' id='word_1_945' title='bbox 2668 5483 2706 5535; x_wconf 86' lang='lat'><strong>‘.</strong></span> <span class='ocrx_word' id='word_1_946' title='bbox 2735 5480 2884 5547; x_wconf 79' lang='lat' dir='ltr'><strong>Quod</strong></span> <span class='ocrx_word' id='word_1_947' title='bbox 2926 5481 2968 5535; x_wconf 90' lang='lat' dir='ltr'><strong>si</strong></span> <span class='ocrx_word' id='word_1_948' title='bbox 3012 5481 3079 5533; x_wconf 88' lang='lat' dir='ltr'><strong>ita</strong></span> <span class='ocrx_word' id='word_1_949' title='bbox 3107 5490 3208 5541; x_wconf 85' lang='lat' dir='ltr'><strong>est,</strong></span> <span class='ocrx_word' id='word_1_950' title='bbox 3235 5491 3289 5533; x_wconf 91' lang='lat' dir='ltr'><strong>ut</strong></span> <span class='ocrx_word' id='word_1_951' title='bbox 3320 5494 3416 5533; x_wconf 79' lang='lat' dir='ltr'><strong>nec</strong></span> <span class='ocrx_word' id='word_1_952' title='bbox 3450 5479 3501 5535; x_wconf 90' lang='lat' dir='ltr'><strong>in</strong></span> 
     </span>
    </p>
   </div>
   <div class='ocr_carea' id='block_1_121' title="bbox 1979 5566 3497 5656">
    <p class='ocr_par' dir='ltr' id='par_1_121' title="bbox 1979 5566 3497 5656">
     <span class='ocr_line' id='line_1_121' title="bbox 1979 5566 3497 5656; baseline -0.011 -7"><span class='ocrx_word' id='word_1_953' title='bbox 1979 5604 1997 5635; x_wconf 79' lang='grc' dir='ltr'>ι</span> <span class='ocrx_word' id='word_1_954' title='bbox 2011 5598 2149 5656; x_wconf 74' lang='lat' dir='ltr'><strong>miti,</strong></span> <span class='ocrx_word' id='word_1_955' title='bbox 2163 5602 2209 5643; x_wconf 74' lang='lat' dir='ltr'><strong>et</strong></span> <span class='ocrx_word' id='word_1_956' title='bbox 2222 5588 2400 5643; x_wconf 62' lang='lat' dir='ltr'><strong>musti.</strong></span> <span class='ocrx_word' id='word_1_957' title='bbox 2412 5596 2470 5638; x_wconf 68' lang='lat' dir='ltr'><strong>At</strong></span> <span class='ocrx_word' id='word_1_958' title='bbox 2482 5595 2607 5646; x_wconf 63' lang='lat' dir='ltr'><strong>uss,</strong></span> <span class='ocrx_word' id='word_1_959' title='bbox 2621 5590 2665 5634; x_wconf 88' lang='lat' dir='ltr'><strong>et</strong></span> <span class='ocrx_word' id='word_1_960' title='bbox 2679 5566 2857 5635; x_wconf 61' lang='lat' dir='ltr'><strong>rixis-ti.</strong></span> <span class='ocrx_word' id='word_1_961' title='bbox 2870 5581 2943 5633; x_wconf 81' lang='lat' dir='ltr'><strong>sic</strong></span> <span class='ocrx_word' id='word_1_962' title='bbox 2954 5570 3284 5635; x_wconf 72' lang='lat' dir='ltr'><strong>etimn&#39;Lxxet</strong></span> <span class='ocrx_word' id='word_1_963' title='bbox 3296 5580 3497 5646; x_wconf 64' lang='grc' dir='ltr'><strong>1111ῃο</strong></span> 
     </span>
    </p>
   </div>
  </div>
