3862 6316
459 277 768 336 hominibus
789 288 890 332 nec
910 274 964 330 in
981 271 1202 344 Angelis
1219 269 1324 326 hoc
1348 272 1778 334 dicatauditum;
1811 269 1937 339 quid
1963 279 2048 324 est

461 387 590 441 ergo
619 369 746 424 illud
775 369 826 423 iu
850 366 1157 436 Evangelio,
1183 363 1228 417 Î‘
1256 364 1466 417 summis
1509 346 1748 416 rectorum
1786 377 1941 430 usque
1984 359 2051 414 ad

463 467 700 520 terminos
740 479 941 523 eorum,
973 475 1094 514 cum
1139 459 1254 512 sine
1292 456 1455 512 dubio
1491 455 1746 510 Dominus
1785 454 1886 508 hoc
1940 454 2046 520 ait,

461 573 582 613 cum
606 556 672 610 de
714 555 1000 608 novissima
1044 552 1337 606 electorum
1375 564 1595 603 suorum
1638 546 2050 617 congregatione

460 646 802 717 loqueretur?

534 739 623 793 IX.
655 738 753 810 (Ib.
785 752 841 799 v,
866 737 901 790 9.
928 733 1008 806 4.]
1036 733 1174 800 Quid
1207 741 1288 786 cst
1326 731 1467 802 quod
1494 731 1586 794 ait,
1629 729 1876 784 Dominus
1913 727 2049 782 Deus

460 844 619 887 uester
642 831 887 902 disposuit
919 829 984 882 ad
1006 845 1091 881 vos
1122 834 1471 880 testamentum
1493 827 1545 878 in
1576 823 1748 878 Horeb
1775 839 1795 876 :
1820 839 1920 876 non
1953 839 2050 892 pa-

465 925 625 979 tribus
666 925 842 979 vestris
874 921 1117 991 disposuit
1147 918 1396 972 Dominus
1421 927 1770 972 testamentum
1816 917 1930 982 hoc,
1963 914 2050 969 sed

462 1020 530 1073 ad
549 1036 654 1079 vos,
691 1034 777 1070 vos
811 1017 892 1069 hic
920 1031 1091 1068 omnes
1129 1015 1345 1067 viventes
1386 1012 1564 1078 hodie;
1613 1010 1746 1080 facie
1773 1011 1839 1063 ad
1870 1009 2052 1080 faciem

462 1111 658 1163 locutus
687 1118 758 1161 est
787 1105 1032 1159 Dominus
1066 1105 1134 1160 ad
1157 1121 1240 1157 v05
1261 1104 1314 1156 in
1339 1112 1508 1156 monte
1529 1119 1556 1155 e
1590 1102 1754 1155 medio
1777 1101 1946 1172 ignis?
1969 1107 2048 1153 An

461 1203 581 1272 quia
611 1199 684 1254 illi
709 1200 796 1269 qui
830 1214 934 1252 non
963 1195 1331 1266 ingrediuntur
1357 1195 1409 1249 in
1442 1204 1639 1249 terram
1683 1192 2051 1264 promissionis

464 1292 684 1364 (mortui
706 1303 823 1346 sunt
853 1291 994 1346 enim
1052 1304 1239 1344 onmes
1265 1287 1284 1358 )
1316 1303 1419 1341 non
1458 1288 1726 1357 pertinent
1753 1285 1816 1340 ad
1850 1286 1950 1338 hoc
1973 1296 2050 1339 te-

458 1394 781 1442 stamentum
805 1427 821 1448 ,
856 1399 1078 1454 quorum
1107 1392 1233 1436 tunc
1267 1381 1560 1450 recognitio
1589 1381 1722 1433 iacta
1744 1388 1845 1444 est,
1874 1394 1993 1432 cum
2019 1394 2051 1432 a

459 1478 643 1548 viginti
682 1476 838 1531 annis
866 1476 1036 1530 anatis
1080 1485 1131 1529 cl
1161 1488 1319 1542 supra
1352 1481 1760 1525 numerarentur
1792 1484 1957 1538 usque
1984 1467 2051 1522 ad

459 1570 837 1640 quinquaginta
864 1581 1034 1621 atmos
1060 1566 1264 1620 habiles
1285 1564 1351 1619 ad
1375 1563 1606 1618 bellum?
1626 1561 1903 1630 Quomodo
1924 1575 2052 1631 ergo

459 1659 567 1715 illis
589 1661 796 1713 locutus
813 1667 894 1713 est
912 1658 1187 1722 Dominus,
1211 1657 1298 1725 qui
1319 1655 1476 1710 hodie
1497 1655 1710 1708 vivunt?
1733 1655 1812 1707 An
1839 1653 1959 1724 quia
1983 1667 2051 1707 ex

461 1751 645 1823 viginti
675 1752 829 1806 annis
854 1760 909 1806 et
947 1750 1080 1805 inira
1106 1756 1396 1820 potuerunt
1423 1748 1575 1803 multi
1612 1757 1738 1801 tunc
1776 1761 1929 1812 esse,
1960 1745 2049 1815 qui

461 1845 566 1899 hoc
595 1845 731 1900 bene
779 1843 1183 1907 meminissent,
1216 1841 1375 1896 alieni
1407 1841 1474 1895 ab
1520 1840 1611 1894 illa
1644 1854 1798 1908 poena
1824 1881 1838 1906 ,
1891 1852 2048 1907 quam

461 1935 603 1990 Deus
619 1935 893 1990 constituit.
912 1934 1014 1987 illis
1026 1933 1114 2002 qui
1136 1942 1260 1987 tunc
1285 1932 1546 1986 numerati
1565 1941 1708 1996 sunt,
1729 1944 1832 1983 non
1853 1929 2050 1983 intrare

463 2027 517 2083 in
541 2036 736 2081 terram
776 2024 1179 2096 promissionis;
1224 2033 1279 2078 et
1317 2023 1416 2077 hos
1468 2023 1646 2093 utique
1676 2021 1928 2091 appellat,
1960 2020 2050 2089 qui

463 2119 705 2189 quamvis
729 2117 911 2187 viginti
934 2132 1192 2170 annorum
1223 2126 1275 2169 ct
1297 2129 1456 2184 supra
1480 2130 1583 2167 non
1617 2121 1815 2176 essent,
1838 2110 2051 2182 quando

461 2211 606 2266 Deus
639 2211 690 2264 in
713 2220 896 2264 monte
921 2208 1257 2278 loquebatur,
1289 2217 1346 2260 ut
1373 2205 1641 2260 numerari
1666 2213 1790 2258 tunc
1811 2211 2047 2272 possent,

463 2310 750 2373 potuerunt
777 2312 949 2356 tamen
978 2317 1098 2356 esse
1125 2300 1311 2355 decem
1333 2311 1386 2354 et
1418 2313 1609 2353 novem
1642 2305 1696 2352 et
1724 2297 1858 2352 infra
1883 2310 2052 2366 usque

463 2393 531 2448 ad
558 2392 810 2462 puerilem
837 2402 1071 2458 nitatem,
1099 2407 1218 2460 qua:
1249 2399 1427 2460 posset
1443 2390 1528 2444 illa
1545 2405 1662 2460 quae
1685 2389 1819 2443 facta
1842 2398 1894 2442 et
1913 2387 2050 2442 dicta

465 2495 591 2540 sunt
616 2493 671 2540 et
698 2483 898 2550 videre,
923 2493 976 2539 et
1000 2483 1207 2548 audire,
1231 2491 1284 2538 et
1310 2483 1565 2538 memoria
1600 2481 1862 2537 retinere?

534 2574 638 2631 Sed
660 2574 785 2645 quid
820 2574 1067 2645 estquod
1095 2575 1189 2639 ait,
1224 2572 1382 2628 Facie
1405 2574 1472 2627 ad
1499 2574 1679 2644 faciem
1705 2575 1725 2605 '
1755 2574 1952 2626 loeutus
1981 2583 2051 2626 est

463 2667 714 2722 Dominus
752 2667 820 2720 ad
861 2683 984 2732 vos;
1023 2681 1156 2736 quos
1185 2666 1341 2736 paulo
1366 2676 1486 2720 ante
1512 2667 1738 2720 maxime
1765 2666 2053 2719 admonere

465 2758 688 2824 curavit,
739 2757 885 2828 quod
951 2757 1152 2811 nullam
1212 2757 1610 2812 similitudinem
1657 2755 1904 2822 viderint,
1959 2754 2053 2810 sed

464 2849 635 2903 solam
661 2863 848 2903 vocem
891 2846 959 2902 de
987 2846 1165 2902 medio
1209 2847 1345 2916 ignis
1384 2846 1686 2900 audierint?
1728 2848 1808 2900 An
1838 2856 2054 2916 propter

463 2957 645 2996 rerum
689 2940 1029 3006 euidentiam,
1058 2949 1112 2994 et
1141 2937 1530 3009 quodammodo
1572 2936 1905 3006 pra-sentiam
1936 2952 2051 2989 ma-

465 3032 728 3088 nifestata:
767 3031 1076 3096 divinitatis,
1107 3029 1175 3084 de
1217 3045 1318 3099 qua
1365 3030 1610 3083 dubitare
1651 3043 1807 3080 nemo
1851 3036 2050 3096 posset,

465 3125 550 3178 bis
579 3124 755 3179 verbis
801 3139 930 3179 usus
971 3122 1091 3178 est?
1138 3121 1287 3189 Quod
1318 3123 1362 3175 si
1409 3123 1479 3175 ita
1509 3130 1612 3185 est,
1639 3119 1763 3188 quid
1812 3118 2055 3188 prohibet

466 3215 536 3270 de
565 3215 680 3286 ipso
710 3215 890 3287 Moyse
935 3214 1037 3269 hoc
1085 3213 1330 3282 intelligi,
1379 3213 1430 3266 in
1480 3227 1544 3266 eo
1587 3210 1726 3280 quod
1758 3211 1824 3264 de
1852 3212 1942 3264 illo
1968 3211 2052 3265 di-

466 3317 608 3362 ctum
638 3317 742 3374 est,
771 3307 914 3376 quod
944 3306 1077 3362 facie
1104 3306 1170 3359 ad
1220 3305 1407 3358 faciem
1457 3302 1664 3357 locutus
1713 3302 1783 3356 sit
1821 3317 1941 3356 cum
1988 3317 2054 3357 eo

466 3398 722 3452 Dominus
766 3396 961 3470 (Exod.
1017 3411 1207 3459 xxxm,
1275 3394 1380 3463 ll),
1438 3401 1637 3448 utnec
1689 3393 1802 3462 ipse
1855 3391 2053 3462 aliquid

467 3489 634 3544 oculis
663 3489 852 3543 viderit
894 3497 1086 3557 prmter
1132 3484 1345 3555 ignem?
1386 3485 1468 3537 Au
1495 3483 1695 3554 aliquid
1721 3485 1948 3552 amplius
1977 3484 2052 3537 vi-

467 3581 611 3636 disse
659 3579 984 3649 intelligitur,
1015 3578 1138 3647 quia
1175 3577 1429 3646 scriptnm
1470 3585 1553 3631 est
1577 3592 1698 3630 eum
1735 3576 1959 3631 intrasse
2000 3577 2052 3631 in

469 3674 713 3728 nebulam
745 3673 823 3726 vel
856 3670 1093 3725 nimbum
1135 3670 1225 3725 ubi
1271 3680 1386 3724 crat
1431 3671 1572 3726 Deus
1601 3667 1711 3742 (Id.
1743 3686 1888 3735 xxiv,
1923 3669 2054 3742 18)?

469 3762 575 3817 Sed
623 3761 724 3818 etsi
773 3760 968 3828 aliquid
1007 3761 1234 3831 amplius
1279 3761 1430 3826 vidit,
1457 3775 1616 3830 quam
1662 3761 1764 3826 illi;
1795 3777 1900 3814 non
1931 3777 2052 3815 eum

467 3864 646 3909 tamen
691 3853 999 3908 mortalibus
1023 3853 1190 3906 oculis
1232 3853 1429 3907 vidisse
1476 3853 1568 3907 Dei
1608 3853 1956 3906 substantiam
1988 3869 2053 3907 ex

466 3945 574 3998 illis
602 3946 721 4015 ejus
765 3943 943 4000 verbis
990 3944 1210 4014 intelligi
1257 3954 1452 4013 potest,
1481 3945 1673 4014 quibus
1711 3947 1785 3999 ait
1810 3946 1918 3999 Deo
1947 3963 1960 3998 :
1992 3944 2054 4000 Si

467 4035 630 4088 inveni
675 4035 891 4106 gratiam
929 4044 1045 4088 ante
1087 4044 1153 4101 te,
1199 4035 1402 4088 ostende
1447 4035 1571 4088 milii
1622 4036 1950 4106 temetipsum,
2001 4044 2053 4088 ut

466 4125 679 4182 scienter
715 4125 911 4179 uideam
945 4134 991 4179 te
1019 4124 1127 4198 (Id.
1157 4141 1341 4190 Ï‡Ï‡Ï‡Î¹Î¹Î¹,
1372 4126 1485 4196 15).
1517 4125 1698 4195 Neque
1724 4127 1863 4180 enim
1906 4125 2052 4179 arbi-

471 4216 720 4272 trandum
750 4224 832 4271 est
879 4216 1022 4272 hunc
1048 4215 1320 4285 populum,
1349 4215 1434 4269 cui
1480 4215 1688 4285 Moyses
1719 4216 2050 4284 loquebatur,

465 4307 545 4363 sic
592 4317 716 4363 tunc
765 4307 964 4364 vidisse
1005 4307 1170 4362 Deum
1220 4307 1355 4361 l'acie
1401 4306 1466 4361 ad
1509 4307 1714 4373 faciem,
1742 4308 1952 4377 quando
1998 4308 2053 4363 in

467 4409 651 4454 monte
714 4400 1026 4469 loquebatur
1070 4414 1101 4453 e
1152 4397 1329 4454 medio
1399 4397 1554 4469 ignis,
1607 4399 2052 4469 quemadmodum

469 4494 759 4564 Apostolus
784 4493 913 4548 dicit
955 4494 1008 4546 in
1054 4492 1157 4547 line
1201 4507 1301 4547 nos
1342 4507 1462 4548 esse
1501 4493 1730 4560 visuros,
1785 4493 1872 4548 ubi
1915 4495 1989 4548 ait
2032 4511 2046 4547 :

477 4582 718 4636 Videmus
746 4599 878 4636 nunc
919 4599 1008 4652 per
1046 4583 1304 4652 speculum
1340 4583 1393 4636 in
1431 4584 1715 4654 (enigmate,
1745 4595 1860 4638 tunc
1887 4596 2053 4639 autem

467 4674 600 4742 facie
638 4675 705 4726 ad
749 4674 948 4744 facient.
980 4672 1115 4740 Quid
1144 4683 1318 4728 autem
1351 4673 1471 4741 hoc,
1505 4683 1559 4730 ct
1594 4685 1848 4745 quantum
1887 4686 2048 4744 esset,

465 4774 856 4835 consequenter
902 4767 1128 4835 aperuit,
1178 4765 1360 4822 dicens
1411 4785 1424 4820 :
1475 4766 1629 4822 Nunc
1667 4771 1768 4822 scio
1803 4785 1864 4822 ea:
1891 4783 2046 4838 parte,

467 4866 584 4910 tunc
614 4866 778 4909 autem
797 4872 1095 4928 cognoscam
1124 4858 1251 4910 sicut
1272 4869 1316 4911 et
1341 4859 1570 4929 cognitus
1590 4877 1700 4913 sum
1729 4860 1772 4930 (1
1790 4859 1904 4916 Cor.
1934 4878 2048 4927 Ï‡Î¹Î¹Î¹,

467 4949 578 5017 12).
618 4950 769 5017 Quod
812 4950 970 5004 etiam
1019 4947 1192 5018 ipsum
1236 4960 1391 5005 caute
1434 4951 1796 5022 accipiendum
1846 4964 1947 5017 est,
1984 4969 2052 5010 ne

467 5051 667 5097 tantam
721 5052 936 5112 putetur
977 5043 1254 5097 habiturus
1307 5045 1466 5097 homo
1517 5045 1869 5113 cognitionem
1917 5047 2048 5114 Dei,

467 5143 719 5203 quantam
774 5148 913 5188 nunc
958 5133 1115 5189 habet
1167 5133 1399 5188 hominis
1445 5133 1617 5197 Deus;
1667 5135 1759 5189 sed
1804 5152 1902 5204 pro
1953 5155 2051 5193 suo

469 5225 630 5278 modo
676 5225 744 5278 ita
778 5225 1084 5294 perfectam,
1126 5234 1182 5277 ut
1219 5225 1266 5278 ei
1314 5223 1443 5278 nihil
1492 5223 1665 5278 adhuc
1717 5237 2052 5296 exspectetur

467 5317 770 5373 addendum
800 5336 813 5372 :
853 5327 909 5372 ut
933 5333 1090 5387 quam
1118 5316 1350 5386 perfecte
1377 5331 1516 5371 nunc
1546 5317 1682 5372 Deus
1713 5320 1858 5374 novit
1885 5321 2052 5376 homi-

467 5425 614 5477 nem,
645 5410 738 5465 sed
785 5417 960 5464 tamen
1009 5410 1145 5463 sicut
1175 5409 1314 5463 Deus
1353 5408 1642 5474 hominem,
1668 5410 1738 5463 ita
1771 5420 1893 5466 tunc
1932 5428 2054 5481 per-

464 5540 884 5665 Îá½²Î´á½²Î¹Ï…Îµá½³Î¹Î¹Ï€Î¹Ï‰ÎµÎµ,
907 5538 1081 5605 faciem
1100 5539 1165 5590 ad
1186 5538 1360 5603 faciem
1382 5541 1487 5592 :uti
1503 5555 1670 5607 graec,
1688 5540 1921 5606 prosopon
1943 5543 2055 5596 [tata

1267 155 1733 226 QUESTIONUM
1770 151 1830 212 s.
1869 141 2235 213 AUGUSTINI
2271 152 2340 211 IN
2377 156 2944 220 HEPTATEUCHUM

2157 270 2294 326 lecte
2337 275 2542 328 noverit
2591 274 2752 331 homo
2801 279 2989 345 Deum,
3030 278 3123 333 sed
3177 289 3368 336 tamen
3423 281 3566 337 sicut
3603 282 3738 342 homo

2155 367 2342 422 Deum.
2390 369 2571 440 Neque
2600 372 2745 426 enim
2787 374 2907 442 quia
2937 372 3135 428 dictum
3176 385 3291 439 est,
3331 374 3512 430 Estote
3537 384 3736 448 perfecti,

2155 461 2280 514 sicut
2309 460 2461 515 Pater
2493 475 2652 516 vester
2692 463 2902 519 caelestis
2943 469 3192 537 perfectus
3221 477 3298 521 est
3327 464 3548 543 (Matth.
3575 485 3625 532 v,
3646 472 3738 544 48),

2155 551 2275 606 ideo
2302 554 2654 623 aequalitatem
2693 555 2883 622 Patris,
2913 573 3070 627 quam
3093 557 3343 614 Verbum
3393 559 3560 615 habet
3586 564 3738 634 unige-

2156 646 2346 711 nitum,
2370 662 2588 717 sperare
2613 648 2869 704 debemus
2899 667 2912 704 :
2942 652 3188 720 quamvis
3220 668 3334 706 non
3367 651 3635 708 defuerint
3669 659 3740 726 qui

2156 746 2208 790 et
2265 736 2366 792 hoc
2410 739 2640 792 futurum
2686 740 3005 809 putaverint,
3059 743 3160 798 nisi
3215 743 3366 798 forte
3415 743 3545 815 quid
3588 743 3739 801 dicant

2155 842 2338 897 parum
2368 831 2711 902 intelligimus
2733 832 2834 903 (a).

2227 919 2293 974 Î§.
2325 919 2424 993 [lb.
2456 939 2508 986 v,
2539 924 2592 992 5,
2625 924 2679 990 6,
2707 924 2821 998 24]
2851 925 2987 992 Quid
3011 936 3093 982 est
3118 926 3268 997 quod
3305 929 3406 993 ait,
3450 927 3522 983 Et
3551 946 3636 1002 ego
3661 940 3740 986 sta-

2157 1011 2273 1064 bant
2314 1011 2444 1066 inter
2479 1011 2754 1068 Dominum
2781 1025 2826 1069 et
2851 1033 2936 1070 vos
2961 1017 3011 1070 in
3038 1027 3270 1089 tempore
3311 1018 3432 1085 illo,
3460 1023 3738 1078 annuntiare

2155 1102 2290 1157 vobis
2312 1105 2456 1157 verba
2483 1103 2720 1170 Domini;
2753 1117 2998 1178 tauquam
3029 1109 3081 1163 in
3121 1110 3243 1165 loco
3288 1120 3443 1167 esset
3488 1112 3737 1180 Dominus,

2156 1192 2258 1249 hoc
2284 1204 2366 1249 est
2392 1195 2443 1248 in
2480 1207 2661 1253 monte
2695 1197 2834 1254 unde
2867 1200 2943 1254 illi
2970 1216 3127 1256 voces
3145 1202 3495 1258 audiebant?
3514 1204 3659 1272 Quod
3681 1207 3741 1263 sic

2156 1286 2523 1356 accipiendum
2549 1301 2651 1356 est,
2686 1300 2740 1343 ut
2768 1306 2871 1345 non
2893 1307 2956 1347 ex
2999 1291 3101 1347 hoc
3130 1294 3491 1363 suSpicemur
3525 1295 3616 1351 Dei
3639 1298 3742 1351 sub.

2156 1379 2402 1461 stantiam
2454 1379 2507 1434 in
2548 1381 2655 1435 ullo
2699 1382 2877 1453 aliquo
2918 1397 3037 1438 esse
3079 1385 3361 1455 corporali
3400 1385 3541 1451 loco,
3571 1388 3653 1456 qui
3677 1397 3742 1442 est

2159 1471 2350 1541 ubique
2375 1480 2536 1539 totus,
2567 1489 2664 1527 nec
2691 1489 2787 1543 per
2825 1476 3062 1529 locorum
3106 1476 3403 1532 intervalla
3450 1479 3740 1549 propinquat

2155 1572 2247 1618 aut
2266 1564 2500 1619 recedit:
2533 1566 2626 1620 sed
2657 1567 3136 1624 demonstrationes
3163 1569 3288 1640 ejus
3312 1570 3369 1625 in
3403 1587 3468 1626 ea
3499 1585 3738 1640 creatura,

2155 1674 2274 1728 quae
2314 1673 2418 1713 non
2445 1670 2528 1714 est
2553 1659 2693 1729 quod
2724 1661 2857 1729 ipse,
2887 1676 2992 1716 non
3035 1661 3190 1718 aliter
3218 1662 3484 1718 humanis
3521 1665 3737 1719 sensibus

2156 1751 2490 1807 exhibentur.
2524 1753 2676 1809 Unde
2718 1755 2972 1810 Dominus
3000 1757 3184 1812 volens
3211 1756 3437 1812 auferre
3473 1756 3542 1811 ab
3582 1757 3738 1825 hujus-

2156 1844 2299 1898 modi
2325 1846 2714 1914 suspicionibus
2759 1856 2993 1903 mentem
3033 1857 3306 1916 nostram,
3335 1849 3532 1918 quibus
3552 1855 3737 1918 putatur

2155 1934 2296 1989 Deus
2345 1937 2461 1991 loco
2516 1938 2693 2008 aliquo
2737 1939 2999 1995 contineri
3055 1957 3070 1994 :
3124 1937 3332 2004 Veniet,
3387 1939 3580 2010 inquit,
3608 1940 3733 2001 liora,

2155 2028 2355 2098 quando
2379 2046 2535 2097 neque
2567 2031 2620 2083 in
2645 2041 2813 2086 monte
2839 2033 2952 2096 hoc,
2985 2048 3142 2103 neque
3184 2033 3248 2086 in
3287 2030 3625 2103 Jerosolgmis
3660 2031 3733 2083 ad.

2156 2118 2360 2173 orabitis
2387 2117 2614 2174 Patrem.
2634 2119 2730 2175 Vos
2753 2122 2979 2175 adoratis
3002 2122 3137 2192 quod
3159 2123 3379 2176 nescitis
3413 2137 3432 2176 :
3459 2138 3548 2175 nos
3571 2121 3732 2175 adora-

2156 2229 2267 2265 mus
2294 2211 2428 2282 quod
2449 2213 2666 2279 scimus;
2695 2213 2814 2283 quia
2856 2213 2994 2269 salus
3033 2229 3096 2268 ex
3119 2213 3332 2269 Judaeis
3375 2223 3468 2269 est.
3503 2212 3605 2269 Sed
3627 2214 3734 2267 venit

2157 2302 2284 2356 hora
2325 2313 2369 2356 et
2425 2320 2558 2357 nunc
2603 2313 2697 2372 est,
2739 2305 2939 2375 quando
2983 2306 3086 2359 veri
3132 2305 3444 2361 adoratores
3482 2304 3732 2358 adorabunt

2158 2393 2366 2448 Patrem
2391 2395 2443 2448 in
2468 2397 2646 2466 spiritu
2670 2407 2719 2450 et
2745 2398 2968 2452 veritate.
2994 2396 3132 2452 Nam
3155 2407 3204 2452 et
3240 2398 3407 2453 Pater
3431 2399 3557 2452 tales
3583 2399 3731 2468 quierit

2157 2486 2241 2556 qui
2267 2487 2475 2540 adorent
2503 2504 2634 2541 eum.
2670 2487 2894 2558 Spiritus
2917 2498 2988 2543 est
3016 2489 3174 2557 Deus,
3219 2500 3274 2544 et
3313 2507 3400 2545 eos
3425 2493 3511 2559 qui
3543 2489 3730 2542 adorant

2159 2597 2294 2642 eum,
2327 2582 2378 2633 in
2422 2582 2603 2651 spiritu
2631 2591 2680 2636 et
2727 2583 2933 2636 ueritate
2973 2592 3170 2652 oportet
3215 2584 3448 2638 adorare
3472 2582 3639 2654 (Joau.
3667 2595 3724 2645 tv,

2157 2671 2375 2742 21-24).
2405 2672 2632 2726 Medium
2674 2688 2801 2744 ergo
2828 2689 2887 2729 se
2923 2673 3056 2728 dixit
3087 2674 3310 2747 Moyses
3345 2692 3453 2732 non
3499 2678 3627 2731 inter
3654 2671 3726 2726 Dei

2158 2762 2504 2818 substantiam
2543 2772 2598 2817 et
2642 2765 2895 2834 populum
2945 2765 3225 2822 intervallo
3278 2769 3462 2839 aliquo
3500 2764 3724 2832 loci;sed

2158 2854 2279 2918 quia
2307 2868 2401 2923 per
2419 2869 2541 2908 eum
2563 2854 2758 2923 placuit
2787 2856 2982 2926 populo
3009 2857 3192 2913 audire
3222 2869 3428 2914 etetera
3453 2859 3544 2914 Dei
3569 2855 3721 2920 verba,

2159 2957 2502 3015 posmaquam
2527 2946 2870 3003 vehementer
2897 2959 2980 3004 est
3006 2950 3245 3016 territus,
3276 2951 3459 3006 audita
3486 2951 3552 3007 de
3578 2949 3724 3005 medio

2160 3037 2296 3108 ignis
2317 3053 2446 3092 voce
2477 3037 2569 3093 Dei
2597 3039 2824 3094 dicentis
2849 3041 3167 3112 Decalogum
3192 3041 3358 3113 legis.

2229 3130 2333 3186 Sed
2385 3134 2576 3189 merito
2623 3137 2879 3205 quazritur
2935 3137 3204 3207 quomodo
3258 3138 3585 3207 accipiantur
3626 3134 3718 3188 hac

2161 3223 2320 3277 verba
2352 3223 2768 3293 Deuteronomii,
2814 3227 3024 3282 dicente
3071 3229 3274 3299 Moyse,
3328 3229 3394 3282 Et
3428 3245 3517 3299 ego
3555 3228 3715 3282 stabam

2158 3315 2287 3370 inter
2319 3315 2591 3371 Dominum
2618 3329 2665 3374 et
2685 3335 2769 3374 vos
2798 3321 2851 3373 in
2890 3331 3111 3390 tempore
3137 3306 3248 3388 illo,
3281 3322 3582 3376 annuntiare
3605 3318 3714 3372 vobis

2160 3406 2305 3460 verba
2328 3406 2569 3472 Domini;
2595 3411 2830 3480 quoniam
2871 3411 3102 3465 timuistis
3147 3427 3180 3465 a
3217 3413 3351 3484 facie
3389 3411 3539 3482 ignis,
3571 3418 3712 3463 etnon

2160 3498 2454 3551 ascendistis
2479 3499 2532 3551 in
2561 3510 2794 3564 montem,
2829 3500 3018 3568 dicens,
3049 3499 3160 3571 Ego
3183 3519 3295 3556 sum
3331 3501 3575 3555 Dominus
3603 3496 3712 3550 Deus

2159 3599 2293 3655 tuus,
2323 3601 2378 3645 et
2396 3599 2586 3645 cmtera
2618 3608 2773 3660 :qua:
2805 3592 2916 3660 jam
2949 3594 3106 3647 verba
3130 3593 3224 3648 Dei
3250 3603 3397 3657 sunt,
3427 3607 3542 3663 qua:
3578 3591 3710 3644 Deca-

2160 3682 2310 3753 logus
2335 3683 2589 3736 continet.
2619 3683 2754 3750 Quid
2791 3698 2920 3754 ergo
2952 3685 3063 3739 vult
3098 3685 3239 3754 quod
3281 3685 3505 3750 addidit,
3537 3678 3711 3736 dicens?

2159 3773 2213 3828 Si
2256 3775 2394 3828 enim
2445 3777 2806 3843 putaverimus
2833 3775 3180 3847 hyperbaton,
3213 3787 3270 3831 ut
3302 3777 3438 3832 ordo
3463 3774 3707 3830 verborum

2157 3867 2246 3931 sit,
2280 3867 2347 3919 Et
2372 3883 2461 3936 ego
2504 3868 2697 3922 stabam
2748 3870 2878 3922 inter
2925 3869 3198 3923 Dominum
3244 3880 3291 3922 et
3335 3885 3421 3923 vos
3447 3870 3499 3922 in
3526 3875 3710 3932 tempore

2158 3960 2266 4023 illo,
2299 3961 2598 4015 annuntiare
2636 3962 2772 4016 vobis
2808 3962 2955 4016 verba
3000 3961 3226 4029 Domini,
3272 3963 3467 4028 dicens,
3502 3961 3601 4030 Ego
3621 3969 3706 4010 sum

2158 4052 2406 4110 Dominus
2441 4053 2576 4108 Deus
2597 4065 2709 4108 tuus
2737 4071 2755 4108 :
2784 4071 2887 4110 non
2914 4056 3018 4110 erit
3045 4071 3249 4111 verum.
3283 4056 3403 4111 Non
3445 4055 3579 4110 enim
3617 4049 3706 4103 hac

2159 4146 2319 4201 verba
2362 4162 2457 4216 per
2485 4147 2698 4218 Moysen
2744 4148 2987 4218 papulus,
3028 4149 3123 4204 sed
3172 4150 3239 4205 de
3272 4149 3453 4204 medio
3490 4145 3612 4216 ignis
3627 4153 3700 4194 au-

2158 4238 2290 4293 divit
2322 4257 2333 4292 :
2361 4241 2502 4310 quod
2529 4256 2649 4295 cum
2677 4242 2938 4295 sustinere
2978 4257 3082 4296 non
3128 4253 3310 4312 posset
3352 4241 3531 4296 audito
3566 4236 3704 4289 Deca-

2160 4330 2301 4401 logo,
2336 4331 2619 4400 postulavit
2644 4343 2697 4384 ut
2725 4347 2819 4400 per
2846 4331 3061 4403 Moysen
3088 4342 3279 4388 cartera
3307 4331 3527 4386 audiret.
3553 4325 3705 4379 Restat

2158 4437 2286 4492 ergo
2327 4433 2382 4476 ut
2422 4424 2563 4492 quod
2613 4423 2840 4492 positum
2885 4434 2986 4490 est,
3021 4428 3206 4490 dicens,
3252 4443 3350 4498 pro
3394 4440 3458 4480 eo
3505 4419 3702 4492 positum

2159 4514 2530 4583 intelligamus,
2581 4529 2644 4568 ac
2690 4517 2732 4569 si
2773 4526 2934 4584 esset,
2988 4517 3120 4571 Cum
3170 4518 3406 4581 diceret;
3449 4524 3506 4568 ut
3539 4512 3628 4566 iste
3647 4504 3704 4558 sit

2157 4620 2366 4671 sensus,
2405 4606 2470 4660 Et
2511 4624 2601 4677 ego
2645 4609 2839 4664 stabam
2865 4612 2994 4665 inter
3034 4609 3309 4664 Dominum
3337 4619 3385 4664 et
3414 4624 3495 4662 vos
3521 4607 3568 4660 in
3601 4611 3702 4654 tem-

2159 4716 2280 4769 pore
2332 4700 2442 4768 illo,
2487 4705 2790 4757 annuntiare
2832 4704 2967 4757 vobis
3017 4704 3164 4757 verba
3211 4703 3450 4764 Domini;
3497 4693 3699 4768 quoniam

2160 4791 2391 4846 timuistis
2411 4809 2441 4845 a
2470 4794 2600 4862 facie
2635 4795 2787 4864 ignis,
2830 4805 2876 4847 et
2919 4811 3021 4847 non
3059 4796 3355 4850 ascendistis
3397 4795 3450 4846 in
3495 4793 3698 4844 meum".

2158 4898 2276 4936 cum
2308 4883 2528 4947 diceret,
2559 4883 2671 4952 Ego
2696 4901 2805 4936 sum
2830 4883 3078 4939 Dominus
3106 4884 3245 4940 Deus
3273 4897 3387 4940 tuus
3409 4899 3428 4938 :
3455 4891 3510 4937 ut
3540 4876 3700 4932 subau-

2157 4973 2348 5034 diatur,
2378 4989 2498 5028 cum
2541 4973 2741 5028 diceret
2785 4976 2966 5044 utique
2989 4976 3264 5032 Dominus.
3291 4977 3422 5032 Cum
3451 4972 3581 5028 enim
3605 4966 3698 5018 huic

2156 5065 2315 5120 verba
2355 5064 2555 5119 diceret
2589 5065 2862 5131 Dominus,
2900 5081 3019 5136 qum
3055 5078 3439 5139 consequenter
3472 5078 3532 5118 ex
3562 5059 3696 5112 Deca-

2159 5157 2277 5226 logo
2301 5167 2490 5211 cuncta
2519 5168 2920 5226 commemorat,
2952 5169 3075 5215 tunc
3099 5164 3271 5216 timuit
3296 5159 3512 5233 p0pulus
3534 5169 3561 5206 a
3585 5145 3696 5204 facie

2157 5247 2313 5316 ignis,
2345 5257 2400 5302 et
2439 5264 2541 5302 non
2574 5249 2811 5304 ascendit
2859 5251 2911 5304 in
2960 5262 3211 5317 montem,
3246 5261 3300 5307 et
3327 5248 3521 5321 rogavit
3546 5252 3595 5296 ut
3617 5249 3697 5308 Î¡Î¸Ï„

2155 5336 2372 5406 Moysen
2426 5339 2604 5406 potius
2664 5341 2823 5396 verba
2873 5341 3079 5397 Domini
3125 5343 3329 5399 audiret
3390 5336 3569 5413 (Exod.
3616 5341 3692 5393 Î¹Î¹Î¹

2157 5426 2244 5492 Î¹Î´,
2288 5427 2398 5498 Î¹Î¸).

2221 5608 2292 5664 ia)
2323 5608 2491 5663 Confer
2511 5612 2656 5668 Epist.
2678 5611 2758 5672 92,
2777 5626 2825 5665 Î¹Î¹.
2851 5613 2902 5674 5,
2927 5622 2978 5665 et
3001 5613 3108 5672 147.
3121 5627 3172 5666 Î¹Î¹.
3195 5614 3275 5666 36.
3488 5651 3495 5662 ,
3536 5639 3544 5650 .
3568 5619 3624 5649 Î·Î´Îµ

3659 164 3833 231 732Î¹

3831 375 3833 530 i

3831 1157 3833 1284 Î¹

3817 4889 3833 5418 á¼¢
