3862 6298
132 305 242 364 ’15⁸5

204 418 343 487 Qum
375 418 541 473 verba
569 416 776 487 Moyses
817 420 1195 469 commemorat
1224 411 1276 464 in
1317 404 1731 463 Dcuteronomio

132 511 277 566 dicta
313 510 422 564 sibi
472 526 502 563 a
548 509 764 579 populo,
807 521 925 561 cum
956 504 1140 558 audire
1180 503 1287 570 jam
1322 500 1523 553 nollent
1548 510 1731 551 vocem

136 605 258 669 Dei,
284 603 385 658 sed
420 618 515 672 per
536 618 655 656 eum
685 610 921 670 peterent
946 599 1042 652 sibi
1071 598 1172 650 dici
1195 610 1311 664 qua:
1328 593 1537 647 dicebat
1563 591 1729 653 Deus;

136 697 190 752 id
219 706 326 758 est,
380 695 522 749 Ecce
563 696 774 749 ostendit
808 692 1056 746 Dominus
1088 689 1221 743 Deus
1262 698 1423 742 noster
1448 686 1585 739 nobis
1623 686 1737 753 glo—

137 789 272 841 riam
296 804 474 852 suam,
502 794 548 840 et
571 802 736 839 vocem
777 786 885 855 ejus
919 781 1195 836 audivimus
1237 795 1264 832 e
1307 778 1467 831 medio
1495 776 1644 846 ignis,
1686 781 1739 827 et

138 888 340 933 caetera
379 894 393 929 :
426 893 534 931 non
564 876 748 931 eadem
794 888 1010 944 prorsus
1053 873 1297 940 leguntur
1334 869 1385 921 in
1417 866 1621 927 Exodo,
1649 862 1739 918 ubi

141 969 383 1037 primum
434 976 644 1021 narrata
685 973 824 1029 sunt,
870 980 987 1035 qua:
1032 963 1190 1016 modo
1232 966 1557 1029 repetuntur.
1592 953 1741 1011 Unde

142 1060 539 1129 intelligamus,
582 1058 722 1128 quod
791 1055 1072 1126 aliquoties
1126 1054 1236 1121 jam
1304 1048 1737 1115 commemoravi,

142 1168 254 1208 non
297 1168 426 1207 esse
456 1154 506 1206 in
539 1151 814 1206 mendacio
839 1147 1219 1217 deputandum,
1262 1146 1305 1199 si
1335 1144 1452 1198 aliis
1479 1140 1739 1212 quibusli-

143 1245 237 1300 bet
281 1245 471 1299 verbis
523 1244 709 1300 eadem
771 1242 1015 1297 voluntas
1071 1238 1472 1299 manifestatur,
1528 1242 1742 1304 propter

144 1334 620 1406 Evangelistarum
675 1334 835 1391 etiam
880 1332 1060 1397 verba,
1108 1346 1225 1400 qua:
1269 1328 1337 1382 ab
1384 1325 1641 1395 imperitis
1689 1332 1745 1379 et

142 1426 508 1481 calumniosis
555 1436 802 1496 tanquam
868 1421 1213 1493 repugnantia
1261 1416 1739 1488 reprehenduntur.

142 1516 337 1588 Neque
369 1520 517 1573 enim
573 1532 818 1588 magnum
859 1523 974 1569 erat
1023 1512 1187 1583 Moysi
1234 1510 1509 1564 attendere
1548 1524 1664 1578 quae
1691 1505 1742 1560 in

144 1608 342 1663 Exodo
374 1611 683 1678 scripserat,
712 1617 764 1662 et
790 1606 987 1660 eisdem
1023 1602 1237 1657 omnino
1266 1600 1443 1655 verbis
1474 1599 1555 1651 illa
1588 1612 1743 1662 repe—

145 1709 285 1757 tere.
325 1700 433 1754 nisi
469 1700 755 1769 pertineret
796 1698 861 1751 ad
899 1705 1108 1751 sanctos
1137 1694 1382 1748 doctores
1411 1700 1621 1744 nostros
1646 1688 1746 1743 hoc

146 1792 328 1862 ipsum
365 1794 642 1848 insinuare
685 1789 1031 1850 discentibus,
1072 1794 1130 1840 ut
1170 1784 1295 1838 niltil
1324 1783 1462 1837 aliud
1490 1782 1542 1835 in
1572 1780 1745 1833 verbis

146 1885 491 1954 loquentium
522 1892 778 1953 quarrant,
811 1881 910 1935 nisi
960 1878 1281 1932 voluntatem
1326 1884 1539 1944 prepter
1587 1885 1744 1941 quam

148 1974 541 2029 enuntiandam
575 1974 735 2027 verba
764 1971 996 2026 instituta
1026 1976 1168 2022 sunt.

220 2067 317 2122 XI.
355 2066 463 2139 [11).
495 2082 550 2131 v,
580 2062 694 2137 εει]
720 2063 853 2133 Quid
895 2071 978 2117 est
1018 2060 1157 2130 quod
1198 2062 1272 2114 ait
1315 2058 1520 2129 Moyses
1549 2056 1746 2111 dictum

150 2158 251 2213 sibi
305 2174 434 2214 esse
482 2173 512 2211 a
563 2158 782 2211 Domino
832 2155 898 2209 de
941 2153 1135 2223 popqu
1173 2152 1417 2217 Ilebrteo,
1454 2150 1577 2215 Quis
1610 2149 1748 2201 dabit

153 2267 261 2303 esse
298 2251 375 2303 sic
417 2264 508 2302 cor
541 2264 712 2302 eorum
755 2247 806 2300 in
835 2248 924 2307 eis,
952 2255 1007 2297 ut
1035 2244 1239 2297 timeant
1269 2259 1366 2304 nte,
1396 2250 1441 2295 et
1465 2240 1749 2293 custodiant

151 2341 404 2394 mandata
450 2341 595 2393 mea?
640 2340 719 2392 An
764 2338 849 2391 hic
882 2336 990 2405 jam
1027 2334 1138 2388 vult
1172 2332 1411 2401 intelligi,
1458 2330 1623 2399 gratia
1654 2343 1748 2382 sua

152 2433 379 2489 concedi
414 2431 522 2486 Itoc
559 2429 894 2487 beneﬁcium,
942 2436 999 2481 ιιι
1040 2427 1107 2479 sit
1134 2426 1184 2477 in
1216 2423 1519 2477 hominibus
1546 2421 1747 2488 jnstitia

154 2523 248 2578 Dei
292 2540 359 2578 ex
412 2522 541 2588 lide,
575 2538 678 2575 non
710 2520 857 2590 quasi
891 2516 1122 2588 propria,
1150 2516 1293 2569 velut
1326 2529 1391 2568 ex
1422 2510 1596 2581 Lege?
1638 2511 1750 2565 IIoc

154 2615 382 2669 enimet
432 2628 529 2681 per
569 2610 879 2681 prophetam
925 2606 1216 2676 signiﬁcat,
1264 2604 1466 2666 dicens,
1511 2603 1751 2671 Auferam

155 2706 225 2758 eis
249 2722 339 2757 cor
369 2704 647 2775 lapideum,
677 2711 721 2755 et
750 2701 879 2754 dabo
908 2700 978 2753 eis
1025 2715 1111 2752 cor
1154 2712 1387 2752 corneum
1436 2694 1641 2765 (Ezecli.
1670 2710 1744 2757 x1,

157 2798 255 2862 19,
287 2808 357 2852 et-
380 2813 572 2862 xxxvi,
602 2795 695 2865 26)
728 2812 739 2847 :
773 2792 911 2863 quod
938 2800 1153 2861 propter
1179 2804 1394 2844 sensum
1424 2788 1619 2841 dictum
1644 2794 1747 2853 est,

156 2905 314 2959 quem
366 2903 494 2944 caro
544 2887 720 2948 habet,
770 2894 824 2940 et
867 2884 997 2953 lapis
1038 2898 1141 2937 non
1182 2880 1359 2945 habet,
1383 2880 1546 2933 verbo
1572 2879 1750 2947 utique

159 2979 443 3035 translato.
478 2977 587 3031 Hoc
617 2976 787 3045 ipsum
836 2983 890 3029 et
930 2973 1054 3027 alibi
1101 2971 1231 3026 dicit
1278 2988 1291 3022 :
1352 2968 1485 3023 Ecce
1539 2968 1643 3021 dies
1671 2984 1751 3021 ve-

157 3070 326 3136 niunt,
389 3069 509 3122 dicit
562 3067 831 3130 Dominus,
884 3074 929 3117 et
968 3060 1321 3118 consummabo
1357 3076 1510 3131 super
1548 3060 1750 3112 domum

157 3159 327 3216 Israel
353 3170 401 3213 et
426 3177 578 3228 super
606 3159 811 3212 domum
843 3156 872 3209 ,Ι
881 3156 981 3209 uda
1019 3163 1367 3208 testamentum
1400 3168 1580 3204 novum
1604 3167 1621 3214 ;
1650 3167 1751 3204 non

155 3252 437 3306 secundum
466 3258 814 3303 testamentum
849 3244 985 3317 quod
1021 3243 1245 3311 disposui
1275 3242 1343 3295 ad
1380 3252 1546 3311 patres
1580 3256 1752 3293 eorum

154 3342 209 3395 in
238 3341 324 3393 die
367 3356 470 3409 qua
503 3335 818 3405 apprehendi
848 3350 1052 3387 manum
1086 3348 1279 3397 eorum,
1309 3340 1361 3382 ut
1390 3330 1645 3382 educerem
1669 3346 1753 3383 eos

158 3432 224 3485 de
253 3438 395 3482 terra
419 3427 654 3498 Egypti.
702 3424 953 3489 Quoniam
993 3423 1087 3475 hoc
1122 3430 1194 3475 est
1236 3427 1581 3473 testamentum
1620 3416 1754 3487 quod

157 3519 396 3590 disposui
422 3518 489 3570 ad
513 3534 616 3582 eos,
645 3524 756 3585 post
792 3514 897 3567 dies
926 3513 1040 3566 illos
1070 3527 1090 3565 :
1115 3511 1242 3564 dans
1270 3509 1401 3580 leges
1430 3525 1563 3563 meas
1591 3509 1643 3561 in
1669 3525 1758 3561 cor

159 3628 361 3676 eorum,
395 3620 440 3664 et
476 3610 529 3662 in
560 3616 721 3661 mente
759 3622 931 3659 eorum
965 3601 1329 3674 superscribam
1358 3617 1461 3663 eas,
1489 3610 1535 3653 et
1569 3600 1756 3669 iniqui-

167 3714 327 3758 totum
386 3719 557 3757 eorum
604 3711 651 3753 et
703 3708 1019 3771 peccatorum
1064 3712 1238 3751 eorum
1289 3711 1389 3749 11011
1436 3711 1626 3747 memor
1673 3711 1757 3748 6Υο

167 3796 391 3864 amplius
446 3792 657 3861 (Jerem.
705 3805 854 3855 xm,
902 3788 1110 3859 51-34).
1166 3786 1276 3839 Hoc
1313 3785 1454 3839 enim
1506 3784 1761 3839 discernit

169 3886 377 3940 Novum
419 3883 814 3939 Testamentum
856 3894 887 3932 a
918 3878 1117 3942 Veteri,
1158 3876 1301 3945 quod
1340 3876 1391 3929 in
1434 3873 1612 3928 Veteri
1637 3873 1759 3929 data

173 3990 251 4034 est
283 3978 395 4032 Lex
446 3977 498 4030 in
546 3975 739 4029 tabulis
784 3971 1030 4041 lapideis,
1078 3970 1129 4024 in
1167 3969 1313 4022 Novo
1339 3976 1513 4021 autem
1556 3968 1605 4021 in
1635 3983 1759 4022 cor-

170 4068 347 4129 dibus,
378 4067 517 4139 quod
550 4066 606 4120 ﬁt
638 4081 734 4135 per
752 4064 995 4134 gratiam.
1028 4059 1179 4116 Unde
1202 4069 1256 4113 et
1285 4058 1570 4125 Apostolus
1601 4058 1757 4123 dicit,

176 4159 295 4213 Non
342 4159 395 4211 in
437 4158 619 4211 tabulis
666 4155 899 4224 lapideis,
949 4152 1037 4206 sed
1079 4152 1133 4205 in
1177 4150 1356 4204 tabulis
1387 4152 1550 4204 cordis
1575 4167 1759 4203 carna-

177 4251 303 4305 libus
335 4268 351 4305 :
392 4260 448 4305 et
472 4250 577 4303 alio
600 4251 737 4314 loco,
766 4245 984 4299 Idoneos
1010 4261 1119 4307 nos,
1150 4245 1339 4314 inquit,
1367 4244 1480 4312 fecit
1508 4244 1762 4297 ministros

180 4341 309 4398 Novi
334 4342 658 4406 Testamenti,
686 4356 787 4393 non
813 4339 1011 4403 litterae,
1042 4336 1129 4390 sed
1161 4337 1369 4406 spiritus
1393 4338 1407 4369 ¹
1433 4335 1500 4407 (11
1536 4335 1655 4390 Cor.
1684 4352 1759 4403 ιιι,

175 4433 227 4502 5,
257 4435 335 4506 ti).

244 4525 358 4580 XII.
391 4524 493 4598 [11).
523 4538 597 4588 v1,
622 4518 734 4593 15.]
760 4518 908 4587 Quod
936 4517 1010 4571 ait
1038 4518 1102 4572 de
1132 4518 1375 4583 Domino,
1399 4516 1467 4571 Et
1489 4520 1541 4571 in
1567 4519 1766 4572 nomine

178 4618 281 4687 ejus
315 4618 541 4689 jurabis,
588 4629 692 4670 non
749 4613 820 4667 ita
879 4618 1203 4681 praeceptum
1249 4610 1613 4679 accipiendum
1660 4618 1762 4676 est,

180 4714 321 4781 quasi
360 4712 532 4783 jurari
580 4708 831 4777 jusserit;
884 4706 979 4761 sed
1030 4706 1081 4759 in
1130 4705 1348 4760 alterius
1403 4704 1628 4772 alicujus
1673 4704 1767 4759 Dei

183 4807 393 4860 nomine
411 4804 577 4873 jnrari
607 4800 890 4871 prohibuit.
920 4799 1108 4854 Melius
1136 4807 1311 4853 autem
1336 4798 1392 4851 llt
1414 4799 1458 4852 si
1479 4797 1769 4853 secundum

185 4893 524 4969 Evangelium
556 4908 654 4948 nec
697 4892 957 4963 juraveris
1012 4888 1220 4961 (Matth.
1254 4905 1310 4955 v,
1356 4890 1471 4955 54);
1514 4904 1617 4943 non
1646 4890 1766 4959 quia

186 4988 314 5041 mala
340 4997 427 5043 est
464 5001 584 5040 vera
616 4985 833 5055 juratio,
865 4982 960 5037 sed
1004 4998 1071 5038 ne
1110 4982 1162 5037 in
1194 4982 1479 5052 perjurium
1507 4982 1770 5037 incidatur

186 5077 435 5136 facilitate
459 5079 692 5150 jnrandi.
731 5078 831 5147 Qui
858 5078 997 5133 enim
1020 5077 1183 5147 jurat,
1216 5094 1321 5132 non
1361 5078 1531 5133 solum
1562 5094 1765 5145 verum,

189 5172 275 5224 sed
304 5175 462 5228 etiam
498 5172 686 5226 falsum
732 5171 912 5238 jurare
950 5177 1127 5238 potest
1166 5169 1306 5245 ε,ηυί
1340 5179 1516 5226 autem
1552 5172 1769 5226 omnino

192 5277 287 5316 non
313 5266 476 5332 jurat,
505 5280 531 5317 a
564 5262 795 5334 perjurio
826 5263 979 5331 longe
1004 5260 1258 5314 ambulat.

259 5354 391 5412 XIII.
440 5354 541 5429 [lb.
574 5371 686 5419 vut,
742 5352 823 5426 2.]
876 5351 944 5407 Et
996 5352 1336 5408 recordaberis
1391 5371 1585 5409 omnem
1639 5357 1770 5410 viam

196 5459 333 5510 quan:
358 5451 378 5479 ²
401 5448 542 5501 duxit
571 5458 616 5501 te
642 5446 888 5499 Dominus
914 5444 1055 5500 Deus
1094 5457 1208 5499 tuus
1240 5446 1293 5499 in
1317 5447 1529 5510 deserto,
1570 5457 1621 5501 ut
1647 5450 1772 5518 ami-

258 5558 272 5586 ¹
297 5561 366 5609 sic
386 5560 738 5629 optimae‘notre
782 5566 886 5629 Mss.
920 5556 1368 5629 justa_apostolt_tm
1413 5560 1463 5607 in
1498 5572 1772 5629 grmeo._ou

198 5618 496 5684 Ψᾳηιιιιίιιὶιδ,⁸
515 5618 613 5669 ulla
635 5618 1008 5684 pneumatos.’_At
1031 5618 1276 5679 editi,'non
1297 5619 1470 5680 littera,
1485 5618 1571 5671 sed
1579 5620 1768 5684 spiritu.

200 5681 429 5789 m‘xuliti,
451 5681 577 5733 ciant
606 5681 691 5744 per
714 5693 874 5743 quam.
909 5682 1074 5741 Abest,
1097 5694 1209 5743 per,
1241 5694 1271 5731 ει
1306 5690 1412 5732 Mss.
1459 5690 1511 5733 et
1548 5695 1577 5731 ιι
1604 5681 1771 5745 graeco

1486 290 1685 346 LIBER
1724 286 2064 356 QUARTUS.
2126 358 2141 365 _
2190 256 2193 263 ’

3319 289 3425 346 754

1841 410 1977 475 geret
1996 410 2062 465 te,
2087 408 2134 454 et
2159 408 2372 455 tentaret
2392 407 2456 465 te,
2474 409 2521 454 et
2539 401 2740 472 cognita
2763 401 2945 469 faceret
2961 415 3075 472 qua
3089 402 3144 456 in
3166 400 3318 457 corde
3336 409 3423 457 tuo

1841 505 1978 557 sunt,
2008 492 2053 546 si
2074 490 2352 546 observabis
2380 491 2622 544 mandata
2655 494 2783 562 ejus,
2814 508 2882 544 an
2916 507 3037 544 non.
3068 491 3163 547 llic
3190 492 3427 561 apertius

1842 585 2040 640 dictum
2060 596 2161 647 est,
2179 584 2317 653 quod
2347 583 2468 637 alibi
2495 599 2689 654 genere
2717 583 2997 638 locutionis
3017 584 3300 639 obscurum
3320 594 3424 649 est,

1844 677 1932 733 ubi
1959 678 2166 745 legitur,
2203 674 2381 730 Tentat
2406 692 2492 728 vos
2513 674 2762 729 Dominus
2789 675 2925 728 Dms
2949 685 3127 739 vester,
3157 684 3211 728 ut
3237 675 3365 729 sciat
3385 677 3430 730 si

1846 768 2053 839 diligitis
2076 784 2185 820 eum
2219 766 2393 838 (Deut.
2422 781 2538 831 χιιι,
2571 766 2647 834 5).
2675 766 2988 836 lntelligitur
3012 766 3153 820 enim
3199 766 3431 835 positum

1846 874 1985 925 esse,
2016 867 2068 912 ut
2090 859 2237 929 sciat,
2264 872 2361 927 pro
2386 873 2450 911 eo
2476 856 2619 927 quod
2662 868 2764 919 est,
2811 867 2867 912 ut
2892 858 3015 914 sciri
3060 859 3246 923 faciat;
3287 860 3431 929 quod

1846 949 2006 1004 modo
2035 948 2263 1002 dilucide
2303 946 2500 1001 dictum
2544 958 2646 1011 est,
2681 946 2748 1002 Ut
2793 957 3003 1002 tentaret
3048 960 3115 1015 te,
3155 959 3200 1002 et
3226 951 3429 1020 cognita

1848 1043 2031 1111 faceret
2062 1056 2174 1111 qtae
2198 1040 2252 1093 in
2280 1040 2433 1092 corde
2458 1049 2542 1092 tuo
2557 1048 2710 1093 sunt:
2736 1054 2840 1095 non
2869 1042 3011 1095 enim
3043 1041 3133 1106 ait,
3159 1051 3212 1096 et
3235 1056 3435 1113 cogno-

1845 1142 2053 1197 sceret;
2084 1132 2224 1201 quod
2258 1132 2471 1202 quidem
2502 1130 2549 1185 si
2576 1130 2816 1197 dixisset,
2857 1132 3258 1203 intelligendum
3291 1144 3429 1202 erat,

1846 1224 2052 1293 cognita
2084 1223 2299 1276 laceret.

1919 1313 2057 1369 XIV.
2100 1311 2198 1386 [11).
2222 1330 2296 1378 lx,
2332 1312 2472 1385 6.8.]
2497 1312 2566 1367 Et
2589 1314 2717 1368 scias
2745 1313 2894 1368 hodie
2932 1315 3049 1383 quia
3090 1331 3189 1370 non
3232 1326 3438 1387 propter

1839 1408 2068 1481 justitias
2097 1417 2207 1460 tuas
2236 1405 2484 1459 Dominus
2521 1404 2658 1460 Deus
2684 1415 2800 1461 tuus
2826 1406 2911 1458 dat
2940 1406 3027 1459 tibi
3046 1416 3229 1459 terram
3254 1407 3439 1461 bonam

1848 1498 1996 1554 istam
2048 1500 2377 1562 Itwreditttre;
2416 1499 2658 1569 quoniam
2705 1499 2925 1569 papulas
2965 1500 3094 1552 dura
3136 1501 3322 1554 cervice
3362 1518 3434 1555 es.

1849 1591 2006 1647 Certe
2034 1592 2117 1646 isti
2155 1602 2276 1646 sunt
2314 1594 2402 1661 qui
2447 1602 2724 1659 pmptcrea
2769 1608 2873 1646 non
2914 1602 3223 1648 meruerunt
3263 1595 3440 1664 perire

1850 1682 1906 1737 in
1930 1683 2163 1745 deserto,
2191 1684 2311 1753 quia
2336 1684 2638 1736 nescierunt
2666 1683 2938 1738 dexteram
2966 1696 3050 1737 aut
3084 1686 3351 1739 sinistram
3377 1688 3392 1717 ι
3420 1704 3435 1738 :

1850 1790 1976 1830 ecce
2014 1775 2122 1844 jam
2171 1776 2302 1828 dura
2349 1776 2556 1829 cervice
2584 1775 2935 1845 appellantur.
2968 1775 3124 1831 Unde
3150 1777 3439 1832 videndum

1852 1879 1928 1923 est
1962 1867 2089 1921 illud
2120 1869 2170 1921 in
2220 1876 2554 1922 sacramento
2597 1882 2716 1922 esse
2756 1867 2976 1931 dictum,
3008 1883 3113 1922 non
3139 1869 3279 1939 quod
3308 1871 3439 1923 isto-

1850 1976 1969 2014 rum
2001 1960 2187 2014 merita
2216 1959 2585 2014 commendata
2617 1961 2742 2014 sint.
2772 1959 2903 2014 Nam
2932 1976 3000 2015 ne
3026 1963 3146 2030 quis
3169 1961 3442 2016 existimet

1851 2053 2027 2107 subito
2062 2053 2189 2107 istos
2214 2053 2589 2123 vituperabiles
2632 2052 2817 2116 factos,
2865 2054 2954 2122 qui
2998 2054 3189 2107 merito
3218 2054 3442 2109 fuissent

1852 2156 1976 2200 ante
2016 2145 2230 2210 laudati,
2259 2146 2415 2213 paulo
2457 2153 2575 2214 post
2617 2147 2695 2200 cis
2740 2145 2933 2201 dicitur
2961 2162 2975 2199 :
3006 2146 3201 2200 Memor
3228 2156 3351 2212 esto,
3380 2165 3442 2202 ne

1853 2237 2178 2299 obliviscaris,
2225 2246 2412 2307 quanta
2460 2237 2767 2292 exacerbasti
2806 2238 3080 2293 Dominum
3110 2238 3270 2292 Deum
3302 2249 3443 2293 tuum

1852 2328 1907 2380 in
1957 2327 2190 2389 deserto;
2239 2344 2302 2381 ex
2348 2344 2450 2397 qua
2506 2328 2589 2381 die
2634 2328 2804 2381 existis
2850 2329 2870 2359 ’
2918 2329 2982 2382 de
3028 2338 3162 2383 terra
3200 2327 3439 2399 £gypti,

1855 2418 2012 2470 donec
2056 2418 2257 2471 venistis
2298 2419 2352 2471 in
2396 2418 2561 2471 locum
2610 2420 2762 2484 hunc,
2798 2419 3048 2474 increduli
3094 2421 3443 2491 perseverastis

1854 2524 1967 2577 qua:
1992 2508 2059 2560 ad
2088 2508 2376 2561 Dominum.
2411 2508 2563 2576 Quod
2586 2509 2628 2563 si
2656 2509 2868 2578 quidam
2893 2525 3077 2565 eorum
3108 2512 3241 2567 tales
3270 2520 3443 2575 erant,

1855 2600 2066 2670 quidam
2116 2615 2244 2655 vero
2285 2600 2468 2655 fideles
2509 2611 2559 2655 et
2609 2601 2753 2667 boni,
2802 2603 2961 2656 etiam
3006 2604 3083 2658 sic
3127 2619 3232 2658 non
3265 2604 3446 2674 utique

1856 2692 1960 2746 iliis
1989 2692 2145 2747 datur
2174 2702 2312 2749 terra
2351 2694 2745 2765 promissionis,
2773 2697 2859 2765 qui
2890 2695 3134 2750 nesciunt
3171 2697 3446 2752 dexteram

1854 2794 1945 2840 aut
1970 2786 2261 2852 sinistram,
2320 2796 2378 2841 ut
2443 2788 2544 2841 hoc
2606 2789 2683 2841 sic
2738 2787 3094 2857 intelligamus
3140 2788 3289 2858 quasi
3338 2804 3449 2843 non

1856 2876 2176 2930 offenderint
2200 2876 2387 2930 Deum.
2416 2876 2547 2931 Nam
2592 2886 2647 2931 et
2692 2886 2870 2945 patres
2899 2893 3107 2944 eorum,
3136 2879 3222 2948 qui
3250 2879 3447 2933 mortui

1854 2975 1999 3030 sunt,
2044 2982 2141 3020 nec
2189 2966 2239 3020 in
2284 2966 2526 3022 eamdem
2558 2977 2751 3023 terram
2785 2969 2981 3024 intrare
3017 2970 3258 3039 permissi
3302 2979 3448 3039 sunt,

1857 3060 1990 3114 tales
2034 3057 2380 3113 inveniuntur
2431 3058 2622 3125 fuisse,
2673 3070 2728 3113 ut
2776 3062 2827 3114 in
2883 3062 2962 3117 eis
3004 3072 3187 3117 essent
3233 3063 3450 3133 quidam

1856 3151 2015 3205 etiam
2042 3150 2187 3204 boni.
2221 3150 2447 3220 Propter
2474 3152 2614 3221 quod
2650 3153 2955 3222 Apostolus,
2983 3169 3089 3208 non
3111 3170 3321 3220 omnes,
3351 3154 3449 3209 sed

1857 3241 2115 3311 quosdam
2158 3255 2343 3295 eorum
2393 3241 2521 3296 dicit
2566 3242 2869 3310 olTemlisse,
2918 3244 2969 3298 in
3018 3246 3230 3315 quibus,
3260 3262 3449 3301 eorum

1860 3340 2073 3400 peccata
2106 3333 2549 3402 commemorata
2576 3330 2695 3387 Cor.
2726 3350 2778 3396 χ,
2798 3335 2985 3403 5-40).
3015 3336 3229 3390 Similes
3254 3337 3452 3407 quippe

1862 3422 1992 3476 istos
2041 3425 2348 3492 parentibus
2402 3425 2533 3490 suis,
2588 3426 2659 3478 ita
2700 3426 3000 3480 evidentius
3045 3427 3203 3482 docet
3241 3436 3297 3483 et
3352 3428 3451 3483 ista

1861 3511 2132 3581 Scriptura
2187 3515 2607 3578 Deutcronomii,
2648 3517 2788 3585 quod
2826 3529 3217 3587 consequenter
3262 3520 3453 3589 adjun-

1862 3606 1957 3674 git,
2009 3616 2063 3661 et
2104 3606 2233 3660 dicit
2280 3625 2292 3660 :
2344 3606 2412 3660 Et
2456 3608 2509 3660 in
2558 3606 2727 3661 Iloreb
2772 3610 3105 3665 exacerbastis
3156 3610 3451 3667 Dominum.

1864 3694 1964 3749 Ubi
2016 3702 2159 3749 certe
2206 3696 2281 3750 illi
2332 3699 2805 3764 exacerbaverunt,
2854 3701 2942 3769 qui
2994 3710 3216 3771 propter
3266 3702 3453 3758 eadem

1863 3784 2002 3838 mala
2050 3785 2235 3839 merita
2286 3802 2380 3841 sua
2423 3802 2529 3842 non
2581 3798 2705 3842 sunt
2748 3790 2800 3844 in
2848 3798 3046 3845 terram
3088 3791 3456 3862 promissionis

1865 3875 2086 3931 inducti.

1937 3967 2054 4022 XV.
2084 3966 2183 4040 [Ib.
2217 3986 2251 4023 x
2271 4012 2287 4035 ,
2321 3970 2458 4044 1-4.]
2486 3970 2550 4025 In
2575 3972 2663 4026 illo
2688 3980 2910 4043 tempore
2937 3975 3066 4029 dixit
3114 3976 3361 4031 Dominus
3391 3978 3458 4031 ad

1869 4076 1950 4114 me
1972 4103 1986 4127 ,
2023 4060 2214 4115 Excide
2258 4063 2343 4115 tibi
2377 4063 2502 4116 duas
2544 4063 2740 4118 tabulas
2776 4065 3004 4136 lapideas
3034 4068 3459 4137 quemadmodum

1870 4154 2093 4224 priores,
2141 4165 2187 4208 et
2212 4156 2428 4209 ascende
2456 4157 2523 4208 ad
2547 4174 2625 4209 me
2650 4157 2701 4209 in
2730 4168 2976 4223 montem;
3007 4169 3053 4212 et
3085 4162 3239 4230 facies
3261 4162 3350 4214 tibi
3377 4178 3461 4215 ar.

1870 4264 1982 4301 cam
2010 4248 2225 4319 ligneam
2252 4263 2271 4301 :
2312 4257 2358 4301 et
2386 4249 2601 4301 scribam
2636 4250 2687 4301 in
2718 4249 2899 4303 tabulis
2936 4249 3083 4303 verba
3106 4267 3218 4320 qua:
3241 4262 3381 4304 erant
3409 4255 3460 4306 in

1872 4339 2053 4391 tabulis
2084 4338 2333 4406 prioribus
2357 4380 2372 4403 ,
2419 4355 2543 4405 quas
2594 4339 2902 4403 contrivisti;
2945 4349 2991 4393 et
3034 4340 3271 4395 immittes
3297 4359 3381 4396 eas
3409 4346 3461 4398 in

1872 4448 2060 4483 arcam.
2088 4428 2155 4481 Et
2186 4429 2279 4496 feci
2306 4445 2475 4481 arcam
2509 4445 2573 4482 ea:
2599 4429 2749 4499 lignis
2770 4430 3193 4500 imputribilibus,
3221 4444 3265 4486 et
3293 4436 3457 4488 excidi

1874 4521 2001 4573 duas
2018 4520 2213 4571 tabulas
2233 4519 2460 4586 lapideas
2476 4520 2603 4573 sicut
2620 4520 2833 4590 priores,
2859 4531 2905 4575 et
2921 4524 3125 4575 ascendi
3146 4524 3196 4577 in
3221 4535 3458 4593 montem,

1875 4619 1921 4663 et
1949 4609 2064 4661 dua:
2105 4609 2286 4662 tabula:
2316 4610 2369 4662 iu
2411 4610 2605 4664 duabus
2646 4612 2875 4665 manibus
2906 4614 3046 4666 meis.
3081 4613 3148 4665 Et
3178 4617 3381 4684 scripsit
3407 4618 3463 4670 in

1876 4703 2057 4756 tabulis
2082 4701 2355 4756 secundum
2377 4704 2680 4771 scripturam
2707 4706 2925 4774 priorem
2952 4707 3121 4759 decem
3147 4708 3292 4761 verba
3309 4750 3321 4772 ,
3355 4726 3465 4777 qua:

1877 4793 2069 4847 locutus
2107 4802 2178 4846 est
2206 4792 2455 4847 Dominus
2481 4796 2548 4847 ad
2569 4812 2653 4849 vos
2674 4797 2727 4848 in
2762 4806 2928 4850 monte
2968 4814 2995 4850 e
3020 4798 3183 4852 medio
3213 4799 3343 4869 ignis
3383 4816 3401 4851 :
3420 4810 3467 4853 et

1879 4884 2015 4938 dedit
2037 4901 2121 4937 eas
2151 4884 2395 4939 Dominus
2423 4887 2563 4940 mihi.
2608 4887 2721 4942 Non
2754 4890 3021 4944 immerito
3051 4891 3306 4960 quaeritur
3331 4906 3467 4960 (ιιιο-

1877 4977 2037 5031 modo
2056 4977 2171 5032 lta-c
2197 4978 2247 5031 in
2279 4978 2691 5035 Dcuteronomio
2706 4981 2970 5045 dicantur,
2996 4980 3175 5051 Moyse
3197 4982 3467 5039 recolente

1878 5083 1939 5123 ac
1968 5078 2241 5138 repetente
2268 5085 2385 5139 quae
2408 5080 2553 5141 gesta
2580 5080 2739 5137 sunt;
2765 5087 2884 5127 cum
2908 5074 2958 5125 in
2992 5072 3196 5136 Exodo,
3233 5072 3319 5126 ubi
3351 5075 3466 5143 pri-

1880 5176 2024 5214 mutn
2067 5159 2180 5215 hme
2201 5160 2341 5215 dicta
2376 5172 2430 5216 et
2460 5161 2597 5217 facta
2628 5171 2929 5226 narrantur,
2976 5162 3045 5214 ita
3073 5163 3143 5215 sit
3164 5163 3420 5233 scriptum
3449 5205 3464 5229 ,

1878 5251 1946 5305 Et
1971 5253 2099 5307 dixit
2122 5252 2369 5308 Dominus
2392 5254 2459 5306 ad
2474 5252 2706 5322 Moysen,
2734 5253 2909 5308 Scribe
2925 5252 3013 5305 tibi
3035 5254 3179 5307 verba
3205 5254 3350 5319 Ita’c;
3391 5265 3468 5308 et-

1878 5344 2009 5396 enim
2035 5346 2086 5397 in
2107 5345 2264 5398 verbis
2290 5344 2367 5397 his
2399 5344 2543 5412 posui
2568 5342 2944 5398 Testamentum
2971 5343 3057 5396 tibi
3083 5353 3129 5397 et
3164 5342 3351 5398 Israel.
3400 5346 3468 5400 Et

1944 5443 1960 5473 ¹
1987 5450 2092 5493 Mss.
2128 5443 2207 5491 hic
2231 5449 2281 5491 et
2302 5442 2522 5501 inferius,
2548 5444 2724 5491 dextra
2751 5446 2798 5491 et
2831 5438 3026 5492 sinistra
3054 5454 3071 5492 :
3104 5443 3151 5491 id
3178 5451 3254 5493 est
3291 5444 3467 5498 bonum

1881 5510 1932 5578 et
1971 5504 2279 5578 malumznuti
2327 5502 2505 5564 legitur
2541 5512 2676 5553 Num.
2710 5517 2815 5566 cap.
2858 5504 2956 5566 14,
3004 5518 3051 5553 v.
3093 5505 3179 5566 9.5;
3229 5512 3281 5555 et
3326 5514 3468 5557 Deut.

2078 5564 2506 5692 gtssﬁuxtatxx.
2533 5634 2585 5692 A_t
2612 5627 2726 5692 editi
2751 5634 2961 5692 excepto
2982 5635 3083 5680 nat.
3112 5638 3467 5692 ρτοεβςιυιιηιιιι

1880 5688 1929 5733 in
1945 5686 2197 5755 singulari,
2214 5685 2373 5755 existi,
2401 5686 2584 5755 venisti,
2609 5685 2893 5743 incredulus
2917 5685 3232 5755 perseverasts'
3252 5685 3287 5743 ἴ
3302 5690 3468 5755 paulo-

1787 5790 1795 5811 τ
1882 5759 1981 5807 quo
1996 5754 2129 5806 ροδιι
2150 5747 2468 5801 mcerbasti.
