3862 6316
406 412 516 493 erat
546 430 618 488 ibi
648 408 919 503 Moysesin
948 431 1213 496 conspectu
1233 413 1796 487 Dominiqaadragiuta
1822 408 1999 462 diebus

402 536 448 583 et
485 525 822 599 quadraginta
867 520 1131 582 noctibus;
1174 530 1353 587 panem
1404 526 1505 564 non
1538 502 1885 565 manducavit,

406 594 589 693 aquam
620 594 716 671 non
745 616 863 670 bibit
882 657 894 675 ,
917 623 959 665 et
982 611 1181 680 scripsit
1207 612 1256 662 in
1282 605 1462 661 tabulis
1488 602 1634 657 verba
1663 594 1993 661 Tcstamcnti,

404 690 577 767 decent
608 710 773 763 verba.
804 704 937 761 Cum
970 719 1098 775 ergo
1133 704 1185 757 in
1229 700 1411 755 Exodo
1438 698 1551 765 ipse
1590 693 1795 764 Moyses
1835 690 1887 742 in
1921 697 2000 741 ta-

403 805 539 860 bulis
568 803 750 857 decem
783 799 942 871 Legis
964 798 1123 851 verba
1156 794 1435 863 scripsisse
1467 796 1731 851 narretur,
1763 796 1993 853 quomo-

402 898 471 952 do
508 898 593 951 hic
624 897 673 950 in
706 892 1116 949 Deutteronotnio
1139 889 1279 945 Deus
1307 888 1360 941 iu
1388 882 1582 939 tabulis
1610 879 1797 936 eadem
1835 875 1997 932 verba

403 991 684 1057 SCripsisse
717 982 1004 1040 recolitur?

478 1080 715 1150 Denique
765 1077 891 1131 illttd
942 1072 1082 1145 quod
1115 1073 1167 1125 in
1212 1067 1435 1132 Exodo,
1482 1079 1603 1120 cum
1655 1067 1997 1117 transeunter

408 1182 778 1232 tractat-emus,
828 1176 879 1223 et
919 1166 1043 1235 quid
1094 1163 1246 1218 nobis
1290 1160 1343 1214 in
1389 1173 1449 1211 ea
1490 1152 1787 1210 dili'ercnlia
1821 1154 1996 1206 visum

411 1262 564 1317 itit-rit
593 1262 779 1314 litteris
808 1258 1209 1317 mandaremus,
1245 1268 1341 1305 cur
1377 1249 1583 1320 priores
1609 1246 1799 1299 tabula:
1823 1285 1837 1309 ,
1881 1258 2001 1314 qua:

408 1354 651 1411 eonlrita!
670 1362 811 1411 sunt,
837 1349 1001 1421 digito
1030 1348 1119 1403 Dei
1144 1347 1355 1415 seriptzr.
1378 1342 1705 1403 referantur;
1738 1336 2001 1392 secundas

403 1458 581 1501 autem
606 1444 803 1499 tamdiu
838 1444 887 1498 in
917 1458 1038 1499 arca
1076 1436 1526 1504 tabernaculoque
1555 1444 1855 1493 mansuras,
1883 1429 1999 1497 ipse

403 1538 613 1610 Moyses
635 1536 915 1604 scripsisse
942 1534 1184 1584 dicatur-
1224 1530 1293 1582 ita
1338 1543 1430 1597 per
1456 1525 1593 1577 hanc
1636 1521 1993 1575 differentiam

403 1633 510 1685 duo
540 1631 882 1685 Testamenta
912 1628 1203 1698 signiﬁcata
1236 1640 1354 1677 esse
1376 1620 1628 1683 diximus,
1661 1626 1713 1669 ut
1740 1617 1788 1667 in
1819 1612 1998 1667 \‘eteri

404 1723 753 1779 Testatur-nlo
779 1721 883 1775 Lex
922 1716 1389 1772 Cotnmemlaretur
1429 1722 1675 1780 tanquam
1703 1722 1835 1771 opus
1865 1704 1994 1769 Dei,

403 1814 491 1868 ubi
520 1814 679 1867 homo
698 1811 825 1865 nihil
859 1809 1061 1872 iecerit,
1088 1822 1153 1863 co
1174 1806 1311 1875 quod
1340 1803 1443 1857 Lex
1476 1802 1665 1855 timore
1686 1814 1787 1851 non
1817 1802 1999 1865 posset

408 1905 617 1975 impleri
654 1923 666 1957 :
696 1904 945 1972 quoniam
977 1915 1095 1954 com
1131 1912 1254 1951 vere
1285 1896 1336 1948 lit
1367 1909 1499 1963 epos
1531 1892 1662 1960 legis
1686 1932 1699 1952 ,
1734 1887 1997 1940 (haritatc

409 1993 484 2061 iit,
524 2010 625 2047 ton
662 1995 891 2057 timore;
936 2008 1051 2059 quae
1087 1988 1318 2041 charilas
1355 1985 1521 2055 gratia
1557 1991 1633 2035 cst
1664 1975 1997 2033 Testamenti

402 2088 554 2143 Novi.
589 2088 713 2141 Ideo
739 2088 787 2138 in
822 2082 1069 2137 secundis
1099 2081 1288 2133 tabulis
1319 2080 1476 2129 homo
1499 2076 1689 2143 legitur
1717 2072 1999 2139 scripsisse

406 2180 566 2233 verba
610 2177 734 2243 Dei,
781 2176 899 2247 quia
936 2176 1093 2225 homo
1127 2182 1296 2241 potest
1336 2170 1510 2221 lacere
1540 2179 1674 2233 opus
1711 2162 1865 2231 Legis
1902 2176 2001 2231 per

404 2269 718 2331 charitatmu
775 2266 1027 2335 justitiar,
1078 2264 1216 2333 quod
1263 2276 1364 2313 non
1416 2268 1589 2327 potest
1627 2274 1721 2327 per
1752 2258 1997 2310 timorem

403 2379 575 2435 patum
605 2361 741 2434 (Lib.
776 2360 1117 2426 Qua'stionam
1144 2356 1195 2407 in
1232 2354 1425 2417 Ifxorl.,
1458 2363 1635 2421 qutt‘st.
1670 2350 1813 2419 166).

474 2454 624 2509 Nunc
651 2468 779 2524 ergo
801 2467 921 2504 cum
950 2449 1142 2520 legitur
1184 2447 1234 2499 iu
1271 2445 1682 2499 llcuteronomio
1711 2442 1775 2497 dc
1806 2457 2000 2497 secun-

404 2547 488 2603 dis
511 2547 702 2600 tabulis
734 2545 802 2599 ita
830 2544 1027 2596 dictum
1055 2582 1069 2603 ,
1104 2538 1165 2592 Et
1193 2537 1353 2591 excidi
1383 2537 1511 2589 duas
1540 2535 1736 2589 tabulas
1769 2534 1999 2604 lapideas

404 2641 531 2696 sicut
561 2641 781 2710 priores,
827 2645 873 2688 et
911 2632 1113 2686 asceudi
1141 2633 1190 2683 in
1224 2639 1461 2688 montem,
1504 2638 1549 2680 ct
1588 2628 1702 2679 dita?
1736 2626 1918 2678 tabula’
1944 2625 1997 2678 in

404 2732 597 2786 duabus
627 2728 854 2781 manibus
898 2726 1038 2778 meis.
1076 2721 1139 2777 Et
1182 2722 1381 2789 scripsit
1423 2721 1473 2773 in
1502 2720 1681 2773 tabulis
1719 2722 1997 2771 secundum

404 2825 709 2893 scripturam
744 2820 957 2888 priorem
990 2818 1158 2871 decem
1186 2816 1333 2869 verba
1364 2830 1381 2867 :
1422 2830 1525 2867 non
1578 2814 1719 2866 enim
1770 2812 1880 2877 ait,
1930 2811 1996 2865 Et

404 2916 625 2987 scripsi;
654 2914 770 2981 sed,
794 2911 1028 2982 scripsit,
1055 2909 1155 2963 hoe
1186 2919 1287 2973 est,
1315 2908 1481 2967 Deus;
1516 2908 1655 2959 sicut
1682 2905 1833 2973 paulo
1866 2912 1991 2958 ante

403 3010 612 3067 dixerat
640 3008 797 3061 verba
840 3005 930 3058 Dei
959 3004 1056 3057 sibi
1090 3002 1227 3055 dicta
1250 3042 1263 3063 ,
1304 2998 1496 3054 Excide
1534 2998 1620 3051 tibi
1645 2997 1772 3051 duas
1799 2997 1995 3050 tabulas

405 3104 629 3178 lapideas
678 3095 1101 3173 quent'ulmodum
1131 3094 1323 3165 priores
1347 3133 1361 3153 ,
1413 3100 1458 3143 et
1487 3089 1701 3143 ascende
1738 3088 1805 3140 ad
1842 3104 1918 3140 me
1942 3088 1993 3141 in

402 3209 618 3253 montem
639 3213 655 3256 ;
677 3206 720 3247 ct
738 3194 892 3263 [acies
920 3189 1004 3242 tibi
1036 3203 1206 3239 arcam
1232 3186 1449 3257 ligneam
1478 3196 1500 3239 :
1522 3194 1566 3237 et
1594 3182 1809 3236 scribant
1837 3181 1889 3233 in
1916 3189 1994 3234 ta-

406 3291 535 3349 bulis
574 3289 717 3342 vcrba
740 3300 852 3357 qatz
876 3293 1017 3335 erant
1043 3280 1094 3333 in
1123 3278 1305 3332 tabulis
1335 3276 1585 3345 prioribus
1616 3289 1634 3327 :
1658 3270 1991 3327 discutienda

404 3382 639 3447 nascitur
668 3377 926 3449 qttasstio,
977 3370 1117 3443 quod
1157 3380 1410 3439 utrasque
1450 3366 1689 3430 tabulas,
1738 3364 1789 3419 id
1824 3373 1906 3420 est
1940 3371 1995 3418 et

407 3474 614 3544 priores
643 3482 695 3523 et
721 3467 1015 3531 secundas,
1045 3466 1181 3519 Deus
1206 3464 1291 3517 hic
1321 3462 1510 3532 legitur
1542 3461 1853 3527 scripsisse,
1885 3474 1991 3519 non

408 3566 585 3620 homo.
614 3562 717 3619 Sed
751 3563 792 3614 si
827 3563 874 3614 in
904 3560 1023 3631 ipso
1050 3574 1258 3631 quoque
1286 3554 1475 3611 Exodo
1497 3552 1656 3606 verba
1688 3552 1776 3609 Dei
1807 3552 1989 3619 legan-

406 3665 511 3725 tur,
560 3656 647 3707 ulti
696 3653 849 3721 jubet
886 3640 1104 3705 casdetu
1162 3647 1367 3701 tahulas
1419 3644 1683 3699 secundas
1734 3642 1905 3696 excidi
1959 3657 1989 3698 a

405 3752 619 3825 Moyse,
661 3748 789 3803 nihil
826 3745 967 3800 alittd
1009 3744 1296 3802 invenitur,
1333 3756 1491 3807 quam
1533 3740 1701 3807 ipsum
1738 3736 1901 3792 Deum
1932 3750 1992 3790 se

404 3859 479 3898 ea.
499 3842 619 3895 dem
647 3838 954 3907 promisisse
980 3834 1319 3899 scripturum.
1350 3830 1478 3883 Nam
1508 3830 1574 3881 ita
1604 3830 1855 3895 scriptum
1874 3836 1989 3881 est:

405 3932 473 3991 Et
499 3932 622 3984 dixit
654 3929 898 3985 Dominus
928 3926 994 3976 ad
1029 3922 1270 3997 Moysen,
1304 3919 1495 3977 Excute
1518 3919 1604 3971 tibi
1634 3919 1761 3974 duas
1797 3918 1993 3973 tabulas

406 4023 633 4093 lapideas
658 4019 783 4073 sicut
813 4028 857 4069 ct
885 4017 1076 4085 priores
1101 4055 1116 4077 ,
1142 4023 1186 4065 ct
1209 4012 1421 4064 ascende
1450 4011 1517 4063 ad
1544 4026 1620 4063 me
1647 4010 1698 4065 in
1729 4020 1942 4063 montem
1971 4023 1991 4062 :

405 4124 452 4167 et
472 4112 687 4167 scribam
709 4110 760 4162 iu
782 4108 963 4161 tabulis
982 4107 1127 4158 verba
1148 4120 1259 4174 qua:
1285 4114 1424 4156 erant
1450 4103 1499 4156 itt
1522 4102 1703 4155 tabttlis
1720 4101 1989 4171 prioribus,

402 4221 527 4276 quas
558 4214 610 4257 tu
638 4200 930 4256 contrivisti.
956 4199 1190 4266 Excepto
1209 4194 1385 4266 itaque
1414 4196 1547 4247 libro
1568 4189 1991 4253 Deuteronontii,

402 4298 752 4370 qua'slionem
787 4295 939 4347 istam
970 4292 1127 4345 etiam
1156 4291 1302 4344 solus
1345 4289 1477 4342 liber
1528 4287 1691 4341 Exodi
1721 4286 1990 4353 continet,

402 4388 669 4461 quomodo
686 4385 878 4439 dixerit
903 4383 1070 4449 Deus,
1120 4381 1181 4435 Et
1202 4381 1417 4435 scribant
1444 4383 1494 4433 in
1518 4380 1697 4433 tabulis
1715 4378 1859 4432 verba
1880 4392 1993 4447 qua:

404 4490 545 4536 erant
591 4479 640 4531 in
687 4477 865 4530 tabulis
908 4474 1186 4545 prioribus;
1228 4488 1350 4539 cum
1399 4472 1553 4541 paulo
1594 4480 1710 4541 post
1753 4470 1989 4539 legatur,

408 4572 587 4629 Scribe
620 4569 705 4622 tibi
729 4566 871 4621 verba
893 4568 999 4619 Ita‘c
1020 4582 1038 4631 ;
1062 4566 1239 4619 etenim
1266 4566 1316 4617 in
1349 4564 1503 4617 verbis
1531 4564 1607 4614 Itis
1637 4562 1779 4632 posui
1810 4559 1991 4615 Testa-

406 4674 630 4721 mentum
657 4660 743 4712 tibi
773 4668 816 4713 et
853 4656 1036 4711 Israel.
1075 4657 1137 4710 Iit
1167 4667 1271 4710 erat
1312 4657 1374 4708 ibi
1402 4654 1602 4724 Moyses
1643 4655 1692 4705 in
1722 4663 1992 4721 conspectu

399 4754 609 4814 Domini
654 4751 993 4823 quadraginta
1048 4749 1218 4802 diebus
1261 4758 1305 4800 et
1348 4745 1683 4817 quadraginta
1728 4744 1992 4809 noctibus;

402 4864 583 4925 partem
614 4864 711 4901 non
748 4844 1067 4897 manducarit
1090 4886 1103 4907 ,
1136 4855 1181 4896 ct
1204 4858 1386 4912 aquam
1417 4856 1513 4892 non
1537 4838 1693 4903 bibit,
1723 4846 1767 4891 ct
1792 4838 1993 4908 scripsit

400 4943 453 5001 in
482 4939 660 4999 tabulis
690 4937 833 4991 verba
860 4933 1197 4993 Testamenti,
1226 4933 1393 4985 decem
1425 4933 1591 4984 verba.
1630 4930 1683 4983 Si
1727 4932 1867 4982 enim
1899 4946 1991 4983 su-

400 5034 580 5106 perius
609 5032 749 5103 quod
780 5031 978 5085 dictum
1006 5038 1108 5087 est.
1143 5026 1318 5081 Scribe
1338 5025 1425 5077 tibi
1453 5025 1599 5077 verba
1626 5024 1765 5089 lucc;
1806 5024 1989 5077 ctenim

399 5130 452 5182 in
481 5128 638 5182 verbis
662 5127 739 5180 Itis
762 5124 908 5195 posui
944 5122 1315 5176 Testamcutmu
1340 5119 1425 5171 tibi
1455 5129 1499 5171 et
1532 5116 1713 5184 Israel,
1739 5116 1801 5170 ad
1833 5131 1991 5185 sape»-

402 5222 543 5278 riora
576 5219 839 5290 pertinet,
880 5231 1005 5285 qua:
1040 5214 1178 5268 Deus
1202 5213 1269 5265 ita
1298 5210 1668 5281 prtecipiebat,
1719 5219 1775 5263 nt
1802 5224 1903 5263 nou
1935 5209 1987 5269 in

405 5313 605 5370 Iuabus
634 5308 855 5378 lapideis
890 5307 1079 5360 tabulis
1116 5305 1499 5369 scriberentur,
1520 5302 1611 5357 sosd
1656 5303 1705 5356 in
1736 5303 1824 5356 illo
1855 5302 1989 5363 libro

398 5404 579 5475 chis,
604 5404 689 5458 ubi
710 5402 872 5456 multa
904 5400 1204 5469 Conseripta
1236 5406 1393 5463 sunt;
1422 5408 1567 5455 certe
1598 5396 1719 5451 illud
1742 5398 1881 5465 qttztd
1903 5410 1991 5453 se.

400 5498 612 5565 quitur,
650 5493 713 5548 Et
742 5505 847 5549 crat
877 5494 941 5547 ibi
980 5492 1181 5564 Moyses
1220 5491 1273 5546 in
1300 5501 1568 5559 conspectu
1614 5488 1821 5543 Domini
1856 5505 1988 5558 quo-

401 5585 637 5658 dragtnta
672 5584 845 5638 diebus
891 5593 937 5639 et
979 5584 1315 5657 quadraginta
1350 5583 1617 5647 noctibus;
1661 5597 1843 5651 panem
1885 5597 1987 5635 non

401 5678 757 5745 “docuit.
790 5685 841 5735 At
882 5693 1066 5748 nquam
1104 5693 1204 5737 non
1234 5675 1395 5737 bibit.
1437 5683 1482 5733 et
1502 5673 1705 5743 scripsit
1725 5674 1779 5732 in
1803 5672 1988 5731 tabulis

402 5769 917 5832 mba'v’t'cstamcuti,
956 5768 1129 5821 decem
1153 5767 1302 5822 verba
1347 5764 1545 5835 (Exod.
1576 5780 1767 5833 xxxiv,
1797 5766 1827 5821 1
1850 5805 1867 5833 ,
1889 5765 1982 5833 27,
2022 5826 2051 5834 _

1202 298 1667 374 QUIES'HONUM
1707 295 1765 352 S.
1810 289 2172 349 AUGUSTINI
2216 289 2279 345 ΙΝ
2319 290 2878 350 IIEPTATEUCIIUM

3586 294 3708 359 758

2102 407 2220 478 9.8),
2255 411 2385 464 satis
2405 408 2709 465 manifestat
2731 409 2977 465 eumdem
3017 408 3230 483 Moysen
3272 411 3327 467 in
3361 411 3551 468 tabulis
3576 410 3708 475 ιω

2104 502 2289 558 decem
2321 504 2479 558 verba
2510 504 2808 573 scripsisse,
2841 519 2943 559 non
2975 504 3161 557 licam.
3185 503 3296 558 Nisi
3320 506 3456 561 forte
3482 506 3705 563 violenq

2106 604 2187 649 ter
2212 597 2456 666 quidem,
2499 599 2591 651 sed
2634 610 2775 651 certa
2823 598 3139 651 necessitate
3175 600 3572 666 compellimur,
3603 600 3707 659 ubi

2105 690 2302 745 dictum
2335 700 2414 746 est
2442 733 2455 751 ,
2490 691 2553 744 Et
2572 692 2772 759 scripsit
2794 692 2843 743 in
2863 691 3045 745 tubulis
3068 690 3211 744 verba
3241 691 3545 747 Testautcnti
3564 736 3581 758 ,
3606 695 3709 748 de-

2104 799 2210 837 cent
2258 785 2404 837 verba
2428 825 2442 845 ,
2500 801 2601 837 non
2632 785 2847 855 Moysen
2880 786 3196 844 subaudire,
3243 786 3336 838 sed
3375 786 3701 852 Dominum;

2105 890 2262 955 supra
2285 877 2426 929 enim
2454 877 2682 945 positum
2706 886 2804 939 est,
2832 876 2892 929 Et
2915 887 3019 929 erat
3040 879 3105 930 ibi
3138 877 3399 948 Moysesiu
3421 890 3705 948 conspectu

2110 967 2314 1021 Domini
2339 984 2357 1020 :
2384 978 2439 1021 ut
2468 984 2496 1021 a
2529 968 2785 1033 Domino,
2820 969 2871 1021 in
2909 970 3063 1037 cujus
3090 979 3377 1039 conspectu
3407 982 3518 1025 erat
3538 972 3709 1045 Moy-

2106 1074 2212 1119 ses,
2233 1059 2577 1129 quadraginta
2606 1060 2791 1113 dichus
2806 1069 2856 1113 ct
2872 1062 3217 1131 quadraginta
3244 1064 3482 1118 noctibus
3501 1080 3712 1132 pauc-sn

2105 1168 2211 1207 non
2241 1152 2587 1215 manducans,
2618 1162 2667 1205 ct
2694 1167 2885 1221 aquam
2929 1169 3034 1208 non
3066 1154 3283 1220 bibens,
3311 1157 3501 1224 scripta
3529 1158 3715 1211 ίηωι.

2107 1246 2335 1317 ligantur
2363 1247 2473 1301 lnec
2499 1246 2685 1301 decem
2714 1247 2873 1300 verba
2901 1247 2952 1301 in
2986 1248 3204 1314 utbulis,
3234 1248 3373 1304 sicut
3414 1261 3535 1306 ante
3558 1266 3713 1320 pro-

2104 1338 2342 1393 miserat.

2175 1429 2330 1495 Quod
2358 1432 2401 1483 si
2430 1429 2498 1483 ita
2526 1438 2630 1493 est,
2657 1445 2762 1485 non
2783 1430 2997 1501 quidem
3030 1431 3115 1484 illa
3139 1430 3436 1487 dill'erenti:
3463 1430 3713 1490 duarum

2106 1521 2575 1577 Testamenturum
2601 1565 2615 1586 ,
2648 1538 2766 1592 qum
2796 1523 2950 1577 nobis
2979 1524 3086 1576 visa
3118 1533 3233 1583 est,
3284 1524 3335 1577 in
3386 1524 3467 1577 his
3514 1527 3715 1580 verbis

2106 1613 2469 1668 commendari
2504 1623 2675 1683 [ullust
2699 1654 2713 1676 ,
2753 1614 2965 1681 quando
3001 1625 3054 1667 et
3096 1614 3303 1683 priores
3346 1625 3397 1668 et
3435 1616 3716 1671 seetmdas

2109 1705 2318 1760 tabulas
2346 1706 2578 1775 scripsit,
2612 1722 2715 1759 nrn
2745 1705 2923 1767 homo,
2955 1705 3047 1757 sed
3079 1705 3217 1759 Deus
3268 1724 3282 1757 :
3329 1716 3711 1761 verumtamen

2104 1799 2191 1853 illa
2237 1808 2383 1854 certe
2411 1799 2659 1852 distantia
2715 1814 2819 1851 non
2866 1798 3028 1853 habet
3073 1797 3500 1861 dubitationem,
3547 1799 3712 1869 quod

2102 1891 2309 1962 priores
2362 1890 2566 1945 tahulas
2593 1900 2645 1945 et
2681 1889 2817 1943 Deus
2864 1891 3014 1955 fecit,
3058 1900 3110 1943 et
3146 1891 3288 1944 Deus
3315 1892 3544 1959 scripsit.
3575 1892 3711 1949 Non

2105 1981 2249 2036 enim
2287 1989 2411 2035 tunc
2431 1981 2631 2035 dictum
2659 1990 2737 2035 est
2765 1982 2830 2033 ad
2859 1981 3097 2052 Moysen,
3131 1979 3325 2035 Ercide
3344 1982 3433 2035 tibi
3459 1985 3586 2036 duas
3612 1994 3711 2037 ut-

2104 2073 2249 2127 bulas
2269 2088 2288 2127 :
2310 2073 2404 2127 sed
2431 2074 2499 2127 ita
2522 2073 2699 2143 potius
2718 2073 2924 2143 legitur,
2961 2072 3025 2126 Et
3061 2089 3331 2127 conversus
3363 2074 3564 2145 Moyses
3604 2076 3708 2131 de-

2102 2166 2295 2219 scendit
2320 2166 2383 2219 de
2415 2178 2600 2227 monte,
2636 2176 2683 2220 et
2713 2168 2828 2219 dua:
2859 2167 3043 2220 tabula:
3066 2167 3335 2221 testimonii
3364 2168 3416 2222 in
3456 2171 3705 2224 mnibus

2103 2259 2212 2330 cjus
2232 2274 2250 2312 :
2272 2259 2458 2312 tabula
2485 2258 2700 2331 lapidea:
2733 2258 2936 2327 scripta:
2961 2274 3026 2312 ex:
3045 2268 3256 2327 utraque
3287 2269 3447 2329 parte,
3473 2260 3589 2312 hinc
3615 2271 3714 2313 at-

2102 2366 2200 2423 que
2226 2351 2343 2404 hinc
2372 2362 2515 2405 eram
2551 2352 2792 2422 scripttc;
2837 2362 2883 2405 ct
2927 2351 3112 2405 tabula!
3147 2367 3274 2422 opus
3304 2350 3400 2405 Dei
3436 2362 3607 2418 eram,
3656 2362 3713 2409 cI

2103 2444 2356 2513 scriptura
2407 2434 2657 2514 scriptura
2705 2442 2801 2497 Dei
2864 2452 2939 2498 cst
2996 2442 3195 2512 sculpta
3231 2444 3284 2498 iu
3334 2445 3516 2498 tabulis
3558 2444 3706 2516 (Id.

2106 2551 2278 2602 χχιιι,
2312 2537 2396 2597 l5,
2428 2537 2535 2605 16).
2569 2536 2684 2591 Jam
2711 2536 2851 2591 enim
2876 2537 3124 2603 superius
3151 2535 3356 2591 dixerat
3380 2537 3595 2591 easdem
3616 2548 3713 2593 ta-

2105 2627 2257 2683 bulas
2287 2630 2511 2699 scriptas
2540 2628 2705 2699 digito
2732 2629 2845 2690 Dei,
2869 2628 2945 2681 sic
2964 2628 3184 2697 loquens
3209 2644 3222 2682 :
3251 2626 3318 2681 Et
3345 2628 3482 2682 dedit
3506 2627 3706 2698 Moysi,

2104 2722 2274 2774 statim
2297 2730 2352 2771 ut
2384 2721 2591 2773 cessarit
2613 2720 2748 2787 loqui
2768 2720 2837 2771 ad
2860 2736 2969 2772 eum
2986 2760 3000 2783 ,
3030 2719 3081 2771 in
3107 2728 3275 2772 monte
3296 2718 3425 2773 Sina
3461 2719 3591 2771 duas
3616 2728 3712 2771 ta-

2108 2811 2254 2865 bulas
2279 2813 2567 2873 testimonii,
2586 2811 2781 2865 tabulas
2805 2811 3031 2881 lapideas
3049 2811 3262 2879 scriptas
3280 2811 3437 2879 digito
3466 2810 3557 2863 Dei
3585 2812 3706 2881 (Id.

2100 2920 2255 2969 xxxi,
2286 2904 2391 2973 18).
2412 2903 2486 2957 ibi
2509 2920 2637 2974 ergo
2666 2914 2719 2957 ct
2750 2903 2941 2957 tabula:
2967 2918 3101 2973 opus
3134 2904 3224 2957 Dei
3249 2912 3437 2967 erant,
3473 2914 3526 2958 ct
3556 2907 3710 2959 scri-

2105 3008 2257 3068 ptura
2287 3014 2469 3051 carum
2502 2998 2666 3066 digito
2696 2996 2786 3050 Dei
2813 2997 2966 3051 facta.
2988 2997 3259 3052 Secundus
3284 3006 3459 3051 autem
3490 2999 3708 3054 tabulas

2101 3090 2215 3158 ipse
2237 3089 2444 3160 Moyses
2466 3089 2682 3160 juht-tur
2702 3089 2979 3155 excidere;
3007 3099 3063 3145 ut
3080 3091 3209 3157 ipsa:
3235 3101 3381 3146 certe
3410 3108 3571 3161 opere
3598 3094 3708 3145 hu-

2104 3198 2264 3237 mano
2318 3182 2680 3250 intelligantur
2722 3184 2950 3247 excisar,
3004 3184 3245 3251 quamvis
3276 3199 3368 3237 eas
3409 3184 3551 3238 Deus
3584 3185 3708 3253 ipse

2108 3275 2379 3345 scripserit
2406 3317 2422 3343 ,
2468 3276 2604 3329 sicut
2648 3276 2889 3343 promisit
2918 3292 3036 3330 cum
3058 3275 3276 3347 juberct
3304 3277 3497 3331 excidi.
3528 3277 3703 3332 Porro

2098 3378 2274 3431 autem
2308 3368 2352 3422 si
2394 3367 2698 3440 diligentius
2726 3369 3093 3434 attendamus,
3138 3368 3258 3423 ideo
3292 3380 3575 3438 utrumque
3615 3370 3703 3425 di-

2099 3470 2242 3515 ctmu
2265 3476 2384 3515 esse
2411 3462 2462 3514 in
2495 3460 2741 3517 secundis
2772 3459 2984 3525 tabulis,
3014 3460 3135 3529 quia
3182 3470 3235 3516 ct
3269 3461 3407 3514 Deus
3445 3460 3570 3517 facit
3600 3478 3701 3531 per

2100 3554 2327 3623 gratiam
2360 3568 2508 3607 suam
2538 3567 2672 3621 Opus
2698 3551 2854 3621 Legis
2880 3553 2931 3604 in
2965 3552 3208 3617 ltotniue,
3239 3562 3291 3607 et
3316 3553 3474 3606 homo
3505 3570 3601 3623 per
3628 3554 3699 3607 ii—

2104 3632 2228 3699 dem
2256 3659 2407 3698 suam
2434 3645 2730 3716 suscipiens
2756 3645 2978 3715 gratiam
3017 3645 3146 3711 Dei,
3196 3647 3467 3714 pertinens
3492 3646 3557 3700 ad
3586 3646 3699 3701 Te-

2100 3745 2424 3792 stamentum
2449 3736 2675 3804 Novum,
2695 3747 3009 3809 eottperator
3026 3746 3105 3792 est
3121 3738 3416 3806 adjm'antis
3440 3740 3528 3795 Dei
3550 3740 3699 3812 (ideo

2099 3838 2276 3889 autem
2305 3830 2355 3883 in
2387 3830 2571 3899 primis
2598 3830 2771 3885 solmn
2793 3846 2927 3900 opus
2954 3830 3043 3884 Dei
3077 3843 3547 3899 commemoratur,
3571 3833 3695 3902 quia

2101 3923 2209 3979 Lex
2241 3923 2534 3993 spiritualis
2562 3932 2665 3990 est,
2689 3933 2743 3977 ct
2775 3923 2881 3979 Lex
2910 3934 3110 3989 sancta,
3142 3933 3193 3978 et
3220 3924 3525 3978 mandatmu
3570 3942 3698 3979 san-

2099 4026 2244 4071 ctum
2270 4025 2323 4069 et
2346 4015 2545 4084 justum
2577 4026 2631 4071 et
2653 4016 2848 4071 bonum
2877 4014 3051 4089 [Ilom.
3101 4032 3203 4080 vn,
3238 4014 3327 4089 12]
3363 4036 3375 4069 :
3416 4017 3538 4071 ideo
3565 4034 3695 4072 vero

2099 4108 2301 4161 nullum
2322 4122 2456 4178 opus
2485 4106 2718 4163 hominis
2750 4107 2820 4161 ibi
2853 4118 3323 4173 commemoratur,
3350 4108 3469 4178 quia
3504 4110 3695 4163 inlide-

2100 4199 2177 4255 lcs
2204 4217 2308 4253 non
2346 4208 2817 4269 contemperantur
2849 4199 3118 4269 adjutorio
3147 4199 3329 4270 gratiae
3353 4243 3365 4265 ,
3413 4200 3505 4255 sed
3538 4202 3695 4270 igno-

2101 4306 2280 4348 rantes
2302 4292 2392 4347 Dei
2416 4292 2676 4363 justitiam
2707 4300 2759 4349 et
2787 4307 2935 4345 suam
2970 4292 3211 4349 volentes
3253 4294 3577 4349 constituere
3601 4295 3692 4363 ju-

2098 4384 2257 4437 stitia:
2290 4382 2380 4436 Dei
2414 4398 2517 4434 non
2546 4392 2670 4435 sunt
2690 4382 2915 4450 suhjet-ti
2946 4380 3052 4453 [Ιιί.
3083 4399 3138 4443 x,
3158 4381 3247 4453 5];
3279 4383 3418 4437 unde
3449 4384 3551 4436 illis
3580 4384 3691 4451 Le;

2098 4476 2163 4539 ad
2192 4474 2689 4530 condemnationem
2721 4474 2897 4541 valet,
2954 4474 3091 4544 quod
3135 4475 3388 4546 signiﬁcat
3441 4477 3692 4530 contritio

2100 4567 2457 4634 tabularum);
2494 4564 2730 4635 profecto
2756 4582 2858 4620 nou
2890 4567 3131 4635 eogimur
3159 4567 3387 4621 violento
3418 4566 3689 4622 intellectu

2098 4659 2381 4713 sobaodire
2408 4658 2547 4729 quod
2585 4659 2719 4713 Deus
2746 4658 3052 4727 scripserit,
3092 4658 3175 4711 ιιὺί
3214 4657 3486 4727 Set-iptura
3520 4658 3684 4723 dicit,

2097 4752 2164 4807 Et
2189 4763 2293 4808 erat
2340 4753 2407 4805 ibi
2462 4751 2661 4823 Moyses
2699 4751 2750 4803 in
2798 4732 3064 4821 conspecta
3110 4749 3312 4803 Domini
3352 4748 3691 4820 quadraginta

2098 4846 2272 4899 diebus
2296 4855 2339 4897 ct
2364 4844 2702 4914 quadraginta
2725 4843 2982 4904 noctibus;
3024 4860 3201 4910 panem
3232 4860 3328 4895 non
3366 4845 3690 4897 mamlacarit

2096 4947 2141 4991 et
2165 4953 2345 5003 aquam
2374 4951 2471 4986 non
2512 4934 2660 4996 bibit,
2704 4942 2751 4986 et
2788 4934 2987 4999 scripsit
3016 4933 3065 4985 in
3099 4933 3283 4986 tabulis
3322 4938 3465 4987 verba
3501 4932 3686 4987 Testa-

2097 5026 2289 5079 mcnti:
2320 5025 2406 5078 ubi
2438 5024 2588 5077 valde
2618 5034 2772 5077 sonat
2810 5026 3089 5093 scripsisse
3131 5025 3367 5097 Moysen.
3416 5024 3519 5079 Sed
3566 5026 3686 5079 ideo

2096 5118 2342 5187 superius
2373 5116 2511 5170 Deus
2540 5131 2597 5170 se
2624 5115 2863 5184 promisit
2890 5118 3204 5186 scripturum
3227 5157 3242 5181 ,
3275 5127 3325 5171 et
3351 5119 3400 5170 in
3429 5118 3685 5170 Deuteroo

2096 5211 2274 5265 nomio
2304 5226 2405 5262 non
2446 5209 2615 5262 Soitllll
2650 5208 2717 5260 ita
2754 5210 3090 5279 prontisiSsc,
3146 5224 3330 5261 verum
3372 5210 3529 5263 etiam
3572 5209 3684 5277 ip-e

2096 5302 2373 5372 scripsisse
2403 5312 2667 5360 narratur,
2694 5300 3089 5369 utsignilieetnr
3109 5300 3247 5369 quod
3271 5302 3342 5354 ait
3370 5302 3683 5369 Apostolus,

2095 5391 2233 5449 Deus
2257 5392 2385 5445 enim
2412 5401 2481 5443 est
2517 5390 2601 5461 qui
2621 5400 2859 5459 aperatar
2888 5392 2936 5444 in
2960 5390 3093 5443 vobis
3115 5401 3161 5443 et
3186 5390 3307 5444 t'clle
3324 5433 3336 5452 ,
3368 5401 3413 5443 cI
3439 5392 3642 5459 operari
3669 5436 3681 5452 ,

2095 5503 2188 5556 pro
2209 5486 2337 5539 bona
2356 5485 2608 5538 voluntate
2633 5498 2654 5537 :
2685 5482 2783 5535 hoc
2807 5491 2907 5545 est,
2939 5483 2988 5535 in
3018 5482 3096 5535 eis
3118 5482 3206 5551 qui
3234 5497 3297 5536 ex
3331 5482 3433 5535 lide
3454 5483 3679 5551 gratiam

2093 5580 2408 5648 soscipiunt,
2440 5587 2612 5632 etnon
2637 5575 3059 5645 suatujnstitiam
3081 5577 3260 5629 volunt
3285 5586 3549 5642 statuere,
3584 5578 3679 5629 sed

2087 5670 2307 5741 mlite
2334 5670 2423 5727 Dei
2448 5668 2665 5739 SUIDleili
2688 5677 2831 5733 εωιι.
2854 5678 2912 5723 ut
2932 5669 3029 5737 ipsi
3054 5669 3157 5731 sint
3177 5670 3227 5729 in
3246 5666 3458 5731 Christo
3471 5666 3675 5738 iustitia
3740 5694 3743 5695 ν

2094 5763 2208 5819 Dei.
2238 5760 2370 5818 Nam
2397 5770 2452 5815 et
2472 5760 2579 5817 illic
2600 5760 2886 5831 Apostolus
2908 5770 3188 5831 utrumque
3214 5761 3367 5829 dicit,
3405 5770 3463 5817 et
3498 5760 3671 5816 Deum
