3862 6342
439 229 544 286 769

436 339 588 412 fuerit
606 338 660 392 in
682 338 838 392 bobus
861 333 980 398 tuis,
1001 343 1050 390 et
1073 334 1127 388 in
1145 333 1315 388 ovibus
1344 334 1463 396 tuis,
1494 332 1772 386 masculina
1789 332 1807 364 ⁸
1827 326 2016 385 sancti-

434 431 610 500 ﬁcubis
629 429 851 484 Domino
867 425 976 484 Deo
1003 438 1110 482 tuo.
1136 425 1490 494 Quaarcndum
1517 436 1690 480 utrum
1713 439 1831 493 quae
1844 436 2019 494 gratos

436 521 686 577 dicuntur
729 529 1034 590 πρωτότοκα,
1079 532 1178 573 nec
1217 517 1376 571 latine
1401 516 1503 571 dici
1546 515 1646 570 nisi
1686 512 2018 586 primogenita

438 621 745 682 potuerunt,
777 612 828 664 in
855 611 936 664 his
968 618 1169 664 tantum
1208 607 1543 678 intelligenda
1585 608 1693 662 sint
1714 646 1730 670 ,
1775 621 1893 675 qua:
1921 619 2017 658 na-

439 713 660 760 sruntur
685 718 748 757 ex
791 701 1050 756 matribus
1091 718 1104 754 :
1153 699 1264 770 ipsa
1307 699 1449 754 enim
1491 696 1706 768 proprie
1745 696 2020 766 pariuntur

435 795 612 864 potius
629 809 785 863 quain
805 794 1108 863 gignuntur.
1134 792 1329 845 Parere
1349 791 1544 860 quippe
1561 797 1641 843 est
1659 795 1852 850 τίκτειν,
1877 785 2020 856 quod

439 893 523 939 est
549 900 616 939 ex
667 883 889 948 fetnina,
923 881 1064 937 unde
1093 891 1380 952 πρωτότοκον
1407 881 1601 934 dicitur
1625 897 1638 933 :
1667 879 1884 949 gignere
1922 894 2020 930 au-

442 986 548 1030 tem
574 986 655 1030 est
679 984 854 1045 γεννᾷν,
888 974 1026 1028 unde
1053 974 1263 1042 proprie
1294 972 1454 1025 latine
1482 971 1860 1040 pritnogenitus
1885 967 2022 1024 (licia

442 1078 551 1122 tur.
584 1069 662 1121 Ex
687 1066 896 1121 feminis
923 1074 1098 1119 autem
1127 1063 1389 1118 dabantur
1415 1061 1696 1132 primitiva,
1725 1060 1775 1114 id
1801 1068 2021 1129 estquae

442 1161 614 1229 prima
658 1158 1015 1228 pariebantur,
1045 1173 1148 1211 non
1175 1171 1292 1226 qua:
1327 1155 1493 1228 prima
1520 1154 1868 1224 gignebantur
1886 1167 1916 1205 a
1938 1151 2022 1205 vi-

443 1252 542 1317 ris,
568 1251 610 1304 si
640 1249 775 1303 forte
819 1265 886 1305 ex
908 1249 1080 1302 viduis
1116 1263 1236 1319 qua:
1260 1248 1367 1316 jam
1399 1254 1715 1317 pepererant
1741 1247 2023 1315 gignerent

444 1351 546 1396 tur.
578 1342 692 1396 Non
732 1341 874 1396 enim
902 1342 1056 1396 aliter
1083 1351 1259 1396 essent
1313 1355 1431 1410 qua:
1467 1339 1733 1408 aperirent
1770 1338 1978 1391 vulvam
2001 1377 2018 1404 ,

441 1434 581 1503 quod
608 1434 877 1503 proprium
902 1431 1068 1488 voluit
1088 1447 1208 1487 esse
1227 1432 1334 1486 Lex
1357 1446 1539 1486 eorum
1561 1445 1679 1500 qua:
1706 1428 1878 1499 primo
1897 1439 2022 1484 nata

443 1526 668 1580 Domino
708 1526 1058 1581 debebantur.
1107 1525 1162 1580 Si
1209 1539 1336 1594 ergo
1377 1533 1456 1578 est
1482 1523 1534 1577 in
1566 1522 1649 1577 his
1677 1523 1852 1577 verbis
1876 1530 2022 1576 certa

442 1616 749 1683 distinctio,
782 1631 885 1670 non
929 1616 1116 1671 frustra
1160 1615 1416 1674 Dominus
1445 1629 1548 1668 non
1578 1605 1770 1669 dicitur
1805 1629 1833 1666 a
1864 1612 2024 1668 Patre

441 1721 723 1776 μονότοκος,
775 1710 868 1766 sed
913 1723 1156 1777 μονογωής
1178 1753 1193 1773 ,
1228 1709 1278 1764 id
1305 1718 1386 1765 est
1414 1705 1740 1780 unigenitns.
1772 1705 1911 1779 quod
1942 1712 2026 1760 est

441 1803 631 1856 unicus
661 1820 673 1854 :
703 1819 735 1854 a
780 1803 989 1857 mortuis
1025 1813 1200 1859 autem
1238 1803 1594 1874 primogenitus
1621 1803 1831 1873 quidem
1862 1799 2025 1855 latine

445 1893 657 1958 dicitur,
685 1881 804 1963 quia
834 1910 939 1948 non
975 1895 1143 1964 potuit
1173 1895 1392 1948 latinum
1421 1894 1642 1948 verbum
1675 1893 1743 1948 ita
1771 1888 2022 1962 componi

443 1985 733 2039 secundum
789 1985 1040 2054 loquendi
1102 1985 1573 2047 consuetudinem;
1622 1999 1794 2056 graece
1844 1993 2022 2038 autem

443 2087 735 2147 πρωτότοκος
763 2077 974 2143 dicitur,
1003 2093 1109 2133 non
1140 2091 1424 2150 πρωτογινὴς
1447 2097 1461 2132 :
1483 2087 1731 2147 tanquam
1751 2078 1904 2132 Pater
1926 2091 2024 2146 ge-

441 2167 618 2222 nuerit
640 2169 895 2235 :eqnalcm
932 2167 1054 2234 sibi,
1090 2180 1330 2222 creatura
1361 2183 1489 2222 vero
1508 2168 1789 2237 pepererit.
1814 2166 1942 2221 Nam
1971 2174 2025 2222 et

443 2257 584 2325 quod
614 2258 806 2311 dicitur
845 2259 1200 2328 primogenitus
1229 2260 1391 2311 omnis
1432 2268 1676 2312 creatum
1701 2257 1928 2329 (Coloss.
1966 2274 2020 2325 t,

448 2348 540 2410 18,
567 2349 704 2416 15),
733 2349 872 2418 quod
908 2350 979 2404 ibi
1001 2362 1287 2421 πρωτότοκος
1313 2365 1485 2420 graece
1525 2349 1731 2420 legitur,
1762 2358 1932 2419 potest
1951 2351 2024 2406 ita

446 2439 666 2509 intelligi
719 2442 1007 2496 secundum
1053 2458 1240 2497 novam
1278 2451 1596 2511 creaturam,
1643 2443 1710 2499 de
1752 2459 1855 2514 qua
1898 2443 2026 2499 dicit

445 2533 753 2600 Apostolus.
797 2533 860 2588 Si
894 2551 992 2604 qua
1014 2535 1168 2605 igitur
1195 2535 1247 2588 in
1280 2533 1477 2589 Christo
1515 2550 1642 2589 noua
1683 2546 1914 2589 creatura
1939 2533 2026 2601 (11

447 2621 566 2677 Cor.
599 2638 652 2687 γ,
687 2623 774 2695 17)
810 2642 822 2678 :
854 2639 918 2679 ex
939 2641 1044 2695 qua
1075 2627 1161 2680 ille
1187 2628 1599 2697 primitivusest,
1631 2628 1753 2698 quia
1784 2628 2025 2698 primitus

444 2712 517 2765 ita
546 2716 855 2781 resurrexit,
882 2725 937 2769 nt
952 2716 1061 2785 jam
1085 2733 1189 2772 non
1218 2720 1490 2785 moriatur,
1521 2735 1622 2774 ncc
1645 2720 1692 2773 ci
1724 2734 1867 2774 mors
1891 2719 2024 2774 ultra

445 2800 749 2858 dominetur
767 2804 943 2873 (Rom.
968 2821 1041 2872 vt,
1073 2808 1159 2878 9);
1187 2809 1326 2878 quod
1356 2825 1506 2863 nova:
1529 2820 1810 2876 creaturae,
1837 2826 1950 2880 qua:
1973 2811 2023 2864 in

445 2892 538 2946 illo
560 2904 662 2959 est,
693 2893 926 2950 futurum
955 2899 1278 2966 promittitur
1307 2899 1357 2952 in
1398 2898 1520 2954 line.
1557 2897 1662 2954 Su]
1700 2901 1797 2954 ista
1841 2899 2025 2953 distin-

445 2985 554 3040 ctio
573 3001 676 3039 non
702 2998 901 3043 temere
927 2987 1259 3053 aflirmanda,
1286 2990 1378 3044 sed
1402 2991 1452 3044 in
1480 2989 1770 3060 Scripturis
1798 2990 2024 3060 diligen-

447 3075 552 3130 tius
596 3081 972 3146 perscwtanda
1024 3089 1124 3134 est.
1169 3080 1345 3134 Movet
1388 3081 1528 3134 enim
1581 3081 2023 3150 quemadmodum

444 3165 549 3221 dici
588 3168 757 3236 potuit
786 3169 837 3223 in
889 3169 1208 3233 Proverbiis,
1245 3170 1599 3240 Primogenite,
1643 3172 1731 3224 tibi
1769 3170 1901 3237 dico,
1947 3171 2025 3240 fili

447 3256 622 3325 (Αριιά
651 3257 809 3323 LXX,
843 3257 998 3315 Prov.
1029 3275 1175 3326 ntv,
1206 3260 1283 3314 ret
1307 3264 1494 3329 sum);
1537 3261 1586 3314 id
1625 3269 1739 3328 est,
1772 3277 1833 3316 ex
1874 3263 2025 3331 cujus

445 3361 675 3417 persona
709 3348 906 3403 dictum
948 3350 1292 3421 intelligatur.
1330 3350 1385 3406 Si
1429 3352 1569 3406 enim
1607 3367 1672 3406 ex
1722 3353 1813 3408 Dei
1855 3353 2024 3410 Patris

450 3451 676 3505 persona
703 3439 771 3493 ad
818 3438 1085 3495 Christum
1114 3441 1308 3495 dicitur
1353 3442 1483 3512 (cui
1523 3442 1800 3497 sententia:
1849 3453 2024 3498 utrum

447 3530 724 3599 sequentia
753 3541 1048 3587 consonent
1081 3534 1166 3587 vix
1193 3541 1274 3589 est
1302 3532 1587 3606 asserere),
1618 3535 1861 3589 eumdem
1896 3536 2025 3593 dicit

447 3620 856 3690 primogenitum
877 3638 1033 3692 quem
1056 3625 1417 3695 unigenitum:
1448 3625 1875 3695 primogenitum,
1901 3628 2023 3696 quia

446 3712 606 3766 etiam
633 3711 733 3768 nos
759 3713 852 3768 filii
882 3715 974 3769 Dei
1003 3731 1214 3782 sumus;
1246 3718 1572 3787 unigenitum
1600 3732 1749 3783 vero,
1774 3719 2023 3788 quoniam

446 3802 592 3857 solus
617 3804 706 3858 ille
733 3804 800 3859 de
825 3805 1114 3861 substantia
1155 3807 1326 3861 Patris
1369 3819 1423 3863 et
1450 3809 1593 3863 Patri
1622 3811 1838 3879 :eqnalis
1865 3820 2024 3882 atque

447 3903 747 3947 coaeternus
774 3903 876 3948 est.
908 3894 1092 3949 Mirum
1133 3905 1215 3950 est
1240 3906 1417 3952 autem
1447 3907 1622 3952 utrum
1671 3900 1808 3954 inter
1835 3916 2025 3972 parere

447 3991 503 4034 et
526 3983 741 4051 gignere
777 3984 1181 4041 evidentissimis
1205 3987 1538 4044 documentis
1566 4004 1714 4045 sacra
1753 3992 2024 4064 Scriptura

446 4073 752 4142 distinguat.

517 4165 709 4223 XXIV.
752 4165 850 4240 [11).
883 4183 996 4235 va,
1021 4168 1102 4244 2.]
1130 4169 1200 4224 Et
1236 4170 1517 4228 immolabis
1555 4173 1758 4230 Pascha
1805 4177 2024 4234 Domino

447 4256 559 4311 Deo
587 4265 693 4320 tuo,
722 4274 835 4312 oves
860 4267 905 4313 et
931 4259 1095 4316 boves:
1125 4261 1260 4330 Quid
1291 4263 1391 4318 sibi
1414 4265 1526 4319 vult
1555 4263 1674 4332 hoc,
1705 4268 1846 4337 quod
1875 4270 2026 4323 addi-

444 4350 543 4416 dit,
570 4349 872 4415 boves;cum
901 4353 1312 4409 immolationem
1343 4355 1559 4412 Paschae
1583 4357 1650 4413 de
1671 4375 1770 4414 ove
1791 4370 2023 4416 tantum-

446 4444 608 4497 modo
624 4445 1094 4514 commendaverit,
1122 4464 1278 4518 quam
1303 4449 1462 4518 jussit
1481 4453 1647 4522 accipi
1669 4468 1733 4508 ex
1761 4454 1950 4512 ovibus
1969 4465 2024 4512 et

445 4533 614 4589 haedis
641 4537 720 4590 vel
760 4552 827 4592 ex
862 4539 1073 4608 capris?
1101 4540 1240 4610 quod
1265 4543 1485 4612 mystice
1521 4544 1779 4613 accipitur
1807 4555 2023 4617 propter

444 4623 736 4691 Christum,
784 4629 934 4696 cujus
963 4644 1026 4684 ex
1072 4630 1226 4698 justis
1277 4641 1331 4687 et
1372 4635 1740 4702 peccatoribus
1764 4647 1847 4692 est
1875 4639 2023 4710 origo

446 4715 698 4770 carnalis.
737 4715 852 4772 Non
892 4719 1031 4773 enim
1062 4723 1168 4788 ait,
1198 4722 1276 4776 Ex
1313 4724 1499 4778 ovibus
1531 4736 1618 4779 aut
1655 4729 1861 4796 capris,
1903 4730 2024 4786 licet

446 4806 663 4875 proprie
702 4822 805 4861 non
847 4811 1010 4878 possit
1051 4811 1269 4883 intelligi
1310 4815 1426 4868 ovis
1470 4830 1533 4870 ex
1584 4818 1804 4885 capris:
1837 4819 1928 4873 sed
1957 4837 2023 4876 ne

443 4895 582 4952 forte
607 4896 774 4952 Judaei
797 4899 1037 4956 dicerent
1077 4902 1496 4958 subaudiendum
1521 4921 1736 4975 caprum
1759 4909 1800 4962 si
1823 4909 2022 4966 dictum

443 4998 605 5051 esset,
633 4990 738 5044 Aut
764 5005 830 5044 ex
858 4991 1062 5061 capris;
1103 4993 1299 5047 dictum
1336 5006 1452 5059 est,
1490 5012 1551 5050 ca:
1588 4997 1758 5052 ovibus
1785 5010 1832 5053 et
1856 5005 2024 5072 capris

445 5078 634 5147 (Exod.
661 5097 756 5144 χιι,
788 5082 867 5152 5).
896 5084 1032 5149 Quid
1054 5099 1180 5154 ergo
1206 5083 1293 5138 hic
1329 5085 1430 5139 sibi
1469 5088 1651 5141 volunt
1695 5089 1900 5146 boves?
1938 5095 2019 5147 An

442 5179 660 5240 propter
674 5173 773 5227 alia
794 5175 1051 5229 sacrificia
1072 5190 1192 5244 qua:
1219 5175 1346 5245 ipsis
1368 5176 1556 5232 diebus
1571 5192 1878 5247 azymorum
1900 5193 2023 5239 sunt

442 5261 760 5317 immolanda
774 5262 799 5315 ?

512 5350 678 5406 XXV.
711 5351 809 5427 [11).
840 5371 950 5420 xvi,
983 5355 1147 5431 9-11.]
1162 5355 1514 5425 Quzerendum
1537 5363 1800 5431 quomodo
1821 5379 2022 5434 praece-

443 5445 581 5514 perit
605 5444 874 5500 observari
902 5449 1042 5516 quod
1080 5451 1155 5505 ait
1188 5467 1200 5504 :
1237 5449 1440 5520 Septem
1470 5455 1776 5523 septimanos
1805 5458 2024 5529 integras

443 5536 782 5590 dinumerabis
811 5538 897 5590 tibi
911 5539 1025 5608 ipsi,
1058 5541 1296 5595 inchoare
1323 5552 1369 5596 te
1392 5543 1572 5612 falcem
1593 5545 1796 5616 injicere
1817 5547 1869 5602 in
1896 5565 2024 5603 mes-

516 5648 532 5677 ι
557 5648 686 5709 nam,
715 5649 1042 5702 masculinum,
1069 5662 1124 5704 Αι
1151 5660 1258 5706 MSS.
1283 5671 1394 5710 cum
1415 5671 1591 5722 emo,
1614 5659 1896 5713 meum.
2028 5645 2082 5706 ξ
2132 5634 2198 5689 ad
2226 5635 2399 5692 locum
2429 5633 2782 5692 invocationis
2811 5633 3041 5702 Domini,
3071 5635 3153 5690 vel
3183 5641 3363 5704 pecora
3387 5622 3573 5678 ducere.

1235 217 1698 289 QUESTIONUM
1733 217 1789 275 s.
1832 210 2302 272 aucusrmnv
2339 193 2893 274 narrareucnuu
3641 219 3725 278 uo

2121 343 2225 382 sem
2251 343 2270 382 :
2293 327 2498 398 incipies
2545 344 2810 382 numerare
2854 337 3041 398 septem
3068 330 3418 400 septimanos
3435 369 3452 394 ,
3476 342 3546 386 ιιι
3595 337 3724 404 [acia

2124 418 2252 472 diem
2274 422 2454 489 festum
2478 419 2869 488 septintanarum
2890 417 3118 475 Domino
3149 418 3272 474 Deo
3300 430 3419 485 tuo,
3453 435 3601 491 prou:
3619 426 3724 479 rt‘ltl

2121 525 2300 562 manus
2329 518 2434 574 tua,
2463 525 2783 580 quacumque
2810 507 3052 564 Dominus
3077 511 3183 564 tibi
3210 509 3447 572 dederit,
3479 517 3726 571 artandum

2122 600 2255 668 quod
2280 599 2525 653 benedicet
2547 610 2594 654 te
2613 598 2860 653 Dominus
2889 599 3026 654 Deus
3050 611 3181 655 tuus
3201 619 3225 667 ;
3250 612 3302 656 et
3325 603 3614 670 epulaberis
3629 618 3734 659 mue.

2122 690 2396 746 Dominum
2439 692 2600 747 Deum
2639 704 2801 748 tuum.
2842 694 2896 751 Si
2933 695 3074 750 enim
3126 697 3205 751 ab
3249 697 3518 752 universo
3554 701 3720 770 popqu

2125 781 2237 837 hare
2266 794 2568 852 pentecoste
2601 784 2749 852 jussa
2777 796 2858 840 est
2888 787 3198 854 observari,
3250 789 3526 858 numquid
3566 806 3721 846 omnes

2126 888 2230 928 uno
2254 873 2341 928 die
2365 875 2685 930 credendum
2709 886 2792 931 est
2817 876 3003 932 falcem
3023 879 3223 948 jnssos
3251 879 3483 936 mittere
3525 881 3573 934 iu
3603 897 3719 938 mes-

2124 970 2273 1024 sem?
2302 968 2357 1025 Si
2385 981 2562 1025 autem
2597 970 2696 1026 sibi
2734 973 2959 1043 quisque
2995 973 3271 1028 observat
3303 974 3468 1028 istam
3491 977 3723 1044 quinqua-

2124 1059 2378 1130 gesimam
2404 1102 2418 1126 ,
2460 1061 2804 1117 dinumerans
2828 1063 2896 1117 ab
2924 1064 3016 1118 illo
3044 1064 3138 1120 die
3167 1079 3289 1135 quo
3317 1064 3514 1119 falcem
3557 1066 3718 1132 mittit;

2125 1166 2231 1207 non
2260 1168 2361 1207 una
2401 1161 2486 1208 est
2516 1153 2764 1209 universo
2807 1157 3001 1226 populo
3037 1175 3050 1210 :
3082 1159 3180 1212 illa
3214 1173 3359 1212 vero
3388 1173 3497 1212 una
3524 1171 3603 1213 est
3623 1177 3720 1227 qua:

2124 1252 2464 1314 computatur
2499 1245 2566 1300 ab
2607 1245 2970 1303 immolatione
3004 1249 3245 1305 Pascha:
3289 1264 3474 1320 usque
3508 1251 3562 1306 in
3600 1251 3718 1308 diem

2124 1334 2261 1390 datae
2291 1335 2444 1406 Legis
2471 1337 2522 1391 in
2545 1336 2692 1392 Sina.

2199 1427 2385 1483 XXVI.
2409 1427 2510 1501 [11).
2539 1446 2664 1496 xvn,
2688 1431 2813 1485 14et
2830 1429 2942 1505 15.]
2959 1431 3020 1487 Si
3047 1442 3233 1488 autem
3259 1434 3540 1487 intraveris
3561 1435 3610 1489 in
3635 1445 3716 1490 ter-

2124 1535 2233 1572 ram
2257 1536 2409 1590 quam
2439 1519 2686 1574 Dominus
2708 1520 2840 1574 Deus
2870 1531 2985 1575 tuus
3010 1522 3096 1575 dat
3127 1523 3230 1576 tibi
3250 1524 3309 1577 in
3338 1533 3499 1591 sorte,
3526 1534 3572 1577 et
3585 1525 3718 1579 luere-

2127 1609 2362 1663 ditaueris
2384 1626 2516 1672 eam,
2546 1619 2590 1663 et
2615 1610 2915 1665 habitaveris
2945 1612 3000 1664 in
3033 1628 3114 1678 ea,
3149 1621 3205 1666 et
3222 1613 3394 1674 dices,
3429 1612 3714 1668 Constituam

2125 1718 2276 1773 super
2300 1718 2378 1754 me
2399 1703 2668 1772 principes,
2697 1703 2824 1756 sicut
2852 1713 2898 1758 et
2925 1714 3127 1758 creterra
3155 1715 3346 1776 gentes
3380 1722 3498 1775 qua:
3514 1707 3713 1760 circame

2126 1804 2279 1858 sunt;
2301 1794 2647 1848 constituendo
2685 1796 2955 1849 constitues
2975 1813 3131 1864 super
3171 1807 3225 1850 te
3251 1797 3560 1866 principem,
3591 1815 3711 1866 quem

2127 1886 2325 1957 elegerit
2359 1885 2600 1940 Dominus
2639 1885 2778 1941 Deus
2805 1897 2921 1941 tuus
2961 1888 3130 1958 ipsum
3170 1904 3192 1941 :
3239 1905 3308 1942 ea:
3352 1889 3592 1959 fratribus
3631 1889 3709 1942 tuis

2125 1976 2394 2033 constitues
2439 1993 2591 2046 super
2610 1986 2657 2030 te
2697 1977 3006 2047 principem;
3055 1995 3162 2032 non
3205 1979 3408 2049 poteris
3447 1978 3710 2033 constituas

2125 2087 2276 2140 super
2295 2079 2344 2124 te
2385 2067 2634 2123 hominem
2667 2067 2921 2132 alienum,
2969 2071 3087 2140 quia
3130 2087 3244 2125 non
3289 2080 3368 2126 est
3410 2075 3566 2141 frater
3593 2079 3704 2122 tuus.

2126 2162 2302 2229 Quaeri
2348 2169 2519 2232 potest
2565 2175 2661 2214 cur
2691 2160 3024 2230 displicuerit
3066 2162 3307 2232 populus
3342 2161 3485 2226 Deo,
3524 2160 3706 2230 quando

2126 2269 2306 2324 regem
2328 2252 2651 2308 desideravit
2678 2251 2724 2322 (I
2751 2251 2878 2322 Reg.
2907 2267 3017 2316 vnt,
3048 2251 3129 2320 7),
3161 2267 3294 2307 cum
3330 2252 3418 2306 hic
3440 2251 3702 2306 inveniatur

2127 2362 2248 2402 esse
2288 2349 2600 2416 permissus.
2643 2345 2747 2400 Sed
2792 2346 2960 2414 magis
2989 2343 3112 2398 hinc
3161 2343 3575 2414 intelligendum
3611 2352 3700 2407 est,

2128 2438 2318 2492 merito
2338 2455 2440 2492 non
2469 2439 2630 2493 fuisse
2661 2435 2952 2491 secundum
2972 2435 3314 2488 voluntatem
3337 2433 3455 2498 Dei,
3478 2435 3591 2501 quia
3608 2433 3700 2487 ﬁeri

2129 2528 2231 2584 hoc
2255 2545 2361 2584 non
2400 2530 2678 2599 prmcepit,
2722 2525 2820 2584 scd
2852 2525 3294 2580 desiderantibus
3337 2525 3592 2594 permisit.
3625 2522 3700 2576 Ve-

2129 2632 2425 2674 rumtamen
2468 2621 2734 2689 prmcepit.
2763 2636 2829 2674 ne
2869 2617 3022 2672 ﬁeret
3049 2616 3298 2682 alienus,
3339 2615 3434 2670 sed
3465 2614 3631 2678 frater,
3656 2613 3696 2668 id

2128 2720 2230 2776 est,
2258 2727 2324 2765 ex
2345 2711 2532 2766 eodem
2557 2712 2752 2781 populo
2789 2710 3033 2782 indigena
3065 2724 3178 2762 non
3221 2708 3540 2776 alienigena.
3570 2703 3696 2772 Quod

2127 2813 2300 2857 autem
2323 2805 2424 2868 ait,
2449 2819 2548 2857 non
2571 2804 2773 2872 poteris,
2800 2801 3207 2872 intelligendum
3237 2809 3344 2862 est,
3362 2815 3466 2853 non
3487 2797 3691 2852 debebis.

2197 2895 2409 2950 XXVII.
2448 2893 2547 2967 [11).
2579 2912 2710 2961 xvn,
2745 2894 2857 2968 17.]
2889 2897 2961 2951 De
2977 2911 3103 2967 rege
3123 2909 3255 2950 cum
3287 2893 3583 2962 loquteretur
3606 2889 3690 2953 nil.

2129 2987 2252 3042 Non
2279 2989 2630 3058 multiplicabit
2655 2987 2748 3042 sibi
2779 3006 2979 3052 uxores,
3009 2999 3063 3042 ut
3087 3006 3195 3043 non
3230 2987 3459 3044 discedat
3482 3000 3563 3036 cor
3582 2983 3689 3047 eius:

2127 3092 2174 3136 et
2189 3091 2450 3153 argentum
2479 3091 2523 3134 et
2548 3098 2728 3134 aurum
2756 3099 2857 3136 non
2876 3081 3236 3150 multiplicabit
3265 3083 3362 3136 sibi
3384 3078 3538 3134 valde.
3565 3072 3688 3133 Unde

2127 3172 2380 3243 qumritur
2403 3182 2579 3226 utrum
2608 3173 2771 3227 David
2796 3182 2977 3228 centra
3007 3172 3106 3228 hoc
3139 3183 3471 3243 przeceptum
3499 3186 3590 3224 non
3621 3167 3678 3221 le-

2127 3263 2296 3319 ccrit:
2329 3278 2433 3318 non
2464 3263 2604 3317 enim
2638 3279 2793 3317 unam
2823 3263 3004 3318 hahnit
3025 3280 3253 3320 uxorem
3285 3263 3350 3335 (II
3382 3262 3502 3332 Reg.
3525 3255 3681 3323 v,15).

2126 3356 2258 3411 Nam
2297 3356 2364 3412 de
2393 3357 2677 3412 Salomone
2714 3357 3044 3410 manifestum
3069 3366 3157 3410 est
3185 3355 3332 3426 quod
3364 3358 3679 3418 transgressus

2128 3446 2286 3501 fuerit
2317 3447 2418 3501 hoc
2444 3455 2786 3518 praeceptum,
2815 3454 2866 3501 et
2899 3447 2950 3499 in
2978 3445 3218 3509 feminis,
3252 3455 3307 3501 et
3329 3448 3380 3500 in
3411 3458 3552 3506 auro,
3573 3447 3618 3494 et
3638 3438 3677 3491 in

2127 3549 2367 3608 argento.
2391 3536 2495 3592 Sed
2523 3538 2645 3592 hinc
2674 3537 2847 3606 potius
2869 3537 3180 3607 intelligitur
3209 3535 3515 3607 permissum
3545 3531 3675 3584 fuisse

2127 3629 2360 3698 regibus,
2389 3636 2446 3681 ut
2466 3628 2645 3696 plures
2670 3627 2927 3682 haberent
2945 3643 3102 3697 quam
3133 3643 3300 3682 unam
3331 3645 3344 3679 :
3373 3621 3677 3690 multiplicarc

2128 3720 2268 3774 enim
2293 3719 2540 3789 prohibiti
2570 3728 2725 3774 sunt:
2755 3735 2873 3789 qua:
2903 3719 3197 3790 prohibitio
3225 3735 3332 3772 non
3361 3717 3510 3772 habet
3532 3721 3673 3766 trans.

2127 3809 2451 3881 gressionem
2473 3849 2489 3874 ,
2534 3809 2577 3863 si
2609 3824 2791 3878 pauca:
2821 3807 3050 3874 fuerint,
3089 3810 3232 3865 sicut
3272 3806 3430 3862 David
3467 3804 3669 3859 fuerunt;

2129 3915 2233 3954 non
2262 3909 2438 3954 autem
2469 3900 2669 3962 multze.
2697 3900 2836 3954 sicut
2868 3899 3163 3960 Salomoni.
3194 3898 3444 3968 Quamvis
3466 3909 3573 3948 cum
3597 3887 3672 3941 ad-

2127 3991 2280 4058 didit,
2310 4002 2362 4044 ut
2385 4008 2486 4045 non
2511 3991 2734 4044 discedat
2759 4008 2846 4044 cor
2865 3992 2994 4061 ejus,
3025 3990 3124 4044 hoc
3152 3991 3323 4060 magis
3343 3988 3536 4042 videtur
3560 3994 3668 4051 prie-

2126 4084 2355 4151 cepisse,
2379 4097 2446 4136 ne
2475 4081 2874 4151 multiplicando
2895 4082 3172 4150 perveniat
3197 4083 3263 4136 ad
3286 4079 3587 4148 alienigenas
3606 4068 3666 4123 fe-

2127 4173 2298 4228 minas
2331 4191 2343 4226 :
2379 4189 2472 4242 per
2489 4189 2619 4241 quas
2647 4171 2841 4226 factum
2872 4180 2954 4226 est
2975 4172 3030 4225 in
3061 4171 3370 4231 Salomone,
3395 4159 3664 4221 ntdiscede-

2127 4273 2208 4319 ret
2228 4279 2320 4318 cur
2343 4264 2457 4332 ejus
2486 4279 2515 4317 a
2541 4263 2651 4318 Deo
2681 4262 2766 4331 (III
2799 4262 2928 4330 Reg.
2956 4278 3016 4326 tt,
3048 4263 3074 4316 1
3095 4264 3209 4334 οι).
3239 4253 3579 4327 Multiplicatio
3600 4258 3664 4303 ωε

2127 4372 2247 4411 men
2278 4357 2598 4425 generaliter
2640 4355 2710 4409 ita
2759 4355 3021 4424 prohibita
3064 4364 3169 4421 est,
3201 4364 3258 4408 ut
3285 4347 3482 4409 etiamsi
3505 4361 3560 4400 ex
3579 4340 3661 4396 lle-

2125 4447 2284 4502 bracis
2313 4446 2441 4502 solis
2463 4459 2556 4504 eas
2588 4444 3010 4514 multiplicasset,
3039 4454 3226 4500 contra
3256 4444 3358 4499 hoc
3385 4441 3660 4510 prwwplum

2126 4538 2314 4593 fecisse
2340 4537 2528 4592 merito
2551 4536 2699 4606 argui
2729 4545 2931 4605 posset.

2198 4625 2431 4683 XXVIII.
2466 4624 2566 4698 [11).
2590 4641 2740 4690 xvnt,
2772 4623 2911 4698 6-8.]
2950 4624 3011 4681 Si
3051 4636 3219 4679 autem
3245 4614 3559 4691 supervenerit
3580 4607 3658 4663 Le-

2125 4722 2247 4776 uites
2276 4736 2339 4774 ea:
2361 4736 2461 4772 una
2489 4719 2742 4773 civitatum
2766 4725 2987 4783 tuarum,
3019 4734 3082 4772 ea:
3105 4717 3332 4771 omnibus
3356 4712 3469 4782 ﬁliis
3492 4698 3653 4761 Israel,

2127 4814 2213 4867 ubi
2240 4814 2347 4882 ipse
2372 4812 2565 4875 incolit,
2596 4810 2870 4864 secundum
2897 4810 3032 4880 quod
3055 4812 3192 4880 cupit
3218 4809 3384 4862 anima
3412 4806 3510 4873 ejus
3533 4799 3575 4850 in
3599 4793 3658 4890 lt't'

2127 4923 2241 4960 cum
2265 4920 2413 4975 quem
2442 4903 2643 4973 elegerit
2675 4901 2921 4956 Dominus
2945 4943 2960 4965 ,
3002 4902 3052 4956 id
3092 4910 3208 4966 est,
3255 4900 3298 4954 si
3327 4888 3654 4980 desideraverit

2127 4997 2206 5050 ire
2231 4971 2297 5049 ad
2328 4971 2632 5047 Iocumiubi
2674 4992 2928 5046 Dominus
2967 4992 3272 5053 invocatur;
3318 4998 3363 5041 et
3403 4971 3654 5038 ministrabit

2128 5087 2320 5143 nomini
2347 5085 2555 5140 Domini
2585 5085 2678 5140 Dei
2700 5086 2801 5148 sui,
2828 5087 2956 5140 sicut
2982 5103 3153 5140 omnes
3176 5089 3354 5158 fratres
3367 5079 3468 5148 ejus
3484 5069 3648 5126 ισυίιω.

2129 5182 2213 5246 qui
2252 5187 2416 5231 astant
2450 5176 2518 5230 ibi
2556 5193 2726 5230 coram
2763 5176 2982 5231 Domino
3024 5193 3041 5230 :
3080 5187 3267 5246 partem
3296 5169 3512 5242 partitam
3537 5158 3649 5218 cdel.

2128 5282 2306 5344 praeter
2325 5270 2676 5337 venditionem,
2713 5287 2824 5339 qua:
2852 5280 2922 5324 est
2951 5269 3218 5324 secundum
3246 5263 3491 5338 familiam.
3515 5252 3647 5344 Ουίξίη

2129 5336 2270 5417 dicat
2298 5336 2677 5426 venditionem,
2711 5336 2994 5416 obscurum
3021 5372 3103 5415 est
3135 5378 3147 5414 :
3177 5336 3272 5412 nisi
3300 5354 3429 5408 forte
3449 5344 3552 5416 quia
3574 5336 3649 5436 de:

2129 5453 2441 5509 cimationes
2479 5461 2533 5507 et
2566 5453 2914 5524 primogenita
2958 5452 3207 5522 praecepit
3243 5445 3385 5502 vendi
3406 5441 3466 5494 ab
3490 5435 3554 5490 eis
3575 5438 3645 5497 (ιιιι

2128 5544 2183 5598 in
2208 5545 2494 5615 longinquo
2519 5543 2838 5606 habitarent,
2868 5558 2934 5597 ne
2961 5543 3124 5597 multa
3150 5544 3449 5659 cogerentrtltr
3472 5528 3645 5659 pomi:

2133 5634 2196 5659 -.ι
2226 5635 2397 5659 ι--.....
2429 5633 2780 5659 ε--.,.-..ιε,...ε-
2811 5633 3016 5659 n-..:..:
3071 5635 3150 5659 -..ιι
3185 5641 3361 5659 ...ιλιι-α
3423 5627 3573 5659 πβρι-8.
