3862 6300
107 164 220 225 τοι

103 280 222 338 illic
244 278 325 335 ab
354 279 432 337 eis
457 277 634 335 denuo
656 282 962 334 emerentur
985 290 1052 333 ex
1078 275 1267 333 eodem
1288 274 1495 346 pretio;
1523 283 1577 331 et
1599 275 1714 346 jus-

104 378 265 427 serat
294 370 499 427 habere
526 369 596 423 ibi
627 378 829 439 partem
863 366 1130 434 Levitam,
1161 366 1249 437 qui
1289 376 1531 422 maneret
1563 367 1615 421 in
1650 382 1715 423 ea

104 463 359 525 civitate,
391 461 530 517 unde
557 460 659 515 illa:
684 460 1067 516 deeimatioues
1092 470 1147 515 et
1172 458 1520 529 primogenita
1547 457 1712 514 debe-

102 554 337 609 bantur.
372 552 440 607 Et
467 552 583 607 ideo
609 551 742 606 dixit
779 550 1068 607 secundum
1117 550 1366 603 familiam
1407 549 1509 605 hoc
1532 549 1714 606 deberi

105 645 349 707 Levitze,
382 645 629 714 quoniam
673 658 739 699 ex
765 642 1106 699 successione
1134 657 1233 712 qua
1260 641 1497 696 succedit
1526 656 1715 711 paren-

106 739 257 793 tibus
288 740 428 803 suis,
460 738 561 791 hoc
592 737 731 792 circa
758 751 879 792 eum
926 734 1126 790 servari
1166 741 1396 803 oportet,
1431 732 1574 804 quod
1616 748 1714 803 pa-

104 830 367 883 rentibus
395 829 690 884 exhibitum
721 836 823 883 est.

179 917 507 991 XXIX.[lb.
540 935 683 986 xviu,
716 917 827 991 11,]
853 918 1113 986 Quoniam
1144 925 1510 987 portentorum
1534 916 1713 987 inspe-

104 1022 292 1067 ctores
348 1013 596 1082 prohibet
636 1027 755 1067 esse
800 1011 852 1065 in
881 1011 1078 1080 pepqu
1110 1010 1235 1073 Dei,
1260 1009 1608 1080 qnzerendom
1632 1017 1715 1064 est

104 1105 393 1176 quomodo
439 1106 534 1159 ista
585 1113 829 1174 portenta
893 1118 1011 1173 qum
1074 1101 1261 1171 inspici
1311 1101 1663 1172 prohibentur
1694 1143 1710 1167 ,

104 1196 497 1253 discernantur
525 1195 594 1250 ab
632 1194 711 1250 eis
736 1209 856 1265 quae
879 1193 1133 1248 divinitus
1162 1193 1232 1247 ita
1257 1192 1482 1258 dantur,
1508 1192 1712 1262 utquid

105 1288 429 1358 signiﬁcent
453 1286 556 1341 dici
585 1285 777 1340 debeat
804 1304 817 1339 :
842 1285 979 1339 sicut
1012 1283 1190 1338 omnia
1220 1283 1494 1344 miracula,
1517 1298 1635 1352 quae
1660 1282 1713 1336 in

102 1380 411 1448 Scripturis
436 1379 769 1448 reperiuntur
796 1373 1149 1448 signiﬁcantia
1183 1375 1326 1445 quod
1362 1375 1619 1445 pertineat
1647 1373 1714 1428 ad

106 1471 361 1543 regulam
392 1470 549 1533 ﬁdei;
582 1470 719 1524 sicut
743 1468 971 1524 dicimus
999 1466 1126 1536 quid
1150 1466 1526 1537 signiﬁcaverit
1547 1465 1714 1520 vellus

106 1565 157 1619 in
189 1578 325 1618 area
350 1562 623 1632 compluta
653 1561 877 1625 siccum,
906 1559 991 1614 vel
1032 1559 1084 1613 in
1129 1559 1270 1613 sicca
1308 1573 1430 1612 area
1476 1557 1717 1628 complu-

106 1664 219 1711 tum
262 1654 470 1728 (Judic.
513 1671 586 1721 vt,
623 1654 849 1722 37-40);
893 1664 984 1707 aut
1020 1653 1169 1724 virga
1194 1654 1372 1707 Aaron
1393 1667 1513 1722 qua:
1538 1652 1716 1706 ﬂoruit

109 1749 308 1819 (Num.
337 1764 469 1814 xvn,
494 1748 568 1818 8),
601 1755 655 1803 et
681 1761 844 1801 nuces
858 1745 1064 1810 attulit;
1087 1752 1141 1799 et
1161 1754 1357 1799 esetera
1386 1742 1709 1812 hujusmodi.

105 1842 260 1897 Sicut
306 1853 491 1897 autem
537 1841 913 1895 discernuntur
948 1838 1323 1903 divinationes,
1355 1851 1488 1907 quas
1526 1851 1715 1891 conse-

107 1914 347 2003 quenter
392 1931 654 2001 prohibet,
687 1947 715 1984 a
765 1930 1197 2001 praedictionibus
1233 1928 1317 1983 vel
1356 1928 1713 1982 annnntiatio-

109 2025 270 2079 nibus
301 2022 717 2094 Prophetarum,
741 2022 817 2076 sic
846 2022 947 2079 illae
976 2021 1335 2091 inspectiones
1354 2019 1713 2090 prodigiorum

111 2133 140 2170 a
171 2116 659 2187 signiﬁcationibus
684 2114 983 2170 divinorum
1014 2114 1387 2169 miraculorum
1409 2112 1717 2168 discernen-

110 2207 193 2264 dae
234 2216 388 2261 sunt.

184 2298 368 2355 XXX.
402 2296 505 2370 [lh.
536 2314 626 2364 xx,
655 2295 734 2370 4.]
774 2296 1025 2362 Quoniam
1064 2296 1313 2351 Dominus
1333 2294 1471 2349 Deus
1513 2302 1671 2349 vester
1697 2337 1712 2361 ,

113 2391 201 2457 qui
234 2388 480 2460 praecedit
506 2388 778 2449 vobiscum,
809 2387 961 2440 simul
989 2384 1254 2440 debellabit
1275 2384 1523 2439 vobiscum
1546 2385 1716 2437 inimi-

116 2498 202 2537 cos
227 2492 427 2536 vestros
447 2523 463 2547 ,
505 2490 550 2533 et
585 2480 749 2534 salvos
780 2479 929 2550 faciet
960 2495 1062 2534 vos.
1095 2478 1233 2532 Ecce
1266 2476 1717 2548 quemadmodum

117 2580 172 2627 et
213 2572 266 2627 in
310 2571 681 2641 Spiritualibns
722 2570 1059 2625 conllietibus
1095 2568 1417 2638 sperandum
1445 2578 1501 2623 et
1529 2577 1716 2637 peten-

119 2664 245 2719 dum
287 2672 375 2719 est
418 2663 740 2734 adjutorium
770 2662 881 2727 Dei,
907 2677 1015 2715 non
1042 2672 1099 2715 ut
1124 2676 1221 2715 nos
1252 2660 1381 2714 nihil
1420 2660 1675 2715 faciamus
1698 2701 1713 2726 ,

119 2756 214 2811 sed
242 2765 303 2811 ut
331 2756 501 2825 adjuti
528 2769 901 2825 coopercmur.
926 2753 1015 2807 Sic
1042 2753 1183 2808 enim
1210 2752 1304 2819 ait,
1333 2750 1600 2806 debellabit
1625 2768 1715 2806 vo-

121 2847 338 2914 biscum,
374 2857 433 2904 ut
469 2849 627 2904 etiam
669 2849 813 2918 ipsos
845 2856 1055 2902 acturos
1089 2846 1231 2917 quod
1272 2845 1534 2916 agendum
1575 2854 1720 2901 esset

121 2940 456 2996 ostenderet.

191 3030 395 3086 XXXI.
427 3029 525 3104 [lb.
547 3047 637 3093 xx,
654 3028 793 3103 5-7.]
815 3029 876 3084 Et
892 3030 1159 3101 loquentur
1173 3028 1350 3083 scriba:
1377 3028 1445 3082 ad
1475 3030 1719 3099 papulum

121 3123 370 3189 dicentes,
406 3123 531 3189 Quis
559 3131 631 3177 est
661 3122 809 3176 homo
847 3122 935 3190 qui
960 3122 1226 3191 aediﬁcavit
1255 3120 1459 3175 domum
1497 3138 1676 3175 novam
1700 3162 1714 3187 ,

119 3223 167 3267 et
215 3228 322 3267 non
376 3213 622 3267 dedicavit
661 3215 811 3268 eam?
839 3213 1027 3279 vadat,
1058 3223 1103 3267 et
1134 3222 1408 3267 revertatur
1432 3214 1483 3267 in
1514 3214 1719 3267 domum

116 3323 289 3371 suam,
340 3322 405 3359 ne
435 3307 679 3360 moriatur
707 3308 758 3359 in
782 3306 932 3371 bello,
963 3307 1183 3381 et'homo
1208 3307 1341 3359 alius
1368 3306 1559 3358 dedicet
1587 3323 1710 3360 eam.

116 3398 189 3453 Et
214 3398 334 3467 quis
359 3410 434 3452 est
466 3400 614 3452 homo
639 3400 723 3469 qui
751 3400 1020 3468 pastinavit
1046 3400 1261 3462 vineam,
1295 3408 1341 3452 et
1371 3415 1471 3451 non
1499 3409 1570 3451 est
1597 3417 1721 3469 epu-

116 3490 255 3543 latus
286 3506 353 3543 ea:
380 3492 477 3544 ea?
503 3491 671 3556 vadat,
719 3500 765 3544 et
790 3499 1066 3543 revertatur
1103 3492 1156 3543 in
1186 3490 1390 3544 domum
1433 3507 1614 3558 suam,
1661 3510 1723 3546 ne

118 3585 375 3638 moriatur
396 3584 451 3638 in
478 3582 627 3650 bello,
653 3593 699 3637 et
726 3584 875 3637 homo
900 3583 1032 3636 alius
1057 3584 1286 3653 epuletur
1312 3600 1375 3637 ea:
1410 3600 1491 3638 ea.
1525 3583 1591 3638 Et
1611 3586 1721 3654 quis

121 3683 191 3729 est
218 3674 375 3729 homo
414 3675 502 3745 qui
536 3675 790 3745 sponsavit
837 3690 1064 3741 uxorem,
1120 3685 1166 3728 et
1212 3692 1313 3729 non
1352 3675 1543 3747 accepit
1567 3678 1723 3730 eam?

124 3767 294 3830 vadat,
323 3775 371 3820 et
402 3767 573 3819 redeat
596 3766 649 3819 in
679 3764 885 3819 domum
906 3782 1077 3828 suam,
1112 3783 1173 3819 ne
1197 3766 1441 3820 moriatur
1468 3767 1521 3820 in
1545 3766 1674 3821 bello
1704 3808 1718 3832 ,

127 3867 172 3910 et
204 3857 357 3911 homo
385 3857 516 3910 alius
541 3857 757 3925 accipiat
778 3873 906 3910 eam.
936 3856 1161 3911 Possunt
1186 3872 1402 3912 movere
1425 3857 1546 3924 ista,
1570 3858 1721 3928 quasi

129 3949 355 4003 meliore
386 3948 692 4003 conditione
722 3947 1018 4001 moriantur
1048 3948 1100 4001 in
1127 3948 1292 4013 bello,
1322 3948 1411 4018 qui
1435 3949 1546 4018 jam
1575 3948 1724 4004 dedi-

131 4049 387 4095 caverunt
405 4039 630 4093 :ediﬁcia
649 4055 764 4105 sua,
778 4039 995 4108 jamque
1024 4039 1220 4107 epulati
1251 4047 1373 4092 sunt
1393 4039 1459 4094 de
1477 4041 1718 4105 novellis,

132 4128 343 4201 iamque
372 4131 641 4185 duxerunt
667 4145 892 4200 sponsas
921 4146 1066 4197 suas,
1098 4146 1258 4200 quam
1285 4132 1318 4185 ii
1347 4132 1434 4201 qui
1462 4133 1719 4188 nondum.

135 4220 233 4276 Sed
268 4223 523 4293 quoniam
570 4222 654 4277 his
689 4222 847 4277 rebus
870 4230 1083 4277 tenetur
1112 4222 1373 4277 humanus
1401 4222 1642 4290 allectus,
1670 4235 1724 4281 et

137 4315 308 4385 magni
345 4314 681 4369 testimantur
712 4312 827 4367 haec
851 4313 919 4367 ab
957 4313 1287 4379 hominibus;
1323 4314 1722 4385 intelligendum

140 4413 217 4459 est
238 4406 301 4460 ad
333 4406 439 4462 hoc
464 4407 563 4461 ista
591 4406 695 4462 dici
720 4408 770 4460 in
802 4406 993 4461 bellum
1025 4408 1466 4476 procedentibus,
1497 4419 1554 4463 ut
1580 4409 1726 4479 quis-

141 4498 252 4566 quis
278 4501 461 4555 animo
488 4500 571 4554 his
599 4509 825 4563 tenetur,
851 4509 1105 4568 appareat
1134 4514 1253 4554 cum
1286 4502 1575 4555 revertitur
1596 4543 1611 4567 ,
1655 4518 1723 4557 ne

142 4601 349 4660 propter
374 4592 479 4647 hoc
514 4592 688 4646 minus
727 4590 934 4646 fortiter
971 4601 1129 4662 agat,
1162 4590 1287 4645 dum
1321 4592 1474 4647 timet
1500 4608 1567 4648 ne
1597 4602 1723 4649 ante

142 4687 424 4754 moriatur,
473 4703 631 4758 quam
672 4686 890 4741 domum
921 4684 1278 4749 dedicaverit,
1307 4694 1398 4739 aut
1422 4684 1489 4739 de
1518 4686 1725 4740 novella

145 4787 232 4830 sua
259 4778 482 4843 biberit,
511 4787 603 4833 aut
638 4792 888 4848 sponsam
930 4790 1083 4830 suam
1126 4775 1357 4830 duxerit.
1387 4775 1519 4829 Nam
1548 4776 1726 4845 utique

146 4884 389 4939 quantum
444 4871 508 4927 ad
549 4871 799 4926 fentiuam
852 4871 1120 4939 pertinet,
1165 4868 1357 4923 melius
1393 4867 1549 4924 alteri
1579 4868 1729 4924 nubit

150 4958 332 5018 intacta
360 4980 522 5035 quam
557 4963 711 5018 vidua
748 4980 762 5015 :
795 4962 890 5016 sed
920 4961 1056 5024 h;ec,
1099 4968 1157 5014 ut
1180 4959 1310 5027 dixi,
1340 4959 1577 5015 instituta
1603 4968 1729 5014 sunt

152 5063 354 5122 propter
381 5057 621 5110 virorum
651 5053 859 5107 animos
887 5050 1263 5121 explorandos.

218 5143 425 5201 XXXII.
460 5145 559 5219 [11).
590 5161 717 5209 xxn,
747 5141 827 5215 5.]
848 5141 968 5195 Non
992 5151 1135 5195 erant
1161 5159 1281 5197 vasa
1304 5142 1399 5197 viri
1431 5158 1581 5211 super
1614 5158 1729 5195 mu-

159 5229 315 5289 lierem
345 5253 363 5291 :
390 5253 517 5292 vasa
554 5236 741 5292 bellica
768 5234 880 5288 vult
910 5234 1149 5302 intelligi,
1183 5233 1236 5288 id
1266 5243 1366 5298 est,
1397 5249 1563 5288 arma.
1594 5232 1724 5289 Nam

159 5325 356 5391 Quidam
382 5330 539 5385 etiam
568 5328 670 5384 hoc
700 5325 1029 5396 interpretati
1061 5333 1204 5379 sunt.

222 5414 446 5475 XXXI“.
480 5419 579 5492 [lb.
618 5435 747 5485 χχιι,
780 5416 995 5490 15-21.]
1032 5416 1093 5472 Si
1138 5428 1302 5471 autem
1326 5417 1436 5487 quis
1480 5418 1725 5485 acceperit

162 5520 370 5575 tutorem,
392 5524 437 5568 et
458 5514 748 5567 habitaverit
772 5528 885 5566 cum
906 5528 983 5575 ea,
1016 5520 1061 5565 et
1086 5510 1247 5564 oderit
1268 5526 1397 5574 eam,
1428 5519 1474 5562 et
1499 5511 1725 5579 imponat

162 5598 204 5651 ei
243 5608 506 5661 occasionis
535 5607 679 5660 verba
697 5647 713 5671 ,
741 5615 784 5660 et
815 5606 1045 5660 detulerit
1074 5606 1119 5659 ei
1146 5620 1327 5659 nomen
1355 5604 1653 5671 malignum,
1677 5612 1725 5657 et

1491 157 1696 217 LIBER
1730 158 2051 229 QUINTUS.

3300 166 3407 227 762

1819 272 2025 340 dixerit,
2054 272 2322 331 Mulierem
2346 274 2479 331 hanc
2504 278 2697 350 accepi,
2726 286 2775 333 et
2799 280 3043 336 accedens
3069 279 3139 335 ad
3164 296 3275 335 eam
3298 299 3402 339 non

1820 367 1986 421 inveni
2007 369 2115 439 ejus
2139 368 2406 440 virginalia
2438 385 2459 424 :
2482 380 2529 425 et
2548 371 2798 439 accipiens
2828 382 2971 441 pater
2989 373 3191 443 puellte,
3217 383 3266 430 et
3290 392 3405 431 ma-

1820 470 1913 528 ter,
1946 461 2220 529 producent
2254 462 2519 533 virginalia
2545 463 2726 531 puellm
2752 464 2821 517 ad
2845 464 3063 521 seniores
3088 467 3157 519 ad
3180 478 3400 537 portam,

1820 562 1866 607 et
1895 552 2025 606 dicet
2044 562 2186 623 pater
2204 553 2386 625 puella:
2409 555 2707 622 senioribus,
2731 555 2921 610 Filiam
2945 574 3107 611 meam
3129 558 3259 613 hanc
3285 562 3403 615 dedi

1819 642 2009 697 homini
2034 644 2151 698 huic
2176 661 2402 708 uxorem,
2434 655 2478 699 et
2504 646 2619 700 odio
2640 646 2826 701 habens
2853 664 2982 713 eant,
3009 649 3117 719 ipse
3144 666 3278 703 nunc
3305 650 3404 704 im-

1820 737 1959 806 ponit
1984 738 2031 790 ei
2055 739 2332 793 occasionis
2359 739 2505 793 verba
2530 740 2698 795 dicens
2718 783 2731 805 ,
2778 738 2899 795 Non
2934 742 3101 796 inveni
3144 743 3268 811 ﬁlia:
3306 753 3407 799 tut!

1819 830 2135 911 virginaliaa:
2163 842 2209 885 et
2230 849 2340 886 ecce
2366 834 2631 904 virginalia
2670 834 2793 903 ﬁlia:
2819 850 2960 888 mete.
2995 833 3059 888 Et
3096 834 3407 904 replicabunt

1821 922 2036 993 pallium
2062 940 2232 977 coram
2260 924 2460 979 senibus
2480 925 2691 980 civitatis
2714 924 2873 980 illius.
2907 925 2974 980 Et
2994 926 3238 995 accipient
3262 942 3405 982 senes

1819 1012 2031 1068 Civitatis
2055 1014 2305 1069 hominem
2334 1014 2513 1081 illum,
2539 1026 2586 1071 et
2615 1017 2929 1089 castigabant
2954 1034 3089 1084 eum,
3118 1027 3164 1071 et
3197 1019 3401 1072 damni-

1819 1104 2042 1173 ﬁcabunt
2071 1122 2182 1160 eum
2215 1116 2411 1160 centum
2444 1108 2582 1163 siclis
2606 1149 2621 1175 ,
2661 1118 2708 1162 et
2734 1109 2925 1163 dabunt
2954 1110 3087 1178 patri
3112 1108 3405 1163 adolescen-

1821 1198 1940 1252 tulte
1955 1214 1975 1263 ;
1998 1199 2115 1265 quia
2144 1201 2351 1270 protulit
2380 1217 2559 1255 nomen
2576 1202 2764 1256 malum
2792 1219 2943 1272 super
2969 1202 3211 1273 virginem
3230 1202 3406 1257 Istae.

1820 1290 1957 1344 litem
2000 1306 2019 1345 :
2059 1302 2103 1346 et
2142 1292 2300 1361 ipsius
2343 1293 2435 1346 erit
2479 1309 2642 1358 uxor;
2682 1310 2784 1348 non
2815 1294 2995 1364 poterit
3020 1293 3266 1347 dimittere
3292 1309 3403 1346 eam

1821 1392 2059 1450 perpetuo
2075 1391 2315 1452 tempore.
2338 1383 2397 1439 Si
2411 1394 2576 1438 autem
2594 1400 2765 1438 verum
2781 1384 2971 1454 factum
2988 1384 3161 1439 sithoc
3183 1384 3403 1447 verbum,

1820 1482 1866 1525 et
1897 1489 1996 1526 non
2024 1474 2343 1527 inveniantur
2370 1475 2636 1545 virginalia
2662 1476 2873 1544 puellm,
2898 1486 2944 1529 et
2975 1474 3251 1545 producent
3275 1474 3405 1528 ado-

1822 1563 2142 1619 leseentulam
2178 1566 2246 1618 ad
2276 1567 2496 1636 januam
2523 1566 2701 1621 domus
2726 1567 2885 1636 patris
2911 1565 3091 1636 ipsius,
3119 1574 3167 1619 et
3199 1564 3404 1635 lapida-

1820 1654 1939 1709 bunt
1968 1672 2077 1709 eam
2106 1657 2199 1709 viri
2226 1657 2438 1711 civitatis
2479 1658 2589 1727 ejus
2629 1658 2684 1710 in
2730 1658 3014 1726 lapidibus,
3044 1666 3091 1710 et
3128 1656 3407 1719 morietur;

1818 1750 2055 1819 quoniam
2106 1750 2223 1819 fecit
2264 1750 2627 1821 impudentiam
2655 1751 2709 1804 in
2738 1750 2859 1820 ﬁliis
2889 1749 3076 1815 Israel,
3109 1749 3408 1821 prostituere

1820 1840 2021 1894 domum
2070 1842 2229 1911 putris
2256 1841 2334 1895 sui
2362 1857 2381 1895 :
2409 1850 2455 1895 et
2482 1842 2681 1910 auferes
2708 1842 2983 1912 malignum
3010 1857 3073 1894 ea:
3102 1840 3236 1894 vobis
3258 1839 3405 1909 ipsis.

1819 1930 1957 1986 Satis
1994 1930 2117 1987 hinc
2160 1941 2378 2004 apparet
2421 1932 2866 2002 quemadmodum
2908 1931 3149 1987 subditas
3184 1931 3407 1986 feminas

1822 2022 1986 2088 viris,
2039 2031 2095 2078 et
2132 2039 2267 2093 pene
2313 2023 2535 2079 famulas
2568 2024 2679 2079 Lex
2731 2038 2850 2079 esse
2892 2023 3121 2077 voluerit
3164 2036 3405 2076 uxores:

1820 2112 1959 2182 quod
1990 2113 2172 2169 dicens
2198 2115 2453 2170 adversus
2489 2131 2707 2170 uxorem
2750 2116 2832 2169 vir
2874 2114 3233 2169 tesﬁmonium
3264 2104 3411 2168 unde

1822 2202 2145 2273 lapidaretur
2185 2205 2293 2268 illa,
2332 2206 2376 2260 si
2414 2205 2517 2261 hoc
2542 2222 2724 2261 verum
2758 2221 2880 2261 esse
2908 2205 3406 2270 demonstraretur;

1822 2296 1936 2365 ipse
1964 2307 2139 2352 tamen
2169 2312 2272 2352 non
2302 2298 2534 2353 vicissim
2563 2298 2847 2368 lapidatur,
2872 2297 2915 2352 si
2940 2297 3043 2353 hoc
3069 2297 3260 2351 falsum
3287 2310 3410 2351 esse

1822 2388 2149 2453 consﬁterit;
2192 2390 2285 2444 sed
2314 2390 2681 2444 tantummodo
2710 2390 2998 2460 castigatur
3020 2430 3035 2454 ,
3072 2398 3126 2443 et
3166 2386 3411 2443 damniﬁ-

1822 2492 2002 2548 catur,
2050 2483 2205 2551 eique
2243 2492 2500 2551 perpetuo
2538 2482 2753 2552 iubetur
2788 2481 3065 2536 adhaerere
3093 2496 3195 2551 qua
3225 2495 3411 2535 carere

1822 2572 2079 2627 voluerat.
2123 2570 2178 2626 In
2221 2571 2337 2626 aliis
2363 2580 2541 2627 autem
2580 2573 2776 2636 causis,
2813 2587 2934 2627 eum
2978 2570 3069 2641 qtti
3104 2570 3409 2626 testimonio

1760 2720 1767 2725 ,
1824 2662 1957 2717 falso
1995 2662 2243 2733 cuiquam
2285 2663 2545 2728 nocuerit,
2578 2678 2759 2734 quem,
2790 2663 2836 2717 si
2865 2662 3177 2733 probaretur
3200 2702 3215 2726 ,
3250 2660 3412 2730 jussit

1823 2756 2026 2823 occidi,
2069 2756 2254 2811 eadem
2303 2772 2458 2826 ptena
2497 2756 2654 2827 plecti
2676 2756 2847 2826 jubet,
2887 2770 2991 2825 qua
3022 2754 3212 2821 fuerat,
3235 2754 3283 2809 si
3313 2769 3409 2809 ve-

1823 2865 1942 2905 rum
1969 2858 2130 2913 esset,
2166 2850 2265 2905 iste
2296 2849 2629 2919 plectendas.

1895 2939 2139 2994 XXXIV.
2168 2938 2268 3012 [Ib.
2304 2957 2446 3006 χχιι,
2484 2940 2574 3007 28,
2619 2941 2708 3005 29,
2745 2938 2856 3013 19.]
2901 2939 2962 2996 Si
2985 2948 3152 2994 autem
3176 2939 3415 2993 inuenerit

1822 3033 2005 3104 aliquis
2031 3034 2253 3104 puellam
2282 3032 2521 3105 virginem
2560 3050 2674 3105 qua:
2715 3044 2955 3104 sponsata
2999 3049 3101 3087 non
3126 3041 3215 3095 est,
3242 3041 3289 3086 et
3312 3032 3413 3085 vim

1824 3125 2014 3195 faciens
2041 3126 2088 3178 ei
2112 3125 2371 3179 dormierit
2406 3142 2521 3179 cum
2570 3142 2663 3191 ea,
2706 3135 2753 3179 et
2790 3126 3020 3179 inventus
3064 3125 3244 3195 fuerit;
3276 3121 3416 3177 dabit

1826 3215 1975 3269 homo
1998 3216 2083 3285 qui
2111 3215 2343 3269 dormivit
2368 3233 2482 3270 cum
2502 3232 2583 3282 ea,
2602 3216 2732 3285 patri
2756 3216 2937 3285 puella:
2951 3216 3314 3287 quinquaginta
3334 3214 3415 3267 di-

1825 3306 2070 3358 drachma
2092 3307 2107 3337 ¹
2130 3307 2361 3375 argenti,
2408 3316 2454 3360 et
2488 3308 2647 3375 ipsius
2680 3307 2771 3360 erit
2799 3323 2963 3371 uxor;
2987 3308 3103 3377 quia
3130 3304 3415 3360 humiliavit

1826 3413 1935 3450 eam
1966 3412 1984 3449 :
2006 3413 2106 3449 non
2134 3398 2313 3463 poterit
2338 3398 2586 3451 dimittere
2613 3414 2724 3451 eam
2758 3414 2848 3466 per
2871 3414 3019 3451 omne
3055 3408 3269 3465 tempus.
3299 3396 3412 3453 Me-

1826 3486 1930 3540 rito
1952 3487 2211 3556 quzeritur
2237 3496 2413 3542 utrum
2444 3488 2540 3541 ista
2573 3502 2729 3557 paena
2756 3488 2843 3551 sit,
2876 3496 2933 3541 ut
2962 3502 3066 3540 non
3086 3502 3219 3541 eam
3243 3486 3414 3555 possit

1826 3576 2094 3632 dimittere
2136 3594 2231 3647 per
2255 3594 2412 3635 omne
2442 3587 2671 3649 tempus.
2711 3595 2869 3649 quam
2912 3578 3210 3635 inordinate
3252 3588 3411 3649 atque

1827 3667 2008 3722 illicite
2038 3668 2268 3722 violavit.
2298 3669 2353 3722 Si
2385 3668 2526 3722 enim
2553 3669 2622 3723 ob
2645 3668 2748 3724 hoc
2778 3668 3073 3739 intelligere
3089 3668 3412 3724 voluerimus

1827 3776 1944 3815 eam
1978 3776 2082 3813 non
2121 3775 2306 3829 posse,
2337 3759 2388 3815 id
2413 3769 2495 3814 est
2521 3778 2626 3815 non
2654 3760 2851 3816 debere
2876 3760 3068 3815 dimitti
3114 3776 3211 3830 per
3252 3775 3414 3815 omne

1828 3858 2059 3920 tempus,
2110 3852 2231 3921 quia
2272 3868 2405 3906 uxor
2445 3850 2629 3907 eﬁ‘eeta
2679 3861 2782 3919 est,
2822 3852 3059 3907 occurrit
3104 3850 3231 3906 illud
3270 3852 3413 3921 quod

1828 3942 2072 4011 permisit
2110 3940 2322 4012 Moyses
2349 3942 2477 3998 dare
2517 3944 2751 3997 libellum
2792 3943 3018 4014 repudii,
3054 3952 3109 3999 et
3148 3942 3417 3998 dimittere

1833 4031 2006 4103 (Deut.
2033 4048 2175 4099 xxiv,
2212 4032 2288 4103 1).
2321 4033 2375 4087 Ιιι
2403 4033 2487 4087 Itis
2516 4044 2693 4090 autem
2728 4034 2816 4105 qui
2861 4034 3042 4088 illicite
3080 4034 3287 4097 vitiant,
3315 4049 3417 4088 no-

1829 4124 1927 4178 luit
1956 4125 2136 4190 lieere,
2168 4140 2233 4179 ne
2260 4124 2325 4179 ad
2346 4124 2631 4180 ludibrium
2655 4126 2845 4181 fecisse
2872 4125 3133 4187 videatur,
3166 4134 3219 4179 et
3240 4127 3417 4197 potius

1831 4215 2048 4272 ﬁnxisse
2073 4218 2213 4289 quod
2240 4233 2359 4273 eam
2390 4234 2610 4274 uxorem
2638 4218 2868 4283 duxerit,
2900 4234 3058 4289 quam
3086 4234 3211 4273 vere
3247 4217 3413 4287 placi-

1830 4320 1993 4380 toque
2030 4311 2264 4365 duxisse.
2296 4311 2408 4365 Hoc
2436 4320 2489 4365 et
2518 4311 2585 4365 de
2614 4311 2697 4363 illa
2724 4310 2930 4379 iussum
2969 4318 3052 4365 est
3075 4352 3090 4374 ,
3136 4310 3220 4364 cui
3260 4308 3418 4364 fuerit

1829 4399 1912 4454 vir
1937 4400 2289 4454 calumniatus
2313 4399 2380 4453 de
2410 4400 2755 4469 virginalibus
2781 4416 2885 4452 non
2913 4398 3162 4452 invvntis.

1903 4489 2126 4544 XXXV.
2161 4488 2265 4562 [11).
2298 4505 2452 4553 xxnl,
2493 4488 2643 4563 5.4.]
2668 4488 2786 4543 Non
2814 4490 3014 4543 intrabit
3038 4488 3347 4545 Ammanites
3370 4499 3418 4545 et

1834 4578 2080 4633 Moabites
2104 4580 2159 4632 in
2191 4578 2469 4633 Ecclesium
2514 4578 2739 4647 Domini,
2790 4589 2836 4633 et
2874 4595 3029 4649 usque
3063 4579 3132 4632 ad
3171 4579 3418 4635 decimam

1832 4670 2200 4742 generationem
2220 4687 2321 4725 non
2341 4670 2545 4725 intrabit
2565 4671 2617 4724 in
2646 4670 2928 4725 Ecclesium
2948 4669 3177 4736 Domini,
3199 4681 3243 4725 et
3264 4689 3421 4743 usque

1832 4761 1883 4815 in
1912 4770 2171 4816 aeternum.
2219 4761 2453 4828 Qumstio
2497 4770 2613 4829 est,
2655 4761 2925 4833 quomodo
2955 4762 3233 4817 intraverit
3276 4762 3419 4817 ltuth

1832 4868 1950 4923 qua:
1990 4852 2233 4907 Moabitis
2271 4852 2369 4907 fuit
2409 4852 2591 4924 (Ruth.
2639 4871 2677 4921 ι,
2708 4854 2823 4926 2‘2),
2870 4854 2937 4909 de
2976 4870 3077 4923 qua
3108 4855 3266 4908 etiam
3294 4868 3420 4908 caro

1833 4945 2041 4999 Domini
2069 4945 2326 5015 originem
2358 4944 2503 5001 ducit
2528 4944 2739 5018 (Matth.
2770 4961 2824 5014 ι,
2853 4944 2933 5014 5).
2962 4944 3072 4999 Nisi
3102 4944 3235 4997 forte
3262 4943 3415 4996 istam

1833 5036 2060 5107 mystice
2089 5035 2481 5106 prOphetaverit
2508 5037 2843 5098 intraturum,
2871 5034 3013 5105 quod
3039 5033 3132 5099 ait,
3160 5048 3315 5101 usque
3351 5033 3420 5085 ad

1832 5128 2075 5182 decimam
2090 5128 2478 5201 generationem.
2493 5128 2622 5183 Com
2631 5136 2880 5197 putantur
2889 5124 3029 5179 enim
3050 5122 3422 5193 generationes

1834 5233 1904 5274 ex
1931 5218 2224 5284 Abraham,
2264 5220 2477 5291 quando
2506 5219 2606 5273 fuit
2630 5226 2685 5272 et
2708 5217 2807 5273 Lot
2834 5214 2923 5286 qui
2945 5215 3128 5286 genuit
3163 5213 3419 5270 Moabitas

1831 5320 1887 5365 et
1908 5311 2238 5367 Ammanitas
2266 5327 2331 5367 ex
2357 5310 2567 5365 ﬁliabus
2591 5307 2746 5381 (Gen.
2778 5322 2889 5373 XIX,
2916 5307 3006 5373 37,
3029 5306 3152 5375 58);
3188 5316 3243 5360 et
3268 5306 3418 5361 inve-

1832 5401 2051 5457 niuntur
2087 5416 2207 5457 cum
2253 5402 2369 5471 ipso
2403 5401 2670 5455 Abraham
2714 5397 2971 5468 compleri
3016 5397 3201 5453 decem
3253 5411 3417 5467 gene-

1896 5551 1909 5582 ¹
1936 5556 1987 5599 ιιι
2011 5549 2229 5611 excusis,
2254 5544 2995 5611 Διῖιιὶιιιγιιαεῖὶιιιιι-Αιιὶιιιζᾳιξιινιιιιιιι.
3017 5554 3069 5598 ιιι
3102 5544 3286 5611 aliquot
3304 5550 3415 5597 llas.

1828 5617 1884 5662 ιιι
1904 5612 1954 5661 in
1976 5623 2152 5673 graeco,
2176 5606 2491 5659 αἰάίπήὴωῖ
2504 5615 2554 5658 ιιι
2576 5608 2698 5669 aliis,
2721 5607 3048 5660 didrachmas.
