3862 6298
510 253 615 323 κδ

509 370 930 440 rationesmqne
953 366 1020 424 ad
1044 365 1299 432 Salinae,
1335 365 1428 436 qui
1459 362 1639 434 genuit
1667 359 1826 421 Bonz,
1858 361 1945 429 qui
1978 373 2094 413 ma-

509 467 647 520 ritus
673 461 940 518 secundus
962 459 1062 516 fuit
1093 458 1252 514 Ruth.
1287 459 1422 514 Sunt
1447 455 1588 514 enim
1617 455 1755 520 istm,
1787 453 2052 508 Abraham
2079 493 2094 518 ,

509 555 873 622 Isaac-,iacolt,
891 553 1074 622 ludas,
1097 552 1315 620 Phares,
1343 553 1552 616 Esrom,
1577 549 1759 613 Aram,
1784 546 2095 613 Aminadab,

509 647 756 710 Naason.
804 648 1022 707 Salmon
1062 646 1321 703 :Salmon
1368 645 1563 715 quippe
1605 642 1787 714 genuit
1815 642 1974 703 Bonz,
2007 639 2097 710 qui

508 743 720 798 viduam
751 742 901 798 duxit
924 741 1103 803 Ruth;
1131 757 1195 797 ac
1217 757 1310 812 per
1330 739 1431 794 hoc
1455 738 1666 792 videtur
1691 745 1810 807 post
1834 734 2097 791 decimam

509 838 904 910 generationem
941 851 1110 908 genus
1148 834 1340 890 fecisse
1380 833 1431 887 in
1478 831 1713 886 Ecclesia
1764 828 1969 884 Domini
2008 841 2099 896 pa-

508 933 699 987 riendo
725 932 860 987 lilios
883 930 982 1001 ipsi
1007 931 1163 985 Boos.
1201 928 1304 985 Sed
1331 943 1428 983 cur
1449 926 1685 982 additum
1713 924 1811 986 sit,
1861 931 1907 976 et
1945 936 2100 991 usque

508 1024 562 1078 in
587 1031 847 1086 aeternum,
865 1021 1055 1078 merito
1079 1021 1254 1076 adhuc
1281 1021 1557 1092 quaeritur.
1587 1021 1666 1072 An
1697 1017 1818 1087 quia
1849 1015 2099 1083 deinceps

510 1118 654 1172 nulla
703 1117 878 1171 anima
923 1114 993 1170 de
1036 1115 1356 1169 Ammanitis
1396 1121 1450 1168 et
1497 1111 1738 1167 Moabitis
1783 1109 2000 1164 intravit
2043 1107 2097 1162 in

508 1207 652 1262 illam
695 1206 988 1262 Ecclesium
1019 1206 1196 1275 populi
1221 1205 1590 1269 Hebrteorum,
1622 1212 1964 1272 posteaquam
1999 1199 2096 1253 ista

506 1296 851 1368 generatione
910 1295 1116 1350 decima
1169 1295 1448 1366 prophetia
1516 1294 1780 1362 completa
1833 1290 1960 1347 cst?
2015 1291 2098 1345 An

505 1388 684 1458 potius
717 1388 785 1441 ita
819 1386 1022 1443 dictum
1056 1395 1173 1449 est,
1209 1395 1258 1442 et
1305 1403 1462 1457 usque
1498 1385 1566 1440 ad
1604 1387 1847 1440 decimam
1885 1400 2098 1455 genera-

505 1483 709 1545 tionem,
726 1491 782 1536 ιιι
797 1483 1018 1536 omnino
1036 1495 1250 1551 semper
1271 1481 1491 1551 intelligi
1513 1481 1760 1546 voluerit,
1783 1494 1877 1548 per
1893 1476 2098 1533 denarii

507 1576 714 1631 numeri
757 1575 1043 1645 quamdam
1092 1575 1512 1641 universitatem,
1555 1582 1614 1628 ut
1647 1574 1750 1627 hoc
1794 1571 2100 1642 exposuerit

506 1669 901 1738 quodammodo
916 1666 1164 1722 addendo
1179 1677 1232 1721 et
1247 1666 1494 1731 dicendo,
1518 1675 1564 1719 et
1581 1681 1735 1735 usque
1754 1665 1804 1719 in
1822 1674 2062 1719 wternum
2073 1662 2100 1718 7

507 1759 660 1828 Quod
690 1759 734 1814 si
765 1760 836 1814 ita
857 1769 960 1823 est,
990 1758 1132 1814 Ruth
1159 1768 1344 1814 contra
1369 1765 1692 1828 praeceptum
1716 1757 1933 1812 vetitum
1955 1754 2099 1810 vidc-

509 1859 598 1906 tur
624 1850 877 1906 admissa.
927 1851 1007 1905 An
1053 1851 1387 1906 Ammanitas
1420 1848 1688 1920 prohibuit
1727 1847 1954 1912 admitti,
1993 1862 2096 1923 non

507 1942 916 2010 Ammanitidas,
949 1941 1000 1997 id
1031 1950 1129 2009 est,
1161 1943 1306 1998 viros
1336 1942 1479 2007 inde,
1504 1957 1608 1996 non
1639 1940 1904 1996 feminas?
1933 1940 2100 1994 maxi-

505 2051 594 2102 me
635 2036 758 2107 quia
799 2051 919 2092 cum
959 2039 1279 2091 evertissent
1326 2034 1581 2090 Israelita:
1630 2035 1797 2103 ipsam
1839 2043 2049 2103 gentem
2078 2071 2095 2098 ,

506 2143 695 2184 omnes
717 2129 861 2184 viros
882 2129 1130 2185 occidere
1163 2128 1297 2198 jussi
1336 2137 1481 2188 sunt.
1519 2127 1742 2183 feminas
1763 2139 1938 2180 autem
1967 2141 2096 2196 non,

505 2221 607 2276 nisi
642 2235 734 2276 eas
760 2237 880 2294 qua:
908 2229 1167 2276 noverant
1197 2219 1539 2276 concubitum
1581 2218 1680 2273 viri
1723 2217 1908 2288 (Nam.
1940 2231 2094 2281 xxxi,

507 2311 596 2378 i7,
634 2310 758 2382 i8i;
788 2313 1038 2383 quoniam
1072 2313 1199 2384 ipsa:
1243 2313 1298 2369 in
1345 2311 1743 2367 fornicationem
1777 2310 2100 2365 seduxerant

505 2410 762 2481 p0pulum
797 2429 811 2465 :
844 2411 1076 2482 virgines
1101 2419 1277 2464 autem
1306 2408 1480 2484 salvas
1509 2421 1628 2461 esse
1657 2405 1957 2467 voluerunt,
1991 2419 2097 2458 non

507 2499 585 2557 eis
617 2490 938 2571 imputantes
963 2501 1173 2571 culpam
1203 2515 1306 2570 qua
1351 2500 1518 2556 everti
1563 2499 1649 2552 illa
1694 2511 1827 2567 gens
1865 2498 2095 2562 meruit;

503 2608 661 2664 quam
690 2594 851 2649 etiam
883 2593 968 2648 hic
997 2591 1456 2657 commemoravit,
1484 2591 1626 2647 velut
1652 2598 1982 2660 quaereretur
2003 2577 2100 2644 cur

504 2684 760 2740 Moabitas
784 2694 839 2741 et
867 2684 1198 2740 Ammanitas
1226 2683 1432 2738 admitti
1463 2682 1691 2736 noluerit
1719 2681 1770 2735 in
1802 2679 2096 2736 Ecclesiam

506 2779 717 2834 Domini
759 2777 1080 2848 :subittnsit
1123 2777 1300 2842 enim,
1348 2773 1429 2829 Eo
1472 2774 1607 2845 quod
1651 2790 1752 2827 non
1795 2771 2101 2826 obviarerint

505 2873 641 2940 vobis
685 2889 799 2941 cum
852 2874 1066 2954 panibus
1111 2881 1157 2926 et
1198 2886 1332 2946 aqua
1377 2869 1432 2923 in
1487 2869 1604 2932 ria,
1655 2883 1768 2920 cum
1809 2866 2009 2920 exiretis
2037 2864 2101 2920 de

507 2959 760 3033 Egi/pta,
791 2971 838 3015 et
862 2963 979 3029 quia
1007 2960 1358 3015 conduxerunt
1389 2960 1653 3013 adversum
1692 2968 1741 3011 te
1779 2956 1990 3009 Balaam
2030 2956 2098 3026 ﬁ-

508 3053 633 3108 lium
672 3053 806 3108 Beor
852 3053 916 3107 de
962 3051 1363 3124 Mempotamia,
1418 3060 1474 3104 nt
1516 3051 1832 3104 malediceret
1875 3059 1941 3104 te.
1993 3048 2100 3122 llas

509 3146 695 3215 culpas
724 3159 823 3201 nec
847 3154 992 3211 tunc,
1016 3145 1228 3220 quando
1255 3145 1341 3199 illa
1371 3159 1502 3213 gens
1539 3142 1798 3197 debellata
1823 3149 1922 3202 est.
1953 3139 2102 3194 femi-

510 3236 597 3292 nis
637 3237 1052 3304 imputavernnt,
1084 3251 1216 3306 quas
1234 3235 1408 3289 salvas
1423 3248 1743 3302 conservare
1781 3233 2096 3288 maluerunt.

515 3313 518 3316 ’
583 3327 824 3408 XXXVI.
847 3325 950 3402 [lb.
976 3343 1135 3392 χχιιι,
1165 3328 1250 3393 15,
1278 3327 1343 3383 i6
1367 3325 1388 3400 ]
1417 3325 1536 3380 Non
1565 3325 1735 3380 trades
1758 3343 1965 3390 puerum
2008 3325 2100 3379 tio-

510 3423 647 3487 rnino
671 3438 785 3488 suo,
809 3422 896 3494 qui
914 3422 1174 3491 appositus
1193 3431 1263 3475 est
1289 3420 1376 3474 tibi
1401 3437 1431 3473 a
1452 3419 1656 3473 domino
1676 3435 1767 3471 suo
1793 3433 1810 3470 :
1833 3435 1936 3471 nun
1959 3416 2099 3488 quod

510 3514 758 3572 dominus
772 3513 886 3585 ejus
907 3529 1028 3569 eum
1057 3515 1381 3585 apposuerit,
1415 3511 1464 3566 id
1493 3522 1576 3567 est
1602 3510 2096 3573 commendaverit;

509 3607 855 3683 potinsenim
886 3605 1185 3678 depositum
1217 3606 1462 3669 diceret;
1503 3604 1596 3660 sed
1628 3605 1928 3675 appositum
1968 3603 2102 3677 dixit

509 3695 541 3757 ἐι
579 3700 798 3756 domino
839 3685 958 3768 suo,
1000 3701 1050 3756 id
1085 3710 1168 3756 est
1208 3699 1332 3755 huic
1371 3699 1701 3770 adjunctnm,
1747 3712 1865 3751 cum
1909 3697 1976 3750 ab
2011 3697 2100 3750 illo

509 3793 857 3850 abscessisset
886 3811 900 3848 :
930 3809 1033 3846 non
1057 3808 1185 3861 ergo
1200 3791 1414 3859 suscipi,
1437 3791 1528 3843 sed
1554 3789 1699 3844 reddi
1725 3788 1900 3860 pntius
1924 3787 2101 3857 prohi-

510 3888 624 3942 buit
651 3889 919 3958 fugitivos.
955 3887 1066 3948 line
1090 3887 1302 3958 quidem
1334 3886 1504 3954 putari
1538 3867 1737 3955 potest,
1769 3886 1866 3940 nisi
1900 3886 2097 3940 intelli-

510 3995 698 4051 gamus
723 3973 867 4050 genti
892 3987 946 4031 ct
979 3977 1175 4048 populo
1205 3977 1302 4030 ista
1330 3976 1455 4039 dici,
1487 3991 1590 4030 non
1622 3976 1709 4031 nni
1753 3977 1975 4048 homini.
2022 3976 2099 4032 Ex

511 4073 612 4126 alia
645 4071 821 4142 itaque
845 4053 1059 4142 gentem
1103 4068 1449 4146 refugientem
1476 4067 1540 4119 ad
1569 4067 1722 4128 istam
1760 4077 1969 4136 gentem
2012 4051 2098 4124 cui

511 4145 1159 4238 inqut-batur,hominctn
1199 4145 1227 4215 a
1269 4161 1487 4214 domino
1525 4174 1644 4218 suo.
1689 4158 1738 4214 id
1781 4168 1865 4213 est
1906 4177 1934 4211 ιι
1975 4175 2100 4230 rego

508 4274 628 4325 suo,
666 4259 812 4330 reddi
848 4255 1114 4328 prohibuit
1141 4274 1153 4309 :
1179 4253 1499 4326 quodetiam
1537 4251 1832 4319 alienigena
1869 4253 2100 4318 servavit

509 4352 672 4409 Achis
710 4369 798 4407 rex
827 4349 986 4424 Ccth,
1019 4350 1231 4422 quando
1256 4349 1320 4408 ad
1346 4365 1466 4403 cum
1495 4346 1685 4414 refugit
1714 4347 1872 4401 David
1904 4363 1931 4402 ιι
1965 4346 2100 4412 facie

508 4445 708 4512 dantini
751 4447 829 4500 sui
856 4485 871 4510 ,
918 4445 1020 4516 hoc
1066 4453 1183 4516 est,
1224 4443 1364 4514 regis
1407 4442 1530 4496 Said
1577 4438 1794 4512 (Ilteg.
1831 4455 1950 4514 ssi,
1985 4423 2094 4512 l0).

509 4537 860 4606 Apertissimc
902 4545 1079 4590 autem
1123 4534 1224 4588 huc
1260 4533 1529 4604 explanat.
1557 4548 1676 4596 cum
1711 4532 1845 4595 dicit
1875 4533 1940 4588 de
1976 4531 2099 4610 ipso

509 4629 732 4706 refuga,
775 4626 841 4692 In
892 4627 1027 4704 vobis
1084 4625 1363 4706 habitabit,
1423 4625 1475 4679 in
1513 4625 1652 4686 ontnt'
1691 4623 1806 4697 loco
1857 4626 1939 4689 ubi
1977 4626 2096 4698 pla-

508 4721 665 4772 cuerit
704 4720 749 4774 ei
756 4761 768 4773 .

585 4809 852 4888 XXXVII.
875 4807 976 4884 [ib.
997 4825 1161 4882 siml,
1191 4807 1299 4884 i7.]
1323 4808 1440 4874 Non
1457 4809 1815 4878 eritmerctria:
1832 4825 1870 4872 ,ᾳ
1894 4808 2096 4876 ﬁliabus

505 4901 674 4959 Israel
693 4946 707 4969 ,
740 4911 787 4966 et
823 4919 931 4960 non
969 4903 1062 4956 erit
1105 4891 1364 4973 {emicans
1390 4919 1423 4956 α
1451 4902 1572 4973 [iliis
1618 4901 1802 4966 Israel.
1833 4901 1974 4968 ,liccc
2006 4900 2096 4980 ubi

505 4995 789 5053 manifeste
813 4996 1079 5064 prohibuit
1102 4989 1347 5062 fornicari
1371 5006 1425 5056 et
1446 4997 1586 5062 viros
1610 5004 1663 5051 et
1685 4994 1913 5070 feminas
1934 4994 2093 5068 etiam

504 5104 624 5143 cum
649 5104 762 5154 non
785 5087 978 5154 alienis
998 5085 1353 5166 coniugibus;
1384 5096 1663 5164 peccatum
1703 5100 1827 5151 esse
1860 5083 2093 5148 demon-

503 5191 685 5241 strans
727 5178 944 5256 misceri
990 5195 1096 5252 non
1132 5180 1452 5251 coniugibus
1477 5177 1623 5244 suis,
1657 5176 1873 5254 quando
1901 5187 1955 5242 et
1979 5193 2095 5248 me:

501 5274 727 5345 tetricas
769 5287 921 5350 esse,
963 5281 1022 5352 ῳ
1062 5273 1129 5354 9d
1175 5273 1487 5350 meretrices
1525 5269 1788 5346 accedere
1821 5270 2093 5346 prohibet.

501 5380 728 5438 quartam
775 5366 984 5440 publice
1027 5366 1231 5441 sanatis
1273 5373 1358 5436 cst
1395 5363 1683 5435 turpitudo,
1728 5363 1789 5428 ιιι
1831 5364 2093 5434 Decalogo

503 5469 679 5513 autem
707 5458 949 5515 mmehize
975 5460 1188 5512 nomine
1217 5473 1320 5512 non
1349 5456 1555 5512 videtur
1579 5456 1679 5511 hoc
1704 5466 1887 5528 aperte
1914 5453 2096 5524 prohi-

501 5555 716 5619 buisse,
747 5553 998 5621 quoniam
1025 5551 1255 5616 moschia
1283 5551 1490 5606 nonnisi
1515 5551 1834 5616 adulterium
1867 5547 2093 5621 intelligi

501 5647 658 5703 solet.
705 5643 858 5701 [inde
903 5643 1028 5713 quid
1079 5644 1231 5698 nobis
1276 5644 1582 5714 videretur,
1628 5644 1702 5701 ibi
1751 5643 2094 5701 tractavimus

502 5737 722 5809 (Quaest.
750 5736 805 5790 in
829 5735 998 5791 Exod.
1019 5775 1034 5796 .
1064 5745 1240 5806 quiest.
1266 5735 1378 5807 ⁵11).

1314 238 1782 316 Ωυιεετωιιυιι
1818 236 1876 308 s.
1919 234 2097 306 sunt}

2209 233 2285 298 uti
2325 233 2393 296 tat
2432 230 2989 306 ιιειξτιιτευεῐιωι
3645 241 3724 318 iit

2274 351 2558 408 XXXVIII.
2588 350 2686 425 (Ib.
2716 367 2866 414 χχιιι,
2891 351 2975 416 I8,
3013 347 3127 425 i7.]
3156 347 3278 410 Non
3305 349 3482 421 ciem
3501 362 3726 418 nam

2201 447 2473 500 meretricis
2493 489 2508 512 ,
2538 461 2694 514 neque
2720 445 3158 500 continuationem
3184 447 3325 499 canis
3353 447 3406 501 in
3437 448 3620 505 domum
3644 453 3724 508 Do-

2202 543 2326 595 mini
2357 541 2446 593 Dei
2474 541 2547 594 tui
2572 540 2638 592 ad
2669 556 2814 594 omne
2836 550 3002 592 votum
3023 579 3038 604 ,
3070 541 3306 609 quoniam
3331 529 3614 600 altomiuatio
3648 547 3726 603 Do-

2202 633 2338 686 mino
2367 630 2475 686 Deo
2504 641 2590 685 luo
2619 640 2726 697 est,
2757 642 2804 684 et
2836 641 3099 700 utramque
3129 647 3148 684 :
3175 631 3315 701 quod
3352 631 3420 687 ita
3451 634 3724 707 intelligitur,

2202 728 2453 798 quoniam
2479 726 2804 780 abnminatio
2832 724 3055 779 Domino
3084 726 3190 778 Dea
3221 735 3312 779 tuo
3340 738 3439 793 est,
3470 739 3520 783 et
3545 728 3630 784 hoc
3651 749 3726 788 non

2204 835 2364 875 unum
2407 819 2595 872 horum
2621 861 2635 879 ,
2668 817 2761 872 sed
2794 826 3095 886 utrumque.
3131 817 3203 872 De
3239 833 3372 873 cano
3413 810 3594 890 quippe
3625 833 3728 879 vetat

2205 912 2320 966 fieri
2366 910 2835 965 commutationem
2881 909 3386 980 pritnogenitornm,
3435 899 3578 980 quam
3619 913 3728 983 jubet

2205 1004 2317 1060 ﬁeri
2344 1003 2410 1058 de
2436 1004 2552 1057 aliis
2579 1001 2862 1056 immundis
2889 1002 3222 1064 attitttaiibus,
3258 1003 3307 1056 id
3331 1012 3415 1057 est
3437 993 3576 1073 equis
3596 1013 3639 1059 et
3657 1007 3724 1059 asi-

2203 1097 2307 1158 nis,
2339 1104 2391 1150 et
2422 1095 2465 1149 si
2495 1093 2620 1163 quid
2652 1102 2735 1146 est
2763 1109 2948 1147 eorum
2979 1109 3097 1162 qum
3127 1093 3380 1162 adjuvant
3405 1095 3670 1159 hominem,
3694 1108 3729 1153 et

2203 1183 2366 1242 latine
2410 1203 2438 1238 a
2480 1185 2715 1252 juvando
2748 1184 2986 1254 jumenta
3029 1185 3297 1240 dicuntur.
3346 1186 3422 1241 De
3451 1201 3574 1242 cane
3598 1200 3729 1243 autem

2204 1280 2399 1343 noluit;
2434 1289 2607 1333 ntrmn
2635 1288 2688 1332 et
2715 1278 2782 1332 de
2814 1287 2974 1344 porco
2993 1319 3010 1344 ,
3039 1288 3088 1332 et
3117 1293 3284 1349 quare
3311 1279 3557 1343 noluerit.
3596 1282 3729 1350 requi-

2203 1371 2424 1427 rendum
2451 1380 2532 1426 est
2561 1389 2573 1422 :
2601 1378 2653 1426 et
2693 1371 2735 1424 si
2775 1369 2842 1424 de
2867 1371 3114 1426 omnibus
3146 1371 3339 1424 talibus
3370 1372 3527 1424 noluit
3547 1372 3583 1434 ί,
3607 1388 3731 1443 (piam

2202 1462 2373 1518 solum
2403 1476 2587 1516 canem
2621 1461 2724 1516 isto
2753 1461 2873 1516 loco
2901 1472 3179 1531 exceptum
3215 1461 3419 1517 fecerit.
3447 1461 3517 1516 De
3539 1451 3730 1519 mercede

2201 1566 2378 1610 autem
2423 1555 2716 1610 meretricis
2761 1565 2816 1608 nt
2852 1555 3085 1622 diceret,
3125 1555 3339 1609 videtur
3371 1571 3432 1609 ea
3461 1570 3569 1609 esse
3592 1571 3728 1619 causa,

2201 1649 2322 1717 quia
2351 1648 2596 1718 superius
2629 1648 2958 1718 prohibuerit
2985 1663 3105 1703 esse
3132 1649 3463 1702 meretricem
3488 1647 3551 1702 de
3574 1648 3731 1702 ﬁliabus

2203 1741 2362 1796 Israel
2384 1783 2398 1806 ,
2431 1751 2521 1795 aut
2549 1756 2866 1811 quemquam
2906 1741 3133 1795 liliorum
3169 1740 3328 1796 lsrael
3367 1741 3439 1796 uti
3473 1743 3729 1797 meretrice:
3804 1761 3805 1802 ξ

2200 1841 2346 1890 etne
2370 1835 2681 1904 subreperet
2713 1835 3036 1904 cogitationi,
3068 1837 3269 1907 expiari
3301 1851 3453 1906 posse
3479 1837 3569 1890 hoc
3593 1851 3730 1905 perel-

2203 1935 2336 1994 tnm,
2365 1928 2408 1981 si
2438 1927 2633 1997 aliquid
2665 1926 2786 1981 inde
2815 1927 3096 1982 oifcrretur
3124 1929 3174 1981 in
3205 1929 3476 1998 templum,
3505 1927 3729 1982 dicendum

2202 2017 2296 2072 fuit
2323 2019 2461 2087 quod
2493 2019 2562 2073 sit
2591 2019 2915 2072 almtninatio
2942 2019 3184 2073 Domino.

2273 2109 2516 2164 XXXIX.
2547 2109 2646 2182 lib.
2673 2125 2815 2174 xxtv,
2836 2109 2916 2182 1.]
2948 2109 3196 2164 Morietur
3227 2114 3313 2174 far
3335 2109 3453 2174 ille,
3481 2109 3528 2164 id
3548 2116 3640 2173 est,
3665 2109 3729 2177 qui

2203 2201 2406 2256 furatus
2434 2211 2518 2256 cst
2545 2202 2849 2266 hominem;
2881 2211 2926 2254 et
2963 2202 3198 2272 auferetis
3238 2203 3508 2273 malignum
3544 2216 3599 2254 ea:
3630 2200 3729 2253 vobis

2202 2294 2347 2364 ipsis.
2379 2293 2608 2349 Assidue
2635 2294 2737 2349 hoc
2765 2295 2890 2348 dicit
2916 2293 3183 2364 Scriptura
3207 2336 3223 2362 ,
3269 2311 3388 2349 cum
3427 2275 3727 2364 jubet-occidi

2203 2386 2374 2441 malos
2403 2406 2416 2440 :
2444 2402 2546 2456 qua
2578 2387 2845 2443 locutione
2872 2404 2997 2441 usus
3022 2397 3106 2443 est
3133 2388 3293 2442 etiam
3325 2389 3615 2458 Apostolus,
3639 2402 3726 2441 cum

2201 2480 2435 2545 diceret,
2467 2479 2604 2545 Quid
2627 2481 2761 2534 enim
2795 2481 2920 2534 mihi
2944 2481 3006 2534 de
3034 2481 3096 2534 iis
3119 2481 3207 2550 qui
3233 2481 3358 2550 {oris
3385 2491 3494 2534 sunt
3510 2479 3728 2552 judicare?

2205 2569 2392 2625 Nonne
2417 2571 2480 2624 de
2505 2571 2567 2626 iis
2591 2573 2679 2644 qui
2706 2573 2840 2625 intus
2866 2581 3004 2632 sunt,
3036 2587 3122 2625 vos
3138 2572 3423 2642 judieutis.’
3446 2569 3628 2640 Auferte
3649 2584 3728 2621 ma-

2205 2664 2309 2720 lum
2348 2681 2412 2718 ea:
2452 2665 2587 2718 vobis
2625 2665 2750 2734 ipsis
2791 2663 2996 2742 (iCor.
3019 2680 3080 2728 ν,
3121 2663 3223 2725 12,
3265 2659 3378 2733 i3).
3418 2663 3539 2718 Nam
3572 2675 3727 2731 graces

2204 2757 2361 2813 habet
2397 2766 2474 2812 τὸν
2505 2766 2733 2826 πονηρόν,
2765 2757 2905 2826 quod
2944 2758 3102 2811 ctiam
3146 2754 3233 2812 hic
3259 2756 3508 2825 scriptum
3540 2750 3730 2826 cstzlmc

2203 2863 2379 2908 autem
2418 2853 2591 2922 potius
2621 2852 2910 2920 malignum
2937 2850 3074 2906 solet
3099 2848 3466 2919 interpretari,
3487 2862 3622 2918 quam
3646 2857 3729 2897 ma-

2203 2944 2333 3000 lum.
2365 2944 2472 3000 Nec
2495 2945 2602 3009 ait,
2633 2954 2688 3000 τό
2717 2954 2943 3014 πονηρόν,
2976 2944 3026 2997 id
3057 2954 3170 3004 est,
3205 2942 3313 2999 hoc
3341 2942 3633 3024 malignum;
3663 2933 3730 2990 sed

2203 3044 2282 3094 ea.
2303 3049 2517 3109 πονηρὸν,
2545 3037 2684 3108 quod
2711 3045 2811 3100 est,
2841 3037 2982 3092 hunc
3009 3037 3323 3111 malignum.
3355 3034 3430 3090 Es
3450 3051 3546 3106 qu"
3563 3036 3731 3100 "illmet

2204 3145 2324 3184 cum
2366 3129 2598 3183 voluisse
2637 3129 2896 3198 intelligi,
2928 3129 3016 3198 qui
3048 3127 3243 3198 aliquid
3277 3127 3386 3182 tale
3413 3124 3667 3186 Commisit,
3691 3126 3732 3173 ul

2204 3220 2754 3276 cxconnnnnicatione
2781 3220 2850 3273 sit
2877 3219 3086 3288 dignus.
3123 3219 3232 3273 llnc
3260 3219 3406 3273 enim
3437 3231 3564 3271 nunc
3587 3214 3670 3283 agit
3693 3211 3729 3264 in

2204 3311 2441 3368 Ecclesia
2488 3312 3002 3375 excommunicatin,
3044 3310 3184 3382 quod
3228 3311 3423 3381 agebat
3464 3319 3576 3362 tunc
3609 3307 3726 3359 interc
3804 3369 3805 3382 χ

2205 3406 2380 3463 fectin.
2410 3407 2664 3474 Quamvis
2701 3416 2750 3461 et
2782 3406 2936 3461 aliter
2976 3405 3102 3459 illttd
3133 3406 3477 3474 apostolicum
3513 3399 3652 3472 possit
3675 3397 3731 3448 itt-

2207 3501 2370 3570 telligi
2393 3543 2407 3562 ,
2441 3510 2497 3553 ut
2529 3499 2894 3568 unusquisque
2932 3498 3128 3553 malum
3167 3491 3257 3551 vel
3307 3497 3571 3566 malignum
3609 3505 3659 3566 ex
3689 3501 3730 3541 se

2206 3594 2320 3663 ipso
2341 3593 2410 3646 sit
2431 3593 2612 3659 jussus
2637 3593 2865 3646 auferre.
2891 3591 2988 3658 Qui
3014 3604 3205 3644 sensus
3229 3587 3589 3658 acceptabilior
3608 3587 3727 3642 esset,

2204 3687 2247 3740 si
2277 3686 2378 3740 hoc
2406 3685 2600 3740 malum
2623 3726 2638 3749 ,
2670 3683 2751 3738 vel
2794 3685 2893 3738 huc
2930 3682 3215 3754 malignum
3237 3723 3253 3748 ,
3303 3697 3406 3736 non
3447 3687 3602 3732 autem
3628 3673 3729 3726 hunc

2206 3778 2493 3846 malignum
2519 3777 2569 3829 in
2594 3790 2766 3846 gra‘co
2788 3776 3114 3830 inveniretur
3137 3791 3149 3828 :
3181 3790 3326 3830 nunc
3347 3789 3468 3828 vero
3485 3763 3729 3826 credibilius

2205 3881 2288 3928 est
2328 3872 2396 3926 de
2441 3873 2656 3927 homine
2698 3871 2931 3935 dictant,
2979 3886 3134 3939 quam
3181 3871 3248 3924 de
3293 3870 3440 3924 vitio.
3480 3867 3728 3932 Quanquam

2207 3966 2373 4036 possit
2401 3966 2671 4036 eleganter
2700 3964 2918 4036 intelligi
2945 3964 3102 4017 etiam
3132 3962 3292 4018 homo
3319 3961 3515 4016 auferre.
3538 3973 3562 4009 a
3586 3969 3632 4007 se
3650 3964 3731 4004 ma-

2205 4058 2312 4112 lum
2343 4057 2634 4125 imminent,
2667 4055 3114 4126 quemadmodum
3139 4055 3343 4108 dictum
3372 4062 3466 4113 cst,
3496 4047 3651 4102 Exuitt’
3670 4054 3730 4092 ιόε

2203 4163 2412 4205 veterem
2444 4151 2694 4204 hominem
2721 4166 2740 4204 :
2769 4149 2908 4218 quod
2937 4164 3212 4214 exponens
3237 4147 3309 4202 ait
3330 4191 3344 4216 ,
3387 4145 3479 4213 Qui
3499 4139 3726 4214 ferebatur.

2195 4244 2307 4316 jam
2335 4261 2434 4297 non
2465 4243 2659 4310 [aretur
2688 4240 2903 4312 (Ep/tes.
2933 4256 3003 4303 tv,
3036 4239 3125 4299 29,
3155 4238 3273 4307 28).
3411 4225 3418 4234 ’

2276 4335 2384 4391 XL.
2415 4335 2516 4408 [11).
2541 4351 2682 4397 xxiv,
2721 4333 2799 4406 8.]
2829 4333 3116 4388 Secundum
3145 4332 3302 4403 legent
3328 4320 3728 4397 onmentqnantjtt-

2202 4429 2419 4480 raverint
2463 4427 2598 4479 vobis
2636 4425 2918 4479 sacerdotes
2959 4423 3166 4477 Lerittc.
3207 4424 3301 4478 llic
3329 4429 3536 4493 apparet
3560 4423 3724 4468 οιηιιυιι

2202 4517 2533 4573 sacerdotem
2561 4513 2799 4570 Levitam
2831 4515 3025 4580 fuisse;
3057 4515 3301 4586 quamvis
3339 4529 3440 4568 non
3477 4507 3627 4584 omnis
3650 4501 3726 4556 Le-

2201 4610 2336 4665 vites
2365 4609 2615 4665 sacerdos
2646 4608 2823 4676 fuerit.
3067 4589 3070 4598 ’

2271 4701 2408 4758 XLI.
2442 4700 2542 4776 [11).
2562 4716 2714 4766 κων,
2739 4699 2950 4773 1οο15.]
2981 4698 3043 4755 Si
3066 4698 3285 4754 debitum
3309 4698 3454 4768 fuerit
3480 4695 3526 4749 in
3548 4686 3728 4764 proxittto

2201 4804 2288 4849 tuo
2306 4837 2321 4860 ,
2351 4794 2570 4860 debitum
2594 4792 2968 4862 quodcumque,
3000 4808 3100 4845 non
3130 4791 3340 4846 intrabis
3367 4791 3417 4843 in
3446 4789 3624 4842 donanti
3647 4779 3729 4845 ejus

2201 4887 2666 4960 pignerarepignns
2693 4885 2856 4960 :foris
2875 4884 3031 4938 stabis
3052 4927 3066 4950 ,
3089 4895 3134 4939 et
3157 4887 3304 4939 homo
3326 4883 3461 4953 apud
3482 4893 3608 4949 quem
3627 4868 3728 4925 debi-

2202 4986 2308 5031 tum
2328 4987 2467 5030 tuam
2493 4985 2584 5038 est,
2615 4978 2834 5045 proferet
2859 4974 2946 5029 tibi
2973 4976 3154 5047 pignus
3185 4977 3342 5048 foras.
3371 4973 3432 5028 Si
3449 4963 3728 5024 antem/tonio

2200 5081 2338 5144 eget,
2379 5087 2479 5124 non
2519 5069 2736 5136 dormies
2777 5069 2828 5122 in
2869 5069 3076 5139 pignore
3109 5070 3253 5140 ejus,
3299 5066 3562 5136 redditione
3591 5051 3728 5120 r041!“

2201 5164 2247 5219 ei
2288 5163 2634 5232 vestimentum
2677 5179 2824 5217 suum
2862 5163 2998 5226 circa
3039 5149 3271 5217 occasum
3303 5161 3464 5226 solis;
3498 5165 3540 5210 et
3562 5144 3728 5232 dormit.l

2200 5256 2254 5310 in
2276 5256 2561 5310 vestimento
2581 5271 2698 5319 suo,
2723 5267 2769 5308 et
2789 5253 3040 5308 benedicet
3065 5263 3129 5320 te,
3154 5263 3200 5308 et
3226 5255 3314 5320 tibi
3335 5253 3424 5320 erit
3445 5231 3729 5302 misericordia

2200 5364 2371 5403 coram
2393 5346 2610 5400 Domino
2636 5346 2741 5400 Deo
2770 5357 2875 5410 tuo.
2908 5346 3024 5404 Non
3047 5348 3312 5413 immerito
3339 5333 3606 5404 videtuyﬁld
3625 5336 3726 5400 "Pus

2201 5440 2584 5516 misericordia:
2612 5441 2875 5510 pertinere
2904 5450 2958 5494 ut
2988 5455 3090 5494 non
3117 5441 3274 5493 intret
3295 5439 3575 5516 pignerator
3593 5418 3726 5516 indo-

2202 5513 2347 5590 mum
2370 5577 2384 5600 ,
2417 5549 2484 5589 ne
2511 5522 2602 5587 liat
2632 5533 2956 5603 perturbatio
2992 5531 3215 5587 debitori
3246 5548 3257 5582 :
3287 5515 3378 5584 Sed
3406 5540 3466 5580 ex
3491 5521 3579 5575 hoc
3597 5513 3719 5568 etiam

2265 5675 2282 5707 ³
2299 5680 2360 5745 _tu
2385 5671 2782 5745 excitet-ignotam.
2817 5671 2885 5724 Ad
2911 5672 3130 5737 quinque
3160 5668 3376 5722 melioris
3402 5667 3522 5718 nom
3559 5659 3648 5706 IIS-
3666 5655 3727 5696 ’θ’
