3862 6304
127 293 237 353 1'65

126 411 307 485 ipsum
338 412 646 469 debitorem
676 411 924 469 admonet
950 408 1142 481 pignus
1173 409 1315 465 foras
1343 407 1583 479 proferre
1612 425 1730 466 cre-

126 507 312 563 ditori.
359 508 524 577 Quod
552 522 679 561 vero
708 506 857 576 jubet
886 505 1060 575 egenti
1095 506 1281 575 pignus
1316 504 1505 558 eodem
1536 504 1621 559 die
1651 520 1736 559 re-

123 600 305 662 stitui,
341 612 399 652 ut
434 601 489 653 in
521 614 585 653 eo
611 599 838 653 dormiat
871 598 956 665 qui
1006 613 1108 651 non
1155 596 1314 650 habet
1348 597 1438 650 ubi
1481 596 1729 663 dormiat,

123 692 324 744 merito
358 701 578 755 movet,
614 699 669 743 ιιι
697 690 993 758 requiratur
1020 704 1116 744 cur
1149 705 1254 742 non
1285 690 1455 759 potius
1480 688 1729 744 creditori

122 784 445 853 pra-ceperit
498 794 553 836 ut
603 798 707 835 non
750 783 955 837 autorat
995 782 1216 851 pignus,
1247 781 1385 851 quod
1416 781 1602 836 eodem
1642 782 1729 837 die.

118 885 339 944 Opoitet
384 887 441 927 ιιι
476 876 734 929 restituat.
766 874 915 940 Quod
958 873 1000 926 si
1037 875 1100 925 ad
1125 872 1548 942 compellendum
1576 874 1726 928 dehi-

120 972 293 1020 torem
347 967 467 1020 tieri
515 966 771 1031 voluerit,
810 964 1079 1033 quomodo
1108 979 1166 1021 se
1194 974 1381 1034 urgeat
1408 965 1474 1019 ad
1502 964 1728 1020 reddet)-

116 1055 279 1121 dum,
314 1074 441 1117 cum
488 1058 622 1127 sciat
664 1057 851 1129 pignus
884 1057 1072 1113 eodem
1119 1056 1206 1111 die
1249 1072 1308 1112 sc
1353 1056 1727 1126 I'eCepLiﬁ‘um?

117 1150 199 1204 An
246 1150 391 1205 forte
435 1151 540 1206 huc
590 1152 700 1207 ﬁeri
754 1149 976 1209 voluerit
1020 1160 1237 1220 propter
1278 1151 1619 1215 memoriam,
1658 1166 1726 1211 ne

115 1244 476 1301 obliviscatur
504 1244 760 1308 reddere,
792 1254 844 1309 et
882 1255 1005 1303 tunc
1044 1258 1147 1299 nou
1175 1242 1358 1297 reddat
1387 1242 1431 1299 si
1462 1258 1583 1301 vere
1619 1259 1725 1297 non

114 1335 373 1391 habuerit
411 1356 425 1394 :
470 1345 702 1397 maxime
746 1337 866 1406 quia
911 1335 1193 1390 creditoris
1237 1334 1319 1389 sui
1364 1334 1724 1393 misericordia

114 1430 371 1499 vi:.citur,
409 1432 496 1493 cui
525 1446 645 1485 esse
677 1445 782 1484 non
808 1430 965 1483 debet
991 1429 1227 1497 ingratus
1246 1469 1260 1491 ,
1293 1426 1335 1481 si
1370 1427 1554 1496 pignus
1580 1442 1727 1481 rece-

114 1523 246 1592 perit
286 1524 339 1575 in
372 1539 485 1591 quo
514 1522 737 1577 dormiat
764 1537 779 1586 ;
810 1520 964 1573 simul
995 1529 1049 1574 et
1078 1519 1308 1572 creditor
1346 1534 1465 1572 cum
1503 1518 1589 1571 ille
1616 1534 1720 1579 non

112 1614 450 1677 reddiderit,
499 1614 652 1671 debet
695 1629 813 1667 eum
853 1611 1071 1667 credere
1109 1626 1214 1663 non
1252 1610 1477 1672 habere,
1507 1608 1593 1679 qui
1627 1608 1723 1663 bac

110 1707 274 1759 etiam
322 1706 535 1773 indiget
580 1704 978 1768 misericordia,
1026 1711 1083 1763 ut
1128 1700 1313 1772 pignus
1353 1701 1399 1752 ei
1444 1711 1720 1770 propterea

110 1800 458 1863 restituatur,
489 1798 630 1867 quod
661 1797 801 1851 aliud
834 1812 937 1851 non
972 1795 1131 1848 habet
1161 1794 1245 1846 ubi
1276 1791 1541 1846 dormiat?

181 1889 343 1951 XLII.
382 1888 487 1963 [11).
513 1904 663 1951 xxiv,
692 1886 798 1961 16.]
832 1885 948 1945 Non
976 1885 1251 1938 morientur
1271 1895 1437 1953 patres
1460 1900 1552 1951 pro
1572 1882 1714 1951 ﬁliis,

108 1993 149 2036 et
186 1982 283 2051 ﬁlii
318 2000 425 2035 non
456 1983 733 2035 morientur
758 1998 851 2051 pro
877 1980 1102 2053 patribus
1134 1994 1154 2031 :
1189 1978 1524 2045 unusquisque
1546 1977 1598 2029 in
1623 1994 1717 2037 suo

111 2085 316 2142 peccato
348 2076 614 2133 morietur.
668 2073 803 2127 Ecce
835 2088 938 2127 non
969 2072 1141 2125 solum
1183 2070 1461 2139 Propheta:
1499 2070 1598 2124 hoc
1637 2069 1718 2125 di,-

112 2178 306 2218 xertmt
340 2165 555 2236 (lfzerli
588 2181 736 2230 XVIII,
768 2165 855 2232 l7)
876 2203 893 2230 ,
920 2179 1103 2219 verum
1129 2162 1286 2217 etiam
1317 2161 1421 2215 Lex
1449 2160 1597 2221 dicit.
1621 2174 1714 2225 sua

107 2256 259 2326 culpa
294 2273 566 2329 quemque
596 2256 1047 2321 interimendum.
1074 2270 1180 2308 non
1221 2263 1397 2308 autem
1420 2254 1586 2322 patris
1609 2254 1711 2321 sui,

108 2357 194 2401 aut
226 2349 322 2413 lilii
353 2349 461 2402 sui.
510 2348 645 2416 Quid
693 2356 775 2408 est
818 2363 946 2415 ergo
984 2345 1124 2415 quod
1161 2345 1283 2399 alibi
1311 2345 1533 2409 dicitur,
1578 2343 1715 2405 Deus

107 2442 325 2505 reddens
367 2453 577 2513 pccratq
606 2452 809 2514 ium-um
838 2442 889 2494 in
915 2440 1069 2508 ﬁlios,
1103 2442 1154 2493 iu
1186 2441 1380 2493 tertiam
1410 2450 1456 2497 at
1483 2449 1715 2508 quartam

109 2534 448 2602 progeniem?
476 2537 555 2586 Au
578 2532 646 2589 de
669 2533 787 2587 liliis
809 2532 1040 2591 nondum
1071 2533 1207 2583 natis
1233 2529 1356 2583 illud
1382 2530 1709 2599 intelligitur,

107 2633 328 2696 punitor
372 2624 637 2695 originale
683 2632 991 2692 peccatum,
1039 2621 1179 2693 quod
1225 2621 1384 2674 etiam
1433 2636 1498 2675 ex
1542 2621 1711 2679 Adam

109 2719 266 2776 traxit
295 2735 472 2788 genus
503 2718 792 2771 lnnnaamu
818 2733 831 2782 ;
865 2716 955 2777 hic
981 2730 1156 2770 autem
1187 2714 1253 2771 de
1285 2713 1405 2767 ﬁliis
1435 2714 1543 2782 jam
1576 2712 1714 2769 uatis

108 2817 190 2863 cst
235 2810 375 2873 [alta
425 2808 730 2869 distinctio,
766 2818 822 2867 ut
864 2808 1225 2875 unaSquisqtte
1265 2806 1315 2858 in
1355 2818 1451 2857 Sitti
1496 2812 1712 2871 peccato

108 2900 414 2957 moriatur?
445 2899 556 2955 Non
586 2900 727 2953 enim
754 2898 922 2957 trahit
956 2896 1152 2968 aliquid
1186 2910 1248 2953 ex
1282 2906 1460 2966 patre,
1488 2894 1575 2962 qui
1600 2893 1710 2962 jam

112 3003 266 3051 natus
295 3004 415 3047 erat
436 3036 451 3059 ,
483 2993 695 3061 quando
730 3000 878 3063 pater
912 2989 1026 3063 ejus
1065 2989 1318 3058 peccavit.
1354 2988 1456 3042 Sed
1499 3002 1617 3047 cum
1652 2993 1713 3043 et

110 3086 177 3143 ibi
199 3088 352 3149 dicit,
383 3089 462 3141 bis
482 3088 565 3157 qui
586 3068 795 3149 oderunt
818 3101 895 3149 me
920 3066 1112 3151 (lirari.
1136 3098 1162 3135 κ
1175 3098 1227 3144 x.
1252 3082 1310 3141 5)
1333 3097 1346 3142 ;
1373 3080 1709 3145 ιιιιιιιὶίιεδιιιιη

109 3192 189 3249 estt
216 3180 385 3236 etiam
422 3181 559 3239 illam
588 3180 945 3241 conditionem
980 3192 1134 3247 posse
1162 3174 1389 3237 mutari,
1422 3175 1464 3227 si
1496 3173 1583 3231 lilii
1616 3188 1708 3240 pa-

106 3282 323 3327 rentum
353 3287 571 3331 suorum
602 3270 734 3329 laeta
760 3285 866 3322 non
897 3269 1089 3320 ittCt'inl
1115 3265 1323 3318 imitati.
1354 3264 1481 3316 Nam
1505 3274 1560 3317 et
1583 3262 1710 3319 illud

106 3378 172 3425 ex
203 3364 378 3415 Adam
414 3362 773 3427 temporaliter
798 3358 1072 3415 redditur.
1104 3358 1225 3425 quia
1266 3370 1454 3409 omnes
1496 3361 1712 3421 propter

107 3456 212 3508 huc
241 3454 579 3515 moriuntur;
614 3468 715 3507 non
745 3461 920 3507 autem
950 3450 1001 3501 in
1025 3458 1279 3500 arteruunt
1304 3447 1380 3499 eis
1403 3446 1490 3513 qui
1517 3444 1713 3505 fuerint

110 3562 203 3615 per
222 3544 458 3614 gratiam
486 3544 828 3609 Spirituaiiter
851 3541 1163 3609 regettcrati,
1196 3540 1246 3591 in
1274 3554 1441 3603 eaque
1467 3552 1712 3606 perman-

110 3638 282 3692 srriut
314 3652 488 3704 usque.
517 3637 567 3689 iu
590 3639 773 3697 tinent.
808 3633 1061 3701 Quamvis
1090 3644 1141 3688 et
1175 3632 1302 3686 illud
1333 3632 1520 3685 nterim
1545 3630 1708 3696 qtiairj

112 3732 280 3797 possit
296 3772 315 3794 γ,
347 3730 392 3787 si
424 3728 713 3787 redduntur
738 3736 955 3795 peccata
986 3735 1192 3792 patrum
1233 3724 1281 3774 in
1326 3722 1462 3775 illius
1500 3720 1582 3773 his
1622 3721 1709 3788 qui

115 3824 344 3885 oderunt
370 3821 534 3876 Deum
554 3860 568 3884 ,
600 3834 694 3883 cur
725 3819 777 3879 in
807 3817 1015 3875 tertiani
1052 3827 1106 3868 et
1136 3824 1374 3884 quartam
1404 3813 1709 3881 generatio-

115 3929 261 3980 nem,
285 3914 368 3967 vel
394 3914 745 3982 przulet‘ntissa
772 3911 937 3980 prima
962 3918 1015 3964 et
1038 3908 1290 3971 secunda,
1320 3908 1398 3961 vel
1426 3923 1527 3960 non
1550 3908 1708 3962 etiam

119 4004 172 4060 in
192 4018 417 4069 canoras
447 4013 788 4075 permanente
822 4003 1097 4071 impietate
1126 4012 1179 4056 ct
1211 4001 1502 4057 imitatione
1543 4000 1711 4054 malo-

118 4111 232 4153 rum
282 4107 582 4166 parentum.
633 4100 711 4149 An
763 4111 854 4163 per
903 4097 1043 4149 hunc
1095 4106 1409 4157 numerum,
1459 4090 1708 4159 quoniam

119 4190 454 4256 setitenarius
493 4187 833 4256 intelligitur,
864 4184 1258 4241 universitatem
1292 4181 1587 4252 signiliCare
1614 4197 1707 4235 vo-

120 4277 211 4334 luit
240 4298 253 4333 :
286 4290 340 4341 et
369 4280 491 4337 ideo
516 4296 620 4337 non
650 4282 821 4345 ipsum
849 4277 1021 4344 potius
1047 4275 1403 4343 septenaritnn
1431 4274 1624 4341 posuit,
1648 4280 1711 4331 ut

121 4370 311 4431 diceret
342 4374 398 4427 in
425 4373 701 4442 septimam
741 4371 1174 4440 generationem,
1216 4383 1278 4429 ac
1318 4368 1394 4421 sic
1425 4368 1598 4421 omnis
1629 4365 1709 4418 in»

125 4465 483 4535 telligeretur;
527 4465 647 4533 quia
684 4478 896 4519 cauSam
942 4459 1280 4528 perfectionis
1319 4458 1475 4526 hujus
1501 4456 1707 4513 muneri

127 4552 219 4611 hoc
248 4558 411 4613 modo
452 4560 624 4625 potius
657 4552 953 4615 iutimavit?
980 4552 1107 4609 Meo
1138 4566 1363 4619 namque
1404 4550 1710 4619 perhibetur

129 4649 421 4713 perlectus,
448 4648 569 4715 quia
596 4662 659 4705 Cx
696 4646 778 4701 his
812 4644 1020 4705 duobus
1047 4650 1255 4696 constat
1276 4681 1288 4702 ,
1333 4640 1564 4695 ternario
1601 4640 1708 4694 sci—

129 4732 237 4791 licet
270 4742 445 4808 prittto
490 4739 675 4807 impari
718 4747 863 4800 toto,
907 4749 962 4799 et
1002 4734 1345 4804 qnaternario
1385 4733 1555 4803 primo
1598 4732 1710 4801 pari

130 4834 250 4887 toto.
278 4831 437 4895 Unde
470 4843 670 4899 esseet
697 4830 821 4887 ilhnl
853 4828 1217 4898 propheticum
1240 4824 1526 4889 existimo,
1567 4823 1710 4893 quod

133 4923 330 4980 aSSidue
360 4926 640 4993 repetitur,
671 4922 735 4985 lu
763 4924 918 4983 tribus
943 4933 987 4975 et
1011 4930 1227 4991 quatuor
1248 4917 1587 4987 impietatibus
1610 4933 1712 4979 non

135 5016 386 5077 avertebat
410 5018 591 5085 (dum
616 5031 655 5080 ι,
682 5014 737 5085 5)
758 5030 774 5078 ;
796 5030 898 5085 per
921 5012 1061 5083 quod
1088 5010 1251 5069 voluit
1278 5010 1575 5079 impietates
1596 5008 1710 5071 nni-

138 5116 303 5167 Versas
326 5110 512 5181 potius
538 5124 695 5179 quam
718 5117 836 5167 tres
864 5106 949 5162 vel
978 5115 1204 5175 quatuor
1230 5102 1473 5173 intelligi.

200 5195 375 5263 Χιιιι.
411 5200 508 5274 [ιιι.
539 5216 666 5259 mu
686 5243 701 5268 ,
728 5197 843 5272 ιλ]
876 5197 997 5256 Non
1034 5196 1305 5255 decliuabis
1338 5196 1592 5267 iudicium
1610 5194 1711 5255 atla-

142 5301 280 5357 rem,
306 5304 350 5353 cl
376 5295 613 5365 arpltaui,
636 5303 686 5349 et
712 5292 894 5349 vidum.
924 5289 1045 5345 Non
1065 5289 1353 5360 :piguerabis
1373 5289 1714 5346 restituantth

142 5381 447 5447 viduatum
477 5403 583 5457 non
619 5388 727 5454 ait,
756 5387 828 5449 Et
860 5400 969 5440 nou
1008 5384 1310 5456 piguerabis
1334 5384 1711 5441 vestimentum

144 5480 506 5549 eorum.th
529 5479 673 5545 enim
700 5492 861 5538 causa
892 5485 976 5531 est
1013 5484 1072 5543 ut
1111 5476 1268 5531 trium
1306 5474 1535 5528 istorum
1567 5472 1713 5541 ﬁndi,-

146 5565 272 5631 εἶναι
310 5573 583 5647 declinare
624 5572 879 5637 vetuerit,
906 5570 1098 5643 pignus
1117 5577 1297 5626 autem
1324 5566 1521 5623 alieni
1549 5565 1712 5620 vesti-

146 5672 362 5720 mentum
389 5667 556 5740 δριμιδ
580 5664 773 5739 viduae,
799 5680 911 5729 non
938 5661 1265 5739 erilium?
1432 5659 1553 5731 quia
1570 5656 1713 5728 indi-

148 5750 222 5811 Cia
256 5760 486 5818 omnium
527 5758 768 5817 facienda
807 5766 1089 5831 propterea
1124 5753 1549 5821 commendarit.
1590 5749 1713 5823 quia

1489 295 1691 352 Lmen
1729 297 2044 368 QUIN‘HJS.

3312 314 3420 374 760

1844 432 1948 471 non
1976 414 2172 473 habent
2195 432 2223 472 a
2250 419 2441 489 quibus
2472 419 2825 478 defendamur
2865 424 2977 481 sive
3018 423 3217 483 advena
3238 472 3254 493 ,
3295 445 3412 501 qui:

1844 512 1894 567 in
1928 524 2064 568 terra
2095 516 2262 570 aliena
2303 528 2415 583 est;
2461 521 2573 575 sive
2614 524 2915 592 orpliantts,
2954 525 3003 578 id
3047 535 3127 579 est
3169 528 3408 595 pupillus,

1841 604 1960 674 quia
1994 608 2295 674 parentibus
2321 620 2495 675 caret;
2527 613 2642 667 sive
2672 614 2849 680 vidua,
2878 617 2999 685 quia
3034 617 3275 670 maritum
3312 600 3411 676 non

1841 692 1995 751 habet
2027 716 2038 751 :
2073 699 2260 769 pignus
2300 718 2425 757 vero
2462 720 2583 759 eum
2631 706 2873 775 prohibet
2916 712 3283 763 vestimentum
3324 727 3417 765 au-

1839 785 1960 841 ferri
1994 788 2161 845 vidua:
2181 834 2195 857 ,
2230 803 2352 861 puto
2380 796 2517 865 quod
2544 799 2673 852 satis
2696 799 2963 869 eleganter
2982 801 3295 866 admoneat,
3326 818 3416 859 eas

1837 896 1962 936 vere
1988 882 2238 939 dicendas
2264 901 2381 941 esse
2408 888 2609 951 viduas.
2638 907 2755 960 qua:
2780 894 2937 947 etiam
2979 908 3235 963 pauperes
3269 874 3412 948 sunt.

1836 972 1891 1026 ld
1936 974 2077 1028 enim
2120 987 2173 1030 et
2216 979 2500 1046 Apostolus
2545 981 2817 1037 evidenter
2859 984 3121 1045 ostendit,
3170 984 3254 1038 ubi
3300 966 3411 1040 ait:

1836 1064 1897 1120 Si
1922 1084 2022 1134 qua
2051 1079 2213 1121 autem
2245 1072 2393 1123 vidua
2427 1073 2562 1141 ﬁlios
2599 1085 2643 1127 et
2674 1086 2875 1143 nepotes
2908 1076 3082 1139 habet,
3115 1077 3274 1130 discat
3304 1078 3411 1146 pri-

1833 1176 1967 1214 munt
1990 1160 2192 1214 domum
2213 1181 2354 1216 suam
2381 1166 2461 1233 pie
2486 1176 2716 1232 tractare,
2739 1178 2785 1221 εἰ
2811 1179 3032 1221 mutuam
3058 1170 3208 1222 vicem
3232 1186 3412 1240 parcn-

1834 1252 1961 1305 tibus
2002 1256 2207 1308 reddere
2236 1271 2254 1306 :
2284 1259 2376 1308 hoc
2404 1258 2534 1309 enim
2572 1269 2829 1327 acceptum
2869 1268 2937 1312 est
2975 1276 3142 1312 coram
3174 1259 3408 1314 Domino.

1836 1344 1962 1411 Qua:
1986 1359 2152 1401 (tttlt’ttt
2184 1366 2291 1403 vero
2319 1352 2465 1403 vidua
2494 1361 2594 1419 est,
2626 1361 2671 1404 et
2698 1351 2949 1414 desolata.
2984 1354 3199 1423 speravit
3227 1354 3276 1405 in
3309 1353 3411 1407 Do-

1830 1440 2059 1501 minum,
2104 1450 2149 1493 ct
2191 1443 2406 1507 persistit
2441 1442 2490 1493 in
2521 1443 2825 1497 orationibus
2860 1453 3001 1497 nocte
3036 1455 3080 1499 et
3118 1446 3217 1505 die.
3264 1447 3409 1503 llanc

1829 1543 1955 1582 vere
1987 1529 2194 1582 viduam
2236 1530 2361 1583 dixit
2386 1573 2401 1593 ,
2438 1548 2555 1601 qua:
2588 1548 2688 1585 non
2734 1531 2891 1587 habet
2923 1550 2950 1586 a
2985 1534 3171 1602 quibus
3200 1512 3409 1592 sosten;

1831 1628 1999 1685 tetur;
2031 1622 2148 1690 quia
2180 1638 2281 1674 non
2310 1622 2479 1675 Stiltllll
2512 1624 2647 1687 viro,
2683 1623 2775 1677 sed
2811 1625 2967 1678 etiam
3003 1627 3225 1693 posteris
3250 1634 3408 1695 atque

1826 1713 1969 1766 Omni
2011 1729 2111 1781 ope
2149 1712 2395 1767 destituta
2438 1725 2518 1768 cst
2547 1732 2559 1766 :
2591 1715 2807 1768 divitem
2843 1716 3034 1786 quippe
3075 1732 3177 1770 non
3207 1698 3407 1773 diceret

1825 1802 2136 1857 desolatam.
2162 1804 2383 1873 Pauperi
2408 1806 2583 1873 itaque
2610 1806 2796 1875 pignus
2827 1822 2928 1859 non
2956 1816 3035 1861 est
3062 1788 3405 1868 auferendum

1823 1896 2196 1951 vestimentum
2238 1915 2251 1950 :
2295 1914 2414 1950 nam
2460 1907 2511 1950 et
2554 1898 2654 1951 hoc
2698 1898 2811 1966 ipso
2853 1888 2990 1967 quod
3034 1901 3404 1967 vestimentum

1826 1992 2067 2059 prohibet
2087 1991 2304 2054 auferri,
2335 2006 2615 2060 pauperem
2641 1990 2888 2045 ostendit.
2916 1991 3095 2060 Neque
3124 1993 3261 2045 enim
3291 2008 3407 2053 cre—

1821 2083 1962 2137 ditor
1989 2099 2090 2136 non
2125 2084 2296 2151 potius
2324 2084 2554 2136 auferret
2580 2091 2888 2151 argentum,
2923 2083 3002 2135 vel
3027 2083 3068 2136 si
3091 2083 3213 2151 quid
3239 2083 3401 2149 aliud,

1821 2192 1977 2244 quam
2008 2176 2399 2229 vestimentum.
2435 2175 2598 2229 Porro
2623 2176 2666 2229 si
2699 2176 2987 2230 OCCttt'rerit
3014 2176 3211 2240 animo,
3242 2176 3399 2243 Quid,

1819 2266 1863 2320 si
1888 2268 2049 2319 multa
2072 2265 2261 2321 habeat
2293 2268 2603 2321 vestimenta
2635 2282 2737 2319 non
2763 2268 3079 2330 necessaria,
3104 2266 3195 2329 sed
3220 2246 3405 2339 super;

1822 2359 1963 2412 llua'?
1991 2360 2257 2428 qunniodo
2303 2360 2609 2430 intelligitur
2652 2374 2775 2414 vere
2812 2360 2994 2423 vidua,
3039 2359 3139 2415 hoc
3174 2368 3256 2413 est
3298 2374 3403 2413 non

1818 2450 1989 2505 solum
2017 2450 2283 2514 desnlata,
2335 2466 2519 2503 verum
2565 2452 2724 2505 etiam
2768 2468 2885 2519 qua:
2923 2468 3026 2505 non
3052 2452 3067 2481 ¹
3110 2451 3160 2504 iu
3201 2450 3402 2505 deliciis

1818 2540 1963 2610 agit?
1992 2556 2146 2610 quam
2171 2540 2395 2607 subjecit
2416 2540 2617 2606 dicens,
2651 2542 2777 2606 Qua:
2796 2551 2959 2594 autem
2987 2542 3037 2594 in
3062 2541 3253 2593 deliciis
3275 2543 3400 2611 agit,

1817 2636 1981 2686 vivens
2011 2643 2203 2685 mortua
2228 2644 2301 2687 est
2334 2633 2372 2704 (I
2406 2632 2535 2687 Tini.
2564 2650 2613 2698 v,
2644 2632 2777 2704 4-6).
2820 2634 2967 2686 lianc
3009 2634 3201 2703 quippe
3238 2648 3405 2703 oppo-

1817 2728 1941 2785 suit.
1976 2736 2221 2795 tanquam
2254 2740 2284 2779 e
2312 2726 2581 2785 contrario
2608 2741 2747 2779 vene
2773 2725 2974 2790 vidnaz,
3008 2734 3251 2793 tanquam
3287 2710 3404 2778 talis

1816 2834 1921 2872 non
1965 2819 2034 2872 sit
2066 2833 2185 2872 vera
2218 2818 2393 2872 vidua.
2435 2818 2791 2887 Qu:ecumque
2830 2828 3002 2870 autem
3047 2817 3236 2871 divites
3273 2815 3437 2893 alias

1817 2911 2027 2978 nuptias
2055 2910 2283 2978 experiri
2318 2911 2632 2974 noluerunt,
2662 2910 2981 2963 continentia
3015 2912 3063 2961 iu
3107 2910 3183 2964 eis
3222 2908 3403 2962 lamia-

1816 3011 1921 3067 tur,
1956 3018 2059 3055 non
2101 3002 2361 3055 desolatio
2404 3000 2824 3055 conunendatnr.
2856 3000 2947 3053 lla:
2977 2999 3167 3069 quippe
3199 2997 3403 3052 maritis

1817 3103 2020 3150 tantum
2056 3094 2281 3147 viduata:
2310 3103 2456 3159 sunt,
2488 3109 2590 3146 non
2622 3093 2737 3145 aliis
2765 3092 2939 3145 rebus.

1886 3189 2066 3244 XLIV.
2099 3188 2197 3261 [lb.
2239 3203 2373 3242 XXIV
2395 3231 2410 3248 .
2451 3185 2557 3259 19.]
2587 3185 2734 3252 Quod
2762 3184 3030 3247 admouet,
3062 3191 3117 3236 ut
3146 3181 3196 3234 in
3228 3196 3403 3236 messe

1814 3282 2036 3337 oblitum
2062 3281 2387 3350 manipulum
2419 3296 2575 3333 nemo
2596 3278 2829 3348 colligat,
2857 3286 2908 3329 et
2929 3276 3119 3328 olivattt
3145 3273 3222 3327 vel
3248 3288 3402 3326 uvam

1814 3375 2055 3428 relictam
2088 3388 2244 3425 nemo
2276 3381 2477 3438 repetat
2516 3370 2817 3437 diligentius
2858 3368 3091 3436 neglecta
3132 3367 3401 3436 colligere,

1814 3475 1868 3519 et
1894 3464 2014 3517 dicit
2049 3465 2324 3533 egentibus
2356 3459 2702 3521 dimittenda;
2733 3459 2965 3513 occurrit
3004 3455 3222 3510 forsitan
3261 3458 3403 3521 cogi-

1818 3556 2031 3618 tationi,
2063 3556 2232 3624 Quid,
2266 3556 2307 3609 si
2353 3556 2465 3607 ba-c
2507 3570 2623 3621 qua:
2665 3553 2731 3604 ab
2774 3566 3016 3621 agrorum
3054 3547 3281 3601 dominis
3320 3548 3401 3600 di-

1815 3650 2127 3713 mittuntur,
2160 3666 2263 3700 non
2303 3654 2553 3713 egentes.
2587 3643 2679 3697 sed
2720 3642 2940 3709 improbi
2975 3639 3260 3709 colligant?
3298 3637 3401 3694 Sed

1814 3739 2257 3793 Cfittsitit‘l'nttdttttt
2290 3739 2458 3806 primo
2496 3736 2641 3787 illum
2685 3732 3043 3786 misericordia
3086 3730 3283 3795 facere,
3315 3730 3401 3798 qui

1816 3832 1917 3887 hoc
1941 3832 2119 3885 animo
2150 3829 2395 3890 dimittit,
2429 3835 2484 3880 ut
2514 3837 2732 3897 egentes
2764 3822 2991 3876 habeant
3017 3821 3156 3891 quod
3185 3820 3405 3873 dimitti-

1816 3935 1919 3979 tur.
1952 3923 2148 3977 Deinde
2174 3939 2292 3976 cum
2323 3920 2436 3973 inec
2464 3918 2655 3986 papulo
2696 3915 3098 3985 pra-cipiuutur,
3128 3912 3281 3965 simul
3310 3910 3404 3964 ad-

1796 4004 2096 4070 intonenlur
2123 4014 2154 4065 ii
2183 4013 2269 4082 qui
2297 4028 2399 4064 non
2434 4010 2685 4078 indigent,
2716 3997 2823 4060 ista.
2844 4022 2945 4059 non
2969 4020 3227 4075 qu:crere.
3253 4002 3401 4070 Quod

1813 4107 1858 4169 si
1884 4106 2208 4178 quamierint,
2237 4102 2359 4174 quid
2391 4101 2530 4155 aliud
2563 4115 2719 4170 quain
2749 4114 2835 4153 res
2861 4099 3088 4159 alienas,
3132 4107 3184 4149 et
3207 4137 3219 4156 .
3263 4094 3403 4164 quod

1812 4198 2025 4269 gravius
2055 4206 2152 4271 est,
2190 4209 2477 4265 piuperutn
2512 4186 3049 4259 invaderejudicandi
3074 4186 3235 4239 sunt?
3263 4184 3402 4239 litri‘

1812 4310 1915 4365 que
1945 4308 2071 4361 ergo
2101 4295 2589 4344 eounnemorantur
2610 4284 2630 4313 ’
2665 4282 2745 4333 bis
2774 4280 3072 4349 pra-copiis,
3100 4292 3153 4331 et
3177 4289 3398 4343 quorum

1811 4387 1923 4458 agri
1968 4393 2121 4449 sunt,
2172 4390 2227 4434 ut
2273 4374 2688 4433 misericorditer
2735 4388 2795 4425 ea
2843 4370 3172 4436 relinquant;
3219 4374 3272 4417 et
3310 4365 3399 4433 qui

1814 4456 2111 4548 indigentes
2141 4492 2245 4528 non
2274 4478 2397 4524 sunt
2418 4512 2432 4537 ,
2473 4478 2531 4522 ut
2570 4465 2692 4519 inde
2721 4479 2779 4517 se
2808 4461 3107 4516 abstineant
3142 4477 3153 4511 :
3191 4456 3402 4525 quando

1814 4583 2097 4638 utrumque
2124 4566 2338 4628 dicitur,
2371 4572 2422 4615 et
2448 4577 2477 4615 a
2506 4560 2699 4631 quibus
2727 4551 3040 4610 dimittenda
3065 4551 3189 4616 sint,
3216 4560 3267 4606 ct
3290 4548 3402 4620 qui-

1814 4663 1912 4718 bus
1944 4659 2255 4715 dimittenda
2284 4657 2412 4720 sint.

1888 4752 2045 4809 XLV.
2082 4751 2179 4824 'llb.
2218 4764 2351 4810 xxv,
2385 4744 2527 4819 1-5.]
2557 4743 2616 4800 Si
2637 4751 2805 4796 autem
2820 4739 2971 4810 fuerit
3001 4736 3255 4790 altercatio
3281 4737 3406 4789 inter

1816 4846 2041 4901 homines
2062 4885 2075 4907 ,
2104 4852 2148 4897 et
2175 4840 2467 4905 accesserint
2495 4838 2562 4889 ad
2579 4836 2832 4906 judicium
2852 4875 2866 4898 ,
2905 4841 2951 4885 ct
2968 4829 3326 4899 judicuvcrint,
3360 4834 3407 4878 ct

1805 4934 2420 5012 justiﬁraveriutjustum.
2442 4928 2654 4983 lodices
2668 4923 2993 4993 intelligendi
3009 4932 3127 4974 sunt
3146 4920 3400 4989 judicare,

1817 5006 1947 5085 non
1973 5030 2044 5083 illi
2090 5028 2178 5098 qui
2223 5026 2348 5079 dicti
2376 5032 2499 5077 sunt
2532 5020 2926 5075 altercationem
2958 5012 3173 5066 habere.
3211 5006 3405 5060 Deinde

1816 5122 2055 5194 sequitur
2081 5096 2190 5174 :Vlft
2216 5112 2623 5186 reprehenderint
2653 5108 2884 5178 impium.
2916 5102 2978 5155 Et
3004 5102 3128 5163 erit,
3160 5098 3202 5152 si
3227 5096 3406 5163 dignus

1819 5192 1966 5285 fuerit
1993 5212 2157 5290 plagis
2176 5253 2191 5281 ,
2233 5211 2318 5280 qui
2342 5208 2494 5280 impie
2520 5204 2657 5273 agit;
2684 5197 2955 5254 constitues
2985 5210 3093 5247 eum
3121 5192 3171 5244 in
3196 5204 3405 5257 conspe-r

1818 5281 1902 5371 ctu
1920 5281 2153 5379 judicum
2178 5347 2191 5370 ,
2223 5313 2266 5356 et
2285 5296 2613 5375 ﬂagellabant
2637 5310 2748 5355 cum
2777 5300 2893 5342 ante
2921 5303 2993 5352 se,
3021 5284 3286 5338 secundum
3316 5281 3406 5333 im-

1819 5375 2049 5475 pietatem
2086 5401 2203 5473 ejus
2231 5412 2251 5450 :
2277 5406 2482 5461 numero
2510 5384 2846 5463 quadraginta
2886 5375 3217 5451 ﬂagellabant
3258 5389 3370 5445 eum
3387 5389 3408 5451 ,-

1820 5472 1919 5552 rton
1941 5472 2215 5566 opponent.
2242 5488 2301 5542 Si
2331 5495 2496 5539 autem
2514 5472 3106 5551 apposuerintI/lagellare
3131 5483 3240 5521 eum
3260 5480 3410 5533 super

1876 5632 1904 5674 ιι
1930 5625 2075 5684 wn,
2098 5634 2207 5688 qua:
2227 5618 2279 5670 in
2296 5615 2489 5688 nations
2648 5611 2866 5688 :_
2900 5610 3124 5670 uesania
3144 5596 3377 5673 particula
3392 5630 3411 5657 ο

1953 5680 2274 5747 interponitur
2296 5684 2345 5729 in
2369 5680 2635 5743 potioribus
2654 5683 2760 5729 uss.

1886 5756 1908 5787 ³
1929 5760 2026 5811 En,
2049 5750 2418 5802 εοηωιοηεηλιιν.
