3862 6316
492 259 599 320 76⁸1

490 380 582 436 bas
629 381 808 454 plagas
850 382 1049 453 plures,
1092 380 1438 453 deturpabitur
1467 381 1623 453 frater
1647 388 1762 433 tuus
1802 392 1970 432 coram
1997 385 2063 432 te.

488 473 658 531 Valde
683 474 1063 532 advertendum
1106 484 1191 533 est
1213 474 1355 548 quod
1382 489 1503 530 cum
1543 488 1605 529 ea
1650 480 1864 543 peccata
1904 472 2072 543 plagis

489 566 820 621 emendanda
857 567 1191 638 prreceperit,
1233 582 1350 638 qua:
1378 566 1535 635 digna
1574 579 1680 619 non
1720 572 1843 618 sunt
1885 562 2072 619 mortis

489 656 750 727 supplicio
773 657 1048 723 vindicari,
1071 658 1250 713 ethoc
1279 664 1384 711 tam
1414 654 1597 727 paucis
1625 652 1789 724 plagis
1808 669 1822 719 ;
1844 669 1966 708 eum
1995 662 2074 707 ta-

487 763 613 804 men
625 748 712 818 qui
725 749 964 814 caeditur,
983 747 1496 820 appellavitimpinm
1518 746 1596 801 vel
1615 746 1774 815 impie
1792 754 2033 816 agentem
2052 762 2069 800 :

487 849 549 896 ut
584 843 909 909 noverimus,
936 858 1041 896 non
1084 842 1221 897 sicut
1262 840 1473 911 plurimi
1517 840 1822 910 loquuntur,
1868 838 2071 893 locutas

485 945 607 989 esse
629 931 959 1003 Scripturas;
988 946 1121 1002 quas
1162 930 1477 988 incuriosius
1502 929 1746 1001 legimus,
1774 944 1894 983 cum
1917 938 2068 999 puta-

486 1040 607 1079 mus
622 1024 935 1080 adulteriunt
958 1038 1063 1079 non
1077 1039 1197 1080 esse
1213 1024 1557 1094 impietatem,
1575 1022 1697 1094 quia
1722 1022 1774 1078 in
1801 1022 2068 1077 hominem

487 1114 699 1171 videtur
726 1130 978 1185 peccasse
1006 1117 1094 1186 qui
1122 1115 1224 1171 hoc
1260 1115 1465 1181 fecerit,
1492 1130 1614 1170 cum
1642 1114 1769 1170 illud
1797 1122 2068 1185 peccatum

485 1215 657 1262 morte
683 1206 839 1276 plecti
861 1206 1046 1277 jubeat
1084 1206 1191 1263 Lex
1220 1206 1392 1275 (Deut.
1425 1222 1566 1274 χχιι,
1593 1204 1716 1280 2‘2);
1748 1216 1801 1263 et
1838 1206 1921 1261 his
1946 1221 2071 1277 pec-

482 1298 614 1354 catis
656 1298 928 1369 graviores
976 1313 1098 1355 esse
1147 1299 1373 1355 dicimus
1415 1300 1748 1369 impietates,
1797 1314 1918 1354 cum
1964 1300 2072 1355 sint

483 1402 672 1444 earum
717 1388 958 1459 qumdam
1006 1404 1124 1459 qua:
1153 1389 1345 1460 ﬂagelli
1387 1390 1555 1460 plagis
1594 1390 1939 1461 quadraginta
1971 1406 2068 1460 pu-

481 1478 720 1535 niuntur.
752 1478 847 1535 Est
868 1479 1045 1551 itaque
1070 1480 1203 1535 levis
1232 1481 1496 1550 impietas,
1523 1496 1641 1552 qua:
1667 1482 1888 1537 verbere
1911 1481 2068 1551 digna

480 1578 595 1636 est;
623 1578 678 1624 et
699 1580 785 1626 est
809 1572 1018 1641 gravior
1039 1588 1158 1642 qua:
1180 1581 1354 1628 morte
1374 1572 1528 1644 digna
1556 1581 1671 1629 est:
1696 1574 1766 1628 ita
1795 1574 1953 1629 etiam
1980 1574 2067 1629 illa

482 1671 697 1731 peccata
720 1678 840 1733 quas
868 1678 977 1719 non
1008 1667 1059 1718 in
1094 1664 1257 1719 Deum
1277 1706 1293 1731 ,
1324 1664 1421 1720 sed
1447 1665 1498 1720 in
1526 1664 1793 1722 hominem
1821 1666 2069 1722 videntur

482 1750 721 1821 admitti,
752 1762 878 1809 sunt
904 1764 1075 1811 morte
1107 1754 1261 1826 digna
1299 1756 1578 1827 quaedam:
1608 1768 1733 1813 sunt
1753 1758 1854 1813 alia
1882 1773 2066 1814 corre-

482 1844 696 1913 ptione,
725 1858 819 1899 seu
849 1846 1090 1913 verbere,
1122 1862 1218 1902 seu
1258 1847 1414 1902 venia
1435 1849 1452 1879 ¹
1502 1847 1757 1904 faciliore.
1802 1850 1876 1904 Ita
1925 1852 2065 1904 enim

483 1934 688 1993 locutos
713 1950 833 1992 esse
861 1936 1202 2007 Septuaginta
1230 1938 1545 2009 interpretes
1569 1948 1796 2007 constat,
1823 1941 2067 1997 utetiam

483 2026 627 2082 illius
656 2028 747 2098 qui
777 2028 942 2099 plagis
973 2028 1164 2099 dignus
1189 2039 1293 2098 est,
1314 2030 1638 2103 impietatem
1670 2033 1993 2088 vocaverint.

555 2117 738 2174 XLVI.
779 2116 890 2192 [1b.
916 2135 1064 2187 xxv,
1102 2118 1195 2193 5.]
1232 2121 1293 2177 Si
1321 2132 1488 2176 autem
1516 2121 1843 2177 habitaverint
1884 2124 2067 2193 fratres

477 2211 531 2264 in
570 2226 762 2276 unum,
808 2221 855 2265 et
894 2221 1121 2265 mortuus
1163 2213 1314 2282 fuerit
1358 2229 1489 2268 unus
1527 2229 1590 2267 ea:
1631 2215 1735 2281 eis,
1778 2230 1949 2269 semen
1974 2231 2067 2268 au-

476 2311 575 2357 tem
602 2319 705 2357 non
734 2304 882 2373 fuerit
905 2304 988 2370 ei;
1024 2320 1125 2358 non
1153 2305 1247 2358 erit
1270 2321 1401 2361 uxor
1426 2305 1651 2377 defuncti
1686 2306 1813 2377 foris
1847 2325 1950 2362 non
1973 2324 2067 2379 ap-

475 2392 815 2463 propianti':
856 2396 1014 2464 frater
1051 2394 1145 2447 viri
1182 2395 1292 2467 ejus
1325 2395 1532 2449 intrabit
1566 2396 1635 2451 ad
1672 2413 1812 2460 eam,
1852 2407 1900 2453 et
1927 2399 2066 2453 acci-

477 2483 579 2552 piet
603 2498 715 2537 eam
739 2482 834 2536 sibi
858 2499 1099 2549 uxorem,
1122 2495 1169 2538 et
1192 2485 1495 2539 cohabitabit
1530 2487 1594 2541 ei.
1636 2487 1704 2542 Et
1736 2490 1859 2556 erit,
1894 2489 2067 2559 infans

473 2575 769 2646 quicumque
795 2585 944 2630 natus
968 2577 1138 2647 fuerit,
1167 2578 1497 2633 constituetur
1520 2595 1583 2635 ea:
1601 2579 1825 2651 defuncti
1843 2582 2062 2649 nomine,

473 2675 522 2722 et
546 2683 646 2722 non
671 2667 917 2723 delabitur
935 2685 1115 2723 nomen
1142 2670 1252 2741 ejus
1279 2685 1343 2724 ea:
1366 2668 1548 2725 Israel.
1570 2670 1795 2728 Videtur
1818 2672 1917 2728 hoc
1935 2688 2065 2744 prte-

472 2760 680 2830 cepisse
718 2760 826 2815 Lex
856 2760 925 2817 de
953 2761 1135 2816 fratris
1165 2777 1332 2818 uxore
1357 2762 1596 2818 ducenda
1619 2806 1635 2830 ,
1666 2779 1771 2818 non
1796 2764 1867 2817 oh
1894 2763 2060 2831 aliud,

471 2850 575 2907 nisi
601 2860 657 2907 ut
684 2864 869 2908 semen
894 2854 1114 2908 suscitet
1140 2851 1290 2907 fratri
1320 2854 1408 2924 qui
1436 2854 1550 2909 sine
1577 2854 1758 2910 liberis
1777 2854 2061 2912 defunctus

470 2955 574 3003 est.
614 2947 766 3013 Quod
797 2956 977 3003 autem
1002 2948 1094 3012 ait,
1125 2947 1467 3003 Constituetur
1496 2964 1559 3004 ea:
1582 2948 1810 3019 defuncti
1837 2950 2059 3013 nomine,

468 3046 517 3092 et
541 3054 643 3091 non
664 3038 907 3092 delebitur
936 3054 1115 3093 nomen
1140 3039 1249 3109 ejus
1267 3054 1332 3094 ea:
1359 3038 1545 3105 Israel,
1569 3040 1622 3095 id
1648 3050 1732 3096 est
1750 3055 1942 3097 nomen
1964 3041 2061 3098 de-

470 3129 671 3193 functi;
702 3145 768 3186 er
791 3129 893 3185 hoc
913 3118 1364 3197 videtur'dictum,
1384 3140 1441 3186 ut
1467 3132 1554 3188 ille
1577 3133 1667 3203 qui
1683 3133 1937 3201 nascitur,
1958 3134 2060 3191 hoc

471 3221 687 3276 nomine
721 3222 1045 3292 appelletur,
1083 3238 1188 3293 quo
1232 3223 1597 3294 appellabatur
1631 3225 1932 3293 defunctus,
1970 3230 2058 3285 cui

471 3312 699 3381 quodam
721 3311 879 3367 modo
897 3322 1240 3384 propagatur.
1260 3313 1408 3370 Unde
1427 3316 1580 3370 nobis
1602 3317 1772 3372 visum
1793 3327 1877 3373 est
1891 3321 2059 3390 magis

474 3403 763 3457 secundum
785 3402 1085 3473 adoptionis
1098 3419 1300 3459 morem
1318 3405 1526 3461 solvere
1542 3405 1594 3461 in
1618 3406 1904 3478 Evangelio
1920 3425 2058 3480 qum-

468 3494 695 3549 stionem
708 3493 775 3549 de
785 3493 992 3549 duobus
1003 3494 1450 3565 patribusJoseph
1464 3493 1565 3566 (De
1574 3497 1725 3552 Cons.
1746 3498 1943 3569 Evang.
1964 3501 2052 3555 lib.

465 3585 521 3651 2,
550 3602 595 3640 c.
623 3586 703 3656 ὃ),
727 3602 952 3656 quorum
992 3603 1157 3643 unum
1191 3599 1577 3644 commemorat
1602 3588 1897 3655 Matthaens,
1929 3609 2051 3650 eum

465 3677 668 3733 scilicet
688 3678 775 3748 qui
797 3678 977 3748 genuit
1004 3676 1203 3748 Joseph
1231 3677 1444 3746 (Matth.
1469 3695 1508 3746 ι,
1540 3680 1665 3750 16);
1696 3682 1918 3737 alterum
1948 3682 2053 3738 Lu-

462 3783 574 3832 cas,
606 3783 726 3824 eum
752 3770 902 3839 cujus
928 3769 1067 3825 filius
1094 3778 1211 3825 erat
1238 3769 1471 3839 'Joseph
1493 3770 1641 3839 (Luc.
1670 3788 1747 3836 Ill,
1774 3772 1867 3845 23)
1889 3792 1901 3826 :
1921 3791 2054 3845 quo-

464 3859 607 3913 niam
639 3859 834 3913 nullius
853 3874 1039 3914 eorum
1071 3874 1264 3914 nomen
1294 3859 1493 3929 Joseph
1520 3863 1744 3933 accepit.
1773 3864 1884 3921 Nisi
1912 3866 2053 3924 forte

464 3947 568 4003 hoc
592 3948 789 4003 dictum
820 3958 921 4014 est,
953 3946 1292 4003 Constituetur
1314 3965 1378 4003 ea;
1398 3950 1637 4019 'defuncti
1670 3955 1907 4023 nomine,
1942 3973 2049 4014 non

462 4047 521 4092 ut
539 4036 655 4107 ejus
676 4053 872 4092 nomen
888 4038 1116 4109 accipiat
1134 4078 1149 4104 ,
1181 4037 1277 4093 sed
1306 4046 1365 4094 ut
1396 4055 1461 4095 ex
1487 4040 1604 4111 ejus
1630 4045 1865 4112 nomine,
1889 4046 1940 4101 id
1966 4058 2050 4104 est

463 4136 710 4199 tanquam
741 4128 897 4192 filius,
922 4145 1025 4183 non
1056 4128 1173 4200 ejus
1200 4128 1354 4200 cujus
1378 4132 1579 4188 semine
1595 4143 1678 4189 est
1699 4137 1929 4204 genitus,
1953 4139 2048 4195 sed

462 4218 607 4275 illius
634 4217 868 4275 defuncti
901 4219 986 4275 cui
1014 4234 1199 4274 semen
1236 4221 1544 4275 suscitatum
1571 4233 1682 4289 est,
1713 4224 1883 4281 harres
1911 4243 2047 4284 con-

458 4312 725 4368 stituatur.
757 4311 909 4380 Quod
953 4313 1096 4368 enim
1144 4311 1383 4368 additum
1412 4323 1515 4381 est,
1557 4314 1626 4369 Et
1665 4332 1766 4372 non
1803 4318 2046 4377 delabitur

457 4424 638 4463 nomen
675 4409 786 4480 ejus
828 4424 890 4463 ex
931 4406 1134 4474 Israel,
1177 4417 1353 4477 potest
1376 4409 1447 4463 ita
1475 4409 1731 4484 intelligi,
1763 4428 1869 4469 non
1900 4417 2043 4487 quod

457 4515 650 4555 nomen
677 4502 794 4569 ejus
822 4514 953 4568 puer
976 4508 1365 4568 consequenter
1383 4501 1639 4571 accipiat;
1664 4502 1759 4560 sed
1788 4507 1929 4576 quod
1956 4509 2042 4565 ille

456 4603 565 4644 non
593 4589 709 4643 sine
752 4587 1064 4658 posteritate
1100 4596 1345 4644 mortuus
1369 4604 1488 4644 esse
1515 4591 1809 4662 videbitur,
1838 4606 1892 4652 et
1920 4599 2040 4655 ideo

453 4686 734 4748 permanet
757 4677 873 4747 ejus
898 4692 1113 4743 nomen,
1143 4677 1244 4733 hoc
1271 4687 1354 4734 est
1376 4682 1653 4737 memoria.
1683 4683 1868 4756 Neque
1895 4689 2037 4745 enim

452 4769 613 4826 etiam
641 4769 685 4823 si
717 4771 830 4838 ipse
859 4768 1023 4823 lilium
1049 4770 1337 4840 genuisset,
1371 4787 1562 4829 nomen
1598 4792 1752 4831 suum
1779 4778 1829 4834 ei
1870 4781 2040 4838 fuerat

449 4860 829 4932 impositurus,
859 4870 916 4915 ut
937 4876 1130 4918 nomen
1163 4862 1278 4934 ejus
1312 4879 1419 4919 non
1446 4864 1715 4924 deleretur
1739 4884 1806 4926 ex
1834 4869 2032 4930 Israel:

449 4954 544 5011 sed
565 4969 629 5009 ex
653 4953 756 5009 hoc
780 4954 958 5023 utique
979 4967 1083 5009 non
1107 4953 1398 5020 deleretur,
1430 4957 1552 5026 quia
1578 4973 1685 5015 non
1714 4960 1829 5017 sine
1853 4962 2037 5022 liberis

446 5063 512 5104 ex
540 5046 640 5103 hac
674 5046 782 5102 vita
818 5046 1134 5118 emigraret;
1166 5056 1221 5102 et
1258 5046 1361 5103 hoc
1395 5048 1614 5118 jubetur
1637 5067 1704 5107 ex
1729 5054 1845 5124 ejus
1870 5072 2036 5114 uxore

356 5148 369 5152 ’
443 5136 609 5193 frater
650 5138 765 5207 cjus
803 5136 1058 5206 implere,
1090 5135 1230 5206 quod
1258 5136 1347 5191 ille
1380 5152 1485 5191 non
1529 5141 1716 5207 potuit.
1758 5143 1889 5199 Nam
1933 5148 2033 5203 etsi

440 5228 607 5286 frater
624 5244 729 5284 non
753 5227 957 5294 fuisset,
975 5236 1029 5281 et
1049 5226 1374 5298 propinquus
1393 5227 1619 5284 ducebat
1647 5248 1866 5291 uxorem
1891 5236 2027 5308 ejus,

439 5323 529 5395 qui
554 5322 672 5378 sine
698 5320 820 5376 filiis
858 5328 1097 5375 mortuus
1125 5327 1304 5383 esset,
1347 5317 1412 5374 ad
1454 5322 1814 5380 suscitandum
1846 5344 2027 5385 semen

437 5412 591 5469 fratri
615 5426 750 5469 suo:
778 5412 917 5467 sicut
944 5409 1069 5465 fecit
1107 5409 1248 5464 Booz
1278 5409 1520 5467 ducendo
1551 5412 1729 5483 Ruth,
1762 5426 1820 5474 ut
1844 5432 2024 5475 semen

499 5552 519 5585 ⁸
702 5554 943 5614 Μ’-Ᾱὲ
961 5554 1105 5614 δίδη
1281 5583 1295 5598 ·

498 5615 520 5646 ⁸
542 5606 680 5683 ml“;
701 5606 835 5683 δαῖον.
848 5609 1062 5683 ᾴβῖιυιοὲί
1078 5606 1255 5683 Ϊζίίεζὶἓ
1269 5621 1363 5663 ἰα’
1378 5606 1522 5669 me"
1540 5611 1682 5667 καθα
1700 5616 2020 5683 “ww.

434 5675 757 5725 linendum
777 5673 836 5723 ad
861 5680 966 5721 Mss.
981 5680 1042 5743 κει
1070 5673 1130 5742 au
1153 5679 1279 5725 Lxx.

500 5731 1440 5794 'mduovsucanuﬁtuunanemt-l

1285 256 1750 328 QUESTIONUM
1784 258 1844 316 S.
1882 258 2054 317 AUGI

2161 258 2246 316 INI
2279 260 2346 317 ιΝ
2385 261 2947 327 HEPTATEUCBUM
3660 285 3734 347 718

2180 376 2436 434 excitaret
2463 381 2760 452 propinquo
2782 397 2900 450 suo,
2921 384 3077 457 cujus
3101 387 3291 445 fuerat
3309 390 3401 447 illa
3417 406 3567 462 uxor,
3585 412 3669 455 nec
3685 401 3732 460 de

2177 467 2269 523 illo
2291 482 2601 539 pepererat;
2623 481 2678 527 ct
2698 482 2871 531 tarncn
2888 477 2979 547 qui
3000 476 3067 535 de
3091 479 3191 536 illa
3215 490 3383 537 natus
3406 493 3509 552 est,
3530 501 3591 544 ex
3609 495 3730 550 nomi-

2176 576 2245 616 ne
2263 562 2475 633 quidem
2504 564 2739 622 defuncti
2759 570 3075 627 constitutus
3091 581 3207 641 est,
3232 575 3363 645 quis
3393 575 3533 633 filius
3550 580 3650 650 ejus
3670 596 3729 642 est

2175 653 2366 723 dictus,
2408 666 2569 728 atque
2609 659 2677 713 ita
2725 659 2916 717 factum
2944 671 3028 719 est
3063 672 3127 720 ut
3174 680 3385 724 nomen
3417 666 3727 733 defunctinon

2174 746 2442 804 deleretur
2463 765 2526 804 ex
2558 749 2736 815 Israel,
2772 768 2874 809 nec
2894 763 3068 812 tamen
3087 755 3217 828 ejus
3242 759 3468 817 nomine
3487 765 3728 834 appellatus

2175 849 2259 894 est
2283 839 2446 911 (Ruth
2475 857 2549 909 iv,
2581 844 2794 914 15-17).

2170 960 2389 1031 Quzsno
2407 971 2467 1006 os
2475 971 2659 1010 succos
2670 973 2900 1012 caminos
2908 966 3096 1013 Josm.
3118 961 3299 1015 Matth.
3314 981 3369 1026 ιι,
3383 965 3472 1029 16;
3484 975 3588 1019 Luc.
3599 984 3657 1031 ιιι,
3669 973 3725 1023 23.

2243 1024 2372 1128 οδω
2390 1076 2510 1118 cum
2538 1063 2609 1117 ita
2634 1064 2742 1119 sint
2762 1106 2780 1130 ,
2810 1040 3169 1125 abundantius
3195 1024 3416 1127 duobus
3445 1024 3609 1131 modis
3628 1024 3724 1135 solvi

2172 1160 2348 1221 potest
2376 1154 2681 1225 evangelica
2710 1159 2954 1228 quaestio,
2975 1169 3035 1216 ut
3056 1176 3204 1217 unus
3224 1178 3417 1219 eorum
3443 1181 3572 1237 quos
3592 1167 3725 1224 direr-

2172 1258 2262 1299 sos
2285 1259 2702 1303 commemorant
2730 1249 3010 1307 Matthacus
3038 1263 3093 1309 et
3118 1253 3307 1311 Lucas
3326 1297 3345 1326 ,
3375 1256 3447 1312 ita
3475 1258 3617 1314 fuerit
3637 1276 3723 1329 pro-

2172 1335 2401 1406 pinquus
2414 1339 2564 1393 alteri
2582 1340 2646 1395 ad
2663 1340 2958 1398 ducendam
2974 1345 3090 1415 ejus
3105 1362 3367 1416 uxorem,
3386 1360 3443 1404 ut
3461 1349 3586 1405 alios
3602 1353 3723 1408 etiam

2171 1442 2379 1483 sursum
2417 1446 2603 1486 versus
2638 1444 2886 1503 parentes
2911 1445 3068 1507 atque
3094 1440 3341 1511 majores
3366 1441 3497 1509 iste,
3525 1444 3641 1499 alios
3660 1444 3723 1501 ille

2171 1519 2371 1577 habere
2402 1526 2649 1593 potuerit.
2681 1526 2811 1582 Nam
2846 1529 2891 1583 si
2931 1529 3156 1587 fratrum
3184 1533 3286 1589 filii
3322 1533 3564 1601 fuissent,
3597 1553 3722 1593 unum

2172 1610 2479 1670 habuissent
2498 1632 2691 1684 avum;
2732 1619 2874 1690 quod
2902 1636 3008 1677 non
3037 1623 3111 1679 ita
3146 1634 3232 1680 est
3262 1643 3277 1680 :
3325 1642 3450 1681 nam
3477 1628 3719 1683 secundum

2170 1703 2494 1773 Matthaeum,
2538 1709 2747 1765 Mathan
2787 1720 2870 1767 est
2905 1728 3035 1768 avus
3062 1712 3304 1786 Joseph;
3338 1717 3615 1774 secundum
3645 1718 3721 1774 Ln-

2171 1811 2285 1851 cam
2309 1813 2455 1864 vero,
2477 1815 2582 1856 non
2602 1801 2835 1870 Mathan,
2857 1804 3228 1862 sed'Mathath.
3253 1807 3411 1877 Quod
3429 1809 3473 1865 si
3492 1810 3719 1882 quisquam

2168 1898 2317 1960 putat
2341 1906 2460 1948 esse
2489 1902 2687 1950 tantam
2714 1896 3110 1955 similitudinem
3139 1900 3413 1969 n‘ominis,
3450 1912 3504 1957 ut
3536 1903 3597 1958 ab
3622 1904 3718 1958 scri-

2170 1983 2411 2052 ptoribus
2437 1985 2489 2039 in
2513 2003 2615 2041 una
2641 1989 2815 2044 littera
2844 1998 3077 2046 erratum
3099 1992 3193 2057 sit,
3225 2002 3284 2048 ut
3308 1993 3459 2050 ﬁeret
3477 2003 3575 2049 tam
3594 2009 3715 2067 parra

2171 2083 2226 2130 et
2257 2091 2390 2145 pene
2412 2079 2555 2134 nulla
2582 2080 2897 2145 diversitas;
2924 2083 3048 2154 quid
3079 2084 3150 2141 de
3178 2086 3411 2143 istorum
3432 2089 3645 2160 patribus
3659 2088 3715 2142 dio

2171 2177 2351 2224 cturus
2380 2175 2498 2226 est?
2524 2172 2655 2231 Nam
2676 2176 2966 2231 secundum
2998 2176 3202 2233 Lucam
3234 2179 3471 2234 Mathath
3498 2179 3617 2234 ﬁlius
3647 2180 3714 2234 fuit

2170 2258 2335 2327 Levi;
2358 2264 2647 2319 secundum
2670 2264 2972 2322 Matura-um
2993 2279 3197 2335 autem,
3222 2271 3439 2327 Mathan
3456 2287 3518 2328 ex
3541 2272 3713 2327 Eleazar

2169 2350 2378 2421 genitus
2405 2353 2672 2410 invenitur
2699 2373 2712 2409 :
2743 2366 2900 2428 atque
2943 2359 3015 2414 ita
3055 2360 3186 2417 inde
3227 2377 3444 2418 sursum
3474 2377 3636 2418 versus
3656 2362 3712 2417 di-

2168 2442 2308 2496 versi
2339 2452 2461 2499 sunt
2491 2455 2668 2515 patres
2705 2455 2758 2502 et
2783 2448 2898 2513 avi;
2933 2458 2987 2504 et
3018 2450 3220 2508 deinde
3247 2453 3477 2524 majores
3503 2451 3710 2521 usquead

2169 2530 2460 2589 Zorobabel
2482 2576 2495 2603 ,
2525 2537 2615 2607 qui
2651 2537 2762 2593 fere
2791 2548 2873 2593 est
2900 2540 3193 2611 vigesimus
3228 2559 3443 2598 sursum
3471 2544 3535 2598 ah
3557 2539 3709 2611 Joseph

2167 2624 2305 2692 apud
2337 2623 2556 2692 Lucam,
2586 2629 2724 2698 apud
2756 2628 3061 2685 Matthtcum
3096 2643 3281 2688 autem
3311 2633 3617 2691 undecimus.
3633 2631 3707 2699 Qui

2167 2725 2447 2785 propterea
2497 2717 2635 2773 idem
2680 2719 2797 2787 ipse
2829 2737 2949 2778 esse
2989 2724 3263 2791 creditur,
3302 2728 3421 2796 quia
3461 2736 3594 2798 pater
3623 2725 3707 2793 ejus

2158 2792 2304 2875 apud
2355 2816 2636 2879 utrumque
2689 2810 3080 2883 Evangelistam
3130 2792 3392 2873 Salathiel
3448 2792 3702 2873 invenitur:

2166 2900 2408 2968 quamvis
2437 2901 2552 2956 fieri
2585 2905 2833 2973 potuerit,
2872 2915 2930 2961 ut
2956 2908 3092 2963 alius
3119 2908 3286 2966 fuerit
3310 2910 3493 2966 eodem
3518 2909 3702 2974 nomine,

2166 2989 2370 3047 habens
2398 2993 2637 3064 ejusdem
2667 2998 2899 3054 nominis
2922 3009 3156 3072 patrem,
3185 3004 3339 3071 cujus
3362 3012 3415 3058 et
3438 3003 3519 3059 ille
3544 3001 3700 3057 habuit.

2164 3081 2294 3137 Nam
2317 3092 2373 3139 et
2398 3084 2519 3141 inde
2543 3103 2752 3144 sursum
2773 3105 2959 3145 versus
2978 3092 3179 3149 diversi
3199 3103 3358 3150 sunt:
3379 3094 3531 3149 alium
3552 3092 3703 3162 quippe

2165 3170 2324 3228 habet
2360 3173 2652 3231 Zorobabel
2693 3193 2848 3235 avum
2877 3181 3018 3251 apud
3057 3182 3286 3249 Lucam,
3333 3184 3422 3256 qui
3465 3190 3540 3239 est
3576 3179 3697 3243 Neri;

2163 3260 2323 3317 alium
2353 3265 2492 3335 apud
2521 3265 2845 3336 Matthreum,
2877 3272 2966 3342 qui
2995 3280 3078 3328 est
3105 3273 3396 3330 Jechonias
3414 3291 3428 3340 ;
3449 3282 3590 3344 atque
3608 3267 3699 3323 inde

2164 3354 2412 3424 superius
2435 3371 2693 3427 nusquam
2717 3368 2798 3413 est
2821 3364 3194 3428 consonantia,
3221 3378 3489 3436 quousque
3506 3361 3697 3416 veniatur

2161 3446 2229 3501 ad
2263 3447 2445 3515 David,
2473 3453 2612 3521 apud
2639 3452 2942 3508 Matthteum
2965 3470 3062 3527 per
3087 3457 3450 3523 Salomonem,
3476 3453 3595 3525 apud
3615 3450 3695 3506 Lu-

2160 3553 2276 3595 cam
2316 3557 2414 3612 per
2454 3543 2680 3599 Nathan.
2734 3545 3110 3603 Difficillimum
3157 3558 3337 3605 autem
3380 3546 3571 3603 videtur
3612 3556 3691 3597 non

2158 3630 2323 3688 fuisse
2374 3635 2602 3705 aliquem
2654 3638 3083 3709 propinquiorem
3132 3642 3227 3711 qui
3271 3640 3483 3697 duceret
3519 3645 3690 3692 uxorem

2157 3724 2337 3781 fratris
2352 3727 2457 3794 sui,
2476 3743 2633 3799 quam
2652 3746 2772 3785 eum
2789 3731 2877 3802 qui
2894 3747 2963 3788 ex
2983 3733 3151 3790 David
3167 3742 3313 3790 esset
3324 3727 3688 3800 consanguineus

2158 3822 2265 3870 tam
2292 3817 2581 3889 longinquo
2617 3820 2803 3889 gradu,
2843 3839 2948 3878 non
2987 3825 3163 3896 aliqua
3192 3825 3326 3879 infra
3354 3816 3688 3894 propinquitate

2155 3907 2498 3977 coniunctus;
2521 3925 2641 3966 cum
2671 3914 2739 3967 sit
2763 3914 2900 3985 apud
2932 3914 3127 3971 Lucam
3156 3914 3321 3971 David
3357 3927 3483 3984 pene
3507 3905 3686 3979 quadra-

2155 3999 2389 4069 gesimus
2416 4016 2445 4055 a
2470 4000 2670 4073 Joseph
2693 4044 2708 4067 ,
2739 4005 2878 4074 apud
2915 4005 3223 4063 Matthaeum
3259 4013 3432 4063 autem
3461 4003 3603 4060 ferme
3622 3995 3683 4051 vi-

2152 4091 2387 4161 gesimus
2413 4094 2690 4163 septimus.
2722 4097 2826 4151 Aut
2849 4096 2893 4152 si
2920 4098 3199 4170 propinqui
3228 4099 3295 4154 ad
3330 4109 3512 4154 uxores
3533 4090 3681 4148 defun-

2152 4191 2361 4238 ctorum
2383 4184 2651 4241 ducendas
2677 4186 2835 4243 etiam
2860 4187 2934 4243 illi
2960 4192 3356 4259 quaerebantur,
3381 4188 3467 4259 qui
3482 4200 3539 4240 ex
3565 4178 3682 4236 femi-

2152 4290 2339 4330 narum
2387 4280 2643 4349 sanguine
2684 4276 3145 4352 propinquabant,
3178 4283 3292 4340 ﬁeri
3322 4281 3481 4353 potuit
3503 4279 3678 4333 utesse!

2149 4367 2342 4437 aliquis
2369 4368 2439 4424 ita
2466 4372 2811 4442 prepinquus,
2845 4374 2933 4444 qui
2961 4373 3161 4445 Ioseph
3188 4373 3427 4446 genuerit
3460 4370 3520 4426 de
3548 4375 3677 4421 uxore

2148 4458 2429 4529 propinqui
2451 4462 2553 4528 sui,
2581 4463 2668 4531 qui
2696 4463 2811 4519 sine
2839 4463 3021 4520 liberis
3040 4464 3274 4523 decessit
3297 4481 3311 4519 :
3336 4478 3397 4519 ac
3418 4462 3489 4517 sic
3506 4459 3548 4514 ei
3565 4459 3674 4511 esset

2146 4549 2283 4605 alter
2300 4565 2368 4605 ex
2389 4561 2575 4606 natura
2604 4561 2772 4621 pater,
2796 4554 2933 4610 alter
2954 4570 3019 4611 ex
3048 4556 3224 4629 Lege;
3254 4556 3305 4611 in
3321 4565 3528 4626 quorum
3546 4542 3675 4618 μηδ’

2143 4641 2244 4697 bus
2268 4651 2323 4697 et
2345 4642 2459 4697 avis
2488 4652 2543 4697 ct
2565 4642 2758 4700 deinde
2784 4646 3071 4716 majoribus
3098 4649 3219 4705 ideo
3246 4647 3386 4727 nulla
3411 4634 3670 4727 propiml'lf‘

2145 4743 2227 4790 tas
2258 4745 2556 4807 appareret,
2588 4736 2731 4807 quod
2763 4753 2865 4793 non
2905 4755 2970 4795 ex
2996 4741 3264 4809 maribus,
3294 4723 3385 4795 sed
3411 4751 3472 4791 ex
3498 4722 3668 4785 feminis

2145 4829 2580 4900 propinquarent.
2612 4829 2989 4887 Verumtamen
3028 4833 3074 4888 si
3111 4834 3182 4887 ita
3223 4839 3399 4895 esset,
3430 4839 3518 4880 nec
3538 4812 3666 4875 David

2140 4920 2423 4992 aliquando
2441 4937 2581 4977 unus
2601 4932 2751 4994 pater
2777 4934 3100 4981 occurreret.
3125 4927 3233 4981 Aut
3249 4923 3295 4980 si
3320 4921 3568 4994 quisquam
3589 4922 3665 4982 p0-

2142 5011 2303 5066 tuisse
2330 5013 2624 5078 contendit,
2652 5014 2741 5068 ubi
2768 5016 3014 5085 ponimus
3039 5016 3180 5086 quod
3215 5009 3524 5072 consuetudo
3550 4999 3661 5060 Scri'

2136 5110 2305 5172 pturze
2352 5116 2462 5158 non
2489 5112 2596 5159 est
2632 5102 2859 5160 feminas
2911 5105 2967 5161 in
3018 5106 3319 5177 genealogia
3354 5117 3446 5175 pro

2134 5207 2351 5263 ponere,
2386 5194 2522 5251 sicut
2545 5210 2638 5251 eas
2663 5196 2838 5251 nullus
2863 5195 3196 5267 Evangelista
3230 5186 3553 5264 interposuit?
3583 5178 3658 5235 Ubi

2133 5283 2273 5339 enim
2297 5295 2784 5341 commemorantur
2800 5296 3019 5352 matres,
3047 5302 3151 5344 non
3177 5292 3431 5358 ponuntur
3455 5276 3541 5334 nisi
3559 5281 3656 5358 cunt

2133 5375 2367 5447 patribus
2387 5374 2484 5448 (a).
2514 5377 2592 5433 Ac
2620 5392 2717 5447 per
2744 5376 2848 5433 hoc
2873 5388 2965 5435 aut
2985 5379 3057 5435 ita
3083 5352 3421 5453 ρι’όρίηίιιιίοτ
3437 5363 3581 5466 de“?

2131 5480 2349 5522 uxorem
2370 5465 2599 5523 defuncti
2618 5467 2721 5524 sibi
2744 5470 3111 5542 copulandam,
3135 5478 3195 5526 ut
3213 5468 3358 5538 origo
3373 5458 3652 5532 cognatio”

2129 5558 2324 5615 David‘
2340 5569 2673 5632 repeteretur
2694 5582 2711 5620 :
2730 5574 2823 5621 aut
2848 5566 3062 5639 adoptio
3085 5566 3208 5624 fecit
3230 5564 3442 5619 alterum
3458 5555 3632 5626 μηδ’

2190 5674 2369 5753 ξε(Ψὲ
2382 5674 2923 5753 ﬂava-29‘va
2946 5694 3011 5746 αι’
3028 5694 3126 5748 quo
3145 5687 3249 5731 ηει-
3268 5678 3440 5730 ww
3666 5746 3669 5753 .

2189 5736 2853 5825 (nummatus.
2890 5736 2919 5803 ᾖ
2952 5736 3063 5819 ‘jf‘
3111 5790 3132 5800 η
3431 5736 3627 5825 qua...
