3862 6298
116 184 235 246 769

116 316 294 372 quem
324 308 508 373 posset
531 292 731 356 havere
750 294 968 369 Ioseph.

192 394 423 450 XLVII.
458 393 562 469 [Ib.
590 410 749 457 xxvi,
778 391 889 466 14.]
915 391 1050 461 Quid
1080 400 1164 447 est
1178 391 1316 462 quod
1345 391 1483 447 inter
1510 392 1596 447 illa
1620 407 1739 463 quas

114 484 281 557 jubet
316 487 502 543 dicere
531 486 825 551 hominem,
845 485 933 555 qui
958 486 1008 539 in
1029 484 1219 539 dandis
1244 484 1485 549 decimis,
1514 495 1566 540 et
1593 501 1740 556 qum-

120 592 380 650 cumque
404 580 532 635 dare
550 579 632 633 vel
650 577 1144 650 impenderejussus
1159 585 1261 643 est,
1286 577 1463 632 omnia
1491 578 1738 634 mandata

114 672 447 740 complevit,
488 673 650 728 etiam
682 671 783 727 hoc
823 686 942 726 cum
981 670 1138 725 laude
1176 680 1229 724 et
1274 670 1737 747 commendatione

114 774 217 815 sua
245 762 440 819 dicere
460 762 631 834 jubet,
659 761 777 817 Non
804 762 922 818 dedi
948 779 1012 818 ea:
1036 764 1105 817 eis
1126 765 1358 818 mortuo?
1392 766 1472 819 An
1510 778 1603 833 per
1634 763 1737 820 hoc

116 852 389 923 prohibet
410 856 722 925 parentalia,
754 872 874 927 quae
901 856 1186 912 observare
1212 866 1397 927 gentes
1416 856 1629 911 solent?

197 946 448 1003 XLVIII.
468 948 566 1023 [Ib.
587 965 774 1011 xxvut.
806 949 891 1013 l3,
918 946 1030 1022 IL]
1050 948 1170 1003 Non
1191 949 1468 1020 prazteribis
1487 948 1549 1003 ab
1570 948 1735 1003 omni-

114 1039 214 1094 bus
262 1040 435 1095 verbis
463 1058 578 1112 qua
602 1059 692 1114 ego
719 1041 905 1095 mando
934 1040 1020 1095 tibi
1051 1041 1220 1107 hodie,
1251 1042 1429 1095 dextra
1448 1042 1464 1073 ί
1492 1051 1579 1095 aut
1607 1039 1734 1095 sini-

112 1146 226 1190 stra
270 1138 356 1192 ire
394 1149 506 1207 post
543 1138 663 1193 deos
697 1139 909 1205 alienos,
954 1138 1137 1192 servire
1171 1137 1295 1191 illis.
1340 1136 1515 1205 Quzeri
1564 1146 1738 1207 potest

110 1228 408 1298 quomodo
436 1229 604 1301 possit
642 1228 860 1298 intelligi
900 1228 978 1283 ire
1009 1229 1061 1282 in
1089 1228 1305 1289 dextra,
1334 1228 1423 1298 qui
1458 1236 1576 1297 post
1604 1227 1737 1283 deos

113 1321 335 1375 alienos
367 1320 487 1375 ierit
509 1320 711 1377 servire
734 1321 864 1385 Illis;
888 1336 1009 1374 eum
1031 1319 1221 1373 dextra
1240 1318 1291 1372 in
1315 1318 1469 1373 laude
1488 1328 1733 1387 ponatur,

114 1410 251 1465 illud
284 1420 474 1466 autem
506 1428 773 1482 nunquam
796 1410 1130 1465 laudabiliter
1155 1410 1266 1464 ﬁeri
1300 1411 1464 1480 possit
1494 1428 1508 1463 :
1537 1426 1658 1463 nam
1683 1417 1739 1463 et

116 1504 263 1573 quod
293 1503 713 1574 reprehenditur
735 1504 785 1557 in
810 1503 890 1556 via
910 1504 1051 1567 vita},
1079 1501 1168 1571 qui
1192 1500 1419 1555 declinat
1447 1498 1498 1553 in
1524 1498 1733 1561 dextra,

115 1610 225 1650 non
264 1596 344 1651 ibi
392 1612 454 1650 ea
486 1594 948 1666 reprehenduntur
977 1609 1094 1663 quae
1124 1593 1309 1647 dextra
1339 1598 1493 1656 sunt,
1525 1590 1617 1645 sed
1650 1590 1737 1643 ille

117 1690 208 1761 qui
254 1689 505 1744 declinat
550 1689 599 1743 in
639 1704 723 1753 ea,
774 1686 826 1741 id
868 1696 970 1749 est,
1016 1685 1103 1755 qui
1132 1684 1234 1738 sibi
1259 1692 1469 1753 arrogat
1494 1698 1611 1751 qua:
1646 1680 1736 1734 Dei

123 1789 277 1836 sunt.
346 1780 478 1835 Ideo
527 1779 721 1834 dicitur
766 1778 819 1832 in
880 1774 1368 1833 ProverbiiszNon
1416 1774 1633 1828 declines
1684 1775 1738 1827 in

120 1874 314 1927 dextra
342 1881 437 1924 aut
456 1872 506 1925 in
531 1870 888 1925 sim’stra:vias
916 1871 1171 1939 enimlqua:
1198 1885 1229 1920 a
1256 1866 1445 1920 dextris
1469 1874 1581 1918 sunt
1602 1864 1737 1917 novit

118 1964 426 2027 Dominus;
462 1979 705 2034 perversae
746 1972 910 2017 autem
954 1972 1069 2015 sunt
1110 1976 1223 2031 qua:
1255 1978 1287 2013 a
1330 1960 1565 2014 sinistris.
1597 1958 1737 2029 Ergo

121 2057 283 2111 bene:
319 2064 455 2110 sunt
481 2056 712 2118 dextrae,
744 2070 878 2125 quas
918 2054 1063 2108 novit
1104 2052 1377 2107 Dominus.
1412 2051 1567 2105 Novit
1593 2052 1735 2105 enim

120 2148 387 2202 Dominus
420 2149 524 2202 vias
545 2151 803 2220 fastorum
832 2147 851 2220 (
876 2146 1016 2201 Psul.
1046 2162 1083 2210 ι,
1120 2144 1190 2217 6)
1221 2188 1236 2212 ,
1268 2145 1403 2199 sicut
1434 2144 1485 2197 in
1527 2144 1737 2197 I’sahno

121 2240 343 2311 legitur.
382 2238 493 2293 Cur
517 2255 645 2309 ergo
670 2239 871 2293 dictum
898 2239 1005 2305 sit,
1043 2236 1125 2292 Ne
1164 2237 1383 2291 declines
1416 2238 1470 2289 in
1516 2237 1696 2289 dextra
1718 2276 1733 2301 ,

120 2340 527 2402 consequenter
555 2330 789 2385 ostendit
809 2329 1074 2394 addendo,
1098 2327 1220 2399 Ipse
1240 2329 1372 2382 enim
1397 2338 1556 2381 rectos
1584 2326 1737 2395 faciet

122 2440 304 2478 cursus
331 2433 470 2477 tuos.
499 2422 648 2477 Absit
677 2431 854 2477 autem
884 2420 1199 2499 utdextras,
1228 2434 1361 2489 quas
1384 2419 1529 2473 novit
1554 2418 1737 2472 Domi-

124 2530 249 2580 nus,
286 2529 556 2586 negemus
586 2528 705 2569 esse
731 2524 903 2569 rectas
932 2531 945 2566 :
984 2512 1100 2577 sed,
1132 2522 1186 2565 ut
1215 2511 1357 2577 dixi,
1386 2510 1654 2565 declinare
1683 2512 1737 2563 in

126 2621 220 2661 eas
251 2616 362 2673 est,
404 2621 509 2661 non
541 2605 681 2661 illius
704 2605 907 2676 gratim,
930 2604 1024 2659 sed
1052 2604 1151 2658 sibi
1182 2604 1414 2657 tribuere
1441 2602 1578 2657 velle
1598 2601 1737 2672 quod

126 2712 338 2756 rectum
368 2711 474 2756 est.
509 2701 761 2770 Denique,
798 2708 853 2753 ut
881 2698 1025 2763 dixi,
1060 2697 1296 2767 adjnngit
1320 2708 1374 2751 et
1420 2694 1582 2759 dicit,
1616 2693 1739 2765 Ipse

128 2797 265 2848 enim
298 2794 457 2867 faciet
492 2803 651 2847 rectos
690 2808 866 2846 cursus
891 2802 1033 2855 tuos,
1075 2799 1122 2843 et
1152 2791 1321 2844 omnia
1360 2789 1542 2842 itinera
1571 2797 1657 2840 tua
1684 2787 1738 2840 in

128 2902 256 2955 pace
287 2886 535 2956 producet
568 2882 751 2953 (Prov.
783 2899 854 2949 iv,
880 2882 996 2954 9.7).

201 2977 554 3046 Quapropter
592 2976 694 3031 hoc
730 2974 871 3045 quod
916 2976 1016 3027 isto
1052 2972 1169 3027 loco
1205 2969 1599 3026 Deuteronomii
1622 3009 1637 3035 ,
1670 2968 1739 3024 de

128 3085 237 3140 quo
284 3069 516 3139 agimus,
549 3067 745 3123 dictum
778 3077 878 3121 est.
924 3064 1043 3119 Non
1087 3064 1364 3134 praeteribis
1405 3063 1468 3115 ab
1510 3060 1737 3115 omnibus

129 3160 295 3214 verbis
317 3176 436 3230 qua:
458 3177 548 3229 ego
576 3158 760 3212 mando
787 3158 875 3210 tibi
905 3157 1055 3210 hodie
1073 3196 1089 3221 ,
1122 3156 1298 3210 dextra
1324 3164 1412 3208 aut
1438 3155 1641 3208 sinistra
1667 3154 1740 3205 ire

128 3264 244 3323 post
269 3252 397 3305 deos
419 3251 630 3313 alienos,
654 3250 837 3303 servire
858 3249 979 3313 illis,
994 3263 1098 3300 non
1126 3248 1245 3301 ideo
1273 3247 1472 3299 dictum
1492 3256 1593 3307 ρει,
1615 3245 1737 3313 quia

126 3341 204 3396 dii
251 3343 345 3395 alii
382 3348 603 3409 possunt
636 3340 797 3394 etiam
830 3339 881 3392 in
911 3338 1115 3392 dextris
1153 3336 1357 3404 accipi;
1386 3335 1478 3388 sed
1511 3344 1602 3387 aut
1630 3346 1738 3388 ter-

128 3448 267 3488 rena
297 3432 419 3486 loca
443 3432 734 3499 signilicata
775 3438 898 3482 sunt
919 3470 933 3493 ,
966 3429 1089 3497 quia
1118 3438 1171 3481 et
1199 3429 1252 3479 in
1279 3426 1466 3478 dextra
1496 3435 1549 3478 ct
1587 3427 1637 3476 in
1665 3425 1740 3478 si-

128 3528 307 3581 nistra
336 3522 606 3579 habebant
624 3532 808 3592 gentes
834 3522 965 3573 alios
989 3519 1119 3573 deos
1144 3519 1383 3573 eolentes
1408 3535 1419 3569 :
1446 3528 1530 3569 aut
1557 3517 1658 3571 hoc
1676 3516 1741 3571 de

131 3616 237 3672 diis
280 3615 407 3669 aliis
450 3614 735 3684 separatim
767 3610 1216 3681 pronuntiandum
1247 3618 1357 3675 est,
1390 3616 1447 3661 ut
1485 3608 1590 3661 duo
1635 3608 1743 3662 sint

133 3723 365 3773 sensus;
396 3722 531 3760 unus
557 3704 824 3770 videlicet,
852 3702 971 3756 Non
991 3702 1265 3772 praeteribis
1292 3702 1355 3753 ab
1382 3702 1610 3753 omnibus
1634 3716 1743 3753 ver-

136 3802 211 3857 bis
239 3818 356 3873 quae
386 3819 477 3873 ego
506 3800 690 3853 mando
718 3800 807 3853 tibi
835 3799 987 3852 hodie
1010 3839 1024 3861 ,
1068 3799 1246 3851 dextra
1279 3808 1365 3850 aut
1389 3798 1593 3851 sinistra
1613 3838 1626 3863 ,
1652 3813 1741 3852 sc-

137 3894 375 3950 cundum
398 3893 545 3947 illum
561 3893 763 3947 scilicet
779 3892 1127 3955 intellectum,
1148 3907 1304 3960 quem
1322 3906 1478 3959 supra
1494 3893 1737 3960 exposui;

139 3985 274 4040 alius
288 3997 471 4041 autem
497 3986 565 4038 sit
584 4000 795 4049 sensus,
819 3984 892 4036 ire
913 3994 1021 4051 post
1042 3983 1161 4037 deos
1184 3983 1395 4047 alienos,
1415 3982 1600 4036 servire
1615 3983 1739 4050 illis,

142 4086 199 4130 ut
216 4085 271 4131 et
294 4077 382 4131 uie
399 4075 761 4139 subaudiatur,
792 4072 911 4127 Non
942 4074 1217 4141 prtcteribis
1240 4074 1302 4126 ab
1328 4075 1557 4127 omnibus
1583 4076 1741 4129 verbis

142 4184 253 4237 qute
276 4184 370 4237 ego
403 4168 588 4219 mando
626 4165 712 4219 tibi
736 4165 903 4218 hodie.
930 4166 1097 4233 Quem
1131 4174 1295 4218 totum
1332 4180 1546 4219 sensum
1574 4166 1616 4218 si
1656 4166 1740 4219 di-

144 4272 266 4313 cere
284 4259 532 4319 velimus.
551 4257 825 4327 superiora
852 4256 1033 4321 verba,
1052 4272 1169 4325 qum
1188 4257 1397 4326 utrique
1420 4257 1597 4311 sensui
1618 4267 1743 4313 sunt

146 4352 470 4417 communia,
491 4350 762 4420 repetituri
788 4366 1005 4412 suums;
1035 4361 1089 4403 ιιι
1110 4352 1376 4419 quomodo
1402 4351 1507 4404 illic
1525 4351 1737 4420 dicitur,

147 4441 265 4497 Non
294 4445 575 4514 praeteribis
602 4443 663 4496 ab
690 4441 921 4497 omnibus
938 4484 953 4508 ,
983 4460 1097 4512 qntv
1118 4460 1210 4513 ego
1240 4444 1423 4498 mundo
1458 4444 1544 4497 tibi
1570 4445 1738 4512 hodie,

148 4536 319 4591 dextra
334 4549 423 4591 aut
446 4538 673 4603 sinistro,
697 4538 771 4590 sic
788 4546 841 4591 et
868 4536 986 4590 istic
1006 4546 1293 4604 repetatur,
1320 4535 1441 4591 Non
1466 4540 1742 4609 prtvlertbis

146 4632 205 4683 ab
234 4632 467 4685 omnibus
504 4646 617 4701 qua:
655 4646 743 4699 ego
773 4629 956 4680 nntndo
998 4628 1086 4681 tibi
1114 4628 1317 4692 hodie’,
1361 4630 1433 4682 ire
1469 4640 1581 4701 post
1624 4632 1742 4685 deos

149 4721 333 4777 alienos
354 4764 369 4790 ,
421 4723 608 4777 servire
633 4721 756 4775 illis.
784 4720 1159 4774 l’raelereundo
1198 4722 1339 4775 enim
1367 4738 1396 4773 a
1426 4724 1599 4776 verbis
1625 4740 1741 4793 qua:

152 4821 388 4871 mandata
415 4826 566 4882 sunt,
584 4816 743 4870 etiam
772 4813 870 4868 hoc
902 4816 978 4875 lit,
1000 4823 1052 4866 ut
1069 4822 1354 4881 eatur-post
1373 4814 1502 4868 deos
1518 4815 1739 4870 alienos.

152 4908 259 4964 Non
287 4912 431 4967 enim
467 4910 569 4966 hoc
606 4911 776 4964 solum
822 4908 1126 4963 mandatum
1169 4918 1250 4963 est
1274 4950 1288 4972 ,
1316 4918 1409 4964 aut
1435 4910 1534 4963 hoc
1569 4911 1741 4966 solum

158 5005 406 5069 [metet-iri
437 5003 583 5057 Deus
605 5017 708 5054 non
744 5001 866 5063 vult,
895 4999 1034 5068 quod
1058 5000 1347 5065 mandavit,
1375 5016 1440 5055 ne
1468 5012 1583 5069 post
1610 5001 1743 5057 deos

158 5093 349 5150 alienos
375 5105 531 5151 eatur
551 5136 565 5159 ,
596 5094 692 5150 sed
723 5092 902 5147 omnia
930 5109 1048 5162 qua!
1078 5094 1347 5148 mandavit
1379 5113 1393 5149 :
1426 5094 1525 5149 hoc
1567 5106 1743 5151 tatnen

161 5183 222 5236 ita
249 5191 511 5259 praecipue
530 5228 546 5253 ,
575 5197 631 5240 ut
658 5195 776 5257 post
803 5184 1201 5255 generalitatem
1232 5187 1478 5254 przccepti
1507 5202 1613 5257 quo
1645 5189 1743 5242 ad-

163 5282 356 5336 monuit
402 5297 510 5337 non
555 5294 675 5335 esse
715 5276 1141 5349 praetereundum
1182 5276 1253 5333 ab
1291 5278 1539 5333 omnibus
1570 5279 1744 5334 verbis

225 5473 241 5536 ξ
265 5474 398 5536 aditi,
418 5472 470 5523 in
493 5473 686 5523 deum.
711 5474 875 5531 Abest,
899 5471 968 5530 in,
991 5478 1150 5536 ayss.
1176 5479 1225 5536 et
1245 5484 1275 5520 a
1296 5478 1421 5536 va.

227 5534 246 5564 ³
269 5532 667 5605 Desiderahautm
710 5536 794 5605 hic
824 5537 974 5585 verba
1012 5533 1129 5583 illa:
1156 5532 1225 5584 sic
1260 5539 1307 5605 et
1476 5538 1737 5605 repetatur,

169 5598 261 5644 Non
282 5596 548 5663 praet-ibis
568 5595 998 5663 abonodbusguw
1016 5608 1102 5661 ego
1124 5594 1303 5663 mando
1322 5595 1409 5648 tibi
1430 5594 1608 5659 hodie;
1630 5594 1741 5663 qtae

170 5658 434 5724 reperimus
455 5660 506 5712 in
525 5658 668 5712 Codd.
688 5658 943 5712 Sorbonioo
964 5666 1017 5713 et
1037 5658 1332 5724 Remigium.

1453 180 1653 242 LIBER
1692 175 2009 255 QUINTUS.

1845 298 2215 354 mandatorum
2237 312 2474 369 suorum,
2498 296 2655 357 etiam
2673 301 2774 360 hoc
2791 312 3033 361 seorsum
3053 307 3426 369 commendato

1846 392 2091 446 voluerit.

1918 484 2098 540 Potest
2126 482 2228 540 hoc
2260 485 2402 555 quod
2438 486 2534 553 ait,
2565 486 2747 542 dextra
2773 498 2863 543 aut
2901 488 3125 557 sinistra,
3158 492 3318 547 etiam
3350 492 3431 547 sic

1844 573 2087 645 intelligi,
2116 584 2172 629 ut
2199 591 2297 631 nec
2325 593 2511 632 eorum
2530 592 2710 646 causa,
2740 596 2857 650 quae
2885 592 3101 651 prepter
3129 582 3434 659 felicitatem

1844 676 2183 737 appetuntur,
2216 684 2315 724 nec
2343 684 2529 726 eorum
2559 686 2677 741 qme
2701 683 2918 741 prapter
2946 674 3310 729 infelicitatem
3352 658 3433 728 III-

1842 760 2074 830 giuntur,
2115 763 2192 818 ire
2238 762 2571 819 mandaverit
2600 774 2720 834 post
2744 764 2874 820 deos
2900 766 3037 821 alios
3065 785 3078 819 :
3108 767 3159 821 id
3186 776 3292 833 est,
3337 780 3436 822 nec

1843 870 1941 926 pro
1966 856 2030 911 iis
2055 872 2174 927 quae
2201 868 2467 922 amantur,
2510 873 2609 913 nec
2628 868 2811 912 contra
2842 874 2904 914 ea
2934 875 3053 929 qua:
3083 858 3206 914 odio
3230 858 3434 914 haben-

1843 956 1947 1012 tur,
1974 962 2005 1001 a
2044 947 2145 1003 diis
2169 948 2288 1003 aliis
2318 949 2581 1003 auxilium
2616 964 2737 1005 esse
2764 950 3093 1019 poscendum
3123 968 3138 1004 :
3170 959 3261 1004 aut
3289 960 3437 1005 certe

1842 1037 1931 1092 illo
1957 1038 2135 1101 modo,
2171 1049 2226 1094 ut
2253 1040 2339 1095 vel
2363 1041 2735 1108 eoncilientur,
2770 1056 2874 1111 quo
2903 1043 3177 1109 prosint‘;
3206 1043 3288 1098 vel
3318 1044 3436 1114 pla-

1842 1139 2050 1193 centur,
2095 1146 2161 1186 ne
2190 1140 2433 1186 noceant.
2466 1131 2598 1186 Nam
2647 1142 2702 1187 et
2727 1132 2793 1188 de
2817 1131 3132 1202 quibusdam
3177 1136 3433 1205 scriptum

1842 1232 1927 1277 est
1960 1224 2012 1276 in
2053 1222 2287 1289 Psalmo,
2338 1224 2565 1290 Quorum
2610 1241 2666 1278 os
2702 1224 2921 1278 locutum
2958 1235 3033 1279 est
3061 1228 3346 1291 vanitatem,
3393 1236 3438 1281 et

1842 1314 2049 1369 dextera
2077 1332 2249 1369 eorum
2287 1316 2493 1370 dextera
2526 1316 2805 1386 iniquitatis
2832 1332 2850 1369 .'
2876 1315 2996 1371 idco
3020 1317 3141 1387 quia
3170 1316 3254 1372 his
3280 1318 3437 1372 rebus

1843 1406 2127 1475 Opinantur
2148 1407 2262 1462 ﬁeri
2291 1406 2564 1463 hominem
2586 1410 2821 1471 beatum,
2851 1422 2982 1477 quas
3005 1418 3059 1463 et
3080 1409 3207 1463 boni
3228 1417 3284 1463 et
3308 1409 3436 1463 mali

1844 1510 2070 1569 possunt
2111 1500 2339 1565 habere;
2372 1512 2425 1555 et
2458 1501 2578 1555 ideo
2612 1500 2830 1556 dextera
2856 1511 2939 1556 est
2970 1501 3285 1571 iniquitatis,
3313 1503 3437 1573 quia

1843 1590 2008 1659 iniqui
2040 1601 2183 1655 sunt,
2214 1592 2305 1662 qui
2334 1608 2451 1647 eam
2479 1592 2752 1647 dexteram
2795 1602 2997 1662 putant.
3029 1592 3143 1647 Non
3184 1594 3325 1653 enim
3354 1604 3436 1649 est

1844 1698 1969 1736 vera
1993 1682 2233 1749 dextera,
2258 1684 2352 1739 sed
2375 1683 2579 1737 dextera
2604 1694 2685 1739 est
2707 1700 2881 1738 eorum
2899 1702 3112 1755 quorum
3139 1702 3194 1739 os
3215 1685 3436 1739 locutum

1844 1780 1913 1825 est
1938 1774 2229 1829 vanitatem.
2261 1773 2473 1829 Beatum
2504 1776 2741 1830 dixerunt
2775 1776 3019 1847 papulum
3046 1778 3129 1829 cui
3159 1778 3266 1831 [nec
3290 1770 3430 1844 sunt,

1843 1877 1964 1916 cum
1998 1865 2190 1932 potius,
2230 1865 2369 1918 sicut
2408 1880 2532 1920 mox
2573 1865 2813 1937 adjungit
2846 1875 2900 1920 et
2932 1866 3106 1931 docet,
3136 1865 3326 1922 Beatus
3366 1869 3437 1923 sit

1845 1954 2067 2023 p0pulus
2109 1956 2256 2026 cujus
2296 1955 2545 2011 Dominus
2573 1955 2717 2012 Deus
2758 1958 2917 2027 ipsius
2955 1957 3126 2026 (Psal.
3155 1974 3337 2025 cxutt,
3378 1959 3434 2027 8,

1845 2046 1957 2118 15).
1988 2047 2111 2102 Ilaec
2140 2059 2223 2103 est
2248 2065 2373 2104 vera
2403 2049 2644 2115 dextera,
2676 2050 2961 2120 aequitatis,
2985 2066 3090 2105 non
3121 2050 3433 2121 iniquitatis.

1842 2138 1959 2193 Non
1998 2151 2082 2195 est
2123 2157 2252 2212 ergo
2292 2142 2527 2197 eundum
2569 2150 2688 2211 post
2730 2141 2862 2197 deos
2904 2143 3126 2210 alienos,
3170 2158 3343 2214 neque
3382 2144 3437 2198 in

1845 2231 2050 2294 dextra,
2095 2241 2155 2286 ut
2190 2233 2460 2287 existimet
2491 2234 2651 2287 homo
2688 2249 2755 2289 ex
2786 2234 2914 2304 ipsis
2952 2248 3011 2288 se
3044 2233 3158 2289 ﬁeri
3185 2233 3436 2298 beatum;

1844 2340 2017 2393 neque
2046 2323 2098 2378 in
2130 2325 2366 2392 sinistra,
2397 2335 2457 2381 ut
2491 2326 2845 2381 existimando
2871 2326 3001 2396 ipsis
3032 2326 3439 2383 adversantibus

1844 2430 1903 2469 se
1944 2415 2059 2470 ﬁeri
2115 2417 2391 2480 miserum.
2439 2418 2505 2473 ad
2546 2418 2647 2473 hoc
2673 2434 2766 2474 eos
2803 2419 2944 2474 colat
2982 2429 3040 2474 ut
3071 2428 3294 2475 avertat.
3335 2422 3438 2475 Aut

1844 2519 1990 2565 certe
2016 2513 2059 2564 si
2083 2510 2269 2565 dextra
2296 2512 2640 2582 intelligimus
2660 2522 2879 2573 :eterua.
2910 2513 3126 2567 sinistra
3146 2526 3274 2567 vero
3303 2520 3439 2567 tem-

1845 2602 2043 2671 poralia
2086 2602 2259 2667 bona;
2288 2618 2388 2658 nec
2428 2612 2644 2672 propter
2673 2602 2783 2669 illa,
2816 2618 2916 2658 nec
2956 2612 3171 2673 propter
3201 2604 3301 2658 ista
3343 2617 3437 2658 eos

1845 2692 2099 2747 colendos
2126 2704 2310 2749 sancta
2354 2693 2626 2764 Scriptura
2665 2693 2768 2749 hoc
2797 2693 2917 2748 loco
2945 2694 3285 2749 admonuisse
3317 2708 3439 2749 cre-

1844 2783 2020 2837 datur.

1917 2873 2103 2928 XLIX.
2145 2872 2245 2947 [Ib.
2298 2890 2454 2937 xxnx,
2501 2874 2579 2948 1.]
2620 2874 2746 2929 Haec
2778 2876 2925 2929 verba
2960 2874 3268 2931 Testamenti
3308 2876 3440 2948 quod

1844 2965 2102 3019 mandavit
2132 2964 2383 3020 Dominus
2416 2966 2603 3037 Moysi,
2640 2978 2860 3021 statuere
2882 2968 3004 3036 ﬁliis
3028 2967 3197 3022 Israel
3228 2968 3280 3022 in
3307 2979 3441 3024 terra

1848 3056 2022 3121 Moab,
2074 3068 2260 3127 pratter
2306 3055 2677 3111 Testamentum
2720 3058 2856 3127 quod
2894 3069 3105 3113 testatus
3152 3069 3224 3114 est
3267 3062 3341 3115 eis
3382 3061 3438 3115 in

1847 3145 2038 3201 Iloreb.
2083 3147 2327 3203 Ostendit
2355 3148 2496 3202 unde
2529 3148 2827 3218 appellatus
2850 3149 2919 3203 sit
2947 3150 3079 3205 liber
3114 3150 3443 3207 Deuterono.

1848 3240 2036 3304 mium,
2066 3240 2216 3309 quasi
2254 3241 2484 3295 secunda
2523 3240 2667 3305 Lex;
2700 3242 2784 3295 ubi
2824 3246 2992 3311 magis
3027 3241 3166 3295 illius
3195 3243 3441 3311 repetitio

1848 3337 1950 3394 est,
1979 3345 2135 3398 quam
2175 3331 2373 3399 aliquid
2413 3331 2594 3384 aliud:
2635 3346 2800 3401 pauca
2848 3332 2989 3385 enim
3038 3344 3179 3398 sunt,
3212 3350 3331 3403 quae
3370 3334 3443 3391 ibi

1849 3437 1955 3475 non
2000 3421 2107 3475 sint
2144 3422 2197 3475 in
2229 3438 2294 3476 eo
2327 3424 2466 3492 quod
2516 3423 2741 3491 primum
2770 3422 2952 3476 datum
2984 3432 3083 3477 est.
3118 3423 3227 3479 Nec
3262 3436 3441 3481 tamen

1848 3512 2186 3583 appellantur
2224 3514 2337 3568 lucc
2372 3513 2479 3567 duo
2523 3514 2886 3580 Testamenta,
2930 3516 3174 3583 quamvis
3214 3518 3282 3571 ita
3326 3518 3441 3572 lucc

1849 3605 2011 3657 verba
2049 3620 2242 3659 sonare
2282 3606 2565 3659 videantur
2593 3623 2605 3658 :
2638 3616 2923 3674 utrumque
2959 3608 3107 3661 enim
3156 3623 3316 3660 unum
3360 3618 3443 3664 est

1850 3693 2269 3758 Testamentum,
2298 3694 2439 3764 quod
2466 3696 2517 3748 in
2546 3694 2783 3749 Ecclesia
2814 3695 3005 3750 dicitur
3027 3697 3207 3751 Vetus.
3238 3697 3370 3751 Nam
3398 3699 3443 3753 si

1852 3794 2071 3854 prepter
2099 3784 2214 3839 haec
2251 3785 2413 3839 verba
2455 3785 2561 3839 duo
2599 3784 2939 3841 Testamenta
2976 3787 3199 3842 dicenda
3241 3799 3441 3857 essent,

1845 3876 1957 3946 jam
1983 3892 2089 3930 non
2116 3876 2242 3940 duo,
2283 3876 2374 3930 sed
2416 3877 2568 3947 plura
2609 3886 2810 3941 essent,
2845 3887 3069 3947 excepto
3109 3878 3276 3933 Novo.
3306 3879 3442 3935 Mul-

1852 3970 1919 4023 tis
1963 3969 2105 4023 enim
2154 3970 2283 4024 locis
2333 3969 2608 4039 Scriptura
2654 3969 2785 4025 dicit
2835 3968 3234 4026 Testamentum
3268 3990 3280 4025 :
3310 3973 3445 4027 sicut

1850 4061 1977 4117 illud
2022 4062 2162 4132 quod
2210 4064 2498 4118 factumest
2529 4063 2604 4117 ad
2628 4063 2899 4118 Abraham
2939 4064 3007 4119 de
3041 4066 3445 4122 circumcisione

1850 4154 2003 4225 (Gen.
2028 4172 2157 4220 xvn,
2188 4155 2264 4226 4),
2291 4155 2369 4210 vel
2394 4155 2519 4209 illud
2550 4158 2797 4225 superius
2823 4156 2889 4211 ad
2914 4156 3026 4212 Noe
3051 4155 3163 4227 (Id.
3191 4174 3262 4223 ix,
3292 4160 3369 4231 9).

1918 4244 1983 4298 L.
2026 4244 2127 4316 [Ib.
2159 4261 2312 4310 χχιχ,
2343 4243 2580 4317 2-4.]Ει
2602 4262 2687 4299 vos
2709 4247 2899 4299 vidistis
2926 4248 3093 4299 omnia
3121 4264 3446 4318 quan-unique

1851 4338 1967 4408 fecit
1996 4335 2244 4388 Dominus
2268 4335 2407 4388 Deus
2436 4346 2594 4388 vester
2628 4337 2680 4388 in
2705 4344 2839 4389 terra
2867 4334 3086 4407 diggpti
3110 4355 3280 4390 coram
3308 4338 3444 4393 vobis

1852 4428 2138 4493 Pharaoni,
2170 4439 2215 4481 et
2254 4428 2484 4481 omnibus
2519 4429 2673 4481 servis
2712 4430 2840 4494 eius,
2872 4439 2917 4483 et
2945 4430 3083 4483 omni
3111 4442 3257 4486 teme
3283 4433 3443 4500 illius,

1851 4522 2147 4573 tentationes
2180 4534 2411 4589 magnas,
2459 4535 2585 4588 quas
2624 4517 2854 4573 viderunt
2894 4521 3031 4574 oculi
3070 4524 3163 4588 tui,
3208 4524 3353 4594 signa
3397 4532 3445 4577 et

1852 4610 2085 4681 prodigia
2118 4612 2209 4663 illa
2236 4626 2441 4679 magna,
2481 4620 2530 4663 et
2568 4627 2770 4665 manum
2801 4612 3039 4665 validam.
3087 4612 3154 4666 Et
3183 4630 3283 4667 non
3310 4616 3441 4669 dedit

1849 4703 2099 4756 Dominus
2120 4701 2260 4756 Deus
2282 4702 2418 4755 vobis
2447 4718 2535 4755 cor
2561 4703 2709 4769 scire,
2734 4712 2782 4757 et
2804 4704 2977 4758 oculos
3010 4705 3197 4771 videre,
3229 4715 3275 4760 et
3298 4724 3442 4762 aures

1850 4796 2030 4849 audire
2066 4812 2220 4865 usque
2260 4796 2312 4848 in
2345 4796 2475 4849 diem
2514 4796 2684 4849 istaut.
2716 4795 2994 4864 Quomodo
3021 4816 3149 4870 ergo
3182 4798 3257 4854 ait
3284 4815 3442 4868 supe-

1849 4889 1981 4955 rius,
2042 4887 2142 4941 Vos
2190 4889 2382 4943 vidistis
2427 4891 2723 4945 tentationes
2767 4907 3000 4962 magnas,
3047 4908 3172 4961 quas
3217 4892 3445 4944 viderunt

1850 4982 1983 5035 oculi
2012 4982 2106 5045 tui,
2136 4982 2179 5037 si
2210 5000 2307 5035 non
2326 4983 2461 5035 dedit
2486 4980 2741 5036 Dominus
2770 4984 2841 5035 eis
2862 4983 3034 5036 oculos
3060 4984 3242 5045 videre,
3275 4992 3321 5034 et
3348 4999 3442 5035 nu-

1849 5089 1928 5126 res
1955 5073 2165 5137 audire;
2206 5073 2305 5125 nisi
2333 5072 2454 5142 quia
2496 5073 2743 5126 viderunt
2766 5088 3013 5141 corpore,
3045 5081 3099 5124 et
3134 5072 3295 5124 corde
3336 5088 3441 5125 non

1850 5164 2137 5217 viderunt?
2173 5164 2293 5234 quia
2341 5164 2477 5217 oculi
2523 5164 2773 5218 dicuntur
2812 5174 2867 5219 et
2904 5163 3079 5217 CO‘diS
3118 5182 3131 5217 :
3164 5175 3443 5235 proptr-rea

1850 5253 1973 5308 inde
1998 5254 2179 5321 tmpit,
2211 5253 2276 5307 Et
2300 5270 2398 5307 non
2420 5254 2557 5308 dedit
2581 5253 2830 5308 Dominus
2863 5253 2997 5307 Deus
3024 5256 3159 5308 vobis
3187 5273 3273 5308 cor
3294 5258 3442 5313 scire.

1851 5346 1931 5398 Ad
1957 5344 2057 5399 hoc
2083 5350 2347 5414 pertinent
2373 5346 2480 5399 duo
2500 5362 2618 5414 qtae
2644 5354 2952 5411 sequuntur,
2983 5356 3029 5399 et
3055 5348 3228 5400 oculos
3254 5348 3440 5413 videre,

1848 5447 1895 5491 et
1941 5454 2088 5492 aures
2131 5438 2326 5496 audire,
2380 5438 2428 5490 id
2465 5447 2547 5492 est
2587 5438 2899 5507 intelligere,
2952 5449 3007 5494 et
3048 5442 3439 5510 olncmperare.

1848 5531 2001 5598 Quod
2044 5546 2171 5584 vero
2209 5530 2356 5595 dicit,
2401 5531 2462 5584 Et
2501 5548 2598 5583 non
2639 5532 2776 5585 dedit
2808 5531 3059 5588 Dominus
3097 5533 3231 5589 Deus
3272 5534 3443 5600 vobis;

1914 5666 1933 5699 ⁸
1956 5663 2030 5714 Sic
2051 5670 2157 5713 Mss.
2182 5669 2238 5715 At
2260 5666 2446 5728 excusi,
2471 5664 2615 5719 veluti
2635 5666 2961 5734 consuluntur,
2984 5681 3094 5735 qua
3112 5667 3297 5740 prosint
