3862 6300
516 219 624 280 ⁸175

516 341 729 402 dicunt,
773 331 968 389 Alluxtt
1009 343 1072 387 ea:
1108 325 1225 386 Seir
1257 327 1432 394 nobis,
1473 337 1520 384 et
1553 325 1804 399 festinavit
1841 339 1904 378 ea:
1937 330 2105 376 monte

519 430 759 490 Pharon.
802 427 854 482 id
879 435 990 492 est,
1021 440 1086 481 es
1117 433 1299 479 monte
1327 421 1602 477 I'ructilero
1637 438 1649 474 :
1681 418 1732 474 id
1761 416 1902 472 enim
1933 415 2102 470 inter-

519 530 756 594 pretatur
788 519 1014 584 Pharon,
1044 532 1151 587 quo
1176 513 1500 587 significatur
1531 510 1786 566 Ecclesia.
1819 507 1946 562 Cum
1971 506 2104 560 mul-

515 616 580 669 tis
610 611 829 667 millibus
862 611 1041 664 (tardes.
1086 608 1151 663 Et
1186 607 1380 661 Mutata
1414 604 1791 672 interpretatur
1816 597 2012 664 Cades,
2050 606 2104 652 et

517 701 847 760 Sanctitudo.
876 702 1073 756 Mutata
1102 709 1227 754 sunt
1251 711 1380 768 ergo
1408 694 1573 750 multa
1608 692 1792 759 millia,
1822 701 1878 746 et
1904 690 2101 746 sancti-

519 798 672 852 licata
721 811 814 866 per
858 794 1080 865 gratiam
1106 834 1121 858 ,
1168 805 1289 846 cum
1332 787 1525 859 quibus
1563 786 1711 842 venit
1751 782 1995 840 Christus
2033 782 2101 838 ad

517 887 784 943 Israelitas
825 893 1007 955 postea
1049 879 1392 950 colligendos.
1430 877 1681 948 Sequitur
1720 885 1774 931 et
1814 874 1977 942 dicit,
2022 873 2102 927 Ad

519 981 774 1034 dexteram
803 978 910 1048 ejus
941 971 1117 1046 Angeli
1141 988 1254 1026 cum
1276 987 1332 1025 eo
1357 985 1375 1024 :
1396 969 1500 1024 hoc
1529 983 1635 1024 non
1661 966 1861 1037 indiget
1885 967 2100 1036 exposi-

519 1073 684 1127 tione.
718 1068 782 1123 Et
810 1067 1047 1137 pepercit,
1079 1065 1268 1134 inquit,
1301 1063 1488 1134 populo
1518 1075 1652 1115 suo:
1679 1060 1884 1115 donans
1911 1059 2103 1114 remis-

517 1163 720 1218 sionem
753 1169 1111 1230 peccatorum.
1145 1154 1271 1210 Inde
1300 1154 1365 1208 ad
1397 1155 1570 1224 ipsum
1600 1151 1864 1206 convertit
1890 1163 2101 1206 sermo-

517 1269 639 1308 nem
665 1263 822 1322 atque
845 1253 938 1316 ait,
965 1246 1032 1302 Et
1054 1263 1226 1302 onmes
1244 1243 1549 1313 sanctiﬁcati
1573 1242 1664 1297 sub
1686 1258 1865 1296 manus
1891 1251 2024 1304 tuas,
2053 1249 2101 1294 et

516 1344 569 1398 lii
593 1343 680 1398 sub
707 1353 755 1396 te
779 1351 895 1397 sunt
919 1355 937 1393 :
961 1356 1065 1394 non
1093 1339 1272 1408 utique
1298 1334 1698 1408 superbientes,
1734 1344 1790 1389 et
1823 1348 1973 1388 suam
2010 1331 2098 1402 ju-

515 1436 712 1491 stitiam
737 1433 974 1488 volentes
993 1431 1347 1493 constituere;
1372 1427 1465 1483 sed
1487 1434 1837 1498 agnoscentes
1853 1425 2098 1496 gratiam,

528 1535 589 1581 ut
612 1526 833 1596 justitia:
865 1524 956 1578 Dei
984 1520 1372 1591 subjiciantur(
1408 1516 1558 1571 Rom.
1585 1533 1616 1571 κ
1635 1559 1649 1581 ,
1678 1514 1756 1589 5).
1785 1514 1854 1568 Et
1877 1515 2099 1585 accepit,

517 1619 709 1690 inquit,
730 1617 792 1671 de
820 1615 978 1669 verbis
1006 1613 1164 1683 ipsius
1202 1610 1384 1682 Legem
1409 1625 1426 1663 :
1449 1609 1672 1680 populus
1699 1608 1877 1677 utique
1903 1608 1970 1662 de
1993 1620 2100 1676 quo

516 1711 608 1773 ait,
637 1707 701 1761 Et
729 1706 947 1777 pepercit
975 1703 1161 1775 populo
1187 1717 1298 1756 suo.
1332 1701 1548 1770 Accepit
1573 1714 1702 1770 ergo
1725 1699 1792 1753 de
1823 1698 1993 1752 verbis
2023 1698 2100 1766 ip-

517 1800 630 1853 sius
655 1798 891 1870 .Legem,
932 1811 1083 1866 quam
1117 1793 1406 1858 mandavit,
1442 1793 1636 1862 inquit,
1674 1790 1816 1844 nobis
1856 1789 2098 1859 Moyses:

519 1889 620 1946 hoc
645 1901 727 1945 est
747 1930 760 1952 .
794 1889 1018 1960 populus
1044 1886 1158 1957 ejus
1186 1885 1253 1941 de
1283 1884 1455 1940 verbis
1485 1885 1600 1952 ejus
1628 1883 1831 1952 accepit
1867 1883 2060 1951 Legem
2078 1924 2093 1948 ,

519 1983 639 2052 quia
682 1981 750 2034 de.
789 1980 1027 2034 dortrina
1067 1976 1185 2047 ejus
1223 1976 1481 2031 intellexit
1523 1974 1716 2045 Legem
1761 1988 1880 2027 eam
1930 1974 2096 2042 ipsam

518 2088 677 2145 quam
699 2071 966 2126 mandavit
981 2070 1135 2125 nobis
1153 2068 1380 2139 Moyses.
1402 2066 1518 2137 Ipse
1533 2068 1729 2137 quippe
1751 2065 1825 2118 ait
1851 2064 1902 2118 in
1926 2066 2099 2119 Evan-

1316 205 1777 281 QUESTIONUII
1812 207 1871 264 S.
1912 196 2275 264 AUGUSTI?"
2314 196 2382 256 IN
2419 188 2978 255 IlEPTATEUCI-IUEI
3679 200 3750 261 776

2208 316 2383 389 gelio:
2417 313 2478 371 Si
2509 314 2773 369 crederetis
2808 311 3008 384 Moysi,
3045 309 3327 366 crederetis
3362 320 3414 365 et
3451 306 3597 378 milii;
3625 314 3678 371 de
3698 335 3751 374 πε

2208 409 2340 463 enim
2363 407 2450 462 ille
2473 407 2672 478 scripsit
2709 403 2885 477 (Joan.
2913 421 2969 469 v,
2992 401 3106 474 l6).
3135 402 3261 459 Non
3303 405 3447 458 enim
3473 408 3656 476 accepit
3679 425 3748 478 po.

2207 503 2363 574 pulus
2389 500 2478 556 ille
2504 501 2700 571 Legem
2721 514 2879 569 quam
2908 514 3010 551 non
3035 496 3344 560 intellexit;
3367 497 3470 552 sed
3500 507 3612 553 tunc
3633 514 3746 556 acce-

2207 594 2303 665 pit,
2330 591 2542 664 quando
2571 590 2831 645 intellexit
2853 588 2922 644 de
2949 587 3125 643 verbis
3152 588 3301 658 ejus,
3329 602 3522 643 carens
3544 590 3748 648 velamine

2205 685 2374 742 veteri
2392 726 2408 752 ,
2431 697 2724 740 conversus
2746 681 2814 738 ad
2846 680 3124 736 Dominum
3156 698 3171 735 :
3208 679 3356 735 hanc
3380 678 3508 735 dicit
3533 681 3746 737 lucredita-

2207 787 2306 832 tem
2334 775 2800 848 congregationibus
2837 771 2998 827 Iacob
3018 815 3033 840 ,
3065 787 3189 844 qua:
3218 772 3559 843 intelligenda
3582 786 3653 830 est
3675 793 3744 831 non

2206 881 2435 937 terrena,
2469 868 2564 926 sed
2588 869 2857 945 cmlcstis;
2880 882 2987 922 non
3015 865 3360 938 temporalis,
3383 865 3477 921 sed
3497 876 3685 922 acterna.
3703 868 3746 922 Et

2205 967 2329 1033 erit,
2353 964 2548 1036 inquit,
2579 965 2630 1017 in
2655 963 2834 1017 dilecto
2860 962 3090 1033 princeps
3118 975 3140 1015 :
3171 961 3295 1030 ipse
3320 959 3506 1030 utique
3531 960 3578 1014 in
3601 959 3746 1015 dilecto

2205 1057 2402 1129 popqu
2421 1057 2521 1112 erit
2549 1057 2794 1126 princeps
2814 1055 3071 1109 Dominus
3093 1053 3260 1108 Iesus
3281 1071 3294 1106 :
3325 1053 3626 1124 congregatis
3643 1057 3745 1120 prin-

2206 1147 2400 1218 cipibus
2436 1148 2771 1217 populorum,
2816 1144 2868 1199 id
2906 1154 3024 1212 est,
3063 1144 3313 1214 gentium
3351 1163 3366 1198 :
3396 1144 3545 1197 simul
3579 1135 3746 1197 tribules

2206 1236 2394 1302 Israel,
2425 1247 2480 1292 ut
2501 1237 2784 1306 impleatur
2808 1235 2948 1306 quod
2977 1250 3136 1304 supra
3162 1235 3373 1290 dictum
3395 1243 3498 1299 est,
3522 1233 3745 1298 Latamiui,

2205 1338 2393 1399 gentes,
2425 1326 2577 1380 simul
2606 1342 2721 1379 cum
2740 1328 2930 1397 populo
2959 1325 3099 1396 ejus;
3127 1325 3255 1395 quia
3281 1324 3483 1378 caecitas
3508 1341 3568 1378 ea:
3588 1337 3701 1395 parte
3713 1326 3746 1378 is

2205 1417 2372 1474 Israel
2396 1419 2530 1489 facta
2556 1429 2650 1485 cst,
2676 1420 2834 1474 donec
2861 1417 3119 1486 plenitudo
3145 1418 3383 1489 gentium
3408 1417 3620 1482 intraret,
3647 1428 3682 1472 et
3700 1418 3748 1472 sic

2206 1512 2368 1564 omnis
2389 1509 2555 1565 Israel
2575 1511 2744 1564 saluus
2767 1511 2908 1580 ﬁeret
2935 1508 3112 1580 (Rom.
3139 1525 3235 1574 xv,
3266 1508 3357 1571 10,
3381 1517 3435 1563 et
3458 1523 3530 1574 ιι,
3554 1507 3653 1579 25).

2277 1605 2433 1660 LVII.
2465 1604 2563 1678 [11).
2592 1603 2908 1678 xxxnt,l7.]
2935 1602 3069 1659 Cum
3096 1602 3304 1673 Ioseph
3336 1601 3674 1667 benediceret,
3696 1602 3746 1655 ait

2206 1697 2345 1753 inter
2367 1708 2580 1763 eastern,
2602 1697 2980 1768 Primogenitus
2998 1697 3131 1749 tauri
3154 1694 3489 1766 pulchritudo
3503 1695 3619 1764 ejus.
3634 1693 3743 1760 Quod

2205 1807 2314 1845 non
2345 1792 2414 1846 ita
2442 1790 2725 1861 legendum
2752 1800 2856 1856 est,
2884 1800 3134 1859 tanquam
3168 1788 3392 1854 dixerit,
3425 1786 3743 1857 primogenitus

2206 1884 2377 1948 tauri;
2407 1883 2534 1948 sed,
2575 1898 2697 1938 cum
2738 1883 2807 1937 sit
2851 1880 3272 1952 primogenitus,
3317 1877 3631 1949 pulchritudo
3658 1877 3740 1945 ejus

2207 1974 2344 2027 tauri
2382 1982 2466 2028 est
2498 1991 2511 2027 :
2546 1984 2762 2043 propter
2783 1971 2958 2028 crucis
2982 1985 3187 2026 cornua
3207 2011 3223 2037 ,
3257 1968 3328 2024 de
3355 1967 3572 2024 Domino
3597 1966 3741 2021 intelli-

2205 2067 2347 2136 gitur
2378 2066 2680 2137 ﬁguratum.

519 2163 3735 2198 _____________________________.___.___...___————

1542 2269 2042 2394 LIBER
2130 2268 2764 2380 SEXTUS.

1747 2437 2047 2497 quaestiones
2068 2436 2120 2484 in
2140 2442 2304 2486 Jesum
2327 2443 2458 2488 Nave
2471 2436 2562 2500 (a).

1905 2567 2407 2647 motam»

591 2732 804 2799 (ξοβετ.
829 2728 870 2785 1.
894 2726 1028 2801 [Ios.
1046 2741 1161 2796 cap.
1187 2725 1239 2790 1,
1259 2724 1294 2794 7
1315 2721 1396 2796 5.]
1419 2719 1675 2776 Dominus
1695 2714 1824 2770 dicit
1843 2713 1910 2770 ad
1925 2711 2108 2769 Iesum

522 2823 685 2890 Nave,
716 2819 781 2878 Et
802 2821 934 2876 sicut
963 2835 1099 2874 nam
1125 2833 1239 2870 cum
1267 2814 1465 2886 Moyse,
1496 2812 1568 2866 ita
1597 2827 1682 2866 ero
1709 2819 1754 2864 et
1784 2817 1962 2862 tecum.
1993 2804 2110 2860 Non

522 2915 690 2969 solum
717 2921 895 2966 autem
926 2910 1029 2964 hoc
1053 2906 1355 2963 testimonio
1374 2947 1390 2971 ,
1421 2903 1516 2958 sed
1542 2902 1702 2956 etiam
1749 2899 1804 2954 in
1850 2898 2111 2952 Deutero-

525 3004 704 3058 nomio
735 3003 912 3056 multis
940 2998 1271 3054 documentis
1302 2995 1554 3066 probatur
1579 2992 1791 3062 Moyses
1814 2989 1883 3042 ita
1918 2985 2110 3042 defun-

526 3103 674 3158 ctus,
705 3102 764 3147 ut
789 3093 881 3146 Dei
912 3090 1138 3145 famulus
1166 3099 1220 3143 et
1248 3088 1357 3142 Deo
1398 3086 1614 3155 placens
1637 3100 1650 3136 :
1673 3081 1915 3152 quamvis
1956 3081 2007 3134 in
2047 3093 2111 3135 co

527 3184 616 3238 illa
642 3182 873 3237 vindicta
898 3181 1160 3251 completa
1188 3179 1276 3245 sit,
1307 3192 1373 3231 ne
1403 3186 1599 3230 terram
1630 3171 2001 3244 promissionis
2027 3171 2110 3224 in-

524 3286 691 3330 traret
729 3274 901 3348 (Deut.
947 3289 1122 3336 χχχιι,
1163 3270 1363 3337 48-52,
1406 3279 1450 3324 et
1488 3285 1675 3332 xxxrv,
1699 3268 1765 3334 4,
1793 3265 1978 3348 5)._Ex
2009 3281 2112 3334 quo

525 3367 680 3424 datur
707 3367 960 3438 intelligi,
996 3366 1276 3420 Dominum
1321 3362 1479 3416 etiam
1527 3361 1680 3415 bonis
1723 3345 1899 3414 servis
1919 3356 2030 3411 suis
2059 3356 2112 3410 in

525 3459 704 3530 aliquo
729 3465 1148 3522 succensentem,’
1171 3465 1226 3509 et
1252 3451 1612 3524 temporaliter
1631 3449 1921 3517 vindicare,
1946 3459 2000 3504 et
2029 3457 2111 3502 ta-

525 3566 650 3606 men
695 3550 748 3604 in
794 3563 981 3603 eorum
1029 3546 1227 3601 habere
1268 3558 1512 3605 numero,
1544 3555 1663 3612 qua:
1690 3551 1814 3593 sunt
1855 3539 1908 3593 in
1953 3537 2113 3592 domo

529 3645 646 3716 ejus
667 3656 792 3698 vasa
819 3642 872 3696 in
901 3641 1158 3694 honorem
1189 3637 1335 3692 utilia
1367 3635 1593 3691 Domino
1625 3633 1704 3705 (ll
1735 3631 1862 3686 Tim.
1893 3646 1965 3696 ιι,
1994 3629 2109 3701 21),

531 3739 722 3808 quibus
747 3735 966 3790 daturus
985 3740 1066 3788 est
1089 3731 1348 3801 promissa
1379 3736 1701 3782 sanctorum.

601 3830 663 3884 II.
699 3827 800 3900 [lb.
832 3842 880 3888 I.
911 3827 997 3891 II;
1024 3841 1100 3889 Ill,
1119 3822 1197 3894 7.]
1231 3821 1465 3889 Quu‘stio
1491 3815 1874 3887 est,fquomodo
1898 3824 2111 3885 postea-

527 3936 686 3992 quam
712 3921 918 3972 locutus
941 3923 1023 3969 est
1049 3914 1303 3968 Dominus
1326 3910 1392 3965 ad
1415 3911 1595 3965 Iesum
1624 3907 1768 3962 Nave
1787 3949 1802 3972 ,
1823 3905 2113 3962 exhortans

527 4018 582 4066 et
611 4009 934 4064 conﬁrmans
963 4021 1084 4061 eum
1103 4045 1119 4071 ,
1150 4017 1313 4073 seque
1344 4000 1657 4070 promittens
1693 4013 1814 4052 cum
1857 3997 1947 4051 illo
1973 3995 2114 4050 lutu-

487 4114 489 4116 ‘
527 4115 684 4166 rum,
727 4095 1058 4152 mandaverit
1097 4093 1235 4149 idem
1273 4091 1429 4148 Iesus
1457 4088 1653 4162 popqu
1683 4103 1778 4158 per
1801 4088 2022 4151 scribas,
2057 4094 2113 4140 ut

534 4197 900 4261 praepararent
946 4186 1178 4252 cibaria,
1209 4183 1350 4256 quod
1395 4192 1515 4253 post
1556 4191 1666 4236 tres
1693 4180 1809 4236 dies
1829 4179 2110 4234 Iordanem

531 4282 741 4338 Inerant
767 4278 1074 4342 transituri,
1102 4291 1223 4332 cum
1255 4275 1592 4330 inveniantur
1630 4281 1749 4344 post
1788 4271 1955 4326 multo
1999 4269 2114 4340 plu-

529 4389 620 4429 res
667 4373 782 4428 dies
818 4370 1073 4425 transisse
1113 4366 1419 4422 Iordanem.
1457 4362 1592 4419 Cum
1615 4363 1757 4418 enim
1777 4362 1893 4416 haec
1919 4360 2113 4432 popqu

531 4462 866 4524 mandasset,
906 4459 1054 4516 misit
1081 4457 1444 4527 exploratores
1483 4455 1535 4508 in
1579 4453 1826 4517 Iericho,
1863 4452 2113 4522 quoniam

530 4554 762 4609 Iordane
793 4552 1014 4619 trajecta
1038 4550 1151 4619 ipsa
1179 4547 1417 4618 proxima
1442 4546 1627 4600 civitas
1649 4545 1961 4600 occurrebat
1996 4561 2009 4596 :
2038 4544 2114 4598 illi

535 4653 712 4696 autem
733 4642 1064 4694 diverterunt
1088 4637 1156 4690 ad
1190 4637 1334 4692 Raab
1357 4635 1634 4689 mulierem
1660 4633 1997 4689 l‘ornicariam
2019 4674 2034 4698 ,
2060 4642 2117 4689 et

532 4736 600 4789 ab
624 4734 710 4787 illa
741 4732 1026 4795 occultati,
1056 4741 1214 4798 atque
1239 4744 1269 4782 a
1295 4742 1420 4798 rege
1458 4727 1667 4796 quaesiti
1697 4733 1752 4780 et
1780 4726 1994 4780 minime
2037 4726 2117 4780 in-

531 4829 698 4896 venti,
726 4826 916 4884 eadem
947 4824 1250 4880 dimittente
1276 4823 1395 4877 illos
1423 4836 1519 4892 per
1545 4818 1866 4889 fenestram,
1908 4827 1962 4874 et
1997 4835 2116 4874 mos

533 4933 692 4980 nente
733 4931 794 4977 ut
836 4919 1011 4974 triduo
1055 4918 1282 4972 laterent
1327 4916 1379 4970 in
1425 4913 1714 4980 montanis,
1740 4924 1965 4984 quatuor
2002 4912 2117 4968 dies

532 5021 780 5076 videntur
809 5030 930 5072 esse
951 5011 1252 5080 cnnsumpti
1277 5027 1292 5075 ;
1326 5009 1446 5064 inde
1470 5019 1813 5080 posteaquam
1843 5008 2117 5062 nuntiave-

533 5121 657 5167 rnut
677 5126 796 5182 qua:
817 5110 956 5164 circa
980 5105 1099 5161 illos
1121 5115 1268 5176 gesta
1299 5101 1516 5167 fuerint,
1543 5101 1805 5171 promovit
1823 5100 1978 5154 Iesus
1996 5113 2117 5154 cum

536 5203 732 5275 populo
777 5202 1028 5257 universo
1073 5197 1140 5252 de
1177 5196 1296 5250 loco
1327 5194 1415 5250 ubi
1441 5202 1555 5250 erat
1586 5193 1855 5256 diluculo;
1883 5191 2117 5262 quicum

534 5299 770 5354 venisset
795 5296 860 5350 ad
882 5295 1192 5354 Iordanem,
1221 5289 1435 5345 divertit
1453 5298 1507 5344 et
1528 5287 1723 5341 mansit
1750 5305 1763 5340 :
1793 5295 1915 5339 tunc
1936 5297 2119 5338 rursus

539 5390 766 5461 populus
789 5387 1106 5442 admonetur
1124 5391 1312 5453 utpost
1333 5380 1562 5435 triduum
1585 5394 1644 5434 se
1671 5385 1932 5448 praeparet
1958 5385 2122 5428 trans-

537 5479 619 5536 ire
664 5477 982 5544 Iordanem,
1013 5490 1140 5530 arca
1169 5471 1381 5528 Domini
1424 5469 1776 5538 praecedente.
1820 5464 1954 5520 Hinc
1992 5480 2120 5535 ergo

600 5608 674 5671 (a)
697 5611 748 5654 tn
767 5606 912 5668 hujus
931 5605 1039 5655 libri
1081 5605 1114 5671 β
1155 5601 1299 5671 titulo
1316 5601 1596 5671 legendum,
1609 5605 1949 5671 3.{esunt_1ttane,
1983 5603 2040 5650 ut
2071 5595 2123 5648 In

693 5681 810 5729 non,
825 5659 984 5730 Josue,
1007 5667 1134 5718 utin
1157 5664 1302 5715 editis
1321 5659 1584 5726 re'peritur.
1609 5659 1812 5726 Lmae.)

2213 2710 2522 2783 intelligitur
2549 2711 2834 2768 humanam
2859 2729 3023 2770 tuisse
3043 2713 3472 2785 dispositionem,
3493 2723 3631 2781 quam
3650 2705 3735 2761 fecit

2214 2803 2410 2873 populo
2427 2805 2683 2874 nuntiari,
2703 2815 2760 2861 ut
2779 2806 2976 2861 cibaria
3009 2814 3394 2877 prmpararent,
3415 2813 3634 2872 tanquam
3652 2806 3734 2867 post

2215 2902 2326 2953 tres
2349 2898 2464 2954 dies
2493 2887 2843 2956 memoratum
2875 2899 3088 2954 [luvium
3128 2898 3422 2955 transituri.
3455 2895 3610 2951 Potuit
3633 2891 3734 2946 enim

2217 2987 2319 3043 hoc
2356 2990 2492 3045 sicut
2535 2991 2694 3046 homo
2733 3007 2950 3061 sperare
2994 2991 3107 3046 lteri
3155 3006 3334 3061 posse.
3366 2990 3409 3043 si
3436 2987 3730 3057 exploratores

2213 3079 2459 3135 celeriter
2479 3082 2838 3136 revertissent.
2876 3081 3078 3149 Quibus
3109 3080 3444 3136 tardantibus
3469 3074 3731 3142 intelligitur,

2213 3171 2454 3240 quamvis
2475 3171 2746 3242 Scriptura
2768 3175 3008 3233 tacuerit.
3034 3190 3098 3228 ex
3128 3173 3308 3229 divina
3331 3168 3642 3241 dispositione
3661 3177 3733 3216 ca:-

2215 3269 2326 3316 tera
2357 3262 2568 3333 impleta
2590 3306 2606 3330 ,
2637 3276 2694 3319 ut
2717 3265 2827 3335 jam
2857 3266 3116 3334 inciperet
3144 3265 3286 3335 apud
3328 3261 3561 3332 pupulum
3579 3252 3730 3325 gloriﬁ-

2214 3354 2322 3409 cari
2361 3354 2550 3422 Iesus,
2579 3365 2631 3412 et
2661 3356 2870 3411 ostendi
2898 3357 3035 3426 quod
3066 3373 3189 3412 cum
3224 3357 3316 3410 illo
3351 3352 3582 3410 Dominus
3601 3351 3725 3405 esset,
3794 3359 3795 3400 ι

2214 3445 2346 3498 sicut
2394 3445 2566 3500 fuerat
2603 3461 2724 3502 cum
2751 3446 2950 3518 Moyse.
2979 3445 3110 3501 Nam
3143 3457 3197 3504 et
3227 3448 3330 3500 hoc
3371 3445 3440 3498 illi
3477 3440 3639 3494 dicitur
3658 3433 3728 3486 ilu-

2214 3537 2357 3589 vium
2382 3542 2690 3601 transiture,
2716 3539 2854 3592 sicut
2882 3539 3138 3607 scriptum
3163 3550 3246 3594 est
3271 3555 3283 3590 :
3317 3535 3377 3590 Et
3404 3532 3522 3587 dixit
3543 3525 3728 3581 Dominus

2215 3626 2283 3680 ad
2305 3626 2504 3691 Iesum,
2536 3627 2600 3682 In
2629 3629 2710 3682 die
2735 3630 2828 3683 isto
2855 3629 3096 3699 incipiant
3121 3630 3344 3683 exaltare
3372 3636 3417 3678 te
3442 3636 3591 3676 coram
3613 3611 3727 3670 omni-

2215 3715 2306 3770 bus
2321 3717 2443 3785 liliis
2461 3715 2646 3781 Israel,
2665 3729 2718 3772 ut
2739 3719 2898 3772 sciant
2917 3721 3155 3788 quoniam
3172 3722 3299 3773 sicut
3315 3731 3447 3771 erant
3465 3729 3565 3765 cum
3580 3707 3722 3774 Moyse,

2215 3807 2288 3860 sic
2316 3823 2400 3860 ero
2424 3816 2469 3860 et
2498 3818 2678 3862 tecmn.
2725 3807 2836 3864 Nec
2861 3809 3172 3866 incredibile
3199 3809 3357 3863 debet
3385 3802 3570 3864 videri,
3608 3794 3724 3850 etiam
3794 3807 3795 3810 η

2215 3897 2338 3951 illos
2367 3912 2486 3952 cum
2515 3900 2707 3969 quibus
2738 3901 2877 3956 Deus
2901 3901 3237 3970 loquebatur,
3265 3897 3454 3968 aliquid
3473 3909 3530 3948 ex
3555 3890 3722 3942 humana

2215 3986 2568 4056 dispositione
2598 4007 2755 4061 agerc
2783 3992 3046 4056 voluisse,
3081 3991 3131 4045 in
3161 4008 3263 4061 qua
3303 3989 3397 4044 sibi
3431 3987 3574 4040 [leum
3597 3985 3722 4030 tamen

2216 4077 2442 4134 ﬁderent
2463 4081 2479 4112 ³
2508 4097 2627 4135 esse
2649 4093 2932 4148 rectorem,
2961 4096 3255 4152 eorumque
3281 4097 3345 4136 ex
3373 4078 3502 4132 illius
3521 4090 3545 4125 a
3566 4083 3648 4138 quo
3668 4077 3723 4117 τε·

2215 4171 2476 4240 gebautur
2501 4173 2848 4242 providentia,
2875 4174 3093 4228 Consilia
3125 4172 3292 4228 fuisse
3330 4178 3531 4224 mutata.
3565 4158 3667 4214 Nam
3689 4158 3724 4204 cl

2215 4262 2428 4335 Moyses
2473 4265 2588 4333 ipse
2634 4265 2813 4335 utique
2861 4275 3109 4334 tanquam
3161 4265 3318 4320 homo
3367 4260 3606 4330 putaverat
3640 4255 3723 4300 esse

2217 4351 2516 4408 faciendum
2536 4395 2552 4420 ,
2583 4364 2641 4409 ut
2669 4369 2857 4408 causas
2889 4355 3066 4424 populi
3095 4355 3176 4410 sic
3201 4353 3420 4414 audiret,
3449 4336 3721 4424 quetuadm?‘

2217 4443 2343 4498 dum
2371 4454 2425 4499 et
2449 4419 2549 4499 sibi
2571 4454 2628 4500 et
2649 4445 2774 4511 illis,
2792 4419 2927 4499 unus
2952 4419 3284 4500 intolerabile
3317 4435 3584 4497 subeundo.
3608 4419 3721 4497 prod-

2217 4549 2337 4590 esse
2381 4551 2483 4591 non
2531 4546 2710 4606 posset
2736 4554 2750 4591 :
2776 4537 2996 4608 ejusque
3016 4537 3292 4607 dispositio
3319 4531 3566 4588 divinitus,
3584 4529 3627 4574 cl
3649 4514 3720 4568 Ιιοο

2219 4627 2392 4696 ipsum
2422 4642 2609 4682 socero
2639 4628 2755 4698 ejus
2785 4639 3108 4699 suggerente
3128 4639 3182 4684 et
3200 4629 3604 4685 monentc,atque
3625 4610 3720 4699 hane

2217 4691 2632 4773 admonitionem
2668 4691 2789 4774 'Deo
2831 4691 3159 4790 approbante
3181 4762 3198 4788 ,
3231 4723 3420 4774 mutata
3455 4717 3528 4765 est
3560 4691 3718 4774 (Emd'

2219 4825 2368 4876 va,
2400 4809 2608 4877 14-26).

2291 4874 2380 4955 ΙΙΙ.
2422 4899 2521 4972 [11).
2545 4874 2636 4968 ιιι,
2663 4901 2717 4966 3,
2750 4902 2804 4966 4,
2839 4899 2952 4973 15.]
2978 4901 3179 4956 Scriba:
3204 4897 3394 4970 populo
3431 4874 3719 4946 dicunt.Ctm

2219 4991 2443 5045 videritis
2483 5009 2654 5046 arcam
2696 4994 2964 5047 testimonii
2992 4992 3197 5047 Domini
3229 4990 3322 5044 Dei
3347 4984 3509 5042 nostri,
3538 4985 3574 5029 τι
3597 4977 3719 5024 δαίθ’

2222 5081 2360 5136 dotes
2386 5093 2582 5136 nostros
2610 5085 2630 5115 ³
2658 5093 2703 5136 et
2725 5083 2921 5138 Leoitas
2948 5085 3174 5138 tollentes
3203 5097 3327 5143 eam,
3345 5054 3663 5148 proﬁciscimini
3676 5050 3719 5148 dt

2223 5174 2347 5228 locis
2369 5177 2577 5239 vestris;
2606 5187 2653 5229 et
2677 5177 2743 5231 ite
2767 5187 2876 5247 post
2902 5193 3013 5231 eam
3037 5193 3058 5231 .'
3074 5176 3160 5230 scd
3180 5146 3378 5242 longum
3397 5146 3717 5247 intervallum"?

2220 5266 2352 5319 inter
2382 5282 2463 5320 vos
2489 5277 2534 5320 et
2555 5267 2699 5321 illaut
2717 5310 2732 5335 ,
2760 5281 3002 5338 quantum
3030 5270 3131 5321 duo
3157 5265 3313 5319 millia
3335 5256 3582 5313 cubitorum
3601 5232 3717 5292 stabi-

2225 5360 2310 5426 ίίδν
2331 5375 2394 5414 ηε
2412 5361 2754 5430 ΡνοΡίηιιιιειίε
2773 5335 2844 5428 ei,
2867 5372 2922 5415 ut
2941 5361 3109 5415 sciatis
3131 5361 3255 5413 ciant
3273 5367 3415 5425 quam
3434 5341 3548 5399 ibitis
3567 5337 3608 5386 in

2227 5452 2350 5509 Non
2369 5454 2502 5508 enim
2519 5453 2711 5508 abiistis
2738 5453 2868 5507 viam
2888 5452 2950 5506 ab
2971 5454 3198 5508 hesterna
3220 5457 3265 5503 et
3283 5430 3632 5501 nudiustertiana
3645 5417 3712 5467 άέεσ

2289 5595 2309 5628 ι
2332 5601 2432 5644 uss.
2460 5599 2640 5643 Decem
2663 5597 2715 5640 et
2738 5590 2886 5651 editio
2908 5575 3506 5651 natisponensisiﬂidef

2287 5655 2310 5690 ³
2329 5635 3375 5712 ἇέιιῖιιῖῖι-ὲᾱιᾶὠοενᾶοωδ
3393 5635 3565 5688 κεινοί·
