3862 6320
376 263 481 321 πθ

335 382 341 387 ’
376 386 628 447 tanquam
659 376 841 443 partes
869 368 924 425 in
950 370 1062 425 toto
1089 365 1483 422 existimentur.
1505 360 1605 418 Per
1632 358 1786 416 unius
1813 360 1970 432 igitur

378 478 654 541 peccatum
682 474 1014 533 mortemque
1048 472 1334 532 paucorum
1359 456 1659 512 admonitus
1687 463 1768 511 ρει
1798 467 1969 524 popu-

378 559 466 616 lus
491 557 772 612 universus
790 596 807 621 ,
838 562 1087 624 tanquam
1122 552 1176 606 in
1211 564 1435 621 corpore
1457 548 1705 603 universo
1728 558 1971 617 queen-ere

380 649 525 723 qttod
575 647 865 703 admissum
916 653 1018 700 est.
1064 640 1233 698 Simul
1277 640 1437 696 etiam
1484 637 1839 709 significatum
1888 643 1973 690 est

380 749 639 813 quantum
669 736 790 792 mali
822 736 1000 800 lieret,
1021 732 1067 788 si
1097 732 1340 787 universa
1371 728 1457 785 illa
1485 727 1823 799 eongregatio
1852 738 1971 796 pec-

382 841 592 898 casset;
630 830 841 902 quando
868 843 933 882 ne
958 840 1095 881 untts
1136 824 1349 895 quidem
1390 822 1459 877 ita
1488 822 1655 894 potuit
1676 817 1900 891 juJECari
1928 817 1969 887 ί,

381 935 447 981 ut
474 926 542 980 ab
568 939 635 979 eo
660 929 876 994 possent
898 917 1077 976 ueteri
1106 930 1225 973 esse
1245 918 1438 972 securi.
1460 918 1527 971 At
1544 929 1670 970 vero
1686 956 1702 979 ,
1731 912 1774 968 si
1798 910 1975 967 Achar

382 1015 454 1072 ab
481 1017 656 1087 aliquo
683 1016 930 1070 iuventus
954 1021 1113 1082 atque
1138 1006 1558 1078 comprehensus
1574 1050 1589 1072 ,
1621 1012 1675 1061 et
1700 1006 1839 1060 illius
1863 1003 1969 1059 cri-

383 1110 546 1167 minis
583 1120 708 1164 reus
744 1106 809 1161 ad
846 1104 1108 1177 judicimn
1147 1100 1271 1159 Jesu
1315 1096 1502 1157 luisset
1541 1100 1834 1163 adductus,
1876 1114 1973 1153 ne-

383 1215 647 1273 quaquam
673 1194 962 1270 putandunt
988 1205 1070 1252 est
1102 1193 1368 1251 hominem
1389 1190 1621 1265 judieem
1651 1191 1733 1247 vel
1761 1206 1857 1261 pro
1882 1190 1974 1245 illo

382 1292 465 1348 Vel
491 1308 611 1347 eum
641 1291 731 1347 illo
754 1302 1072 1362 quemquam
1094 1284 1277 1350 alium,
1308 1287 1397 1358 qui
1421 1286 1675 1341 Societate
1712 1281 1834 1338 facti
1861 1281 1978 1354 ejus

381 1384 605 1440 minime
644 1390 939 1439 teneretur.
981 1379 1145 1435 fuisse
1189 1380 1519 1450 punitorum.
1548 1375 1733 1447 Neque
1758 1376 1899 1432 enim
1927 1375 1977 1429 ei

380 1474 690 1531 mandatum
724 1475 877 1546 Legis
907 1479 1098 1528 licebat
1144 1470 1437 1535 excedere,
1481 1471 1623 1539 quod
1663 1466 1846 1523 datum
1895 1473 1979 1522 est

380 1568 720 1629 hominibus,
752 1582 819 1621 ne
838 1564 1039 1636 judicio
1065 1576 1198 1627 suo,
1228 1562 1368 1633 quod
1396 1561 1448 1615 in
1478 1558 1749 1615 hominem
1776 1554 1978 1613 homini

377 1658 589 1731 iussum
618 1638 731 1711 sive
759 1657 1074 1727 permissum
1102 1661 1184 1707 est
1203 1694 1217 1716 ,
1247 1651 1474 1707 alterum
1499 1664 1593 1721 pro
1620 1648 1843 1706 alterius
1868 1664 1982 1718 pec-

383 1758 506 1806 cato
529 1747 816 1803 arbitretur
840 1759 959 1800 esse
994 1741 1354 1815 plectendum.
1384 1739 1563 1812 Longe
1591 1749 1767 1794 autem
1795 1755 1979 1795 secre-

383 1840 523 1895 tiore
557 1837 757 1909 justitia
797 1836 1003 1906 judicat
1032 1833 1203 1903 Deus,
1230 1833 1319 1905 qui
1350 1840 1541 1905 potens
1564 1843 1648 1887 est
1673 1833 1832 1886 etiam
1863 1838 1983 1901 post

383 1942 615 1989 mortem
636 1974 652 1997 ,
680 1928 820 2000 quod
843 1928 1007 1983 homo
1034 1941 1141 1983 non
1170 1934 1377 1999 potest,
1406 1922 1489 1981 vel
1519 1925 1745 1980 liberare
1766 1923 1846 1979 vel
1871 1940 1983 1995 pcr-

383 2020 534 2079 dere.
569 2020 816 2076 Visibites
851 2018 1010 2089 igitur
1046 2017 1363 2074 amictioues
1394 2015 1666 2073 hominum
1693 2014 1805 2071 sive
1835 2031 1979 2071 mor-

383 2123 504 2179 tes,
552 2113 800 2183 quoniam
846 2110 930 2165 his
974 2108 1170 2180 quibus
1213 2109 1543 2179 ingeruntur,
1588 2116 1644 2163 et
1692 2105 1883 2161 obesse
1928 2112 1984 2161 et

384 2207 645 2276 prodesse
667 2211 907 2274 possunt,
931 2204 1079 2257 novit
1103 2201 1359 2257 Dominus
1379 2200 1432 2254 in
1455 2200 1663 2254 occulto
1691 2198 1982 2270 providen-

386 2296 477 2352 tia:
523 2312 631 2351 sua:
679 2295 1121 2367 quemadmodum
1162 2294 1307 2365 juste
1347 2292 1645 2364 quibu~que
1673 2294 1979 2362 dispenset,

387 2389 550 2444 etiam
580 2401 700 2442 eum
745 2386 970 2441 aliorum
1021 2396 1233 2456 peccata
1279 2385 1331 2440 in
1377 2382 1498 2439 aliis
1524 2385 1730 2439 videtur
1771 2384 1977 2438 ulcisci.

386 2477 583 2535 Panas
604 2493 732 2533 vero
762 2477 1085 2541 invisibiles,
1108 2492 1228 2547 qua:
1254 2476 1465 2530 nonnisi
1491 2486 1681 2531 uocent
1704 2517 1720 2543 ,
1742 2484 1797 2530 ct
1828 2473 1985 2545 protl-

386 2582 507 2627 esse
539 2585 643 2625 non
683 2574 937 2640 possunt,
978 2569 1047 2623 ita
1086 2569 1264 2623 nullus
1293 2567 1403 2623 Deo
1436 2566 1616 2636 judice
1663 2581 1758 2636 pro
1796 2564 1984 2620 alienis

386 2663 623 2734 peccatis
654 2662 783 2727 luit,
827 2661 966 2714 sicut
1012 2660 1228 2714 homine
1264 2657 1443 2728 judice
1484 2659 1629 2713 luere
1674 2656 1853 2710 nullus
1882 2654 1983 2710 nisi

387 2765 488 2822 pro
511 2767 607 2807 sua
635 2752 791 2821 culpa
829 2752 957 2805 istas
985 2748 1225 2805 visibiles
1254 2747 1416 2804 debet
1466 2747 1578 2803 lloc
1603 2747 1743 2802 enim
1782 2762 1982 2817 phoce-

387 2846 468 2915 plt
497 2844 695 2898 homini
731 2842 896 2913 judiei
929 2842 1069 2896 Dctts
1090 2882 1103 2902 .
1132 2842 1184 2895 in
1228 2840 1311 2895 his
1340 2856 1458 2909 qua:
1488 2838 1551 2893 ad
1585 2840 1869 2893 humanum
1894 2837 1984 2906 ju-

390 2935 587 2990 dicium
629 2935 898 3004 pertinent
942 2931 1258 2986 vindicanda
1286 2931 1331 2996 ⁸,
1363 2930 1504 3001 quod
1551 2931 1602 2983 in
1647 2945 1744 2984 suo
1784 2928 1985 3000 judicio

389 3024 517 3082 facit
537 3026 651 3097 ipse
671 3066 684 3087 .
716 3040 823 3096 quo
847 3032 1083 3094 potestas
1105 3041 1210 3077 non
1236 3022 1435 3092 aSpirat
1465 3022 1714 3076 lnuuana.

466 3116 555 3172 IX.
586 3115 687 3189 [ιδ.
722 3131 818 3182 vn,
844 3117 970 3170 15c!
994 3111 1112 3186 25.]
1138 3113 1326 3167 Merito
1348 3113 1620 3181 qua-ritur,
1650 3126 1769 3167 eum
1802 3110 1985 3165 Domi-

392 3219 499 3262 nus
519 3214 736 3276 propter
761 3204 908 3259 illum
942 3204 1033 3275 qui
1059 3205 1128 3260 tle
1166 3207 1501 3259 anathemate
1535 3205 1726 3256 lin-tum
1755 3202 1982 3270 fecerat,

393 3299 713 3370 prmceperit
748 3311 871 3352 cum
917 3297 1006 3367 qui
1048 3294 1236 3351 fuisset
1280 3303 1556 3362 ostensus,
1584 3295 1690 3367 igni
1722 3297 1983 3363 cremari,

394 3400 494 3445 cur
524 3404 647 3444 eum
689 3396 962 3446 ostensum
990 3388 1148 3445 Jesus
1172 3387 1393 3457 lapidari
1429 3389 1601 3457 polius
1629 3404 1657 3442 ει
1687 3390 1878 3459 populo
1908 3388 1986 3442 fe-

395 3484 549 3539 eerit.
575 3484 653 3538 An
676 3482 747 3537 ita
760 3498 883 3538 eum
900 3481 1035 3537 mori
1056 3481 1287 3552 oportuit
1305 3523 1319 3546 ,
1339 3480 1782 3551 quemadmodum
1805 3480 1983 3547 Jestts,

395 3577 487 3647 qui
524 3575 741 3647 propius
770 3573 1050 3628 Dominum
1093 3572 1433 3641 sequebatur,
1466 3568 1673 3625 Domini
1704 3571 1866 3625 verba
1898 3570 1986 3639 ju-

394 3667 571 3725 bentis
593 3667 888 3738 intelligere
907 3664 1115 3737 potuit?
1140 3664 1231 3721 Sic
1251 3664 1391 3719 enim
1420 3663 1554 3717 alius
1576 3664 1850 3733 quisquam
1881 3677 1986 3717 non

396 3760 554 3818 facile
586 3761 778 3832 potuit.
804 3758 958 3816 Unde
984 3756 1153 3827 magis
1177 3754 1522 3828 quaerendum
1548 3765 1632 3812 est
1659 3772 1755 3811 cur
1792 3756 1990 3825 lapida-

398 3854 601 3910 tionem
640 3855 815 3924 iguem
858 3851 1202 3922 appellaverit
1247 3851 1533 3909 Dominus.
1565 3864 1721 3920 quam
1761 3849 1986 3904 creden-

400 3943 532 3998 dum
575 3943 759 3997 Jesum
800 3942 941 3995 aliud
992 3941 1184 3996 fecisse
1224 3954 1381 4009 quam
1433 3940 1662 4009 jusserit
1710 3941 1985 3997 Dominus.

403 4031 539 4088 Nam
570 4046 742 4101 neque
765 4030 831 4085 ad
853 4031 1249 4100 intelligendum
1280 4029 1438 4086 verba
1468 4030 1678 4083 Domini
1709 4032 1988 4102 quisquam

405 4123 579 4194 potuit
606 4135 728 4178 esse
753 4121 1065 4191 sapientior,
1095 4134 1265 4190 neque
1292 4121 1356 4174 ad
1387 4121 1683 4175 iaciendum
1711 4124 1987 4192 quisquam

403 4213 758 4272 obedientior.
799 4213 1026 4269 Proinde
1065 4213 1200 4285 ignis
1239 4213 1451 4268 nomine
1497 4228 1707 4283 pmnam
1756 4217 1989 4283 potuisse

403 4306 690 4378 signiﬁcari
710 4303 1017 4377 ,Scriptura
1049 4305 1198 4361 teStis
1226 4313 1307 4360 est
1340 4307 1393 4360 in
1422 4304 1866 4372 Dcutcronomio,
1900 4305 1989 4361 ubi

400 4396 597 4454 dicitur
620 4399 686 4453 ad
718 4398 855 4453 lilios
882 4397 1043 4452 lsracl
1064 4439 1079 4465 ,
1113 4395 1178 4451 Et
1203 4399 1374 4453 eduxit
1399 4412 1486 4453 vos
1510 4397 1573 4452 de
1595 4398 1803 4469 fornace
1822 4404 1988 4470 ferrea

401 4492 896 4566 ωιεῃιιριοωειιι.
914 4493 1093 4565 tv,20)
1112 4510 1127 4548 :
1146 4493 1237 4548 ubi
1266 4494 1446 4564 utique
1471 4492 1660 4549 duram
1691 4494 1988 4550 tribulatio-

403 4600 529 4641 nem
550 4585 770 4655 intcliigi
794 4584 981 4638 voluit.

475 4677 605 4732 Duae
634 4686 809 4731 autem
839 4675 969 4730 mihi
1005 4684 1183 4731 unum
1219 4682 1509 4730 occurrunt
1546 4675 1675 4745 (non
1716 4685 1776 4731 ut
1818 4678 1988 4733 nmine

404 4772 513 4827 sint
531 4813 546 4835 ,
574 4768 668 4826 sed
699 4779 756 4823 ut
779 4768 946 4824 altera
976 4782 1041 4825 ex
1067 4764 1191 4837 eis),
1223 4779 1321 4822 cur
1349 4782 1453 4822 non
1489 4768 1577 4823 ille
1598 4783 1719 4822 cum
1740 4769 1851 4822 suis
1871 4786 1989 4823 oin-

408 4863 569 4921 nibus
604 4860 837 4918 evidenti
880 4858 1004 4931 igne
1029 4870 1296 4916 crematus
1334 4860 1422 4915 sit.
1450 4858 1507 4916 Si
1544 4860 1684 4916 enim
1716 4870 1987 4931 peccatum

406 4956 523 5026 ejus
553 4953 807 5010 Dominus
835 4950 939 5009 tale
964 4966 1084 5008 esse
1105 4949 1395 5021 judicavit,
1427 4952 1564 5023 quod
1602 4954 1861 5022 supplicio
1900 4952 1989 5009 illo

402 5050 674 5121 expiatum
721 5062 828 5103 non
877 5045 1091 5117 puniret
1132 5046 1184 5099 in
1228 5052 1525 5112 :etcrntnn,
1562 5056 1778 5117 propter
1817 5047 1985 5116 ipsam

404 5141 763 5212 expiationem
808 5144 864 5194 et
899 5137 1267 5211 purgationem
1307 5147 1663 5209 congruenter
1702 5137 1786 5192 illa
1831 5154 1983 5208 perna

406 5229 547 5302 ignis
573 5246 767 5286 nomen
792 5229 1015 5300 accepit.
1040 5227 1226 5300 Neque
1240 5227 1306 5282 ad
1330 5226 1471 5284 hunc
1492 5229 1812 5286 inteliectum
1844 5231 1990 5300 quis-

407 5338 566 5395 quam
606 5324 826 5380 tcndere
865 5323 1269 5386 admoneretur,
1294 5320 1345 5376 si
1375 5334 1495 5377 eum
1530 5323 1742 5392 proprie
1768 5323 1991 5381 visibilis

402 5415 548 5491 ignis
586 5426 862 5483 exureret;
888 5416 984 5475 sed
1021 5417 1077 5472 in
1116 5430 1186 5474 eo
1224 5416 1449 5487 quisque
1485 5423 1818 5480 remaneret,
1846 5417 1987 5487 quod

404 5518 591 5581 aperte
615 5509 827 5566 videbat
847 5508 1119 5580 impletum
1137 5550 1156 5579 ,
1178 5522 1283 5564 nec
1305 5507 1505 5579 aliquid
1533 5508 1667 5563 ultra
1684 5516 1986 5580 quaereret:

466 5640 487 5674 ⁸
511 5648 593 5690 tus.
616 5640 967 5700 Cisterclensis,
991 5636 1246 5691 vindicari.

462 5699 697 5752 'siettat.
721 5711 775 5754 et
795 5710 901 5754 ιιω.
923 5699 981 5754 At
1000 5710 1105 5752 Am.
1126 5707 1202 5751 Er.
1229 5699 1744 5765 etMv.,jt£d£:anda.

1176 247 1645 323 QUESTIONDM
1682 248 1741 305 S.
1781 238 2149 305 AUCUSTN
2187 238 2255 299 IN
2290 240 2849 302 llEPTATEUCIIUM

3588 243 3681 302 780

2074 372 2219 414 nunc
2246 370 2377 414 vero
2408 371 2527 412 cum
2560 364 2776 427 propter
2810 352 2904 412 Del
2936 353 3099 414 verba
3131 364 3187 413 et
3213 354 3442 414 factum
3469 355 3628 424 Iesu.
3653 377 3678 419 ι

2072 460 2178 522 quo
2220 448 2552 519 Praevaricari
2601 447 2687 504 illa
2732 447 2892 504 verba
2938 462 3041 505 ιιοιι
3089 460 3356 521 possent,
3390 452 3680 509 rectissime

2072 540 2270 595 dicitur
2306 540 2465 596 etiam
2510 537 2888 611 lapidationem
2942 541 3117 610 ignem
3169 535 3384 607 fuisSe;
3416 543 3679 615 eligantur

2074 632 2385 703 agnoscitur
2414 633 2501 687 illa
2537 649 2692 703 ptena
2722 633 2991 688 hominem
3011 675 3026 695 .
3056 649 3125 693 ne
3154 635 3205 691 in
3238 645 3538 706 posterum
3567 654 3681 706 pce-

2073 734 2195 783 cato
2225 723 2315 781 illo
2346 725 2585 781 interiret
2605 768 2619 792 ,
2652 725 2815 782 fuisse
2856 738 3155 797 purgatum.
3184 728 3353 795 Quod
3384 728 3682 799 signiﬁcant

2075 819 2235 874 etiam
2268 835 2390 874 vasa
2421 820 2471 873 in
2501 817 2766 885 Levitieo,
2788 836 2909 891 qme
2931 820 3187 891 jubentur
3203 824 3337 891 igne
3368 826 3614 893 purgari.
3634 826 3681 880 Si

2074 923 2251 968 autem
2293 912 2397 995 tale
2440 911 2538 966 fuit
2582 912 2708 967 illud
2756 925 3062 983 peceatum,
3096 924 3329 984 propter
3377 916 3530 986 quod
3573 934 3682 973 eunt

2075 1003 2232 1057 etiam
2252 1012 2369 1075 post
2394 1004 2546 1057 istam
2569 1004 2732 1058 vitam
2754 1002 2996 1076 gehenna
3021 1007 3363 1076 susciperet;
3392 1006 3521 1062 ideo
3542 1007 3685 1064 lusus

2076 1110 2198 1151 eum
2228 1095 2395 1151 voluit
2434 1093 2653 1166 lapidari
2676 1138 2692 1162 ,
2725 1104 2782 1152 ttt
2825 1096 2967 1169 quod
2997 1114 3027 1151 ει
3061 1098 3290 1155 Ι)οιιιὶιιο
3332 1097 3546 1154 dictum
3578 1112 3680 1169 est,

2076 1185 2184 1260 igni
2202 1187 2524 1249 cremabitur,
2554 1186 2680 1241 illud
2698 1184 3012 1244 admoocret
3046 1188 3269 1260 intelligi
3288 1230 3308 1254 ,
3340 1189 3499 1262 quod
3524 1191 3687 1247 Duni-

2077 1293 2179 1334 nus
2208 1277 2433 1342 faceret,
2464 1294 2567 1334 non
2599 1280 2740 1351 quod
2780 1278 2850 1337 ab
2891 1280 3020 1351 ipsis
3058 1290 3202 1337 eSsct
3242 1283 3594 1338 Raciendum.
3634 1283 3684 1342 Si

2079 1368 2220 1425 enim
2242 1367 2460 1425 dixisset
2487 1372 2770 1437 Dominus,
2795 1370 2905 1443 lgni
2936 1387 3056 1430 cum
3088 1375 3420 1430 cretnahitis
3442 1385 3499 1429 et
3520 1376 3685 1431 omnia

2079 1458 2227 1532 ejus;
2258 1458 2380 1516 huic
2403 1462 2580 1516 sensui
2606 1458 2752 1517 locus
2776 1463 2954 1521 nullus
2974 1474 3154 1522 esset:
3178 1481 3306 1521 eunt
3336 1482 3478 1522 vero
3506 1466 3575 1521 ita
3598 1483 3685 1537 po~

2080 1549 2239 1607 situm
2261 1560 2371 1619 est,
2402 1562 2457 1607 ut
2497 1553 2665 1626 magis
2703 1555 2947 1611 videatur
2977 1556 3118 1612 Deus
3153 1557 3303 1627 quod
3349 1558 3407 1613 ei
3458 1558 3683 1613 futurum

2080 1655 2224 1700 esset
2263 1644 2573 1714 pratdixisse
2594 1687 2609 1707 .
2637 1662 2794 1716 quam
2825 1647 2964 1718 quod
2995 1649 3042 1703 ei
3074 1650 3142 1703 ab
3174 1649 3505 1705 hominibus
3530 1649 3682 1707 debe-

2080 1746 2162 1792 ret
2193 1736 2304 1791 lieri
2331 1739 2681 1808 prmCepisse;
2714 1739 2903 1794 melius
2934 1757 3036 1795 non
3070 1741 3238 1811 potuit
3282 1744 3475 1799 tacere
3501 1743 3679 1809 .lesus,

2080 1828 2170 1900 qui
2210 1828 2384 1882 divina
2412 1828 2570 1883 verba
2602 1828 2735 1883 sicut
2762 1839 2937 1884 tantus
2966 1830 3223 1902 propheta
3254 1831 3565 1895 intellexit,
3596 1832 3679 1903 qui

2082 1919 2240 1974 etiam
2268 1917 2368 1973 hoc
2412 1919 2583 1989 ipsum
2619 1918 2923 1989 prophetico
2960 1921 3112 1986 fecit,
3143 1939 3306 1993 quam
3346 1934 3410 1979 ιιι
3437 1924 3583 1978 illum
3615 1924 3677 1976 la-

2081 2009 2293 2083 pidilms
2323 2011 2496 2083 potius
2522 2027 2678 2081 quam
2713 2010 2938 2066 ﬂammis
2971 2014 3335 2077 interimeret.
3375 2031 3449 2070 ne
3488 2015 3540 2068 in
3585 2014 3676 2069 illis

2084 2100 2293 2173 ignibus
2335 2102 2495 2157 verba
2541 2103 2745 2157 Domini
2798 2102 3103 2159 viderentur
3153 2105 3567 2178 itnpleta,qme
3612 2107 3674 2161 ob

2082 2195 2225 2253 aliud
2255 2195 2393 2251 dicta
2423 2196 2629 2251 volebat
2652 2196 2893 2269 intciligi.

2153 2285 2263 2344 Nec
2304 2304 2516 2344 movere
2558 2287 2717 2343 debet
2762 2288 2905 2356 quod
2949 2304 3053 2343 nou
3096 2287 3267 2360 ipsum
3304 2297 3559 2351 tantum,
3590 2286 3675 2343 sed

2083 2379 2242 2435 etiam
2270 2379 2444 2432 omnia
2466 2394 2583 2449 qme
2604 2387 2727 2433 Sunt
2756 2376 2871 2448 ejus
2890 2420 2903 2441 .
2933 2380 3068 2434 Deus
3092 2382 3389 2436 cremanda
3422 2379 3530 2451 igni
3554 2394 3677 2448 prat-

2083 2470 2296 2527 dixcrit.
2326 2470 2416 2527 Sic
2449 2471 2591 2526 enim
2622 2470 2726 2538 ait,
2752 2468 2869 2544 lgni
2901 2473 3223 2540 rrettmbitur,
3252 2486 3301 2530 et
3345 2475 3526 2529 omnia
3548 2489 3673 2543 qm-

2084 2578 2296 2634 cwuque
2314 2572 2429 2619 sum
2450 2565 2512 2616 ei.
2537 2562 2723 2618 Omnia
2744 2565 2884 2620 enim
2906 2581 3255 2637 quareumque
3274 2578 3410 2623 sunt
3427 2567 3501 2633 ei,
3522 2579 3671 2636 opera

2084 2654 2201 2725 ejus
2229 2667 2449 2725 possunt
2472 2656 2719 2729 intelligi,
2746 2674 2864 2728 qua:
2885 2674 3005 2713 cum
3033 2659 3122 2713 illo
3148 2658 3282 2715 dixit
3305 2676 3435 2717 esse
3463 2674 3670 2715 concre-

2087 2748 2276 2802 manda
2295 2766 2309 2799 ς
2326 2763 2428 2801 non
2458 2748 2594 2802 sicut
2619 2747 2747 2803 dicit
2764 2749 3046 2819 Aposmlus
3067 2750 3135 2806 de
3158 2753 3489 2822 quihusdam
3512 2749 3672 2821 operi-

2086 2837 2186 2892 bus
2212 2839 2329 2908 igne
2354 2841 2715 2910 eonsumptis,
2739 2840 2847 2911 ipse
2870 2852 3034 2895 autem
3061 2842 3231 2897 sulcus
3256 2844 3353 2898 erit
3380 2844 3423 2916 (I
3454 2842 3573 2898 Cor.
3598 2856 3667 2907 ut,

2089 2929 2207 2998 l5):
2234 2929 2277 2984 si
2308 2931 2462 2997 hujus
2490 2942 2760 3000 peceatum
2783 2932 2852 2987 ita
2879 2935 3277 3006 intelligemlmu
3306 2947 3419 3001 est,
3440 2936 3663 2991 utetiam

2086 3029 2288 3074 mterno
2327 3020 2447 3091 igne
2491 3024 2753 3092 puniatur.
2786 3023 2947 3079 Filios
2973 3042 3100 3096 ergo
3134 3028 3251 3096 ejus
3284 3040 3343 3084 et
3392 3029 3529 3083 lilias
3557 3039 3664 3081 cum

2088 3110 2369 3178 pecoribus
2396 3120 2450 3165 ct
2484 3111 2731 3167 omnibus
2757 3130 2877 3183 quze
2916 3114 3143 3172 habebat
3164 3158 3179 3183 ,
3208 3120 3441 3189 populus
3466 3116 3663 3188 quidem

2087 3213 2206 3253 cum
2235 3217 2355 3255 cmn
2384 3220 2395 3268 |
2419 3202 2621 3266 uniret,
2644 3204 2799 3259 simul
2835 3205 3095 3276 lapidibus
3119 3208 3290 3264 obruit
3324 3228 3339 3265 :
3367 3225 3472 3264 nou
3503 3220 3662 3263 tamen

2089 3291 2188 3346 hoc
2205 3292 2402 3359 judicio
2421 3293 2670 3359 humano,
2689 3295 2781 3350 sed
2805 3297 3115 3368 prepheticu
3134 3300 3320 3369 spiritu
3344 3303 3472 3355 l'ecit
3488 3297 3549 3351 .le
3578 3309 3658 3357 us;

2087 3384 2199 3440 sive
2230 3386 2298 3439 ita
2341 3387 2672 3460 intelligens,
2704 3390 2873 3442 oumia
2897 3406 3011 3459 qua:
3053 3401 3168 3445 sunt
3195 3392 3273 3453 ei.
3303 3402 3364 3447 ut
3406 3406 3506 3447 uec
3542 3388 3661 3442 [ilius

2088 3491 2331 3535 eenscret
2356 3490 2608 3551 exceptos
2623 3524 2637 3546 ,
2667 3482 3004 3551 hmidationis
3024 3484 3182 3537 etiam
3208 3500 3423 3555 ptrnam
3444 3498 3537 3554 pro
3558 3483 3661 3552 igne

2090 3572 2364 3641 ingerens;
2391 3573 2501 3627 sive
2537 3588 2700 3642 opera
2744 3574 2860 3641 ejus
2888 3591 3005 3642 qua!
3043 3587 3159 3645 post
3200 3587 3432 3631 mortem
3463 3576 3590 3628 Deus
3615 3569 3661 3624 in

2091 3661 2182 3716 illo
2209 3662 2379 3718 lucrm
2403 3676 2733 3719 crematurus
2753 3706 2769 3730 ,
2792 3681 2895 3719 non
2920 3667 3090 3720 solum
3120 3684 3213 3736 prr
3235 3678 3433 3723 Ca-tcra
3463 3682 3574 3739 quze
3594 3661 3661 3718 illi

2089 3764 2239 3810 crant
2259 3797 2274 3819 ,
2307 3770 2489 3810 verum
2520 3757 2677 3810 etiam
2710 3773 2801 3826 per
2829 3757 2964 3811 ﬁlios
2991 3759 3107 3829 ejus
3134 3742 3473 3830 signiﬁcans.

2161 3843 2270 3901 Nec
2307 3846 2427 3900 ideo
2456 3861 2586 3902 sane
2612 3849 2938 3903 credendum
2971 3859 3054 3905 est
3082 3866 3174 3905 eos
3206 3867 3301 3921 pro
3338 3858 3553 3923 peccato
3581 3859 3657 3918 pa-

2092 3938 2188 3994 tris
2209 3981 2221 4003 ,
2246 3954 2273 3992 a
2297 3954 2402 4009 quo
2430 3941 2734 3997 innocentes
2755 3948 2940 4008 erant,
2971 3943 3126 3997 etiam
3153 3955 3271 4015 post
3297 3958 3521 4000 mortem
3542 3956 3653 4010 sup-

2093 4031 2252 4101 plicio
2297 4031 2488 4087 inferni
2522 4033 2657 4104 ignis
2687 4034 2950 4090 incensos.
2994 4035 3135 4090 Mors
3178 4039 3375 4109 quippe
3419 4039 3515 4093 ista
3553 4046 3655 4105 qua:

2091 4136 2280 4177 omnes
2306 4132 2519 4190 manet,
2547 4126 2788 4195 quamvis
2816 4126 2883 4181 de
2908 4125 3079 4195 primo
3110 4138 3330 4199 peccato
3360 4131 3529 4185 veniat
3549 4167 3561 4189 ,
3588 4135 3653 4178 ta-

2092 4228 2214 4268 men
2259 4216 2379 4285 quia
2419 4215 2487 4269 ita
2518 4217 2621 4270 nati
2652 4232 2864 4284 smnus,
2895 4228 2950 4271 ut
2993 4220 3297 4275 necessario
3339 4217 3652 4276 moriendum

2091 4306 2193 4370 sit,
2224 4309 2514 4363 accelcrata
2551 4308 2864 4377 quibusdam
2892 4318 2974 4365 est
3018 4310 3178 4366 utilis.
3207 4309 3359 4368 Unde
3392 4312 3571 4384 legitur
3593 4305 3652 4363 de

2091 4398 2319 4469 quodam
2344 4417 2357 4455 :
2385 4399 2582 4469 Raptus
2621 4410 2723 4465 est,
2764 4416 2828 4455 ne
2872 4402 3066 4457 malitia
3114 4414 3325 4457 mutaret
3371 4404 3650 4458 inici/cuum

2093 4492 2201 4558 eius
2234 4490 2385 4563 (Snp.
2412 4506 2489 4557 tv,
2524 4493 2634 4563 ll).
2680 4493 2797 4560 Quo
2824 4510 2950 4565 ergo
2970 4494 3173 4564 judicio
3204 4497 3326 4564 Dei,
3356 4499 3439 4552 vel
3467 4490 3649 4550 miscri-

2094 4583 2271 4639 cordia
2292 4626 2308 4651 ,
2338 4583 2496 4639 fuerit
2536 4584 2761 4657 irrogata
2789 4585 2903 4643 sive
2943 4588 3063 4640 (iliis
3088 4586 3205 4659 ejus
3225 4630 3239 4651 ,
3272 4588 3383 4643 sive
3430 4587 3529 4642 illis
3565 4580 3647 4636 tri-

2092 4674 2234 4747 ginta
2260 4689 2354 4733 sex
2383 4677 2512 4732 viris
2532 4719 2546 4741 ,
2570 4689 2690 4733 eum
2722 4692 2909 4733 onmes
2935 4677 3003 4734 ah
3023 4692 3138 4748 ejus
3165 4692 3381 4752 peccato
3407 4674 3553 4734 alieni
3580 4670 3641 4726 lu-

2094 4768 2271 4837 erint,
2304 4770 2427 4824 latet
2462 4769 2603 4840 apud
2632 4786 2753 4825 eum
2782 4769 2922 4841 apud
2962 4788 3117 4841 quem
3159 4788 3261 4827 non
3292 4782 3371 4829 est
3426 4766 3647 4841 iniquim

2095 4859 2271 4934 (Rom.
2301 4862 2523 4934 ιχ,14).
2556 4861 2750 4916 Verum
2780 4863 2905 4917 illud
2944 4864 2993 4917 in
3034 4875 3282 4937 promptu
3315 4876 3426 4931 est,
3449 4858 3575 4936 quod
3602 4862 3646 4911 et

2096 4953 2346 5026 populum
2393 4953 2695 5008 terribiliter
2732 4954 3011 5023 Oportebat
3040 4971 3282 5026 qumrerc
3310 4957 3448 5028 quod
3472 4949 3643 5007 admis-

2093 5061 2210 5102 sum
2240 5055 2351 5110 est;
2378 5054 2427 5099 et
2460 5054 2607 5099 tanto
2641 5046 3008 5103 vehementius
3045 5049 3332 5106 timuerunt
3366 5047 3535 5105 czeteri
3577 5038 3645 5095 is!"

2093 5148 2236 5194 etum
2267 5139 2382 5207 ejus
2407 5137 2617 5203 imitari,
2647 5149 2842 5211 quanto
2869 5145 3034 5211 magis
3066 5142 3290 5196 humana
3319 5141 3470 5198 exhot
3484 5145 3554 5193 ret
3578 5133 3643 5186 itt-

2097 5230 2353 5295 ﬁrnntas,
2389 5239 2439 5285 ct
2478 5230 2530 5284 in
2561 5239 2667 5286 tam
2710 5247 2955 5302 magnum
3001 5241 3212 5306 tamque
3249 5235 3450 5306 justum
3488 5218 3640 5303 populi

2094 5324 2272 5378 odium
2299 5320 2447 5386 dari,
2479 5333 2535 5377 et
2561 5325 2639 5377 eis
2668 5340 2800 5394 quos
2835 5325 2901 5379 ad
2928 5340 3078 5395 spem
3114 5329 3434 5399 propagandi
3457 5317 3638 5399 generis

2093 5430 2153 5472 se
2182 5415 2488 5471 relicturum
2522 5416 2767 5486 putabat,
2795 5428 3013 5489 peccato
3028 5402 3129 5476 suo
3149 5433 3327 5476 secum
3345 5408 3638 5483 consumptis

2093 5510 2205 5566 suis
2231 5507 2454 5579 posteris
2476 5508 2665 5565 emori.

2164 5600 2234 5658 Χ.
2252 5600 2354 5676 [Ιιι.
2381 5617 2491 5670 vut,
2513 5599 2595 5677 2.]
2623 5598 2775 5669 Quod
2805 5601 2945 5658 Deus
2962 5603 3113 5675 jubet
3134 5604 3358 5678 loquens
3379 5603 3443 5661 ad
3460 5601 3634 5660 Iesum.

2095 5701 2159 5751 ut
2180 5694 2472 5750 constituat
2489 5693 2590 5750 sibi
2614 5705 2881 5751 retrorsus
2905 5694 3121 5753 insidias
3136 5739 3157 5767 ,
3179 5696 3238 5753 id
3256 5707 3345 5753 est
