3862 6334
181 255 277 326 ἵει

189 350 470 428 bellatores
494 365 559 420 ad
582 361 934 425 insidiandum
957 358 1198 430 hostiqu
1216 399 1232 424 ,
1259 355 1384 412 hinc
1403 354 1754 426 atlmOucmur

191 476 291 523 neu
315 460 506 526 injuste
535 456 646 511 licri
677 455 744 508 ah
773 453 855 521 his
881 454 967 523 qui
995 451 1194 522 justum
1235 448 1430 503 bclhuu
1457 460 1648 520 gerunt
1672 466 1685 516 ς
1708 456 1765 520 ut

192 551 319 616 nihil
363 548 524 603 homo
557 547 730 616 justus
771 543 1034 618 przecipue
1074 543 1307 610 cogitare
1346 539 1536 605 debeat
1586 539 1637 592 in
1684 539 1765 593 his

148 695 156 710 ,
191 642 379 708 rebus,
409 637 507 692 nisi
532 627 797 706 utjustum
828 635 1021 689 bellum
1049 631 1334 706 suscipiat,
1363 631 1445 685 cui
1466 629 1664 692 bellare
1691 627 1769 683 fas

191 742 303 802 est;
337 745 441 784 non
473 728 613 786 enim
641 740 890 780 omnmus
916 723 994 779 fas
1036 734 1136 778 est.
1179 723 1310 777 Cum
1351 732 1526 776 autem
1567 721 1766 802 justum

193 799 391 888 bellum
417 818 730 888 susceperit.
753 827 925 870 utrum
949 826 1129 885 aperta
1154 829 1344 884 pugna,
1366 821 1540 882 utrum
1567 799 1769 866 insidiis

193 911 366 974 vincat
386 951 400 974 ,
425 907 554 962 nihil
583 907 648 961 ad
676 907 936 978 justitiam
979 906 1218 959 interest.
1246 902 1392 958 Justa
1424 911 1600 956 autem
1635 901 1768 969 bella

193 1002 398 1069 deliniri
421 1001 630 1066 solent,
657 1014 776 1069 qure
803 997 1128 1052 ulciscuntur
1158 993 1410 1070 injurias,
1438 993 1482 1047 si
1515 1009 1614 1064 qna
1643 1007 1771 1061 gens

192 1093 273 1146 vel
294 1092 484 1145 civitas
504 1133 518 1154 ,
548 1107 666 1161 qua:
692 1088 829 1144 bello
873 1086 1097 1160 petenda
1123 1095 1200 1140 est
1220 1128 1236 1154 ,
1267 1085 1351 1140 vel
1387 1084 1656 1138 vindicare
1681 1099 1774 1137 ue-

191 1182 415 1258 glaxerit
438 1181 580 1252 quod
606 1199 632 1233 ει
655 1181 765 1236 suis
794 1179 1033 1251 improbe
1064 1177 1261 1233 factum
1288 1186 1371 1231 est
1391 1219 1404 1242 ,
1438 1175 1520 1230 vel
1549 1175 1773 1231 reddere

192 1274 331 1354 quod
374 1289 470 1343 per
510 1273 727 1342 injurias
754 1272 986 1326 ablatum
1017 1280 1120 1326 est.
1149 1269 1252 1325 Sed
1293 1269 1452 1324 etiam
1482 1268 1582 1322 hoc
1606 1284 1775 1338 genus

191 1365 312 1420 belli
345 1367 462 1420 sine
483 1365 810 1419 dubitatione
834 1365 1031 1432 justum
1059 1373 1174 1429 est,
1204 1361 1344 1432 quod
1373 1362 1510 1416 Deus
1529 1361 1772 1430 imperat,

190 1457 325 1530 apud
372 1474 534 1527 quem
582 1473 686 1511 non
717 1467 798 1511 est
839 1457 1117 1525 iniquitas,
1144 1465 1198 1510 et
1235 1457 1382 1509 novit
1420 1454 1544 1524 quid
1585 1456 1774 1523 cuique

195 1550 303 1605 ﬁeri
331 1549 548 1605 debeat.
581 1549 635 1604 In
661 1566 766 1619 quo
788 1549 928 1603 hcllo
947 1547 1135 1602 ductor
1155 1547 1419 1601 exercitus
1441 1546 1519 1600 vel
1549 1547 1660 1615 ipse
1679 1561 1774 1614 po-

194 1642 342 1714 pulus
361 1684 376 1705 ,
409 1658 516 1697 non
544 1654 649 1697 tam
687 1653 872 1696 auctor
898 1641 1060 1706 belli,
1088 1656 1245 1712 quant
1277 1637 1778 1708 ministcrjudican-

192 1731 287 1787 dus
317 1743 419 1788 est.

261 1823 350 1878 XI.
398 1822 502 1900 [lb.
531 1839 643 1888 vui,
665 1821 804 1897 1-8.]
834 1823 990 1877 Jesus
1017 1824 1230 1877 mittens
1264 1820 1330 1874 ad
1377 1819 1470 1876 Gai
1501 1819 1776 1884 debellan-

193 1915 314 1969 dum
345 1917 560 1985 triginta
590 1917 749 1980 millia
787 1916 1101 1970 bellatorum
1121 1955 1138 1981 ,
1169 1916 1242 1967 ait
1275 1913 1410 1968 illis:
1446 1911 1541 1966 l'os
1570 1912 1780 1966 insidia-

195 2008 362 2061 biniiui
392 2017 506 2082 post
544 2008 788 2061 civitatem
809 2048 823 2071 ,
848 2017 894 2060 ct
929 2024 1028 2060 non
1059 2007 1206 2077 longe
1240 2005 1377 2058 eritis
1417 2023 1449 2058 ιι
1481 2005 1708 2068 riritate,
1732 2013 1777 2056 et

195 2100 326 2154 eritis
358 2117 534 2154 outues
567 2100 733 2171 parati
755 2115 772 2152 :
791 2110 838 2151 et
867 2116 956 2172 ego
981 2108 1026 2154 et
1051 2099 1212 2152 omnis
1244 2099 1459 2168 papulas
1484 2097 1570 2167 qui
1588 2112 1779 2149 mecum

194 2200 262 2244 est
283 2233 294 2254 ,
324 2189 622 2244 accedemus
647 2189 715 2242 ad
751 2189 1018 2244 civitatem.
1047 2187 1114 2242 Et
1140 2190 1230 2242 erit
1253 2231 1266 2252 ,
1299 2206 1411 2242 cum
1458 2188 1665 2242 exierint
1695 2187 1780 2258 qui

195 2291 569 2346 continerentur
595 2282 646 2334 in
688 2279 812 2344 Gai,
846 2281 896 2334 in
937 2279 1131 2333 obviam
1166 2281 1496 2342 nobis,_sicut
1525 2289 1701 2343 antea,
1733 2286 1780 2331 et

197 2374 442 2444 fugiamus
463 2391 495 2425 ιι
521 2374 649 2444 [acie
673 2374 895 2426 illorum.
931 2370 996 2426 Et
1025 2388 1136 2424 cum
1165 2371 1374 2425 exierint
1397 2379 1504 2440 pos.“
1533 2387 1622 2423 nos
1643 2412 1657 2434 ,
1689 2371 1781 2422 ad-

196 2464 430 2518 ducemus
450 2464 567 2519 illos
593 2465 654 2518 de
679 2465 906 2530 civitate,
935 2475 980 2516 et
1009 2464 1203 2526 dicent,
1236 2461 1460 2534 Fugiunt
1488 2461 1572 2515 isti
1597 2479 1626 2513 a
1652 2462 1783 2534 facit:

197 2567 391 2618 nostra,
421 2558 550 2610 sicut
590 2567 757 2610 antea.
804 2554 899 2608 Vos
925 2566 1089 2609 autem
1124 2555 1401 2625 exsurgetis
1429 2571 1492 2608 ex
1511 2554 1709 2616 insidiis
1735 2563 1782 2607 et

194 2647 326 2701 ibitis
377 2649 429 2702 in
479 2647 743 2700 riritatem.
795 2645 1086 2700 Secundum
1134 2645 1332 2699 verbum
1381 2644 1517 2699 istud
1562 2644 1778 2717 {acii-tis.

197 2735 324 2791 Ecce
347 2739 587 2809 prwcipio
610 2739 764 2791 vobis.
794 2736 1148 2805 Qna'rendnm
1184 2747 1266 2791 est
1295 2747 1467 2789 utrum
1492 2736 1664 2791 innuis
1687 2750 1781 2791 vo-

195 2826 370 2883 luntas
402 2829 614 2882 fallendi
647 2845 740 2898 pro
767 2827 1042 2884 mendacii.
1070 2827 1368 2896 deputamla
1410 2828 1508 2893 sit;
1539 2837 1592 2881 et
1624 2826 1667 2880 si
1712 2827 1780 2880 ita

196 2930 309 2986 est,
341 2933 516 2975 ntrnm
546 2922 708 2990 possit
752 2921 950 2992 justum
996 2937 1117 2975 esse
1157 2920 1524 2982 mendacium,
1559 2937 1663 2989 quo
1694 2905 1782 2972 ille

199 3007 415 3078 fallitur,
446 3013 532 3083 qui
565 3012 756 3083 dignus
777 3023 857 3067 est
887 3010 996 3066 falli
1019 3021 1102 3065 :et
1124 3012 1164 3064 si
1193 3027 1260 3065 uc
1282 3012 1381 3065 hoc
1402 3010 1613 3082 quidem
1633 3026 1780 3064 men-

195 3102 402 3157 dacium
420 3104 620 3172 justum
653 3105 932 3173 reperitur,
958 3110 1124 3159 restat
1147 3111 1201 3156 ut
1221 3102 1511 3156 scentulum
1541 3101 1774 3170 aliquam

195 3196 632 3267 signiliCatioucm
662 3197 762 3251 hoc
782 3239 794 3259 ,
819 3196 960 3268 quod
989 3195 1058 3251 dc
1099 3194 1306 3250 insidiis
1340 3193 1538 3250 factum
1566 3201 1648 3249 cst
1669 3235 1682 3260 ,
1713 3192 1778 3246 ad

195 3289 470 3340 feritatem
491 3284 774 3341 referatur.

265 3378 383 3433 XII.
414 3378 513 3452 [11).
558 3379 696 3444 ις,’5
731 3377 837 3452 15]
863 3379 1014 3446 Quod
1057 3377 1367 3432 Cabaonitm
1410 3385 1673 3433 venerunt
1715 3377 1782 3430 ad

195 3463 377 3540 Jesum
410 3489 529 3525 cum
560 3472 780 3525 vetustis
816 3470 1038 3540 partibus
1067 3478 1121 3523 et
1148 3470 1345 3535 saccis,
1371 3480 1422 3523 ut
1447 3479 1781 3539 putarentur,

195 3564 334 3618 sicut
368 3564 661 3629 tinxerant,
686 3562 751 3616 de
784 3570 921 3614 terra
965 3561 1177 3615 venisse
1220 3560 1533 3629 longinqua,
1565 3577 1668 3630 quo
1706 3561 1784 3614 eis

199 3664 510 3726 parceretur
535 3651 900 3728 (Constilntum
923 3653 1062 3708 enim
1086 3661 1197 3706 erat
1222 3669 1249 3704 a
1276 3653 1518 3718 llomiuo,
1537 3668 1602 3707 ne
1628 3653 1782 3707 alicui

200 3749 375 3801 terras
418 3747 533 3799 illas
570 3746 880 3800 inbabitauti
932 3751 1236 3814 parcerent,
1267 3759 1372 3814 quo
1413 3743 1785 3814 ingredieban-

207 3837 313 3908 tur)
347 3853 360 3888 :
396 3837 634 3890 nmmulli
663 3837 874 3891 codices
912 3847 964 3890 ct
991 3836 1147 3906 διοινςί
1177 3843 1231 3890 ct
1261 3836 1406 3889 latini
1453 3837 1669 3900 habent,
1714 3835 1780 3890 Et

202 3929 498 3998 accipientes
527 3946 696 3983 sui-ros
719 3938 900 3982 veteres
929 3945 1080 3997 super
1104 3929 1336 3982 [nuneros
1363 3945 1518 3994 suos;
1543 3929 1632 3982 alii
1659 3944 1785 3984 vero

203 4019 288 4088 qui
321 4022 620 4073 veraciores
642 4018 904 4081 videntur,
938 4037 1043 4073 non
1083 4019 1308 4082 habent,
1337 4037 1488 4090 super
1514 4022 1781 4088 humeros,

205 4109 315 4188 sed.
344 4128 494 4181 super
518 4113 687 4165 asinos
707 4128 843 4165 suos.
874 4110 1178 4166 Similitudo
1199 4112 1338 4165 enim
1366 4112 1509 4167 verbi
1536 4113 1588 4166 in
1610 4128 1784 4182 grzrca

206 4189 379 4273 lingua
435 4205 846 4259 mendositatcm
893 4204 1099 4259 facilem
1157 4203 1307 4269 fecit,
1349 4213 1404 4260 el.
1454 4205 1574 4260 ideo
1620 4206 1781 4261 latina

206 4283 409 4365 quoque
445 4298 766 4367 exemplaria
794 4298 991 4350 variata
1033 4305 1156 4350 sunt
1177 4315 1190 4351 :
1213 4303 1346 4366 ὤμω)
1370 4298 1564 4369 quippe
1591 4310 1642 4352 et
1671 4306 1784 4354 ὅλων

208 4373 306 4438 neu
337 4389 558 4441 nmltnm
590 4388 657 4440 ab
685 4389 907 4442 invicem
930 4388 1234 4455 dissonant,
1258 4406 1480 4459 quorum
1510 4391 1658 4460 prius
1689 4392 1785 4444 lzn-

207 4489 471 4532 mererum
523 4493 715 4534 nomen
756 4490 862 4541 est,
903 4481 1173 4551 posterius
1213 4481 1505 4536 asinorum.
1539 4482 1660 4538 Ideo
1702 4493 1784 4538 est

208 4575 373 4624 autem
405 4571 476 4624 de
502 4571 666 4623 asinis
692 4570 998 4625 credibilius
1018 4611 1032 4634 ,
1064 4571 1311 4640 quoniam
1352 4588 1410 4627 se
1436 4587 1466 4626 a
1492 4587 1585 4626 sua
1627 4583 1786 4644 gente

209 4655 486 4731 longinqua
528 4662 718 4717 missos
764 4677 884 4716 esse
925 4661 1216 4716 dixerunt:
1247 4663 1387 4717 unde
1425 4677 1649 4733 apparet
1690 4681 1784 4722 cos

208 4746 362 4807 fuisse
391 4754 591 4823 legatos
611 4794 624 4818 ,
653 4763 706 4808 et
736 4755 855 4808 ideo
877 4755 1042 4823 magis
1069 4755 1120 4808 in
1146 4755 1310 4809 asinis
1339 4771 1494 4827 quam
1520 4757 1570 4810 in
1601 4757 1786 4812 hume-

209 4841 278 4897 ris
303 4846 600 4900 necessaria
633 4856 844 4915 portare
886 4845 1123 4915 potuisse
1154 4863 1169 4913 ;
1199 4847 1321 4918 quia
1368 4863 1464 4903 nec
1491 4848 1641 4902 multi
1667 4864 1814 4918 esse.

209 4945 474 5004 poterant;
501 4943 556 4992 ct
599 4953 702 4990 non
747 4937 917 4990 solum
947 4953 1162 5001 saccos,
1189 4937 1284 4994 sed
1329 4938 1491 4994 etiam
1523 4949 1665 4996 utres
1691 4955 1786 4996 eos

213 5037 438 5093 portasse
471 5027 745 5099 Scriptura
770 5041 1173 5085 commemorat.

277 5113 408 5175 Xlll.
441 5120 543 5195 [lb.
574 5135 657 5187 Ix,
691 5119 803 5194 19.]
829 5121 1005 5188 Qua-ri
1051 5131 1222 5190 potest
1263 5123 1532 5194 quomodo
1564 5125 1788 5196 juratio-

217 5219 329 5262 nem
355 5213 665 5267 servandam
705 5227 826 5268 esse
869 5212 1192 5268 crediderint
1223 5215 1426 5270 llebrtei
1457 5215 1784 5282 Gabaonitis,

219 5297 397 5362 quibus
426 5303 494 5356 ita
534 5297 877 5373 juravenmt,
925 5313 1172 5373 tanquam
1203 5303 1271 5359 de
1319 5305 1602 5378 longinqua
1648 5318 1785 5363 terra

220 5391 559 5458 venientibus,
587 5395 721 5449 sicut
748 5396 819 5449 illi
851 5397 1052 5450 mentiti
1084 5395 1312 5452 fuerant.
1367 5397 1617 5453 Sciebant
1644 5401 1784 5454 enim

223 5489 279 5534 ss
301 5481 656 5551 debellandos,
685 5487 730 5541 si
756 5489 1020 5558 cognitum
1043 5499 1185 5544 esset
1214 5489 1454 5544 Hebraeis
1482 5490 1534 5545 in
1558 5507 1617 5545 ea
1648 5501 1786 5546 terra

224 5579 313 5648 eos
355 5573 622 5642 habitare,
670 5593 828 5645 quam
879 5578 1192 5648 promissam
1242 5579 1452 5636 fuerant
1501 5582 1789 5637 interfectis

227 5653 584 5723 habitamibus
626 5669 906 5723 reteutnri.
960 5671 1334 5726 Munientibus
1373 5686 1506 5743 ergo
1536 5671 1680 5742 quod
1720 5674 1792 5727 de

1560 234 1764 296 uasa
1795 231 2085 322 scarus.

3344 242 3453 313 78!

1873 351 2157 426 longinqua
2203 357 2344 408 terra
2391 349 2456 405 ad
2505 365 2601 408 eos
2646 352 2958 419 venissent,
3005 353 3318 427 lui-arerem
3365 359 3445 416 eis

1869 437 2142 500 Israelitte.
2172 443 2518 515 Posteaquam
2557 458 2683 498 vero
2723 458 3082 515 cognoverunt
3107 447 3179 502 ibi
3217 465 3311 504 eos
3349 449 3444 506 ha-

1871 537 2062 606 bitare,
2094 536 2181 590 ubi
2202 549 2386 590 omnes
2413 550 2546 607 quos
2571 537 2877 592 invenerant
2895 541 3181 593 secundum
3207 540 3296 595 Dei
3320 557 3460 611 prte-

1872 637 2081 698 ccptum
2113 627 2384 682 debellare
2421 627 2734 696 oportebat,
2777 627 3059 684 noluerunt
3097 639 3272 686 tamen
3303 632 3447 686 fran-

1870 736 1998 794 gere
2036 719 2354 788 jurationem
2389 737 2401 772 :
2432 728 2486 774 et
2529 718 2651 774 licet
2689 735 2782 774 eos
2810 721 3062 777 mentitos
3089 739 3208 779 esse
3231 724 3450 780 didicis-

1873 819 2012 873 sent,
2043 826 2263 882 p-ircere
2291 810 2593 864 maluerunt
2631 809 2913 880 jumtionis
2937 827 3126 879 causa;
3175 830 3295 870 cum
3328 833 3449 887 pos-

1875 913 1994 958 sent
2023 904 2201 973 utique
2227 902 2406 957 dicere
2430 917 2490 958 se
2521 913 2718 956 tantum
2750 904 2856 960 illis
2874 905 3086 975 jurasse
3113 908 3160 972 ⁸,
3195 923 3328 979 quos
3357 925 3451 965 eos

1875 1009 1995 1050 esse
2026 993 2381 1053 crediderant.
2417 993 2466 1047 id
2497 996 2660 1049 estde
2686 994 2972 1066 lonqinquo
3000 1001 3304 1066 venientes;
3333 1016 3454 1056 cum

1877 1100 2007 1140 vero
2032 1084 2176 1139 aliud
2202 1093 2585 1154 cogitaverunt,
2617 1098 2930 1158 pra-ceptum
2961 1089 3098 1145 circa
3126 1106 3219 1146 eos
3251 1092 3456 1148 Domini

1877 1176 2200 1248 implendum
2223 1186 2360 1240 erat,
2389 1183 2446 1230 ut
2472 1176 2625 1231 sicuti
2643 1180 2820 1234 caeteri
2839 1193 3284 1253 expugnarentur.
3321 1186 3458 1240 Dens

1878 1276 2055 1319 autem
2091 1266 2189 1321 hoc
2217 1266 2567 1335 approbavit,
2611 1283 2709 1322 nec
2752 1272 3090 1339 parcentibus
3113 1275 3456 1331 succensuit:

1879 1361 2120 1430 quamvis
2149 1376 2268 1414 eum
2302 1375 2407 1414 non
2444 1361 2856 1431 interrogassent
2896 1366 3110 1435 quinam
3157 1368 3230 1422 illi
3259 1381 3459 1436 essent,

1880 1460 1933 1505 et
1963 1451 2084 1506 ideo
2121 1467 2216 1507 eos
2263 1451 2336 1505 illi
2380 1451 2562 1508 fallere
2593 1454 2904 1510 Valuissent.
2952 1455 3101 1513 Unde
3130 1473 3232 1512 non
3264 1461 3463 1530 impor-

1882 1550 2008 1597 tune
2051 1543 2230 1614 utique
2260 1543 2511 1598 credendi
2555 1553 2678 1599 sum
2706 1586 2723 1613 ,
2767 1548 2864 1601 etsi
2893 1547 3074 1604 fallere
3103 1549 3342 1607 homines
3367 1570 3463 1624 pro

1883 1647 1976 1687 sua
2004 1634 2176 1689 Salute
2213 1634 2490 1689 voluerunt
2513 1677 2527 1697 .
2570 1650 2675 1691 non
2712 1647 2886 1692 tamen
2919 1638 3173 1696 fallaciter
3205 1644 3367 1698 Deum
3400 1644 3466 1700 ti—

1884 1725 2085 1782 muisse
2136 1727 2184 1778 iu
2236 1726 2431 1796 populo
2475 1726 2592 1797 ejus
2633 1745 2648 1783 :
2692 1739 2972 1798 propterea
3019 1747 3118 1786 nec
3166 1737 3466 1792 succensuit

1885 1816 2139 1871 Dominus
2162 1816 2464 1887 jurautibns
2490 1826 2582 1872 aut
2622 1822 2956 1889 parcentibns
2977 1863 2993 1888 ,
3037 1823 3171 1879 adeo
3198 1836 3253 1880 ut
3285 1839 3461 1897 postea

1886 1906 2210 1964 Galzaouitas
2236 1911 2378 1980 ipsos
2397 1919 2642 1980 tanquam
2667 1914 2840 1982 populi
2866 1917 2944 1969 sui
2967 1915 3206 1973 homines
3223 1921 3288 1973 de
3304 1921 3465 1977 dumo

1883 2000 2009 2054 Sai'tl
2049 2001 2432 2067 vindicaverit,
2475 2002 2610 2057 sicut
2651 2002 2951 2071 Regnorum
2979 2010 3208 2064 ostendit
3245 2011 3461 2067 historia

1887 2090 1951 2163 (ll
1983 2091 2106 2160 Reg.
2143 2106 2257 2154 ut,
2281 2091 2420 2164 l-9).
2451 2092 2514 2148 Et
2542 2095 2791 2164 quoniam
2814 2096 3010 2165 juratio
3034 2101 3112 2154 sic
3135 2111 3341 2157 servata
3360 2114 3460 2171 cst,

1885 2186 2127 2250 quamvis
2155 2185 2203 2236 in
2234 2182 2537 2239 horninibus
2562 2184 2651 2255 qui
2680 2188 2882 2241 nu-ntiti
2907 2200 3051 2255 sunt,
3077 2201 3132 2246 ιιι
3151 2195 3216 2247 ad
3241 2197 3465 2251 clemen-

1890 2273 2017 2327 tiam
2039 2277 2301 2328 scutentia
2334 2279 2650 2340 lli-cterctur,
2681 2294 2784 2332 non
2809 2279 3076 2350 displicuit
3101 2283 3228 2339 Deo.
3258 2285 3388 2341 Nam
3419 2289 3465 2343 si

1886 2378 1918 2417 c
1959 2366 2228 2418 contrario
2268 2365 2535 2433 jttlaSSL'lll
2569 2367 2773 2437 aliquos
2799 2386 2856 2423 se
2883 2371 3280 2440 interfecturos,
3332 2392 3466 2448 quos

1891 2453 2214 2511 Gabaonitas
2246 2457 2295 2508 in
2329 2466 2468 2511 terra
2497 2459 2860 2526 promissionis
2886 2477 3004 2518 esse
3038 2468 3384 2536 punivissent,
3412 2479 3467 2525 et

1886 2557 2070 2636 postea
2118 2547 2426 2602 didiciSScut
2465 2563 2559 2602 eos
2598 2551 2812 2605 esseab
2851 2553 2934 2605 illa
2975 2563 3111 2608 terra
3159 2559 3462 2628 extraneos,

1885 2639 2028 2692 etde
2059 2638 2348 2708 longinquo
2374 2639 2439 2693 ad
2470 2655 2528 2694 se
2561 2642 2808 2708 venisse,
2843 2645 2986 2696 nullo
3016 2648 3174 2700 modo
3199 2651 3462 2705 arbitran-

1886 2729 2012 2786 dum
2041 2742 2140 2787 est.
2169 2731 2309 2802 quod
2334 2745 2426 2786 eos
2455 2744 2632 2786 essent
2657 2733 2968 2789 debellaturi
3005 2753 3162 2794 causa
3185 2741 3468 2807 jurationis

1888 2823 2172 2893 impleudge
2205 2843 2216 2876 :
2248 2839 2368 2878 eum
2416 2835 2632 2894 prepter
2661 2826 2825 2895 ipsam
2857 2832 3100 2896 parcendi
3127 2832 3468 2890 clctllcttliam

1887 2926 2102 2970 sanctus
2132 2916 2293 2971 David
2318 2960 2332 2982 ,
2361 2918 2518 2971 etiam
2551 2926 2669 2986 post
2701 2919 2856 2972 verba
2882 2921 3072 2990 quibus
3100 2937 3159 2977 se
3187 2924 3348 2979 Nabal
3383 2927 3463 2980 in-

1888 3009 2232 3064 terfecturum
2258 3011 2688 3080 essejuraverat,
2721 3012 2899 3082 utique
2925 3015 3098 3070 sciens
3117 3033 3273 3087 trucm
3296 3019 3469 3075 fuerat

1889 3101 2264 3157 interfecturus
2289 3143 2304 3168 ,
2335 3117 2551 3171 parcere
2579 3103 2757 3156 maluit
2780 3144 2794 3168 ,
2837 3119 2934 3159 nec
2961 3107 3009 3159 in
3039 3124 3096 3162 re
3125 3109 3337 3168 duriore
3364 3111 3464 3168 im-

1885 3193 2032 3263 plere
2079 3193 2436 3261 juranu-ntum
2487 3192 2542 3264 (1
2589 3191 2714 3265 Ileg.
2750 3209 2892 3262 xxv,
2953 3196 3062 3264 2‘2,
3106 3199 3246 3273 '55);
3300 3204 3470 3273 magis

1889 3284 2001 3339 Deo
2030 3286 2238 3353 placere
2278 3288 2621 3349 existimans,
2669 3289 2714 3341 si
2753 3289 2892 3357 quod
2937 3291 3009 3344 ira
3039 3298 3375 3361 perturbatus
3401 3299 3469 3353 ad

1888 3375 2186 3430 nocendum
2205 3376 2322 3443 jura
2333 3387 2502 3442 verat,
2531 3395 2631 3430 non
2656 3380 2884 3446 fecisset,
2903 3397 3060 3452 quam
3080 3388 3121 3438 si
3141 3391 3468 3456 perfecisset.

1957 3465 2097 3521 XIV.
2128 3465 2226 3539 [lb.
2258 3484 2320 3532 κ,
2352 3469 2382 3523 7
2405 3509 2417 3531 ,
2439 3469 2518 3541 8.]
2549 3469 2678 3522 Cum
2708 3471 2909 3528 obsessi
2937 3474 3246 3533 Gabaonit:e
3269 3499 3297 3534 a
3329 3485 3469 3553 regi-

1886 3557 1984 3613 bus
2017 3559 2443 3614 Amorihmornm
2465 3603 2478 3627 ,
2506 3563 2767 3618 misissent
2801 3566 2867 3619 ad
2891 3566 3095 3632 Jesum,
3122 3583 3175 3625 ut
3203 3574 3302 3628 sibi
3329 3578 3459 3632 sub-

1889 3649 2191 3711 vcairetur;
2224 3650 2293 3702 ita
2321 3649 2594 3722 Scriptura
2624 3655 2879 3724 sequitur.
2913 3669 2965 3713 et
2993 3659 3119 3715 dicit
3149 3680 3161 3715 :
3197 3663 3263 3717 Et
3289 3682 3466 3722 ascert-

1887 3740 1960 3794 dit
1985 3739 2138 3794 Jesus
2167 3759 2196 3794 (ι
2225 3741 2442 3814 (ia/gula
2461 3786 2475 3809 ,
2525 3745 2632 3814 ipse
2654 3757 2700 3800 et
2729 3751 2890 3804 omnis
2923 3754 3138 3823 populus
3156 3757 3467 3816 "bellatorum

1888 3849 2003 3886 cum
2032 3832 2152 3898 illo,
2193 3835 2356 3889 ouinis
2387 3847 2560 3904 potens
2592 3839 2643 3892 in
2681 3841 2989 3908 fortitudine.
3040 3846 3106 3900 Et
3133 3850 3258 3904 disi!
3284 3851 3468 3909 Domi-

1889 3941 1984 3979 uus
2009 3925 2078 3978 ad
2102 3928 2307 3993 Iesum,
2342 3927 2466 3982 Noli
2508 3930 2680 3984 timere
2721 3933 2870 3996 illos;
2907 3936 2959 3990 in
2988 3953 3168 3993 manus
3195 3944 3324 3996 enim
3357 3953 3470 4000 tuas

1888 4017 2074 4070 tradidi
2101 4035 2183 4072 cos
2210 4034 2229 4073 :
2254 4036 2352 4074 non
2378 4021 2607 4075 subsistet
2629 4039 2691 4077 επ
2715 4024 2816 4079 illis
2838 4027 3098 4096 quisquam
3116 4046 3285 4086 caram
3313 4034 3465 4090 vobis.

1891 4108 1987 4164 Ubi
2018 4125 2186 4179 neque
2215 4114 2489 4166 consultus
2513 4122 2592 4167 est
2632 4113 2885 4170 Dominus
2911 4129 3084 4174 utrum
3127 4123 3357 4179 eundum
3400 4126 3467 4182 ad

1887 4216 1980 4256 eos
2017 4211 2199 4269 esset;
2241 4204 2332 4259 sed
2364 4207 2503 4259 ultro
2529 4207 2640 4261 suis
2663 4217 2809 4263 recte
2833 4210 3114 4270 subvenire
3143 4217 3462 4285 volentibus,

1885 4290 2115 4348 [utin-am
2178 4296 2452 4350 victoriam
2505 4300 2892 4365 pra'nuutiavit.
2945 4304 3032 4357 Sic
3079 4321 3205 4376 ergo
3257 4321 3457 4377 posset,

1887 4387 2129 4454 quamvis
2156 4401 2258 4440 non
2281 4388 2574 4452 CullSultltS,
2602 4390 2668 4443 de
2690 4391 2816 4459 ipsis
2831 4392 3138 4451 Gabaonitis
3156 4399 3463 4470 admonere,

1887 4475 1977 4545 qui
2003 4490 2062 4530 es
2081 4485 2202 4538 cut,
2232 4491 2352 4531 eum
2384 4493 2443 4533 se
2473 4478 2788 4551 lunginqnos
2812 4498 2932 4539 esse
2953 4490 3330 4560 mentirentur,
3365 4496 3466 4551 nisi

1888 4567 1935 4619 ei
1959 4567 2245 4635 placuisset
2272 4569 2357 4623 il3a
2383 4571 2609 4638 jnratio,
2647 4588 2765 4642 qua:
2789 4575 3041 4645 subiectis
3068 4594 3283 4649 parcere
3306 4600 3466 4655 coge-

1888 4669 1989 4714 ret.
2031 4659 2382 4717 Credideraut
2412 4665 2552 4718 enim
2583 4667 2691 4720 Deo
2711 4709 2724 4731 ,
2752 4685 2907 4737 quem
2933 4676 3210 4733 audierant
3240 4695 3337 4734 suo
3363 4697 3460 4752 po-

1890 4751 2016 4820 pulo
2051 4755 2358 4823 promisisse
2378 4757 2514 4826 quod
2544 4760 2657 4813 illas
2675 4771 2858 4831 gentes
2873 4766 3223 4837 subverteret,
3255 4788 3468 4830 eorum-

1889 4859 1994 4915 que
2022 4853 2218 4900 tcrram
2248 4847 2543 4913 obtineret;
2580 4860 2634 4906 et
2677 4850 2813 4910 hanc
2839 4870 3024 4912 eorum
3056 4861 3210 4916 tidem
3242 4879 3350 4918 non
3376 4878 3468 4920 eos

1891 4936 2165 5007 prodendo
2192 4939 2214 4970 ³
2243 4943 2595 4996 remuneravit
2616 4945 2843 5012 quodam
2876 4949 3053 5002 modo.

1960 5025 2080 5084 XV.
2107 5025 2205 5101 [|b.
2222 5045 2276 5093 χ,
2303 5029 2356 5094 5,
2383 5029 2462 5104 6.]
2483 5032 3204 5104 Quzeriturquemadmodum
3227 5056 3318 5098 rex
3341 5043 3470 5099 civi-

1889 5121 2014 5176 tatis
2038 5120 2331 5178 Jerusalcm
2371 5125 2741 5182 Adonibezcch
2782 5138 2838 5183 et
2877 5131 3057 5187 cmtcri
3095 5143 3320 5205 quatuor
3347 5153 3466 5194 cum

1890 5213 2078 5282 qiiibus
2103 5215 2311 5271 obsedit
2338 5215 2679 5282 Gabaonitas,
2710 5219 2997 5275 secundum
3021 5211 3360 5297 Septuaginta
3391 5230 3474 5284 iu-

1892 5310 2148 5373 terpretes
2167 5346 2182 5370 ,
2228 5307 2398 5375 primo
2441 5320 2594 5375 rcges
2616 5307 2979 5366 Jebusa-orum
3004 5326 3123 5366 cum
3153 5315 3216 5367 ad
3244 5332 3337 5371 eos
3365 5320 3465 5373 oh-

1891 5395 2142 5450 sidendos
2168 5406 2550 5459 convenerunt,
2583 5410 2760 5467 postea
2788 5415 2914 5454 vero
2945 5417 3096 5472 reges
3130 5407 3468 5464 Atiiorrbteo-

1890 5503 2009 5543 rum
2051 5487 2294 5542 dicantur
2339 5487 2408 5541 ab
2449 5486 2578 5556 ipsis
2622 5487 2958 5557 Gabaonitis,
3004 5495 3214 5564 quando
3263 5500 3470 5558 nuntios

1957 5622 1976 5686 ξ
2004 5628 2129 5686 uss...
2154 5635 2202 5670 se
2225 5629 2452 5685 (iniquum
2472 5619 2569 5673 illis
2580 5623 2790 5685 jttrasse.

1956 5682 1982 5715 ³
2002 5683 2076 5732 sic
2093 5687 2202 5731 llas.
2223 5682 2334 5731 cuni
2357 5691 2454 5732 nat.
2481 5693 2534 5734 et
2554 5682 2650 5734 [ne
2676 5692 2732 5735 at
2748 5693 2824 5736 Er.
2842 5693 2898 5738 et
2914 5691 3054 5746 ιον..
3065 5690 3346 5746 perdenda.
