3862 6342
506 200 612 258 783

507 319 773 374 miserunt
810 315 877 372 ad
914 314 1129 380 Iesum,
1177 322 1236 368 ut
1259 328 1353 369 eos
1393 313 1459 368 de
1502 312 1777 368 obsidione
1820 309 2088 364 liberaret.

433 459 436 462 .
507 409 658 466 Sicut
681 418 857 464 autem
895 409 1156 478 inSpieere
1181 406 1450 476 potuimus
1480 405 1532 460 in
1566 420 1627 458 ca
1659 402 2094 474 interpretatione

510 517 630 572 qua:
655 517 722 556 ex
747 499 964 556 hebrzeo
989 506 1070 554 est
1089 539 1104 563 ,
1133 497 1414 567 utrobique
1442 495 1876 550 Amorrhzcorum
1904 493 2090 550 dicun-

509 603 594 646 tur
624 609 639 645 :
667 607 786 646 cum
825 598 1035 646 constet
1058 587 1422 644 Jebusacorum
1451 587 1614 643 fuisse
1649 602 1826 657 regem
1852 585 2084 640 civitatis

503 683 826 749 Jerusalem,
847 683 966 754 quia
985 683 1094 754 ipsa
1111 691 1192 738 est
1207 681 1344 737 dicta
1359 679 1520 737 Iebus
1541 691 1784 750 tanquam
1803 679 1944 733 illius
1967 693 2090 748 gen-

506 778 572 831 tis
597 776 910 847 metropolis
933 791 948 841 ;
978 785 1033 831 et
1059 785 1260 845 septem
1287 783 1472 844 gentes
1502 771 1795 842 satpissime
1817 769 2089 840 Scriptura

503 877 918 933 commemoret,
968 881 1103 938 quas
1154 864 1396 935 promisit
1433 864 1573 919 Deus
1615 861 2088 917 cxterminalurum

503 977 562 1016 se
587 977 706 1016 esse
731 976 760 1014 a
790 959 920 1015 facie
947 957 1124 1029 populi
1153 957 1234 1012 sui
1256 998 1270 1021 ,
1315 972 1379 1010 ex
1419 956 1611 1026 quibus
1639 970 1738 1007 una
1784 952 2089 1022 perhibetur

501 1051 958 1108 Amorrhzeorum.
982 1048 1094 1104 Nisi
1122 1047 1258 1103 forte
1287 1050 1387 1102 hoc
1417 1064 1608 1101 nomen
1642 1045 1937 1100 universale
1968 1042 2084 1099 fue-

498 1153 582 1198 rat
611 1142 846 1198 omnium
867 1184 882 1208 ,
918 1150 1008 1196 aut
1045 1140 1220 1210 potius
1247 1140 1464 1208 majoris
1505 1139 1668 1208 partis
1698 1156 1710 1192 :
1741 1149 1796 1192 ut
1825 1153 1928 1192 non
1958 1151 2082 1201 una,

499 1239 595 1294 sed
645 1239 823 1307 plures
868 1235 920 1290 in
965 1235 1048 1290 his
1093 1243 1296 1305 septem
1343 1237 1442 1287 hoc
1483 1233 1696 1286 nomine
1741 1238 2082 1294 tenerentur;

496 1330 741 1400 quamvis
783 1335 927 1384 esset
971 1327 1132 1382 etiam
1176 1342 1279 1380 una
1323 1325 1391 1379 de
1435 1335 1638 1393 septem
1665 1364 1680 1388 ,
1725 1339 1844 1393 quae
1886 1322 2082 1375 Amor-

499 1421 768 1476 rlucorum
810 1419 1024 1490 proprie
1053 1427 1332 1472 vocaretur
1378 1416 1515 1470 sicut
1559 1424 1641 1468 est
1676 1428 1800 1484 pars
1839 1412 2081 1483 quaedam

494 1531 613 1586 qua:
645 1513 857 1584 proprie
887 1513 1080 1568 dicitur
1110 1510 1269 1582 Libya
1292 1552 1307 1576 ,
1339 1509 1579 1580 quamvis
1608 1507 1710 1561 hoc
1735 1521 1929 1560 nomen
1961 1504 2077 1559 uni-

491 1621 662 1660 versa!
692 1603 885 1660 Africa:
926 1610 1227 1673 competat;
1275 1611 1328 1656 et
1374 1615 1498 1670 pars
1543 1598 1783 1669 quaedam
1809 1613 1926 1668 qua:
1955 1610 2080 1667 pro-

491 1697 609 1766 prie
645 1695 838 1750 dicitur
868 1695 990 1750 Asia
1017 1734 1033 1760 ,
1077 1693 1317 1763 quamvis
1342 1691 1522 1746 Asiam
1553 1691 1636 1744 vel
1662 1689 1938 1744 dimidium
1969 1697 2078 1742 ter-

493 1802 676 1841 rarum
719 1785 904 1840 orbem
937 1785 1150 1856 quidam
1171 1825 1186 1849 ,
1226 1782 1306 1836 vel
1337 1783 1426 1837 alii
1464 1783 1669 1836 tertiam
1704 1790 1904 1850 partem
1935 1779 2078 1834 orbis

490 1878 788 1949 posuerint.
820 1876 973 1942 Nam,
1014 1874 1154 1947 quod
1177 1883 1405 1939 constat,
1429 1883 1483 1928 et
1514 1872 1796 1928 Chananazi
1828 1881 2077 1942 tanquam

489 1983 594 2026 una
625 1986 755 2041 gens
783 1971 835 2025 in
881 1969 984 2024 illis
1013 1977 1216 2039 septem
1255 1974 1741 2022 commemorantur
1764 2006 1778 2032 ,
1818 1974 1872 2019 et
1900 1973 2076 2018 tamen

488 2064 734 2118 universa
767 2063 852 2117 illa
887 2072 1027 2117 terra
1045 2059 1372 2130 originaliter
1393 2069 1532 2114 terra
1557 2056 1809 2113 Chanaan
1832 2068 2071 2111 vocatur.

553 2153 695 2211 XVI.
729 2152 828 2227 [11).
861 2169 934 2220 ιι,
952 2154 1018 2208 14
1034 2163 1078 2207 ει
1096 2151 1205 2224 15.]
1236 2149 1354 2205 Non
1377 2151 1562 2204 dimisit
1584 2151 1635 2204 in
1662 2167 1721 2204 en
1744 2149 1894 2204 .lrsus
1921 2149 2072 2220 quid-

485 2265 634 2317 quam
677 2249 913 2316 spirans,
954 2248 1083 2300 sicut
1131 2246 1366 2316 pi'wcepit
1410 2244 1661 2299 Dominus
1707 2243 1873 2315 Moysi
1919 2261 2073 2315 puero

483 2356 596 2403 suo,
620 2347 663 2392 et
687 2336 890 2409 Moyses
909 2337 1141 2391 similiter
1156 2337 1392 2408 prtecepit
1410 2334 1441 2389 J
1449 2352 1556 2402 esu,
1581 2345 1626 2389 et
1652 2340 1728 2389 sic
1747 2336 1864 2407 frrit
1885 2335 2034 2388 .It'stts
2054 2350 2073 2388 :

482 2450 582 2486 non
610 2442 683 2486 est
713 2442 1055 2502 transgressus
1094 2430 1370 2500 quidquam
1397 2429 1458 2482 ob
1487 2427 1715 2482 omnibus
1743 2429 1920 2499 quibus
1947 2443 2070 2480 ron-

481 2523 645 2578 stituit
676 2522 924 2577 Dominus
950 2521 1140 2592 Moysi.
1193 2521 1419 2591 Propter
1459 2520 1559 2574 hoc
1603 2521 1748 2574 nullo
1794 2521 1951 2574 tnodo
1977 2536 2070 2589 pn-

481 2615 636 2669 tanda
664 2625 747 2670 est
772 2615 868 2669 ista
894 2613 1203 2681 crudelitas,
1246 2613 1385 2684 quod
1415 2613 1616 2667 nullum
1649 2613 1824 2666 vivtnn
1853 2612 1904 2666 in
1936 2612 2067 2666 civi-

479 2708 675 2763 tatibus
702 2707 801 2762 sibi
833 2707 1040 2763 traditis
1079 2707 1377 2762 dimittebat
1405 2707 1562 2763 Jesus
1583 2750 1597 2774 ,
1641 2707 1762 2778 quia
1796 2707 1935 2762 Deus
1967 2705 2069 2760 hoc

474 2803 722 2872 iusserat.
777 2801 876 2870 Qui
928 2813 1104 2856 autem
1155 2800 1460 2856 existimant
1506 2800 1628 2853 hinc
1677 2800 1840 2853 Deum
1895 2799 2065 2868 ipsum

476 2897 640 2949 tuisse
669 2894 983 2957 crudelem,
1014 2903 1068 2947 et
1107 2902 1322 2962 propter
1362 2893 1462 2946 hoc
1492 2891 1695 2946 Veteris
1738 2891 2066 2945 Testamcnti

476 3002 664 3040 verum
697 2986 862 3039 Deum
909 2984 1072 3037 fuisse
1101 2995 1374 3038 auctorem
1419 2983 1608 3038 nolunt
1648 2983 1905 3047 credere,
1958 2991 2064 3036 tam

475 3090 726 3143 perverse
755 3074 823 3128 de
852 3073 1102 3142 eperihus
1130 3073 1222 3127 Ilei
1253 3089 1412 3143 quam
1434 3073 1499 3127 de
1531 3073 1762 3143 peccatis
1790 3072 2063 3127 hominum

473 3167 733 3236 iudicant,
765 3165 1072 3220 nescientes
1096 3164 1221 3234 quid
1247 3163 1471 3242 quisque
1501 3163 1610 3234 pati
1646 3163 1838 3234 dignus
1876 3164 1962 3227 sit,
2009 3172 2064 3218 et

474 3275 722 3330 maguum
774 3267 1018 3328 putantes
1071 3256 1269 3311 malum
1315 3272 1436 3311 eum
1480 3270 1664 3311 casura
1718 3255 2056 3326 dejieiuntur,

474 3351 829 3422 lttot'talesqttc
859 3349 1177 3405 moriuntur.

542 3443 706 3500 XVII.
737 3444 838 3517 [lb.
865 3460 918 3499 χι
941 3486 955 3510 ,
982 3442 1092 3517 Δ19.]
1127 3443 1190 3498 Et
1216 3461 1316 3498 non
1342 3453 1448 3499 erat
1487 3445 1660 3500 civitas
1685 3462 1800 3516 qua:
1827 3463 1927 3500 non
1953 3456 2058 3501 erat

471 3537 658 3591 tradita
699 3538 818 3606 ﬁliis
864 3535 1048 3592 Israel.
1104 3537 1372 3602 Quaeritur
1411 3538 1679 3607 quomodo
1724 3538 1826 3593 hoc
1873 3554 2056 3594 verum

470 3632 574 3698 sit,
605 3646 724 3684 cum
761 3645 860 3685 nec
889 3630 1216 3698 temporibus
1253 3638 1434 3700 postea
1461 3629 1705 3686 Iudicum
1729 3673 1743 3696 ,
1785 3647 1884 3686 nec
1923 3642 2057 3686 tem-

469 3724 690 3792 poribus
735 3722 938 3793 ltegnin
964 3736 1150 3776 omnes
1188 3722 1405 3776 omnino
1446 3721 1655 3777 illarum
1687 3733 1891 3791 septem
1929 3738 2058 3794 gen-

472 3817 604 3870 tiutn
631 3816 874 3870 civitates
912 3831 1104 3885 capere
1149 3817 1417 3884 potuerint
1448 3816 1676 3872 llebrtei.
1722 3817 1825 3872 Sed
1864 3829 1953 3873 aut
1981 3820 2057 3876 sic

471 3906 874 3977 intelligendum
905 3916 1005 3974 est,
1032 3906 1171 3976 quod
1199 3907 1264 3961 ad
1296 3908 1495 3961 nullam
1513 3909 1782 3964 civitatein
1811 3910 2056 3966 bellando

469 3998 698 4052 acceSsit
725 3997 882 4052 Iesus
907 4012 1064 4067 quam
1093 4013 1198 4051 non
1224 3999 1426 4066 ceperit
1453 4015 1466 4050 :
1496 4010 1584 4052 aut
1605 4009 1752 4055 certe
1773 4003 1916 4055 nulla
1948 4018 2054 4056 non

467 4096 620 4166 capta
650 4095 768 4152 est,
814 4088 909 4142 sed
939 4103 1120 4143 carum
1164 4104 1280 4158 quae
1305 4089 1355 4142 in
1388 4090 1695 4160 regionibus
1718 4107 1874 4162 supra
1903 4109 2054 4148 com-

467 4180 778 4235 memoratis
806 4178 1040 4234 fuerunt.
1086 4179 1426 4236 Enumeratio
1465 4192 1590 4236 sunt
1617 4183 1758 4237 enim
1787 4185 2048 4254 regiones,

466 4273 521 4327 in
565 4272 757 4344 quibus
803 4270 1019 4326 fuerunt
1059 4272 1301 4328 civitates
1328 4273 1396 4329 de
1424 4274 1617 4344 quibus
1661 4273 1800 4330 facta
1829 4287 1912 4331 est
1951 4277 2050 4332 ista

468 4366 767 4431 conclusio,
796 4364 864 4420 Et
891 4381 1063 4420 omnes
1091 4365 1221 4436 cepit
1249 4365 1302 4419 in
1325 4365 1475 4420 bello.

538 4458 722 4514 XVIII.
771 4458 872 4530 Ub.
903 4475 953 4513 XI
974 4501 990 4526 ,
1016 4457 1130 4530 ‘20.]
1173 4459 1306 4523 Quia
1334 4476 1422 4530 per
1443 4458 1720 4515 Dominum
1746 4464 1939 4533 factum
1978 4474 2051 4518 est

462 4556 740 4620 confertam
784 4567 871 4604 cor
914 4567 1123 4615 eorum,
1175 4562 1228 4604 ut
1269 4551 1463 4605 obviam
1504 4555 1634 4608 irent
1664 4554 1731 4606 ad
1770 4555 1955 4609 bellant
1983 4556 2051 4610 ad

461 4642 628 4696 Israel
651 4683 665 4706 ,
696 4651 750 4694 ut
774 4643 1272 4707 exterminarentur;
1309 4645 1383 4697 ita
1409 4655 1466 4698 ut
1495 4662 1596 4700 non
1621 4645 1825 4700 daretur
1848 4649 1919 4701 eis
1948 4650 2046 4702 nti-

459 4735 758 4803 sericordia,
785 4734 873 4789 sed
903 4745 956 4788 ut
979 4736 1451 4803 exterminarentur,
1489 4739 1615 4792 sicut
1641 4739 1770 4792 dixit
1799 4740 2048 4798 Dominus

456 4811 525 4881 ad
553 4824 786 4896 Moysen.
828 4824 906 4880 Ita
948 4825 1145 4881 dictum
1171 4836 1255 4881 est
1288 4827 1388 4882 hoc
1420 4843 1516 4898 per
1540 4830 1820 4884 Dominum
1847 4831 2042 4887 factum

454 4916 743 4973 conlortari
769 4931 863 4972 cor
901 4931 1087 4972 eorum
1112 4957 1129 4984 ,
1170 4917 1271 4972 hoc
1301 4927 1386 4973 est
1421 4919 1671 4974 obdurari
1701 4936 1794 4976 cor
1833 4939 2038 4992 eorum,

453 5010 594 5066 sicut
637 5007 705 5065 de
753 5008 1030 5064 Pharaone
1059 5007 1253 5080 (Exod.
1282 5025 1356 5065 vn
1376 5053 1391 5074 ,
1420 5011 1486 5075 5,
1515 5011 1585 5065 22
1607 5054 1620 5077 ,
1657 5020 1712 5067 ει
1741 5028 1835 5069 vni
1861 5055 1874 5078 ,
1905 5017 1995 5086 19)
2022 5033 2037 5084 ;

456 5102 598 5172 quod
625 5101 805 5158 divino
833 5102 1046 5173 altoque
1071 5099 1275 5172 judicio
1310 5103 1450 5172 juste
1487 5103 1600 5158 ﬁeri
1643 5105 1861 5163 minime
1887 5108 2042 5164 dubi-

453 5193 671 5248 tandum
701 5200 825 5262 est,
867 5209 988 5248 eum
1012 5192 1214 5250 deserit
1241 5195 1380 5250 Deus
1406 5203 1460 5250 et
1485 5196 1720 5266 possidet
1747 5199 1994 5258 inimicus
2022 5222 2037 5260 :

450 5285 588 5356 quod
620 5285 700 5340 sic
724 5285 1094 5356 accipiendum
1123 5295 1208 5342 est
1233 5288 1680 5357 quemadmodum
1721 5300 1776 5346 et
1803 5291 1893 5348 ibi.
1930 5293 2036 5350 Sed

443 5377 534 5434 hic
561 5377 706 5432 aliud
734 5389 931 5447 movet,
966 5380 1237 5451 quomodo
1259 5380 1456 5436 dictum
1484 5383 1555 5437 sit
1577 5384 1642 5438 ad
1676 5385 1777 5440 hoc
1804 5388 1882 5441 eis
1908 5403 2037 5442 con-

442 5469 700 5524 fortatum
744 5485 876 5536 cor,
921 5482 982 5528 ut
1036 5482 1382 5545 exsurgerent
1433 5473 1487 5528 in
1532 5476 1729 5531 bellum
1778 5477 2034 5534 adversus

438 5561 604 5618 Israel
627 5601 644 5629 ,
681 5573 736 5620 et
763 5565 832 5620 ob
866 5565 968 5621 hoc
995 5567 1074 5622 eis
1112 5585 1218 5623 non
1250 5568 1548 5639 praeberent
1574 5570 2029 5628 misericordiam:

440 5659 594 5728 quasi
619 5660 905 5733 praebenda
930 5670 1112 5729 esset,
1164 5662 1209 5716 si
1253 5675 1356 5716 non
1400 5660 1700 5732 bellarent;
1739 5680 1860 5721 cum
1890 5665 2032 5724 Deus

1329 192 1792 268 QUIESTIONUM
1827 192 1884 251 S.
1925 188 2289 250 AUGUSTINI
2319 189 2385 248 IN
2411 185 2973 254 HEP’I‘ATEUCIIUM
3625 213 3692 275 πει

2207 307 2523 379 ριέεεερετὶι
2559 308 2688 363 nulli
2715 324 2902 366 eorum
2928 325 3048 367 esse
3076 312 3419 384 parcendum;
3461 328 3505 375 et
3536 322 3593 378 ob
3623 325 3690 384 hoc

2199 398 2507 456 Gabaonitis
2539 402 2873 471 pepercerint
2901 443 2916 469 ,
2952 401 3076 474 quia
3120 419 3178 460 se
3213 406 3280 462 de
3323 408 3571 482 longinqua
3595 424 3689 474 terra

2196 495 2409 550 venisse
2445 496 2703 566 tingentes
2739 511 2924 552 eorum
2966 499 3283 567 jurationem
3321 511 3582 560 tenuerant.
3621 509 3688 566 Sed
3776 495 3777 564 1

2195 588 2442 659 quoniam
2486 588 2799 660 quibusdam
2842 590 2982 644 ultro
3020 585 3594 661 prtebuerunt'lsraelitge
3623 605 3688 656 mi-

2201 681 2567 748 sericordiam,
2602 683 2843 753 quamvis
2868 694 3052 739 contra
3083 685 3174 742 Dei
3203 687 3488 744 mandatum
3513 708 3526 754 ;
3553 693 3603 746 ad
3625 695 3688 750 hoc

2203 771 2401 826 dictum
2429 787 2548 828 esse
2575 773 2976 845 intelligendum
3006 786 3121 841 est,
3167 777 3295 834 istos
3322 779 3388 834 ita
3417 780 3635 850 bellasse,
3655 797 3689 840 ut

2195 877 2302 917 non
2327 864 2406 919 eis
2432 875 2758 935 parceretur,
2785 883 2883 923 nec
2908 866 2976 924 ab
3003 870 3083 926 eis
3109 871 3235 940 ipsis
3263 871 3496 929 Israelita:
3515 877 3690 947 neglecto

2193 951 2288 1008 Dei
2311 954 2558 1010 mandato
2577 955 2644 1010 ad
2665 957 3086 1015 miscricordiam
3112 959 3456 1018 ﬂecterentur.
3479 967 3602 1034 Quod
3614 972 3689 1039 qui-

2193 1043 2314 1101 dem
2345 1047 2478 1103 duce
2503 1047 2653 1115 Jesu,
2686 1050 2775 1121 qui
2804 1052 2980 1106 omnia
3007 1053 3286 1125 diligenter
3311 1055 3475 1112 divina
3495 1072 3689 1130 praecepta

2190 1139 2475 1206 servabat,
2515 1156 2621 1195 non
2653 1150 2735 1195 est
2761 1143 3083 1198 credendum
3109 1145 3219 1201 licri
3251 1150 3506 1216 potuisse:
3535 1166 3689 1206 verum-

2191 1239 2368 1286 tamen
2397 1248 2495 1288 nec
2522 1234 2636 1304 ipse
2665 1235 2797 1290 istos
2823 1246 2928 1291 tam
2961 1240 3069 1293 cito
3090 1238 3398 1311 delevisset,
3424 1242 3512 1298 nisi
3535 1247 3690 1316 conspi-

2189 1325 2492 1381 rantissime
2519 1328 2882 1394 contrairent;
2926 1340 3083 1400 atque
3128 1331 3196 1386 ita
3229 1333 3338 1388 ﬁeri
3376 1345 3539 1405 posset
3572 1345 3616 1390 ut
3640 1339 3691 1392 eis

2187 1416 2255 1471 ab
2284 1417 2372 1471 illo
2402 1418 2618 1472 minime
2638 1418 2952 1488 debellatis,
3001 1423 3091 1492 qui
3133 1423 3226 1478 Dei
3263 1434 3509 1495 prmcepta
3531 1427 3691 1497 implere

2188 1509 2440 1576 curabat,
2480 1512 2865 1568 remansissent
2891 1514 2958 1568 ad
2996 1514 3123 1570 illud
3154 1524 3391 1587 tempus,
3435 1518 3613 1588 quando
3640 1521 3691 1574 eis

2189 1611 2408 1670 possent
2437 1619 2654 1672 parcere
2679 1615 2798 1676 post
2825 1615 3049 1662 mortem
3076 1606 3223 1671 Jesu,
3247 1609 3336 1678 qui
3352 1624 3449 1664 non
3467 1620 3585 1665 tanta
3604 1626 3690 1664 cura

2191 1693 2284 1748 Dei
2312 1695 2558 1750 mandata
2589 1695 2872 1752 faciebant.
2906 1697 3037 1753 Nam
3069 1710 3121 1755 et
3151 1700 3324 1756 adhuc
3345 1701 3514 1757 eodem
3539 1705 3691 1758 virente

2186 1785 2504 1855 quibusdam
2530 1787 2601 1841 illi
2637 1800 2988 1859 pepercerunt
3012 1831 3026 1856 ,
3076 1793 3434 1848 tantummodo
3456 1809 3538 1848 eos
3558 1793 3690 1848 ditioni

2185 1892 2295 1932 sua:
2325 1877 2665 1949 snbjugantes
2695 1898 2708 1934 :
2739 1881 2995 1952 quosdam
3037 1899 3166 1938 vero
3196 1900 3293 1941 nec
3324 1887 3518 1942 vincere
3552 1895 3689 1956 potae.

2184 1974 2325 2019 runt.
2371 1966 2564 2022 Verum
2596 1967 2711 2025 lnec
2739 1987 2845 2026 non
2885 1971 2974 2026 illo
2999 1972 3135 2029 duce
3164 1975 3293 2030 facta
3325 1985 3465 2042 sunt;
3499 1977 3577 2032 sed
3606 1992 3688 2031 cum

2178 2055 2287 2125 jam
2314 2072 2475 2113 senex
2501 2071 2711 2116 vacaret
2736 2051 2766 2116 a
2797 2062 2958 2131 bello,
2991 2067 3356 2122 tantummodo
3382 2068 3453 2123 eis
3480 2078 3618 2124 terras
3634 2068 3688 2122 di-

2181 2147 2403 2214 videns;
2432 2160 2488 2204 ut
2516 2151 2612 2222 ipsi
2634 2154 2741 2221 jam
2765 2155 2854 2208 illo
2875 2171 2978 2209 non
3007 2155 3252 2224 bellante,
3293 2158 3482 2214 divisas
3510 2160 3592 2214 sibi
3611 2171 3688 2214 ter-

2181 2253 2268 2293 ras
2315 2240 2502 2309 partim
2539 2241 2648 2311 jatn
2700 2243 2851 2300 hoste
2894 2262 3088 2302 vacuas
3134 2259 3405 2319 tenerent,
3438 2251 3686 2322 partimpa-

2178 2330 2388 2400 gnando
2428 2343 2700 2402 caperent.
2753 2334 2818 2388 Et
2856 2337 2997 2407 quod
3035 2337 3252 2396 vincere
3294 2342 3486 2412 aliquos
3518 2341 3683 2396 minime

2178 2431 2483 2488 potuerunt,
2517 2424 2867 2494 providcmizc
2890 2427 3082 2484 divina:
3115 2430 3296 2500 fuisse,
3318 2431 3687 2503 opportuneScri-

2177 2523 2447 2582 ptui-arum
2470 2518 2632 2571 certis
2657 2519 2932 2588 apparebit
2959 2521 3110 2578 locis.

2245 2605 2388 2661 XIX.
2420 2606 2516 2678 [Ih.
2550 2625 2661 2674 xvi,
2681 2610 2791 2682 10.]
2823 2609 2885 2664 Et
2915 2629 3013 2666 non
3044 2616 3263 2684 perdidit
3289 2615 3510 2688 Ep/U‘tt’m
3533 2616 3685 2671 Chana-

2177 2714 2343 2752 nteum
2368 2702 2453 2769 qui
2480 2700 2735 2754 habitabat
2765 2703 2816 2756 in
2853 2702 3014 2758 Gazer
3041 2720 3058 2758 :
3085 2716 3132 2759 et
3159 2707 3409 2761 habitabat
3435 2707 3684 2764 Chananeus

2173 2791 2223 2844 in
2257 2790 2495 2862 Eplirwm
2520 2809 2674 2863 usque
2695 2796 2743 2848 in
2764 2796 2896 2849 diem
2920 2797 3093 2864 istum,
3127 2800 3284 2855 donec
3307 2801 3511 2854 ascendit
3529 2799 3684 2853 Pharao

2171 2897 2262 2936 rex
2289 2880 2526 2954 .IEgypti,
2561 2897 2605 2938 et
2632 2888 2759 2957 cepit
2797 2889 3062 2955 ciuitatem,
3092 2902 3140 2944 et
3161 2893 3372 2947 incendit
3394 2910 3494 2948 eam
3519 2894 3561 2947 in
3582 2892 3684 2962 igni;

2175 2983 2222 3026 et
2273 2971 2587 3030 Clumanaaos
2613 3018 2628 3041 ,
2676 2988 2722 3031 et
2770 2976 3067 3035 Plierezteos
3089 3021 3106 3047 ,
3152 2993 3199 3038 et
3241 2985 3326 3056 qui
3368 2983 3614 3038 habitabant
3648 2982 3684 3033 in

2171 3062 2334 3119 (laser
2387 3069 2747 3138 transpnnxit;
2800 3080 2848 3124 et
2895 3072 3031 3126 dedit
3087 3091 3199 3129 cam
3249 3075 3444 3131 Pharao
3478 3078 3523 3131 in
3561 3077 3683 3129 dotem

2167 3158 2293 3226 [due
2329 3175 2453 3214 sate.
2503 3160 2652 3227 Quod
2680 3162 2747 3217 de
2788 3158 3065 3221 Pharaone
3101 3184 3226 3240 rege
3258 3169 3447 3225 dictum
3482 3177 3578 3236 est,
3608 3166 3682 3221 mi-

2167 3263 2258 3303 ror
2286 3249 2328 3303 si
2371 3252 2676 3320 prophetico
2718 3253 2916 3310 dictum
2965 3257 3260 3331 intelligere
3303 3262 3564 3324 debemus;
3594 3273 3682 3313 cum

2166 3338 2282 3395 hinc
2331 3340 2549 3396 historia
2612 3345 2716 3400 illis
2767 3349 3090 3417 temporibus
3140 3353 3430 3424 conscripta
3473 3349 3679 3414 credatur,

2165 3431 2360 3501 quibus
2384 3443 2537 3488 erant
2561 3445 2709 3506 gesta
2739 3437 2824 3491 illa
2848 3441 3103 3495 recentia.
3146 3442 3282 3511 Quid
3302 3454 3465 3499 autem
3488 3454 3681 3512 magnum

2164 3523 2284 3594 eligi
2315 3525 2482 3594 potuit
2509 3526 2651 3596 quod
2683 3529 2992 3598 praphetice
3022 3531 3308 3601 diceretur,
3336 3551 3447 3590 cum
3474 3531 3679 3605 pra:terita

2163 3624 2468 3682 narrentur,
2517 3626 2898 3690 taceanturqne
2938 3621 3111 3680 futura
3164 3625 3360 3697 majora
3385 3668 3399 3690 ,
3434 3636 3482 3681 ct
3505 3625 3680 3679 maxime

2163 3709 2462 3763 necessaria
2483 3709 2506 3762 ?
2531 3709 2759 3767 Proinde
2791 3715 2963 3782 potius
2986 3717 3394 3774 existimandum
3417 3729 3490 3774 est
3509 3718 3680 3787 Septua-

2160 3799 2304 3867 ginta
2346 3799 2678 3869 interpretes,
2713 3804 2801 3872 qui
2829 3806 3146 3864 auctoritate
3192 3811 3483 3883 prephetica
3514 3825 3567 3864 ex
3599 3809 3678 3876 ipsa

2161 3890 2389 3946 mirabili
2430 3894 2786 3950 consensione
2832 3897 3168 3969 interpretati
3215 3918 3331 3958 esse
3376 3901 3676 3973 perhibentur,

2163 3983 2275 4039 haec
2314 3984 2622 4052 addidisse;
2670 4004 2775 4043 non
2817 3999 3064 4062 tanquam
3104 3994 3277 4051 futura
3309 3994 3676 4068 praenuntiantes,

2159 4079 2251 4132 sed
2278 4080 2398 4149 quia
2422 4079 2514 4134 illo
2543 4090 2782 4152 tempore
2806 4084 2901 4152 ipsi
2929 4096 3082 4141 erant
3105 4129 3121 4153 ,
3153 4105 3258 4160 quo
3301 4090 3428 4144 facta
3466 4101 3570 4142 esse
3592 4096 3678 4136 inc-

2159 4172 2461 4239 minerant,
2504 4184 2556 4228 et
2587 4177 2638 4229 in
2681 4176 2830 4233 libris
2870 4177 3175 4250 Regnorum
3221 4183 3446 4254 legerant
3481 4177 3556 4248 (lll
3581 4176 3676 4244 Reg.

2158 4279 2238 4330 tv,
2279 4266 2380 4332 54,
2414 4267 2551 4336 apud
2589 4267 2771 4332 LXX;
2809 4285 2892 4334 Ix,
2927 4272 3014 4336 l6,
3043 4273 3094 4326 in
3137 4272 3390 4346 Vulgata).
3414 4270 3594 4327 Etenim
3614 4279 3677 4319 re.

2155 4371 2280 4426 gum
2331 4361 2658 4429 temporibus
2703 4361 2898 4417 factum
2939 4375 3041 4420 est.
3086 4366 3238 4434 Quod
3284 4368 3398 4423 ideo
3431 4358 3677 4420 credibilius

2157 4451 2310 4505 nobis
2340 4451 2507 4507 visum
2538 4464 2620 4509 est
2643 4496 2656 4520 ,
2686 4457 2936 4525 quoniam
2982 4447 3308 4529 inspeximus
3342 4453 3676 4530 interpretatio-

2155 4558 2276 4598 nem
2308 4558 2426 4614 quas
2455 4555 2538 4600 est
2575 4561 2640 4602 ex
2670 4546 2916 4617 hcbraeo,
2967 4561 3021 4605 et
3050 4550 3155 4608 hoc
3183 4553 3254 4609 ibi
3281 4569 3382 4609 non
3403 4549 3673 4607 invenimus:

2155 4635 2293 4690 sicut
2337 4651 2435 4691 nec
2473 4637 2601 4691 illud
2649 4639 2788 4709 quod
2833 4640 3032 4696 dictum
3077 4653 3162 4698 est
3196 4644 3262 4699 de
3305 4641 3534 4704 Iericho,
3567 4630 3675 4707 quod

2152 4725 2294 4782 I'Ioza
2353 4729 2442 4798 qui
2499 4745 2616 4784 eam
2668 4743 2966 4801 reparasset
2989 4776 3002 4801 ,
3070 4737 3344 4794 incurrerit
3398 4731 3675 4791 maledictum

2151 4818 2291 4888 quod
2339 4818 2546 4874 dixerat
2590 4820 2764 4878 Jesus.
2827 4824 2915 4879 Sic
2979 4827 3119 4881 cnim
3185 4829 3434 4899 scriptum
3484 4833 3588 4886 est,
3643 4823 3676 4869 ετ

2149 4910 2405 4981 adjuravit
2446 4911 2597 4967 Jestts
2647 4913 2700 4968 in
2767 4915 2861 4969 illa
2907 4918 2987 4971 die
3029 4934 3047 4972 :
3098 4918 3397 4974 Maledictus
3446 4919 3575 4972 Itonia
3611 4907 3675 4980 φιὲ

2147 5003 2460 5057 resuscitabit
2504 5015 2550 5059 et
2592 5007 2864 5076 a’di/icabit
2910 5010 3156 5066 civitatem
3202 5014 3344 5067 illaut
3383 5028 3401 5067 :
3435 5011 3484 5064 in
3521 5005 3672 5078 primo“

2146 5098 2315 5167 genito
2338 5114 2430 5152 suo
2467 5100 2702 5173 fundabit
2727 5119 2835 5157 eam
2856 5145 2870 5168 ,
2920 5115 2964 5158 et
3005 5107 3056 5160 in
3094 5108 3358 5162 novissimo
3381 5123 3466 5162 suo
3497 5103 3674 5172 ἰηιροπει

2148 5197 2319 5259 portas
2361 5191 2469 5262 ejus
2511 5189 2693 5265 (Iosue
2719 5210 2805 5260 vt,
2839 5194 2932 5268 26)
2964 5215 2977 5252 :
3015 5198 3117 5254 huc
3164 5213 3328 5270 usque
3369 5195 3603 5253 invenitur
3631 5187 3670 5241 in

2146 5279 2585 5352 interpretatione
2623 5303 2689 5341 cx
2720 5287 2953 5344 hebra‘o.
3001 5289 3133 5346 lllud
3170 5303 3346 5348 atitem
3371 5288 3500 5362 quod
3527 5279 3670 5352 εειυί·

2142 5380 2248 5440 tur,
2276 5372 2342 5427 Et
2371 5375 2439 5429 ita
2461 5378 2576 5446 fecit
2605 5377 2751 5433 Iloza
2783 5382 2869 5452 qui
2893 5399 2954 5437 ea:
2977 5383 3152 5438 Bel/iel
3168 5402 3188 5451 ;
3223 5386 3274 5439 in
3300 5385 3477 5438 Abiron
3511 5377 3667 5450 primo-

2142 5465 2307 5535 genita
2334 5467 2563 5538 fundavit
2598 5487 2743 5538 eam,
2776 5483 2822 5527 et
2861 5475 2914 5528 in
2937 5478 3180 5531 resaluato
3212 5478 3226 5509 ¹
3259 5476 3512 5531 nouissimo
3533 5471 3666 5537 impo-

2203 5559 2219 5588 ¹
2243 5564 2337 5608 nat.
2366 5567 2415 5609 et
2441 5567 2571 5622 t.ov.,
2595 5568 2641 5624 et
2663 5562 2711 5612 in
2734 5577 2784 5615 se
2805 5563 3000 5617 saluata.
3021 5574 3126 5617 Mss.
3151 5567 3246 5618 duo
3265 5568 3476 5624 Vaticani,
3491 5561 3670 5624 letale"?

2139 5632 2236 5692 que
2257 5635 2319 5692 ex
2343 5623 2534 5680 nostris,
2557 5616 2603 5692 et
2623 5623 2674 5674 in
2706 5627 2954 5678 resolvam.
2988 5616 3110 5692 Apud
3134 5616 3267 5686 LXX,
3295 5616 3668 5692 [iniret/(67th

2137 5683 2300 5733 tnemi.
2330 5695 2543 5736 Attamen
2559 5689 2892 5740 (zistercieusis
2909 5683 3050 5742 vetu's
3070 5692 3223 5742 codex
3243 5683 3387 5740 habet
3401 5691 3489 5739 hic.
3499 5691 3538 5735 et
3554 5683 3667 5730 ἑαν-
