3862 6328
201 421 307 478 783

203 539 303 590 suit
354 547 531 608 portas
568 539 676 609 ejus
717 536 809 605 (In
845 537 1061 610 Vulgata
1099 537 1166 593 Ill
1196 536 1320 605 Reg.
1353 549 1437 589 xw
1459 575 1472 598 ,
1519 531 1612 601 5i)
1644 547 1655 582 :
1688 528 1787 582 hoc

205 629 312 682 illic
341 643 448 682 neu
485 629 693 699 legitur.
738 628 890 685 Unde
930 638 1148 700 apparet
1172 646 1201 681 a
1241 625 1583 697 Septuaginta
1623 624 1788 678 inter-

205 719 486 789 positum,
527 720 612 790 qui
659 721 852 774 factum
884 736 1004 776 esse
1031 728 1303 775 noverant.

277 807 396 863 XX.
431 806 545 882 [1b.
578 810 775 872 xxx,“
807 808 882 882 (ιι)
903 808 942 883 .]
978 810 1040 864 Et
1065 809 1389 863 Amorrlueus
1430 805 1703 878 permansit
1732 811 1786 859 ut

204 900 454 954 habitare!
474 903 525 955 in
556 900 702 956 Elom
723 911 769 957 et
798 903 848 956 in
879 901 1142 965 Solantia,
1175 911 1221 956 et
1258 911 1463 974 gravata
1501 908 1572 954 est
1608 914 1787 952 manus

203 989 452 1060 Eplmem
477 1009 628 1063 super
664 1010 778 1058 eos,
812 1002 858 1047 et
898 993 1021 1064 facti
1071 1003 1187 1046 sunt
1223 993 1325 1046 illis
1360 990 1628 1046 tributarii.
1671 989 1787 1044 lloc

197 1083 307 1154 jam
339 1094 528 1138 contra
563 1085 767 1139 Domini
796 1094 1111 1156 praeceptum
1139 1086 1323 1149 licbat,
1353 1094 1400 1138 el
1425 1084 1599 1138 adhuc
1638 1084 1784 1138 vive-

201 1174 488 1237 batJesns,
517 1175 610 1231 sed
635 1176 737 1231 dux
765 1191 946 1232 eorum
972 1177 1023 1230 in
1055 1176 1158 1232 illis
1187 1175 1381 1246 pratliis
1402 1175 1511 1245 jam
1551 1190 1657 1245 pne
1696 1189 1785 1229 se-

202 1279 418 1325 net-tute
446 1287 550 1324 non
573 1280 705 1326 erat.
742 1271 964 1341 Propter
990 1270 1090 1325 hoc
1127 1270 1324 1324 dictum
1364 1279 1478 1335 est,
1503 1285 1533 1322 a
1567 1268 1787 1323 Domino

202 1359 398 1417 factum
433 1361 897 1417 ntconl‘ortaretur
915 1377 1008 1416 cor
1029 1362 1260 1427 illorum,
1279 1361 1366 1430 qui
1395 1361 1550 1415 simul
1579 1358 1790 1428 conspi-

201 1463 459 1508 ravernnt
493 1455 568 1508 ire
602 1455 651 1507 in
680 1453 877 1507 bellum
899 1462 1083 1508 contra
1112 1451 1315 1517 Iesum,
1347 1467 1411 1505 ne
1442 1451 1538 1504 ista
1571 1451 1674 1505 illis
1692 1450 1789 1504 nti-

199 1543 494 1599 sericordia
529 1544 852 1614 pra-beretur
872 1585 885 1606 ,
920 1543 1078 1597 etiam
1109 1551 1294 1598 contra
1325 1542 1414 1596 Dei
1464 1551 1786 1612 przeceptnm

201 1633 382 1707 (Iosue
403 1651 519 1701 χχι,
547 1633 638 1707 20)
663 1677 678 1696 ,
716 1636 760 1690 si
803 1636 1186 1690 remansiSscut
1227 1650 1332 1687 non
1372 1633 1687 1703 expugnati,
1734 1641 1788 1688 et

200 1735 522 1781 senescente
557 1727 669 1782 sive
705 1725 955 1780 defuncto
982 1725 1106 1780 Jesu
1149 1726 1573 1795 relinquerentur
1624 1739 1790 1792 extin-

199 1818 394 1888 gnaudi
423 1834 454 1870 ει
488 1818 605 1872 liliis
634 1817 834 1884 Israel,
866 1819 954 1888 qui
981 1817 1061 1872 eis
1096 1827 1280 1871 contra
1315 1827 1634 1886 pra'ceptnm
1682 1814 1788 1870 Do-

202 1909 332 1963 mini
367 1917 590 1978 possent
620 1923 856 1980 parcere,
885 1908 1027 1976 quod
1055 1907 1145 1962 ille
1174 1924 1278 1961 non
1306 1907 1522 1961 faceret.

271 1999 418 2055 XXI.
450 1998 565 2073 [1b.
591 2016 700 2065 xxi,
723 1998 937 2072 41-43.]
958 1999 1141 2054 Merito
1169 1999 1444 2068 qtta'rilur,
1465 2013 1585 2052 cum
1630 1997 1788 2052 Israel

204 2109 310 2148 non
342 2095 522 2146 solum
554 2107 718 2163 usque
740 2092 805 2146 ad
835 2091 974 2146 diem
1005 2092 1189 2146 mortis
1208 2091 1366 2156 .lesu,
1414 2105 1596 2146 verum
1629 2091 1788 2144 etiam

203 2196 386 2256 postea
411 2227 426 2248 .
465 2201 571 2238 non
597 2184 943 2239 eradicaverit
967 2192 1151 2253 gentes
1193 2199 1310 2253 qua:
1343 2191 1534 2238 terram
1567 2183 1793 2250 promis-

204 2279 371 2334 sionis
408 2279 692 2342 tenebant,
723 2275 962 2347 quamvis
985 2291 1052 2330 ex
1079 2284 1227 2344 parte
1260 2275 1364 2328 illis
1411 2272 1688 2328 debellatis
1738 2273 1790 2327 in

205 2373 391 2428 eadem
441 2371 702 2442 promissa
745 2369 1054 2423 liarreditate
1093 2368 1477 2430 consisterent,
1524 2364 1792 2435 quomodo

207 2463 612 2534 intelligendum
645 2463 714 2516 sit
738 2461 879 2532 quod
907 2461 1104 2515 dictum
1131 2468 1214 2514 est
1236 2502 1249 2522 ,
1279 2457 1347 2512 Et
1382 2458 1518 2511 dedit
1547 2456 1791 2512 Dominus

207 2554 392 2610 Isracli
445 2571 646 2609 omnem
695 2564 879 2607 terram
910 2568 1060 2622 quant
1091 2552 1352 2623 juraverat
1391 2548 1513 2602 dare
1566 2547 1792 2619 patribus

208 2664 386 2702 eorum
409 2690 424 2713 ,
460 2658 507 2701 et
543 2646 958 2701 lia’reditaverunt
985 2662 1125 2711 eam,
1165 2654 1211 2698 et
1239 2643 1582 2697 habitaverunt
1619 2642 1672 2694 in
1709 2657 1788 2695 ea.

211 2737 275 2792 Et
299 2740 522 2809 requiem
549 2737 683 2791 dedit
705 2738 806 2791 illis
837 2737 1081 2792 Dominus
1105 2736 1157 2788 in
1195 2735 1429 2800 circuitu,
1469 2734 1596 2788 sicut
1641 2734 1793 2803 jura-

211 2839 345 2884 rerut
377 2829 604 2900 patribus
633 2845 804 2882 eorum
838 2843 855 2881 :
891 2844 989 2881 non
1033 2826 1209 2881 restitit
1249 2826 1509 2896 quisquam
1548 2832 1664 2876 ante
1709 2825 1792 2894 fa-

209 2922 333 2974 ciem
360 2921 564 2974 illorum
593 2920 655 2972 ab
680 2918 908 2973 omnibus
930 2918 1144 2972 inimicis
1172 2931 1378 2980 eorum;
1415 2932 1586 2969 omnes
1618 2916 1787 2968 inimi-

210 3025 295 3065 cos
324 3027 499 3064 eorum
521 3009 730 3064 tradidit
757 3007 1006 3062 Dominus
1031 3008 1100 3062 eis
1136 3007 1188 3061 in
1223 3023 1402 3060 manus
1441 3022 1631 3060 eorum.
1673 3005 1794 3060 Non

210 3102 399 3156 decidit
427 3119 488 3156 ea:
511 3101 737 3156 omnibus
754 3102 912 3157 verbis
934 3101 1074 3156 battis
1097 3115 1210 3170 qua:
1229 3099 1427 3154 locutus
1443 3108 1514 3153 est
1546 3097 1792 3153 Dominus

210 3194 334 3263 filiis
360 3193 558 3258 Israel;
588 3195 756 3247 omnia
785 3194 1108 3248 advenerunt.

288 3286 582 3354 Diligenter
634 3301 761 3355 ergo
810 3285 1053 3339 universa
1113 3283 1494 3338 consideranda
1544 3291 1684 3338 sunt.
1726 3282 1796 3338 Et

210 3375 446 3444 primum
478 3375 761 3429 videndum
791 3375 931 3444 quod
964 3375 1200 3444 gentium
1245 3384 1385 3428 terra
1427 3373 1688 3442 promissa
1728 3373 1797 3427 sit

213 3465 490 3520 Israelitis.
540 3466 755 3534 Septem
807 3464 1020 3534 quidem
1061 3471 1247 3533 gentes
1308 3462 1520 3517 assidue
1552 3462 1797 3517 videntur

211 3555 629 3609 commemorari
649 3597 664 3621 ,
692 3555 825 3610 sicut
858 3556 909 3608 in
941 3554 1125 3608 Exodo
1155 3553 1344 3622 legitur
1372 3571 1387 3606 :
1423 3552 1491 3606 Et
1529 3553 1656 3606 dixit
1686 3554 1796 3605 Do-

213 3647 383 3702 minus
414 3649 482 3701 ad
512 3647 755 3719 Moysen,
798 3646 966 3711 Vade,
994 3657 1042 3701 et
1061 3646 1273 3700 ascende
1298 3647 1412 3699 hinc
1433 3653 1485 3698 tu
1507 3655 1553 3698 et
1581 3647 1798 3716 papulas

213 3747 360 3802 tuus,
391 3756 516 3808 quos
545 3738 758 3792 cduxisti
788 3737 849 3790 de
877 3747 1009 3790 terra
1035 3736 1255 3807 Αἴσωνιί
1271 3778 1287 3803 ,
1326 3737 1379 3789 in
1419 3745 1603 3790 terram
1648 3753 1798 3806 quant

215 3830 380 3892 iurari
406 3829 663 3882 Abraham
707 3837 752 3882 et
801 3827 954 3882 Isaac
1001 3839 1045 3881 et
1090 3826 1282 3894 Jacob,
1339 3826 1544 3892 dicens,
1606 3826 1800 3881 Semini

215 3932 376 3976 uestro
422 3921 551 3975 dabo
586 3937 696 3974 eam
731 3936 750 3973 :
779 3929 824 3974 et
868 3920 1019 3974 simul
1062 3919 1253 3972 mittam
1286 3930 1401 3973 ante
1437 3919 1617 3991 faciem
1660 3928 1800 3972 tuaut

141 4040 144 4042 -
217 4013 454 4082 angelum
483 4028 680 4077 nteant,
708 4019 753 4064 et
773 4011 935 4080 eiiciat
969 4009 1318 4063 Amorrltarum
1340 4051 1354 4075 ,
1397 4019 1443 4063 et
1482 4009 1753 4063 Cettltwum
1776 4050 1792 4076 ,

219 4112 264 4154 et
289 4101 611 4156 l’lteresazum
631 4142 645 4166 ,
673 4110 716 4155 et
745 4100 1077 4171 Gergesteum,
1104 4108 1149 4152 et
1173 4099 1403 4166 Erwum,
1422 4109 1468 4153 et
1487 4098 1796 4166 Jebnsa'um,

222 4204 266 4249 ct
305 4196 651 4250 Cltanantvum
695 4193 887 4265 (Exod.
934 4209 1141 4257 xxxiii,
1188 4195 1252 4260 1,
1300 4192 1380 4264 2).
1428 4193 1626 4246 Harum
1673 4207 1800 4263 ergo

223 4300 422 4358 septem
452 4289 688 4359 gentium
735 4296 929 4342 terram
967 4287 1174 4342 videtur
1209 4287 1348 4342 Deus
1393 4287 1638 4341 Patribus
1670 4302 1798 4356 pro-

223 4384 446 4438 misisse.
480 4383 745 4452 Scriptnm
775 4390 859 4436 est
885 4381 1043 4436 etiam
1084 4382 1135 4435 in
1184 4381 1594 4435 Deuteronomio
1634 4379 1801 4435 multo

225 4475 527 4544 expressius
557 4491 570 4526 :
610 4474 671 4528 Si
693 4484 858 4526 autem
879 4473 1143 4526 accesseris
1159 4472 1226 4525 ad
1248 4472 1494 4526 civitatem
1515 4488 1804 4543 expugnare

225 4585 331 4622 eam
352 4612 365 4634 ,
393 4580 440 4624 et
467 4569 741 4623 evocaveris
765 4583 848 4620 eos
874 4583 985 4620 cum
1007 4582 1159 4635 pace,
1191 4565 1435 4633 siquidem
1463 4566 1674 4635 paci/ira
1694 4582 1802 4619 res-

228 4663 490 4729 ponderint
529 4660 647 4725 tibi,
707 4668 752 4714 et
791 4658 1076 4728 aperuerint
1120 4657 1240 4721 tibi,
1289 4671 1458 4709 omnes
1495 4655 1668 4727 pepuli
1718 4655 1805 4725 qui

227 4752 404 4808 inventi
449 4754 637 4826 fuerint
678 4753 731 4806 in
774 4752 970 4805 civitate
1001 4757 1145 4803 erunt
1182 4750 1270 4802 tibi
1308 4748 1556 4802 tributarii
1595 4757 1641 4801 et
1688 4749 1801 4801 obe-

230 4843 414 4900 dientes
443 4862 462 4900 .'
488 4845 530 4898 si
556 4853 724 4898 autem
754 4860 856 4896 non
877 4841 1156 4896 obedierint
1186 4839 1305 4905 tibi,
1346 4851 1390 4893 et
1416 4840 1623 4911 fecerint
1656 4839 1724 4893 ad
1763 4850 1809 4894 te

233 4935 446 5004 bellum,
478 4945 525 4992 et
553 4935 938 4990 circumsedebis
963 4950 1112 4996 eam;
1143 4943 1187 4987 et
1217 4931 1378 4985 tradet
1409 4948 1519 4985 eam
1555 4930 1808 4987 Dominus

231 5025 362 5084 Deus
389 5039 508 5084 tuus
537 5029 589 5082 in
619 5044 798 5081 manus
819 5037 931 5081 tuas
951 5068 966 5090 ,
995 5035 1041 5078 et
1080 5025 1350 5094 interficies
1393 5040 1540 5078 omne
1567 5023 1807 5078 masculi-

233 5138 348 5176 num
371 5124 482 5195 ejus
501 5123 552 5176 in
579 5137 697 5175 nece
715 5119 901 5192 gladii,
935 5127 1117 5190 praeter
1137 5118 1402 5181 mulieres;
1438 5126 1486 5171 et
1526 5116 1811 5188 supellecti-

235 5213 354 5279 lem,
387 5226 433 5270 et
455 5214 627 5269 omnia
651 5229 832 5284 pecora
855 5254 869 5275 ,
896 5221 943 5265 et
964 5211 1134 5264 omnia
1175 5224 1497 5280 qutecumque
1531 5207 1718 5280 fuerint
1758 5207 1811 5259 in

237 5307 456 5376 civitate,
499 5316 546 5361 et
593 5306 764 5362 omnia
809 5304 1043 5358 utensilia
1092 5301 1397 5374 pretdaberis
1441 5300 1566 5365 tibi;
1611 5309 1656 5354 et
1694 5298 1811 5352 edes

236 5421 304 5485 sal
336 5431 461 5476 nato.
505 5433 618 5484 Qua:
645 5421 789 5472 lectio
812 5419 978 5485 collata
1001 5418 1060 5485 ad
1085 5417 1169 5485 lib.
1215 5418 1247 5467 5
1276 5424 1486 5485 Regum,
1523 5427 1634 5485 ean.
1662 5413 1742 5485 16ι
1765 5427 1811 5462 v.

237 5483 319 5546 3t,
354 5475 436 5537 ubi
458 5475 728 5550 in‘Vulgata
758 5484 984 5550 versione
1007 5480 1288 5550 legitur,_e_t
1319 5475 1370 5528 in
1397 5475 1546 5550 segub
1567 5475 1818 5550 nouissimo

239 5538 419 5600 sua:in
441 5538 648 5607 ιιι-εωρθῖ
667 5559 713 5598 ει
751 5545 801 5597 in
823 5543 979 5608 δοριυρ
1012 5538 1127 5608 natu
1161 5541 1374 5608 minimo,
1401 5538 1529 5598 etc,
1570 5538 1750 5608 inducit
1764 5545 1818 5588 ut

241 5614 530 5674 susrieemur
545 5600 774 5675 gnecum,
788 5600 1086 5664 dias'btltenti,
1093 5604 1366 5714 profectum
1377 5614 1491 5674 esse
1507 5615 1569 5651 ex
1587 5600 1818 5674 mendoso

243 5669 395 5714 lalinn-
421 5674 644 5714 mli-mmo.
666 5671 1040 5714 additamentum
1077 5669 1089 5714 i
1112 5666 1191 5714 Iud
1216 5679 1311 5714 non
1348 5678 1377 5714 τι
1407 5669 1718 5714 Septuaginta
1742 5676 1816 5712 Ill-

243 5666 396 5733 latino,
421 5666 644 5735 adeoque
666 5666 1040 5735 additamentum
1077 5666 1191 5716 illud
1216 5679 1311 5735 non
1335 5678 1392 5735 _a_
1403 5666 1816 5735 septuagintaju-

244 5723 547 5807 terpretibns,
566 5723 650 5807 ἰιιῇΔ
664 5732 819 5782 credit
843 5731 1150 5793 Augustinus,
1171 5727 1262 5779 sed
1282 5741 1313 5778 a
1335 5723 1497 5776 latinis
1515 5723 1796 5790 poStmodun

1904 5727 1918 5788 ἰ
1989 5751 2008 5781 ι
2029 5747 2106 5797 sic
2123 5751 2232 5796 uss.
2258 5749 2312 5796 et
2331 5749 2460 5794 Lxx.
2485 5748 2543 5807 At
2565 5741 2700 5807 witi,
2725 5754 2885 5807 quam.

245 5792 384 5846 fuisse
407 5792 757 5859 interpositum.

305 5879 373 5942 (τι)
397 5880 525 5944 Apud
545 5885 674 5928 LXX.

1587 411 1788 468 LIBER
1823 409 2108 471 SEXTUS.

3370 430 3470 488 786

1897 544 2092 583 omnem
2117 532 2473 601 prtedationem
2497 536 2809 595 inimicorum
2837 549 3035 596 tuarum
3055 584 3069 608 ,
3099 561 3222 614 quos
3246 547 3261 578 ¹
3285 547 3469 602 Dami-

1895 636 1992 673 nus
2016 620 2154 678 Deus
2175 638 2288 677 tuus
2308 628 2444 680 dabit
2474 629 2578 683 tibi.
2616 629 2705 684 Sic
2737 631 2893 701 facies
2923 634 3152 689 omnibus
3184 637 3467 694 civitatibus

1895 727 2007 781 qua:
2027 713 2176 786 longe
2200 728 2314 771 sunt
2340 735 2372 772 a
2407 728 2455 773 te
2476 720 2650 785 valde,
2688 739 2803 792 qua:
2838 741 2937 778 non
2961 735 3079 779 sunt
3124 743 3156 779 a
3187 727 3470 785 civitatibus

1893 803 2114 871 gentium
2146 806 2377 861 istarum.
2412 807 2547 864 Ecce
2578 821 2743 866 autem
2771 829 2833 867 ea:
2861 815 3138 870 ciuitatibus
3166 816 3301 883 istis,
3344 836 3473 891 quas

1893 899 2141 954 Dominus
2169 899 2308 954 Deus
2344 911 2458 955 tuus
2487 902 2574 956 dat
2599 903 2684 956 tibi
2713 905 3012 961 lucreditare
3048 917 3231 962 terram
3272 925 3470 977 eorum,

1894 1009 1996 1046 nan
2017 993 2286 1062 vivi/icabis
2311 1011 2507 1048 omnem
2533 995 2714 1052 rivum.
2743 999 2830 1051 sed
2856 999 3200 1055 anatltemabts
3220 1017 3328 1064 eos;
3353 1000 3471 1057 Cet-

1895 1085 2080 1140 tltatum
2097 1129 2111 1153 ,
2143 1097 2188 1142 et
2209 1088 2576 1152 Amori-Iratum,
2595 1098 2638 1142 et
2665 1087 3031 1154 Cltanana-um,
3060 1104 3104 1146 et
3125 1093 3470 1160 Pltereswum,

1893 1189 1940 1232 et
1958 1179 2197 1246 Eva’um,
2229 1179 2612 1244 etlebusteum,
2653 1191 2699 1233 et
2741 1180 3059 1253 Gergesicum
3085 1226 3100 1250 ,
3142 1185 3470 1255 quemadmo-

1893 1270 2013 1324 dum
2043 1271 2296 1325 mandavit
2323 1271 2410 1325 tibi
2429 1270 2677 1326 Dantinus
2708 1272 2844 1325 Deus
2873 1283 2988 1327 tuus
3016 1275 3033 1344 (
3057 1273 3208 1328 Deut.
3240 1292 3339 1340 xx,
3374 1277 3470 1331 10-

1895 1360 2004 1435 17).
2035 1362 2105 1416 Et
2133 1362 2217 1416 hic
2240 1362 2456 1415 istarum
2487 1372 2690 1432 septem
2725 1365 2958 1433 gentium
2993 1377 3187 1419 terram
3232 1366 3468 1436 promis-

1891 1469 2004 1508 sam
2055 1453 2105 1506 in
2160 1452 2561 1519 harrcditatcm,
2625 1469 2784 1522 quam
2852 1455 3129 1510 debellatis
3184 1471 3353 1524 usque
3403 1454 3472 1510 ad

1893 1546 2306 1600 internecionem
2338 1546 2536 1600 eisdem
2562 1546 2810 1616 gentibus
2841 1546 3089 1602 Israelita:
3115 1548 3468 1616 possiderent,

1894 1636 2226 1690 nianil'estum
2253 1643 2352 1690 est.
2384 1635 2615 1690 (Steti-ras
2641 1636 2782 1690 enim
2811 1652 2928 1705 qua:
2957 1637 3291 1707 longinquius
3319 1646 3472 1692 extra

1892 1728 2021 1782 istas
2045 1737 2228 1798 gentes
2258 1729 2644 1794 invenirentur,
2675 1729 2840 1782 voluit
2875 1729 2987 1783 fieri
3029 1729 3332 1783 tributarias
3372 1743 3471 1783 eo-

1893 1834 2044 1884 rum,
2099 1819 2142 1872 si
2198 1833 2301 1872 non
2356 1818 2720 1873 resisterent:
2769 1821 2813 1873 si
2873 1829 3047 1874 autem
3124 1821 3472 1886 resisterent,

1892 1912 2050 1965 etiam
2081 1911 2221 1980 ipsas
2252 1909 2472 1966 interﬁci
2493 1951 2508 1976 ,
2538 1921 2590 1965 et
2617 1912 2666 1965 in
2692 1911 3038 1981 perditionem
3064 1912 3211 1979 dari,
3237 1913 3475 1982 exceptis

1894 2004 2173 2073 pecoribus
2201 2012 2255 2058 ct
2278 2019 2395 2073 qua:
2422 2003 2475 2057 in
2505 2003 2734 2070 przcdam
2759 2013 2974 2074 possent
2997 2005 3197 2060 venire.
3217 2003 3345 2060 Item
3367 2005 3475 2059 alio

1893 2094 2012 2149 loco
2053 2095 2104 2148 in
2147 2095 2556 2149 Denlcronomio
2584 2097 2652 2149 ita
2684 2095 2912 2166 legitur,:
2954 2096 3019 2149 Et
3064 2098 3186 2163 erit,
3227 2113 3340 2150 cum
3385 2097 3506 2150 in-s

1895 2188 2090 2242 duxerit
2118 2197 2164 2241 te
2193 2187 2436 2242 Dominus
2467 2187 2603 2243 Deus
2631 2198 2746 2243 tuus
2775 2191 2828 2243 in
2856 2200 3037 2244 terram
3063 2191 3116 2244 in
3141 2207 3290 2262 quant
3313 2190 3474 2244 intras

1894 2280 1994 2334 ibi’
2023 2281 2315 2334 Ita’reditare
2338 2297 2469 2347 eam,
2502 2290 2547 2334 et
2570 2281 2826 2336 abstulerit
2851 2291 3018 2354 gentes
3041 2299 3249 2353 magnas
3279 2290 3324 2336 et
3339 2282 3474 2335 mul-

1897 2381 1972 2425 tas
1992 2388 2022 2424 a
2042 2380 2308 2442 conspectu
2330 2382 2435 2436 tuo,
2463 2369 2739 2426 Ceu/neum
2754 2412 2772 2439 ,
2798 2382 2843 2426 et
2866 2372 3181 2444 Gergesaaum
3197 2415 3211 2436 ,
3231 2382 3275 2425 et
3299 2373 3477 2425 Amor-

1896 2463 2114 2528 rlueum,
2146 2471 2191 2516 et
2221 2461 2538 2517 Plterestvnm
2559 2505 2574 2528 ,
2603 2473 2648 2516 et
2673 2463 3016 2518 Cltauanteum
3035 2507 3049 2527 ,
3085 2475 3132 2518 et
3159 2463 3395 2528 Erwum,
3427 2472 3477 2517 et

1895 2555 2184 2609 Jcbusa’um
2205 2598 2219 2621 ,
2244 2565 2432 2623 septem
2456 2565 2623 2625 gentes
2647 2573 2858 2628 magnas
2885 2566 2930 2610 et
2953 2558 3135 2611 ntultas
3173 2571 3216 2611 et
3245 2558 3476 2628 fortiores

1898 2645 2069 2712 vobis;
2092 2655 2136 2699 et
2168 2646 2328 2700 tradet
2353 2663 2436 2700 eos
2467 2644 2711 2700 Dominus
2739 2645 2878 2700 Deus
2910 2656 3024 2700 tuus
3055 2647 3104 2699 in
3128 2663 3305 2700 manus
3340 2655 3472 2709 tuas,

1897 2746 1942 2790 et
1958 2737 2202 2807 percuties
2229 2753 2310 2790 eos
2328 2777 2344 2803 ,
2371 2737 2664 2790 exterminio
2693 2736 3041 2791 exterminabis
3069 2753 3171 2790 eos.
3206 2733 3326 2790 Non
3367 2735 3478 2789 dis-

1897 2845 2052 2900 ponas
2094 2828 2162 2881 ad
2199 2844 2281 2882 eos
2324 2837 2670 2881 testamentum
2696 2869 2710 2892 ,
2752 2844 2907 2896 neque
2957 2827 3236 2880 miserearis
3269 2841 3473 2889 eorum,

1899 2935 2056 2987 neque
2085 2920 2417 2973 matrimoniis
2426 2919 2718 2991 jungamiui
2750 2935 2862 2973 cum
2883 2920 2955 2973 eis
2980 2935 2998 2972 :
3026 2916 3189 2988 filiam
3217 2928 3354 2972 tuam
3378 2933 3480 2972 non

1898 3009 2039 3064 dabis
2061 3010 2169 3078 lilio
2201 3011 2308 3080 ejus
2328 3051 2341 3073 ,
2373 3019 2417 3063 et
2437 3009 2597 3078 filiam
2632 3011 2740 3080 ejus
2760 3026 2861 3063 non
2888 3025 3050 3063 sumes
3085 3007 3193 3078 filio
3219 3017 3326 3073 tuo,
3371 3016 3480 3062 etc.

1899 3102 2071 3172 (Deut.
2095 3119 2182 3164 vn,
2214 3101 2350 3174 1-5).

1969 3197 2196 3252 Proinde
2227 3196 2482 3265 liisatque
2508 3196 2623 3250 aliis
2643 3195 3035 3265 Scripturarum
3063 3193 3194 3249 locis
3215 3206 3360 3264 szepe
3388 3206 3482 3247 os-

1900 3288 2157 3352 tenditur,
2192 3289 2376 3340 barum
2416 3297 2617 3355 septem
2642 3286 2879 3355 gentium
2905 3293 3075 3340 terras
3103 3285 3174 3339 ita
3210 3283 3484 3354 accepisse

1901 3380 1953 3433 in
1984 3379 2344 3434 btereditatem
2374 3380 2506 3432 tilios
2537 3379 2732 3444 Israel,
2766 3387 2823 3432 ut
2851 3392 2954 3432 non
2983 3392 3104 3432 cum
3129 3376 3207 3430 eis
3231 3376 3320 3445 qui
3359 3389 3484 3430 eas-

1901 3469 2020 3524 dem
2049 3478 2215 3524 terras
2247 3469 2517 3534 tenebant,
2545 3468 2637 3523 sed
2669 3484 2763 3539 pro
2788 3468 2867 3523 eis
2892 3467 2999 3521 illic
3024 3466 3343 3521 habitarent.
3376 3465 3485 3520 Ve-

1902 3572 2198 3617 rumtamen
2232 3562 2282 3615 in
2311 3562 2505 3617 Genesi
2529 3576 2633 3614 non
2666 3563 2780 3614 ista:
2810 3568 3242 3629 tantunrseptcm
3273 3567 3480 3628 gentes,

1903 3654 1996 3709 sed
2027 3653 2270 3708 undecim
2300 3652 2681 3722 promittuntur
2720 3651 2908 3705 semini
2937 3650 3182 3704 Abrahae.
3213 3646 3303 3710 Sic
3338 3647 3484 3702 enim

1903 3743 2096 3813 legitur
2123 3762 2136 3796 :
2171 3741 2234 3795 In
2265 3743 2343 3794 die
2370 3741 2458 3795 illa
2483 3741 2730 3812 disposuit
2762 3740 3012 3795 Dominus
3047 3738 3184 3793 Deus
3211 3747 3484 3792 testamen-

1905 3842 2008 3886 tu-m
2037 3833 2104 3886 ad
2126 3832 2396 3896 Abraham,
2417 3832 2608 3899 dicens,
2639 3831 2834 3886 Semini
2853 3841 2936 3885 tuo
2967 3831 3096 3884 dabo
3123 3840 3306 3884 (errant
3331 3829 3483 3895 hanc,

1904 3940 1936 3977 a
1951 3925 2156 3994 [Iuntina
2179 3922 2398 3994 nggpti
2421 3939 2576 3991 usque
2603 3923 2669 3976 ad
2689 3924 2874 3992 ﬂumen
2890 3939 3151 3993 magnum,
3169 3923 3356 3993 ﬂumen
3381 3919 3487 3974 Eu-

1905 4015 2150 4086 phratem,
2164 4013 2386 4078 Ceua'os,
2407 4027 2451 4067 et
2467 4013 2743 4080 Cencswos,
2762 4023 2806 4067 et
2819 4012 3147 4078 Cetmonteos,
3162 4024 3206 4066 et
3220 4011 3488 4077 Ceu/neos,

1905 4117 1949 4162 et
1965 4102 2268 4172 Plteresteas,
2284 4118 2328 4161 et
2342 4107 2673 4178 Raphaim,et
2688 4106 3026 4170 Amarrlia'os,
3044 4115 3088 4160 et
3105 4104 3494 4169 Cltauauteos,“

1905 4197 2102 4263 vaas,
2122 4207 2166 4252 et
2187 4197 2494 4269 Gergesazos,
2519 4206 2564 4251 et
2578 4196 2998 4268 Jebusazos(Gen.
3017 4194 3336 4266 xv,18-21).
3358 4195 3493 4260 Qua:

1905 4289 1975 4342 ita
1997 4289 2217 4342 solvitur
2239 4288 2462 4356 quaestio
2481 4327 2497 4352 ,
2521 4297 2579 4340 ut
2605 4287 2958 4356 intelligamus
2991 4285 3128 4339 hanc
3157 4285 3495 4353 praecessisse

1905 4376 2410 4449 pr0plietiam,quod
2434 4377 2484 4429 in
2504 4390 2597 4431 eos
2627 4377 2760 4430 lines
2782 4391 3002 4446 regnum
3030 4374 3200 4428 fuerat
3216 4381 3493 4443 porrectu-

1906 4484 2000 4523 rus
2041 4478 2095 4521 ct
2140 4467 2454 4522 dilataturus
2481 4466 2755 4532 Salomon,
2782 4467 2850 4522 de
2882 4481 2987 4537 quo
3009 4467 3077 4520 ita
3100 4466 3354 4536 scriptum
3380 4473 3492 4518 est:

1910 4560 1976 4614 Et
2003 4576 2150 4613 omne
2176 4559 2487 4629 propositum
2517 4559 2808 4615 Salomonis
2826 4601 2840 4624 ,
2871 4576 2970 4626 quo
3008 4559 3338 4614 destinaverat
3363 4557 3494 4613 tedi-

1911 4651 2066 4719 ﬁcare
2089 4652 2143 4704 in
2171 4650 2455 4705 Jerusalem
2482 4659 2526 4705 et
2555 4650 2749 4706 Libano
2769 4659 2815 4706 et
2837 4652 2893 4705 in
2916 4651 3053 4706 omni
3079 4662 3212 4706 terra
3234 4651 3494 4723 potestatis

1913 4758 2021 4796 sua:
2045 4741 2245 4796 :omnis
2271 4742 2489 4812 papulas
2524 4742 2612 4813 qui
2659 4742 2926 4797 derelictus
2965 4751 3037 4796 est
3074 4760 3106 4795 a
3149 4741 3400 4806 Cettluea,
3450 4749 3499 4794 et

1916 4833 2238 4899 Amorrluco,
2266 4842 2311 4885 et
2338 4832 2604 4888 Pherest
2625 4875 2640 4898 ,
2667 4841 2714 4886 et
2735 4832 2906 4897 Evtco,
2935 4843 2980 4888 et
2998 4833 3252 4898 Iebuswo,
3281 4833 3367 4903 qui
3395 4847 3498 4885 non

1915 4936 2056 4982 erant
2086 4943 2149 4981 ea:
2176 4925 2370 4992 Israel,
2399 4942 2462 4979 ea:
2499 4926 2620 4994 filiis
2642 4942 2815 4980 eorum
2853 4926 2940 4997 qui
2969 4925 3160 4979 residui
3195 4934 3338 4976 erant
3378 4938 3496 4975 cum

1915 5019 1985 5073 eis
2012 5019 2065 5071 in
2095 5027 2264 5081 terra,
2305 5033 2428 5087 quos
2473 5034 2578 5071 non
2620 5024 3033 5086 consumpserant
3073 5014 3167 5083 filii
3218 5011 3403 5076 Israel,
3447 5018 3498 5065 et

1916 5109 2202 5181 subjugarit
2246 5124 2331 5162 eos
2381 5107 2628 5162 Salomon
2684 5109 2736 5161 in
2781 5105 3020 5160 tributum
3067 5119 3222 5174 usque
3257 5104 3311 5156 in
3361 5102 3496 5155 diem

1919 5202 2053 5254 lmuc
2080 5198 2168 5271 (111
2200 5199 2328 5270 Reg.
2358 5214 2412 5261 Χ,
2444 5198 2537 5264 22,
2559 5197 2698 5268 apud
2730 5195 2871 5250 LXX
2896 5211 2911 5260 ;
2939 5196 2991 5248 in
3028 5193 3247 5265 Vulgata
3270 5209 3326 5249 ix
3347 5235 3363 5259 ,
3397 5194 3497 5248 19-

1917 5293 2029 5364 21).
2074 5293 2210 5347 Ecce
2249 5291 2459 5346 residua
2501 5291 2818 5360 populorum
2863 5287 3296 5343 debellandorum
3341 5297 3500 5358 atque

1922 5387 2142 5441 omnino
2165 5399 2230 5441 ex
2263 5384 2355 5438 Dei
2384 5393 2648 5454 prmcepto
2677 5381 3064 5453 perdendornm
3087 5378 3498 5450 sulijugavitSa-

1923 5479 2101 5534 lomon
2129 5477 2182 5531 in
2213 5475 2464 5530 tributum
2488 5514 2502 5538 ,
2541 5487 2676 5544 quos
2705 5472 2885 5541 utique
2919 5471 3209 5526 secundum
3235 5469 3327 5524 Dei
3355 5483 3494 5540 prcc-

1923 5578 2134 5640 ceptum
2163 5566 2388 5638 perdere
2407 5565 2590 5620 debuit
2617 5582 2632 5619 :
2655 5564 2748 5620 sed
2767 5573 2941 5620 tamen
2960 5562 3224 5634 subjugati
3252 5571 3499 5633 tanquam

1989 5811 2010 5842 ³
2034 5816 2136 5858 Am.
2158 5814 2233 5856 Er.
2260 5813 2312 5857 et
2346 5813 2453 5857 ων.
2472 5841 2489 5867 ,
2511 5797 2851 5856 ἱηει·ηῡὶὲ.ἠ;ιι.
2888 5810 2940 5854 et
2968 5810 3074 5854 Mss.
3116 5803 3230 5860 duo.
3255 5797 3510 5853 mirabilis.

1930 5870 2020 5922 Alii
2039 5869 2234 5934 quidam
2255 5877 2382 5931 Mss,
2404 5868 2556 5920 intras
2578 5867 2670 5925 ibi.
2688 5870 2832 5927 juxta
2856 5873 2983 5917 LXX.
