3862 6308
182 289 298 356 789

187 404 498 475 pinqnante
540 408 742 466 morte,
789 397 898 470 Ego
935 404 1102 452 autem
1138 411 1340 451 recurro
1375 394 1536 458 riam,
1578 395 1706 448 sicut
1747 401 1794 448 et

186 512 375 551 onmes
407 495 496 565 qui
519 510 671 564 super
693 503 912 555 terram;
939 490 988 543 itt
1017 505 1076 542 ea
1101 486 1541 557 interpretatione
1568 501 1685 556 quze
1711 494 1794 539 est

187 603 254 644 ex
290 587 516 640 ltebrzeo
554 583 880 643 itt\'t3ttitl'l3:5,
919 580 1173 651 ingredior
1210 579 1360 632 riam.
1392 576 1464 631 lla
1494 591 1620 648 ergo
1654 573 1796 631 accio

191 679 461 750 piendum
484 687 564 730 est
587 677 724 743 quod
748 673 1088 743 Septuaginta
1116 671 1383 733 dixerunt,
1409 684 1632 730 recurro,
1657 667 1796 722 sicut

188 770 405 824 dictum
451 777 533 822 est
562 767 794 831 homini,
837 765 1004 819 Donec
1043 762 1304 816 rerertaris
1343 761 1394 814 in
1439 771 1622 813 (errant
1665 757 1797 813 unde

186 873 438 933 sumptus
464 879 514 916 cs
544 859 690 932 (Gen.
719 875 794 923 ιιι,
823 859 912 930 19)
938 875 952 917 ς
980 867 1034 910 ιιι
1060 855 1349 910 secundum
1376 868 1568 922 corpus
1596 851 1792 905 dictum

189 954 556 1025 intelligatur.
589 954 892 1008 Secundum
931 953 1161 1006 animant
1209 964 1352 1013 vero,
1386 949 1428 1002 si
1472 947 1795 1002 voluetitnus

191 1048 264 1102 Ita
310 1052 584 1116 accipere,
619 1045 1062 1116 tpteutadntndtun
1109 1043 1159 1096 itt
1202 1041 1523 1097 Ecclesiaste
1562 1039 1793 1108 positum

189 1155 300 1209 est,
359 1143 428 1197 Iit
477 1144 686 1212 spiritus
732 1151 1001 1196 rerertetar
1044 1140 1112 1192 ad
1160 1137 1317 1192 Deam
1373 1137 1457 1204 qui
1503 1135 1636 1187 dedit
1682 1149 1794 1186 eum

191 1236 418 1312 (lin-le.
455 1253 548 1291 xu,
580 1237 646 1306 7)
675 1253 690 1300 ;
720 1253 822 1290 non
853 1236 1084 1288 arbitror
1109 1235 1175 1288 de
1213 1231 1458 1284 qunilnIs
1489 1243 1640 1298 posse
1668 1225 1792 1291 diei,

192 1330 291 1386 sed
325 1330 398 1383 de
431 1331 496 1383 iis
534 1330 621 1398 qui
668 1331 747 1383 sic
783 1345 812 1379 ι’
838 1327 1004 1382 xet'ittt
1031 1367 1044 1388 ,
1079 1338 1128 1378 nt
1163 1325 1227 1378 ad
1263 1324 1425 1378 l).-tun
1471 1321 1643 1375 redire
1687 1332 1798 1371 Ine-

198 1435 447 1487 reantur,
493 1431 740 1490 tanquam
789 1420 853 1473 ad
897 1429 1168 1472 aut-torem
1217 1432 1244 1469 a
1294 1430 1400 1483 qtzo
1443 1411 1604 1465 creati
1651 1417 1793 1463 sunt.

190 1515 384 1588 Neque
431 1517 575 1568 enim
609 1515 708 1569 hoc
747 1525 796 1568 et
825 1514 892 1566 de
927 1513 1030 1565 iliis
1071 1522 1214 1565 recte
1255 1508 1471 1577 intelligi
1506 1515 1696 1575 potest,
1729 1504 1798 1559 de

191 1610 397 1679 quibus
445 1608 642 1661 dicitur
669 1649 683 1668 .
730 1606 953 1674 Spiritus
996 1603 1262 1654 ambulans
1306 1610 1351 1653 et
1402 1616 1498 1650 non
1551 1607 1798 1650 rerertens

197 1697 376 1772 (I’sal.
416 1713 624 1762 I.xxvu,
651 1697 770 1762 ‘59).
804 1697 902 1750 Iste
927 1705 1100 1749 autem
1132 1694 1213 1746 vir
1237 1699 1452 1745 sanctus
1476 1689 1630 1744 Iesus
1656 1687 1799 1742 Nave

192 1789 238 1844 si
288 1806 400 1843 non
450 1789 763 1854 addidisset,
793 1787 921 1841 sicut
967 1796 1013 1838 ct
1056 1800 1225 1838 omnes
1267 1783 1354 1853 qui
1400 1797 1548 1848 super
1591 1788 1796 1845 tcrram,

197 1880 342 1934 nulla
371 1888 523 1933 esset
547 1879 806 1949 qttatstio;
842 1894 1012 1947 neque
1049 1877 1189 1930 enim
1218 1873 1360 1927 aliud
1391 1873 1457 1926 de.
1489 1874 1577 1924 illo
1608 1871 1798 1924 crede-

193 1987 408 2036 remus,
454 1989 611 2039 quam
653 1987 758 2041 qun
797 1987 918 2024 cum
959 1968 1173 2040 dignum
1216 1982 1335 2022 esse
1385 1966 1644 2034 legimus:
1677 1978 1798 2016 eunt

196 2079 333 2120 \‘CIO
380 2064 623 2117 additum
668 2072 770 2129 est,
797 2063 926 2115 sicut
968 2072 1014 2114 ct
1053 2076 1223 2113 omnes
1265 2059 1352 2128 qui
1386 2072 1538 2124 super
1576 2066 1802 2119 (errant;

196 2157 404 2210 mirum
437 2155 482 2210 si
513 2157 647 2215 hoc,
677 2153 816 2224 quod
850 2152 1042 2207 latinus
1069 2152 1332 2218 interpres
1369 2164 1572 2203 recurro
1603 2145 1798 2214 posuit,

203 2265 312 2305 non
349 2250 525 2320 magis
551 2263 787 2318 percurro
819 2247 898 2301 vel
940 2261 1150 2299 excurro
1180 2241 1461 2297 dicendum
1489 2249 1591 2304 est,
1627 2238 1670 2292 si
1701 2236 1804 2292 hoc

199 2350 383 2415 potest
414 2341 520 2394 diei
549 2339 686 2412 quod
715 2353 921 2409 grateus
949 2337 1110 2391 habet
1135 2339 1400 2401 ἆπςτρέχω.
1434 2332 1633 2385 Omnes
1659 2331 1801 2384 enim

203 2441 555 2506 percurrunt,
603 2433 682 2488 vel
718 2439 1009 2486 excurrunt
1047 2428 1204 2496 hujus
1234 2427 1353 2479 vita:
1396 2425 1553 2488 viam,
1585 2438 1706 2476 ctun
1737 2420 1803 2474 ad

201 2525 322 2595 ejus
348 2523 513 2578 Iiz'It-In
543 2521 901 2592 pervenerint.
921 2519 1026 2576 Sed
1055 2519 1174 2588 quia
1206 2518 1304 2570 hoc
1328 2515 1546 2570 verbum
1573 2521 1805 2582 positum

204 2606 310 2678 est,
336 2617 428 2669 ttbi
463 2624 708 2682 parentes
739 2613 995 2666 Iiebecca:
1017 2611 1196 2664 dicunt
1219 2607 1284 2662 ad
1307 2623 1524 2662 servum
1556 2606 1804 2670 Abrahae,

205 2703 346 2762 Ecce
389 2705 621 2761 Reln'cca
642 2723 662 2771 ;
700 2706 952 2775 accipiens
993 2719 1225 2767 recurre,
1264 2710 1310 2754 ct
1347 2700 1411 2753 sit
1449 2715 1578 2752 uxor
1615 2695 1809 2751 domini

208 2801 282 2854 tui
321 2804 340 2871 (
369 2799 499 2853 Gen.
539 2814 691 2866 xxtv,
724 2799 783 2855 5i
807 2798 828 2872 )
855 2813 871 2864 ;
905 2795 1024 2853 ideo
1052 2807 1107 2851 et
1131 2794 1216 2850 hic
1245 2793 1314 2848 ita
1347 2791 1448 2847 hoc
1477 2791 1692 2846 verbum
1721 2790 1808 2845 in-

208 2900 563 2962 terpretatum
591 2901 691 2946 est.

283 2983 455 3039 XXV.
504 2983 602 3057 (Ib.
636 2997 786 3044 xxtv,
815 2979 894 3056 5.]
931 2979 1081 3048 Quod
1113 2976 1454 3049 Septuaginta
1492 2977 1808 3045 interpretes

212 3077 442 3138 habent,
475 3075 537 3129 Et
563 3075 812 3141 assumpsi
835 3084 1026 3146 patrem
1052 3083 1266 3127 rostrum
1295 3069 1547 3124 Abraham
1579 3069 1642 3122 de
1670 3079 1810 3121 trans

208 3169 433 3238 ﬂumen,
461 3178 503 3221 et
533 3167 717 3221 dettuxi
749 3183 859 3220 eam
887 3166 938 3220 in
976 3182 1170 3219 omnem
1199 3174 1415 3225 terram;
1444 3160 1810 3230 interpretatio

211 3275 336 3330 qua:
379 3269 464 3312 est
496 3275 558 3313 ex
605 3260 819 3312 hebraso
861 3257 1042 3322 habet,
1077 3266 1122 3309 et
1162 3253 1340 3308 induxi
1380 3270 1494 3308 cum
1530 3254 1581 3306 in
1627 3264 1812 3306 (errant

212 3350 492 3406 Chanaan.
538 3352 724 3404 Mirum
765 3359 849 3404 est
891 3364 1018 3419 ergo
1056 3349 1100 3402 si
1143 3347 1485 3416 Septuaginta
1534 3361 1629 3415 pro
1673 3354 1812 3398 terra

213 3441 478 3498 Chanaan
501 3484 514 3506 ,
543 3458 756 3494 omnem
795 3452 987 3493 terrain
1033 3453 1228 3508 ponere
1254 3437 1569 3499 voluerunt,
1607 3435 1705 3488 nisi
1735 3435 1817 3489 itt-

215 3543 440 3590 tttentes
489 3533 852 3603 prophetiam.
902 3542 958 3586 ιιι
1002 3531 1168 3600 magis
1212 3545 1276 3585 ex
1322 3529 1676 3600 promissione
1723 3529 1814 3583 Dei

217 3636 477 3697 tanquam
510 3625 706 3681 factum
735 3624 1056 3693 accipiatur,
1086 3623 1224 3694 quod
1257 3622 1555 3678 certissime
1583 3623 1816 3676 Iuturtun

218 3721 274 3776 in
321 3721 544 3774 Christo
583 3731 637 3775 et
681 3720 731 3773 in
781 3718 1018 3773 Ecclesia
1060 3718 1527 3787 pt'autunliahatnr,
1560 3716 1699 3786 quod
1735 3725 1818 3771 est

219 3827 413 3867 verum
454 3827 636 3867 semen
679 3813 944 3873 Abt-altae;
992 3825 1097 3863 non
1139 3809 1191 3862 in
1234 3808 1356 3862 lilits
1391 3809 1591 3876 carnis,
1631 3807 1726 3864 scd
1765 3809 1818 3864 in

224 3905 351 3961 ﬁliis
385 3907 772 3975 pruinissitntis.

299 3996 489 4054 XXVI.
536 3997 636 4069 litt.
670 4013 820 4060 xxtv,
855 3994 966 4071 il]
1010 3995 1079 4050 Et
1109 3995 1414 4051 bellarcrunt
1456 3997 1694 4052 adversus
1735 4012 1822 4052 vos

227 4089 314 4159 qui
356 4089 647 4141 habitabant
671 4087 895 4141 Iericho.
922 4087 1096 4156 Qtncri
1141 4098 1309 4158 potest
1345 4089 1613 4157 quomodo
1644 4089 1692 4142 id
1732 4075 1824 4144 vc;

230 4196 350 4235 rtun
390 4183 479 4244 sit.
510 4197 630 4234 cum
661 4181 854 4235 clausis
884 4181 1051 4250 portis
1079 4197 1136 4236 se
1164 4198 1434 4235 murorum
1475 4181 1673 4233 ambittt
1704 4191 1822 4234 tan-

233 4273 516 4328 tummodo
560 4283 855 4328 tuerentur.
887 4271 990 4328 Sed
1036 4282 1180 4328 recte
1220 4273 1418 4326 dictum
1463 4279 1566 4337 est,
1607 4272 1726 4342 quia
1771 4281 1826 4328 et

235 4364 489 4419 claudere
518 4364 771 4419 adverSuS
794 4362 998 4418 hostem
1030 4374 1227 4433 portas,
1254 4362 1318 4416 ad
1348 4363 1540 4417 bellum
1573 4364 1822 4433 pertinet.

236 4454 350 4512 Non
396 4457 540 4516 c.;itn
589 4457 844 4512 miserunt
901 4457 1100 4526 legatos
1145 4457 1233 4526 qui
1281 4465 1561 4525 posrereut
1620 4470 1824 4524 pacem.

239 4547 394 4629 IJnde
439 4551 483 4603 si
525 4549 724 4607 dictum
763 4559 935 4614 esset,
984 4549 1353 4618 Pugnavcrunt
1391 4547 1670 4602 adversum
1709 4562 1826 4614 vos,

241 4639 430 4722 falsum
474 4652 633 4697 CSSet.
667 4641 847 4712 Neque
886 4642 1026 4695 enim
1074 4641 1270 4696 bellum
1312 4640 1590 4695 continuas
1630 4656 1830 4712 pugnas

235 4730 423 4802 habet,
469 4733 561 4789 sed
601 4734 884 4803 aliquando
923 4735 1157 4796 crebras,
1197 4731 1479 4802 aliquando
1525 4747 1691 4795 raras,
1728 4732 1831 4786 ali-

246 4827 461 4896 quando
488 4827 678 4880 nttllas.
707 4826 911 4880 Bellum
943 4821 1024 4880 est
1052 4835 1229 4880 tamen
1260 4822 1472 4895 quando
1494 4833 1575 4879 est
1601 4823 1830 4900 quodam

250 4917 406 4968 modo
435 4927 636 4971 armata
667 4916 926 4970 dissensio
957 4917 993 4968 ‘.

318 5007 534 5064 XXVII.
563 5007 662 5081 (Ib.
691 5023 841 5072 xxtv,
875 5005 984 5080 12.]
1009 5007 1143 5076 Quid
1172 5016 1273 5066 est.
1305 5005 1444 5076 quod
1475 5006 1613 5062 inter
1640 5014 1833 5062 cretcra

253 5114 368 5169 qua:
393 5101 553 5156 .Iesus
577 5101 717 5156 Nave
738 5117 860 5169 erga
890 5100 1150 5155 lsraelitas
1175 5100 1451 5153 hominum
1477 5100 1664 5155 fecisse
1685 5116 1832 5154 cotu-

257 5203 534 5257 ntemorat,
567 5192 719 5256 dicit,
750 5189 892 5244 Misit
922 5201 1037 5244 ante
1060 5207 1144 5244 ros
1175 5206 1347 5258 vespas
1366 5232 1383 5257 ,
1409 5202 1456 5246 ct
1491 5191 1631 5260 eiecit
1662 5190 1777 5245 iltos
1805 5207 1836 5242 (ι

261 5283 386 5350 facie
411 5295 571 5338 restra
598 5285 656 5337 ἐ
697 5283 838 5354 quod
875 5283 1032 5336 etiam
1064 5281 1117 5335 itt
1158 5283 1293 5336 libro
1331 5281 1614 5352 Sapientia-
1647 5283 1837 5351 legitur

262 5371 430 5444 (Sep.
464 5391 561 5442 xu,
589 5374 685 5446 8),
714 5390 814 5431 nec
854 5386 1028 5430 tamen
1058 5375 1260 5445 uspiam
1304 5373 1495 5429 factum
1523 5389 1642 5429 csse
1679 5376 1732 5428 in
1773 5375 1837 5430 iis

327 5548 342 5579 ί
367 5549 440 5600 sic
460 5563 631 5600 omnes
647 5557 755 5602 Mss.
782 5557 832 5602 At
849 5550 986 5611 editi,
1006 5549 1199 5612 quando
1217 5555 1370 5613 porta:
1389 5547 1596 5600 hostibus
1611 5548 1840 5602 claudun-

263 5613 343 5676 tur
363 5623 379 5660 :
400 5620 443 5662 et
461 5613 809 5676 quodanmwtto
826 5622 1013 5676 actitata
1026 5614 1262 5676 defensio.

329 5673 347 5703 ι
371 5677 447 5724 Itic
467 5673 588 5740 post,
610 5683 654 5725 ct
671 5674 807 5738 ejeeit
826 5675 952 5736 illos,
974 5673 1202 5740 attonitus
1215 5687 1278 5740 ex
1303 5680 1445 5740 Mss._,
1469 5685 1500 5740 (ι
1521 5673 1643 5737 facie
1666 5681 1839 5728 vestra.

269 5736 318 5783 In
335 5734 495 5798 greco
511 5749 643 5790 nmtc
661 5734 759 5801 est,
778 5751 870 5804 apo
891 5734 1128 5804 prosum
1144 5734 1333 5801 Ιιέιιιόιι,
1350 5748 1384 5790 a
1401 5734 1530 5790 facie
1547 5747 1732 5791 nostra.

1577 279 1780 340 LIBER
1813 275 2104 342 SEXTUS.

3384 275 3487 334 790

1897 406 2017 462 qua:
2042 394 2187 458 gesta
2213 395 2357 453 sunt,
2395 387 2706 444 invenitur?
2733 389 2811 442 An
2849 385 2984 443 forte
3010 389 3264 444 translato
3292 392 3481 457 verbo,

1895 498 2087 552 vespas
2117 483 2332 552 intelligi
2364 481 2522 536 voluit
2548 483 2838 537 acerrimos
2867 481 3072 536 timoris
3098 481 3330 540 aculeos.
3362 487 3482 553 qui-

1898 575 1995 630 bus
2038 574 2264 643 quodam
2308 574 2466 628 modo
2501 573 2797 627 volantibus
2840 573 3140 627 rumoribus
3182 574 3484 642 pungeban-

1900 675 2003 732 tut',
2034 676 2086 720 ιιι
2115 667 2374 736 lugerent,
2402 675 2489 719 aut
2513 665 2688 720 aerios
2719 665 2957 719 occultos
2994 666 3230 733 Spiritus,
3259 665 3398 732 quod
3425 666 3478 721 in

1899 759 2112 814 Psalmo
2135 759 2282 819 dicit,
2312 758 2409 812 Per
2430 759 2635 829 angelos
2657 758 2903 828 malignos
2925 755 3094 830 (I’sal.
3116 772 3322 819 Lxxvu,
3351 757 3438 827 49)
3460 759 3485 811 ?

1898 853 2006 907 Nisi
2036 845 2173 908 forte
2200 853 2317 922 quis
2343 852 2504 917 dicat,
2535 868 2638 906 non
2666 854 2841 905 omnia
2871 868 2987 918 quae
3019 849 3152 904 facta
3184 861 3327 914 sunt,
3362 865 3483 904 esse

1898 945 2198 1012 conscripta
2225 959 2240 1006 ;
2270 952 2323 997 et
2347 945 2445 996 hoe
2471 958 2679 1013 quoque
2703 943 2980 997 visibiliter
3006 939 3221 1008 factum,
3249 951 3305 994 ut
3333 955 3484 994 veras

1898 1050 2092 1099 γοδς-τις
2123 1036 2238 1088 telit
2277 1035 2519 1104 intelligi.

1970 1124 2206 1182 XXVIII.
2239 1125 2336 1198 (Ib.
2377 1141 2521 1188 xxtv,
2559 1121 2670 1195 19.]
2699 1123 2835 1192 Quid
2865 1133 2969 1189 est,
3001 1124 3138 1192 quod
3173 1123 3301 1177 dixit
3330 1124 3485 1176 Iesus

1898 1222 1964 1276 ad
2007 1222 2286 1289 populum,
2322 1219 2439 1273 Non
2473 1218 2694 1287 poteritis
2729 1221 2910 1271 seri-ire
2941 1217 3310 1286 Domino,quia
3353 1216 3486 1268 (ius

1899 1326 2102 1382 sanctus
2132 1325 2222 1368 est.
2250 1316 2328 1368 .-‘\n
2361 1315 2478 1383 quia
2509 1314 2645 1366 illius
2671 1313 2934 1365 sanctitati
2972 1312 3199 1378 ['CIIt't‘Itt
3229 1314 3485 1367 servitute

1900 1407 2127 1476 quodam
2162 1405 2318 1458 modo
2347 1405 2732 1472 routenqwrari
2757 1446 2769 1462 ,
2803 1407 3045 1455 humana?
3089 1403 3350 1471 Iragihtali
3384 1403 3485 1454 iut-

1902 1499 2155 1568 psssihde
2183 1498 2308 1553 est?
2336 1499 2449 1565 Quo
2475 1498 2676 1559 audito,
2704 1497 2787 1549 isti
2814 1514 2915 1550 non
2948 1496 3118 1549 Solum
3151 1497 3265 1561 ejus
3293 1496 3488 1563 eligere

1901 1592 2231 1652 servitutem,
2261 1590 2353 1644 sed
2387 1591 2543 1644 etiam
2576 1588 2642 1643 de
2670 1589 2935 1659 adjutorio
2961 1590 3074 1654 ejus
3099 1597 3150 1642 et
3182 1588 3489 1641 misericor-

1902 1683 1987 1738 dia
2021 1699 2342 1752 ιιιίιξςιιιιιιξιὈ
2379 1683 2712 1736 debuerunt:
2750 1697 2909 1750 quam
2951 1681 3038 1736 ille
3069 1681 3360 1744 intellexit,
3398 1680 3489 1749 qui

1901 1775 2029 1831 dicit
2059 1777 2107 1828 in
2143 1776 2371 1839 Putlmo,
2406 1773 2486 1828 Ne
2515 1775 2666 1826 intres
2698 1774 2746 1826 in
2769 1775 3022 1844 judicium
3054 1789 3165 1826 cunt
3195 1790 3336 1827 servo
3363 1784 3488 1838 tuo;

1901 1868 2140 1938 quoniam
2181 1884 2277 1919 non
2299 1866 2667 1936 justiﬁcabitur
2695 1867 2746 1918 in
2790 1877 3056 1932 conspectu
3096 1875 3180 1916 tuo
3223 1866 3384 1917 omnis
3416 1863 3490 1916 ri-

1902 1973 2018 2011 rens
2049 1961 2065 2026 (
2091 1957 2230 2012 I’sal.
2261 1974 2422 2022 CXLII,
2449 1958 2542 2026 2).
2576 1956 2663 2011 Isti
2696 1968 2870 2009 autem
2903 1958 2968 2010 de
2999 1972 3056 2009 se
3089 1957 3259 2024 potius
3294 1972 3494 2021 pra-su-

1905 2066 2050 2103 mere
2080 2050 2425 2120 delegerunt,
2457 2050 2594 2118 quod
2632 2050 2737 2102 Deo
2778 2059 2993 2117 pos-seut
3023 2049 3139 2099 sine
3181 2047 3282 2100 ulla
3325 2048 3493 2099 offen-

1904 2145 2055 2197 sione
2100 2144 2333 2206 servire,
2376 2151 2428 2194 ut
2457 2141 2563 2210 jam
2604 2150 2727 2194 tunc
2759 2141 3085 2210 inciperent,
3117 2139 3255 2208 quod
3293 2139 3359 2191 de
3393 2138 3495 2192 illis

1904 2234 2167 2302 expressit
2210 2232 2532 2301 Apostolus:
2578 2229 2878 2303 Iguorantes
2917 2232 3046 2283 enim
3093 2228 3185 2284 Dei
3215 2230 3489 2300 justitiam,

1903 2338 1952 2383 et
1972 2344 2114 2380 suam
2137 2327 2352 2380 colentes
2372 2325 2902 2396 constituerejustititr
2925 2323 3018 2376 Dei
3037 2340 3135 2377 non
3158 2334 3270 2376 sunt
3287 2321 3498 2392 subjecti

1907 2417 2101 2490 (Rom.
2132 2433 2185 2480 x,
2227 2418 2260 2472 5
2285 2419 2323 2486 ).
2353 2415 2422 2470 Ita
2458 2417 2536 2470 eis
2560 2419 2668 2484 jaIn
2703 2416 2809 2470 Lex
2838 2415 3165 2469 subintrabat
3189 2456 3201 2478 ,
3245 2422 3301 2467 ut
3327 2415 3497 2468 abun-

1907 2509 2058 2564 daret
2095 2507 2369 2571 delictum,
2409 2515 2462 2561 et
2499 2516 2679 2575 postea
2710 2506 3166 2574 Sttperabundarct
3203 2504 3371 2574 gratia
3404 2518 3503 2572 per

1910 2601 2191 2656 Dominum
2221 2599 2488 2653 (Zbristunt
2519 2598 2630 2670 (Id.
2661 2614 2715 2662 κ’,
2744 2599 2833 2660 9.0,
2863 2597 2982 2668 2|),
3015 2599 3102 2668 qt.i
3133 2599 3252 2652 linis
3287 2610 3367 2652 est
3391 2599 3498 2654 Le-

1908 2693 2009 2765 gis,
2036 2693 2100 2746 ad
2125 2691 2379 2758 justitiam
2408 2693 2550 2745 omni
2579 2690 2814 2744 etedenti
2848 2690 2956 2761 (Id.
2986 2706 3040 2755 x,
3072 2691 3153 2760 εί).

1979 2781 2174 2838 XXIX.
2204 2780 2302 2855 (Ib.
2324 2799 2469 2845 xxiv,
2488 2780 2606 2852 ‘25.]
2634 2783 2768 2849 Quid
2795 2793 2877 2837 est
2904 2781 3041 2851 quod
3073 2781 3146 2836 ait
3177 2781 3313 2836 idem
3345 2779 3501 2836 Iesus

1910 2875 2134 2946 loquens
2163 2875 2228 2928 ad
2262 2875 2538 2945 populum,
2571 2874 2635 2928 Et
2665 2891 2796 2927 nunc
2823 2874 3208 2945 circumauferte
3230 2873 3349 2926 deos
3374 2872 3503 2927 alie-

1910 2986 2004 3023 nos
2031 2967 2117 3039 qui
2143 2977 2257 3023 sunt
2287 2968 2337 3020 in
2366 2967 2522 3025 vobis.
2555 2977 2599 3020 et
2631 2966 2832 3036 dirigite
2857 2965 3012 3019 corda
3037 2975 3198 3019 vestra
3226 2964 3294 3017 ad
3324 2964 3504 3018 Domi-

1913 3077 2033 3114 num
2080 3058 2244 3113 Deum
2286 3056 2472 3112 Israel.
2516 3057 2630 3113 Non
2676 3059 2816 3111 enim
2865 3057 3115 3110 credendi
3165 3066 3286 3110 sunt
3331 3056 3507 3110 adhuc

1914 3152 2166 3207 habuisse
2195 3150 2333 3219 apud
2379 3167 2436 3204 se
2467 3151 2638 3218 aliqua
2666 3150 2900 3219 gentium
2930 3148 3237 3212 siutttiacra,
3266 3163 3384 3199 cum
3417 3161 3507 3200 su-

1915 3247 2093 3316 perius
2131 3259 2320 3297 eorum
2351 3242 2709 3296 obedientiam
2755 3239 3120 3309 przedicaverit
3144 3256 3156 3288 :
3185 3248 3276 3291 aut
3305 3253 3434 3292 vero
3459 3236 3507 3292 si

1918 3337 2174 3391 habt-rent
2195 3377 2209 3400 ,
2241 3345 2358 3405 post
2400 3344 2574 3388 tantas
2614 3331 2768 3401 chis
2792 3331 3263 3394 cotnminatiunes,
3294 3331 3381 3383 illa
3411 3342 3507 3383 eos

1919 3444 2174 3500 prospera
2205 3440 2593 3499 sequerentur;
2623 3441 2742 3479 cmn
2767 3425 2843 3477 sic
2871 3424 2920 3476 in
2950 3438 3044 3477 eos
3067 3421 3388 3475 vindicatum
3417 3419 3506 3486 sit,

1918 3521 2058 3593 quod
2089 3535 2228 3574 unus
2253 3537 2438 3573 eorum
2469 3520 2537 3574 de
2563 3519 2902 3572 anathemate
2930 3514 3126 3569 furtum
3155 3514 3370 3567 fecerat.
3405 3513 3510 3566 De-

1919 3616 2080 3686 nique
2119 3613 2285 3668 Iacob
2324 3613 2456 3666 dixit
2495 3612 2596 3664 hoc
2630 3610 2708 3664 eis
2745 3609 2832 3678 qui
2873 3623 2992 3663 cum
3034 3607 3124 3660 illo
3164 3606 3402 3660 exierant
3439 3603 3510 3658 de

1921 3705 2324 3776 Mesopotamia,
2356 3704 2444 3759 nlx';
2476 3705 2554 3758 sic
2595 3701 2733 3757 idola
2773 3700 3108 3765 colebantur,
3140 3705 3274 3750 utet
3311 3695 3513 3750 Rachel

1921 3809 2143 3872 paterna
2185 3796 2449 3850 l'uraretur
2487 3793 2646 3861 (Gen.
2687 3807 2848 3856 xxxt,
2890 3790 3034 3859 19):
3072 3787 3165 3842 Sed
3209 3796 3325 3856 post
3368 3785 3513 3840 illam

1923 3889 2339 3944 admonitionem
2384 3884 2568 3946 JaCob,
2611 3883 2875 3938 dederunt
2924 3896 3044 3950 qum
3089 3878 3355 3933 habebant
3398 3874 3509 3948 (Id.

1924 3997 2094 4043 xxxv.
2123 3980 2178 4039 9.,
2205 3979 2312 4047 4);
2346 3977 2485 4032 unde
2509 3974 2750 4046 apparuit
2783 3972 2882 4027 hoc
2920 3973 2999 4028 eis
3034 3972 3103 4027 ita
3140 3972 3339 4024 dictum
3369 3985 3510 4032 esse,

1925 4075 2046 4147 quia
2087 4073 2286 4128 sciebat
2315 4087 2406 4125 eos
2447 4071 2642 4125 habere
2688 4067 2777 4122 ille
2815 4067 2902 4138 qtti
2945 4065 3170 4119 dixerat.
3197 4063 3348 4118 Nunc
3387 4078 3516 4116 vero

1927 4177 2042 4238 post
2083 4165 2218 4220 hanc
2261 4163 2674 4216 admonitionem
2719 4158 2843 4213 Iesu
2889 4157 3031 4211 Nave
3069 4155 3246 4209 nullus
3288 4153 3390 4207 tale
3419 4152 3519 4206 ali-

1927 4258 2051 4328 quid
2105 4256 2342 4328 protulit.
2388 4253 2496 4308 Nec
2536 4261 2712 4305 tamen
2763 4246 3052 4318 putandum
3101 4253 3183 4299 est
3227 4243 3329 4297 huc
3369 4241 3517 4296 illum

1930 4348 2157 4402 inaniter
2193 4344 2550 4415 puceepisse;
2582 4356 2686 4395 non
2717 4344 2859 4393 enim
2893 4339 3001 4401 ait,
3037 4336 3101 4389 Et
3137 4348 3276 4388 nunc
3311 4331 3520 4386 auferte

1929 4437 2062 4493 deos
2084 4438 2286 4491 alienos
2307 4435 2350 4487 si
2373 4434 2460 4503 qui
2483 4442 2603 4487 sunt
2629 4431 2678 4484 in
2700 4430 2886 4490 vobis;
2908 4427 3002 4484 sed
3026 4425 3244 4480 omnino
3268 4435 3516 4499 tanquam

1931 4529 2110 4584 sciens
2150 4542 2290 4590 esse,
2321 4526 2408 4595 qui
2446 4534 2584 4588 sunt,
2619 4521 2807 4591 iuqttit,
2838 4520 2887 4573 in
2932 4517 3087 4573 vobis.
3119 4509 3348 4571 Proinde
3391 4516 3521 4568 Pro-

1933 4621 2091 4693 pheta
2120 4629 2335 4673 sanctus
2372 4617 2423 4671 in
2461 4615 2715 4672 eordibus
2741 4627 2926 4668 eorum
2953 4625 3073 4665 esse
3097 4607 3348 4662 cernebat
3376 4606 3523 4676 cogi-

1936 4715 2164 4769 taliones
2201 4711 2269 4766 de
2313 4711 2422 4764 Deo
2457 4708 2656 4763 alienas
2695 4720 2724 4759 a
2761 4704 2891 4767 Deo,
2933 4711 2987 4756 et
3026 4702 3165 4770 ipsas
3203 4697 3525 4752 admonebat

1935 4805 2151 4860 auferri.
2177 4802 2429 4871 Quisquis
2453 4801 2595 4854 enim
2624 4797 2781 4852 talem
2804 4795 2997 4863 Cogitat
3032 4793 3193 4847 ltetun
3221 4790 3390 4860 qualis
3417 4801 3521 4840 non

1939 4907 2021 4951 est
2050 4897 2211 4959 Deus,
2240 4895 2474 4948 alienum
2511 4891 2674 4944 Iletnn
2719 4889 2897 4957 utique.
2929 4895 2976 4939 et
3008 4884 3194 4937 falsum
3229 4882 3279 4935 iIt
3321 4878 3524 4946 cogita-

1940 4987 2082 5042 tione
2126 4993 2318 5055 portat.
2360 4982 2488 5051 Quis
2525 4991 2607 5035 est
2648 4989 2823 5034 autem
2867 4977 2954 5046 qui
2996 4976 3072 5028 sic
3110 4973 3305 5041 Cogitet
3357 4970 3524 5022 Deum

1938 5077 2387 5150 quemadmodum
2417 5076 2502 5128 ille
2531 5073 2656 5126 est?
2683 5072 2760 5125 Ac
2801 5086 2894 5139 per
2920 5067 3019 5121 hoc
3049 5065 3361 5133 relinquitur
3397 5060 3528 5114 lide-

1941 5169 2103 5235 libus,
2126 5168 2376 5239 quamdiu
2394 5171 2807 5238 peregrinantur
2825 5176 2854 5213 a
2885 5157 3108 5212 Domino
3130 5155 3194 5225 (Il
3223 5155 3340 5209 Cor.
3366 5169 3419 5217 ν,
3443 5154 3525 5223 6),

1942 5265 2152 5320 auferre
2179 5279 2210 5318 a
2236 5261 2396 5316 corde
2421 5275 2518 5312 suo
2547 5255 2799 5310 irruentia
2824 5267 2955 5306 vana
2987 5252 3374 5319 phantasmata,
3409 5261 3528 5315 qua}

1943 5373 2002 5414 se
2027 5354 2380 5426 cogitantibus
2406 5353 2667 5419 ingerunt,
2698 5346 2838 5399 velut
2865 5343 2984 5397 talis
3004 5351 3094 5395 aut
3126 5341 3242 5394 talis
3269 5339 3331 5391 sit
3368 5339 3528 5397 Deus,

1944 5450 2116 5521 qualis
2147 5447 2326 5513 utique
2357 5456 2462 5495 non
2505 5449 2626 5494 cat:
2658 5448 2710 5492 et
2739 5437 2970 5505 dirigere
3005 5449 3100 5487 cor
3126 5431 3193 5486 ad
3224 5431 3370 5484 illum
3406 5427 3532 5482 tide-

1947 5519 2087 5604 liter,
2131 5548 2185 5590 ιιι
2225 5530 2667 5604 quemadmodum
2708 5539 2762 5582 et
2797 5536 3050 5598 quauttttn
3090 5523 3244 5579 nobis
3283 5519 3534 5590 expedire

1949 5635 2116 5694 novit,
2163 5631 2277 5699 ipse
2319 5641 2378 5682 se
2423 5625 2656 5679 insinuet
2702 5636 2795 5690 per
2838 5620 3092 5690 Spiritum
3141 5631 3319 5678 suum,
3362 5615 3535 5669 donec

1950 5733 2251 5783 assumatur
2276 5735 2436 5778 omne
2461 5717 2817 5783 mendacium,
2842 5715 2980 5771 unde
2998 5713 3204 5771 dictum
3225 5701 3328 5780 est,
3353 5708 3534 5764 Omnis
