3862 6296
468 328 568 390 791

472 445 619 500 homo
640 442 857 498 mendax
878 436 1047 512 (Psal.
1072 451 1195 502 cxv,
1220 435 1308 508 11)
1335 452 1351 502 ;
1384 444 1439 492 et
1463 440 1723 490 transacta
1744 445 1850 486 non
1872 431 2046 486 solum

473 536 633 605 impia
682 533 931 600 falsitate,
966 546 1148 587 verum
1196 528 1356 584 etiam
1403 527 1519 598 ipso
1560 523 1777 596 Speculo
1818 530 1869 578 ct
1918 521 2048 576 mni-

468 635 666 699 gmate,
702 625 835 681 facie
863 623 926 678 ad
955 623 1140 679 faciem
1172 633 1574 690 cognoscamus,
1603 617 1741 671 sicut
1773 624 1827 671 et
1852 613 2048 684 cogniti

467 733 650 772 Sumus
690 735 704 769 :
749 715 1195 787 quemadmodum
1247 712 1536 783 Apostolus
1587 709 1748 776 dicit,
1812 707 2048 760 Videmus

468 827 600 864 nunc
640 826 727 878 per
763 810 1019 877 speculum
1061 810 1110 861 in
1139 808 1431 876 (enigmata,
1463 814 1583 857 tunc
1615 812 1781 855 autem
1822 800 1952 870 facie
1981 798 2050 851 ad

467 901 647 971 [aciem
674 915 692 953 :
721 916 852 952 ntmc
896 900 999 951 scio
1043 913 1106 952 ea:
1154 906 1336 965 parte;
1381 905 1500 948 tunc
1542 902 1711 946 autem
1748 905 2049 961 cognoscam

465 991 597 1045 sicut
622 1000 668 1043 et
696 989 921 1060 cognitus
950 1005 1059 1042 sum
1092 986 1132 1056 (1
1164 987 1281 1042 Cor.
1310 1001 1428 1046 xm,
1459 984 1568 1052 1‘2).

536 1082 705 1138 XXX.
734 1081 832 1155 [|h.
863 1098 1005 1147 xxiv,
1031 1082 1101 1135 ‘25
1130 1078 1247 1152 27.]
1268 1078 1330 1132 Et
1350 1077 1595 1148 disposuit
1617 1075 1766 1131 Iesus
1786 1084 2051 1130 testamen-

468 1184 575 1228 tum
600 1175 669 1228 ad
708 1173 951 1243 papulum
979 1174 1032 1227 in
1057 1173 1147 1226 illo
1174 1172 1275 1238 die,
1304 1180 1349 1225 et
1374 1170 1508 1223 dedit
1530 1167 1607 1222 illi
1638 1166 1816 1238 Legem
1842 1178 1886 1221 et
1902 1167 2050 1239 judi-

464 1264 599 1317 cium
630 1265 681 1318 in
711 1263 822 1318 Silo
847 1280 1017 1318 coram
1040 1260 1359 1318 tabernacqu
1403 1258 1608 1313 Domini
1643 1257 1738 1311 Dei
1774 1256 1951 1311 Israel.
1980 1255 2049 1310 Et

465 1356 666 1424 scripsit
695 1355 839 1408 verba
861 1354 966 1408 lucc
990 1355 1041 1408 in
1064 1354 1191 1408 libro
1218 1351 1364 1424 Legis
1391 1350 1519 1416 Dei;
1540 1360 1585 1405 et
1611 1350 1801 1419 accepit
1829 1350 2050 1420 lapidem

466 1463 725 1517 magnum,
756 1457 801 1499 et
833 1446 1008 1500 s'utuit
1035 1445 1177 1499 illum
1206 1444 1355 1499 Iesus
1378 1444 1468 1498 sub
1496 1442 1772 1498 terebintho
1795 1452 1915 1496 ante
1941 1439 2049 1495 Do-

464 1539 677 1591 minum.
703 1536 767 1591 Et
790 1538 917 1590 dixit
944 1535 1094 1591 Iesus
1119 1537 1186 1588 ad
1214 1534 1492 1607 papulum:
1526 1534 1654 1589 Ecce
1676 1534 1807 1605 lapis
1844 1534 1938 1587 iste
1955 1532 2052 1589 erit

466 1632 601 1681 vobis
626 1629 675 1681 in
704 1627 1066 1688 testimonium,
1104 1628 1222 1697 qttia
1248 1627 1329 1680 hic
1372 1626 1563 1680 audivit
1586 1625 1753 1680 omnia
1778 1640 1891 1695 quin
1913 1624 2051 1683 dicta

464 1731 581 1773 sunt
611 1736 642 1770 (ι
677 1718 912 1780 Domino,
943 1733 1264 1787 qua’cumque
1284 1717 1478 1771 locutus
1503 1726 1576 1770 est
1602 1728 1666 1769 aa
1693 1730 1779 1774 eos
1803 1719 1969 1783 hodie,
2000 1726 2051 1772 et

464 1807 546 1860 hic
565 1808 656 1859 erit
690 1805 824 1860 vobis
845 1808 894 1860 in
931 1807 1268 1860 testimonium
1297 1806 1351 1859 in
1390 1805 1670 1864 novissimi;
1706 1809 1898 1872 diebus,
1934 1824 2050 1862 cum

464 1899 656 1951 mentiti
673 1896 869 1967 [ueritis
902 1896 1116 1951 Domino
1144 1895 1250 1950 Deo
1280 1905 1455 1957 .testro.
1488 1900 1613 1955 llmc
1636 1901 1795 1955 verba
1823 1900 1910 1969 qui
1942 1916 2049 1955 non

462 1988 516 2042 in
537 1989 817 2058 superﬁcie
844 1999 1043 2047 tantum
1069 1991 1312 2059 2ηί1ηιιιι,
1342 1991 1433 2047 sed
1456 1990 1726 2061 aliquanto
1746 1991 1902 2045 altius
1930 2007 2050 2061 pcr-

463 2088 786 2142 scrutantur,
821 2096 1153 2155 nequaquam
1189 2092 1390 2137 tantum
1432 2084 1603 2137 virum
1651 2091 1756 2137 tam
1797 2083 2049 2152 insipiens

463 2180 570 2231 tetu
595 2180 781 2246 putare
808 2174 1022 2240 debent,
1054 2184 1111 2229 ut
1144 2175 1303 2230 verba
1336 2175 1424 2229 Dei
1460 2189 1579 2243 qua:
1615 2174 1821 2229 locutus
1848 2182 1930 2228 cst
1957 2188 2051 2244 po-

462 2268 628 2338 pulo,
681 2268 969 2321 inanimum
1024 2267 1248 2336 lapidem
1313 2267 1522 2321 attdiSSe
1570 2266 1906 2321 crediderit:
1958 2268 2050 2337 qui

466 2359 673 2415 etiamsi
701 2360 768 2413 ab
797 2360 1001 2414 artilice
1028 2358 1080 2414 in
1110 2358 1340 2413 hominis
1365 2357 1762 2413 similitudinem
1786 2357 2049 2428 effigiatus

467 2460 632 2515 esset,
660 2450 795 2505 inter
819 2450 939 2505 illos
960 2450 1140 2521 utique
1155 2451 1516 2520 tit-putaretur,
1540 2449 1607 2506 de
1627 2450 1818 2521 quibus
1833 2450 1883 2505 in
1902 2450 2050 2506 Psal-

463 2557 554 2596 mo
586 2542 815 2611 canitur,
842 2543 1003 2598 Aures
1027 2544 1226 2606 habent,
1256 2554 1301 2597 et
1325 2560 1426 2597 non
1451 2544 1656 2598 audient
1686 2542 1871 2617 (Psal.
1896 2559 2045 2612 emt,

462 2630 497 2686 6
530 2631 568 2702 ).
598 2632 776 2702 Neque
804 2636 944 2688 enim
991 2634 1126 2689 idola
1155 2634 1405 2692 Gentium
1453 2651 1640 2690 aurum
1678 2644 1732 2691 et
1770 2645 2047 2707 argentum

462 2724 574 2778 sola
603 2740 707 2783 non
736 2724 977 2793 audiunt,
1001 2734 1075 2792 et,
1103 2727 1148 2782 si
1172 2726 1377 2795 lapidea
1406 2726 1531 2792 sint,
1561 2728 1800 2782 audiunt.
1828 2727 1932 2783 Sed
1952 2743 2048 2799 per

462 2815 603 2871 hunc
628 2816 853 2884 lapidem
882 2816 1124 2887 profecto
1153 2818 1298 2873 illum
1322 2818 1655 2887 signiﬁcavit,
1681 2820 1769 2891 qui
1790 2818 1887 2874 fuit
1913 2819 2048 2890 lapis

461 2905 771 2961 oll‘cnsionis
796 2924 899 2961 non
922 2906 1263 2962 credentibus
1290 2908 1509 2972 Judmis,
1533 2918 1588 2964 et
1614 2919 1759 2979 petra
1787 2908 2043 2974 scandali;

463 2996 555 3065 qui
582 3010 701 3049 cum
748 2998 1126 3066 reprobaretur
1154 2999 1221 3053 ab
1250 2999 1650 3064 :edilicantibus,
1686 2999 1855 3055 factus
1882 3010 1966 3056 est
1991 3001 2043 3057 itt

461 3095 620 3155 caput
648 3088 823 3157 anguli
843 3087 1200 3159 (Psat.cxvn,
1220 3089 1312 3156 22,
1341 3092 1426 3146 etl
1458 3090 1570 3146 Pet.
1596 3109 1651 3156 tt,
1683 3094 1735 3160 7,
1763 3095 1816 3166 8)
1845 3111 1858 3148 :
1885 3110 2045 3166 quem

458 3175 816 3246 prmﬁguravit
849 3186 903 3232 ct
932 3179 1018 3233 illa
1049 3189 1194 3249 petra
1223 3198 1341 3250 qua:
1375 3193 1555 3252 potum
1587 3183 1783 3240 sitienti
1817 3188 2044 3258 populo,

459 3267 604 3337 ligno
635 3284 880 3337 percussa
908 3270 1136 3340 proludit
1164 3271 1371 3345 (jExod.
1404 3290 1534 3341 xvn,
1566 3276 1635 3347 6)
1662 3294 1675 3344 ;
1708 3276 1775 3334 de
1794 3294 1896 3349 qua
1916 3280 2043 3336 dicit

457 3360 765 3429 Apostolus,
793 3360 1033 3417 Dibebant
1059 3374 1224 3419 autem
1243 3365 1306 3420 de
1327 3368 1579 3439 spirituali
1604 3372 1825 3441 sequenti
1866 3382 2043 3443 petra;

458 3461 602 3522 petra
626 3462 792 3509 autem
814 3465 921 3509 erat
948 3455 1177 3512 Christus
1211 3459 1230 3528 (
1256 3458 1278 3513 l
1308 3458 1422 3515 Cor.
1452 3477 1507 3526 κ,
1538 3461 1617 3535 4).
1658 3463 1810 3520 Unde
1846 3472 1902 3520 et
1926 3466 2042 3521 cul-

455 3543 598 3599 tcllis
619 3547 840 3615 petriuis
876 3549 1133 3620 populum
1173 3552 1505 3608 circumcidit
1540 3554 1638 3609 iste
1674 3555 1863 3611 ductor
1888 3572 2042 3627 egre-

457 3635 578 3705 gius
606 3635 785 3705 (Iosue
802 3655 856 3707 ν,
888 3641 942 3709 2,
967 3642 1022 3712 5)
1056 3658 1069 3696 :
1098 3643 1186 3714 qui
1210 3645 1368 3700 cultri
1394 3648 1586 3716 petriui
1616 3663 1735 3703 cum
1765 3649 1856 3704 illo
1881 3650 2042 3705 etiam

454 3730 649 3799 sepulti
676 3741 820 3797 sunt,
851 3743 910 3788 ut
939 3733 1254 3804 profundum
1284 3740 1592 3809 mysterium
1615 3741 2045 3799 demonstrarent

454 3823 689 3889 posmris
718 3823 1071 3893 profuturum.
1097 3827 1184 3883 Sic
1209 3844 1338 3899 ergo
1364 3840 1419 3885 et
1440 3832 1595 3886 istum
1614 3833 1863 3903 lapidem,
1884 3852 2042 3907 quau-

452 3928 613 3981 quam
646 3915 924 3971 visibilitcr
945 3927 1223 3985 statutum,
1252 3922 1598 3991 spiritualiter
1614 3925 1874 3982 debemus
1903 3929 2045 3984 acci-

456 4014 605 4070 pere,
636 4003 686 4056 in
722 4007 1082 4062 testimonium
1107 4010 1340 4066 futurum
1368 4012 1567 4070 Judzcis
1593 4016 1912 4087 inﬁdelibus,
1942 4020 2041 4076 hoc

453 4101 538 4147 est
558 4095 931 4154 mentientibus
949 4116 963 4165 ;
982 4100 1049 4155 de
1069 4102 1260 4171 quibus
1283 4104 1409 4160 dicit
1427 4107 1689 4175 Psalmus,
1715 4110 1916 4167 Inimici
1936 4114 2043 4170 Do-

454 4183 581 4238 mini
604 4188 799 4242 mentiti
821 4198 938 4243 sunt
963 4191 1009 4245 ei
1033 4191 1205 4262 (Psal.
1232 4210 1399 4264 Lxxx,
1425 4198 1537 4269 16).
1562 4200 1744 4272 Neque
1764 4205 1905 4258 enim
1934 4204 2041 4260 l'ru-

405 4350 414 4361 '
455 4282 591 4343 stra,
637 4291 759 4334 cum
800 4280 910 4349 jam
943 4281 1034 4338 Dei
1062 4282 1292 4341 famulus
1318 4287 1550 4361 Moyses,
1598 4294 1684 4349 vel
1729 4296 1905 4365 potius
1947 4312 2043 4367 per

451 4380 574 4460 eum
598 4369 738 4425 Deus
755 4371 1104 4444 disposuisset
1126 4377 1191 4433 ad
1209 4381 1463 4451 populum
1482 4393 1875 4455 testamentum,
1899 4390 2040 4460 quod

453 4457 506 4511 in
539 4473 662 4513 arca
691 4472 838 4530 erat,
868 4482 986 4535 qum
1013 4467 1155 4525 dicta
1189 4480 1276 4527 est
1303 4488 1428 4530 arca
1462 4480 1784 4547 testamenti,
1811 4489 1864 4536 et
1897 4457 1950 4535 in
1979 4482 2042 4536 li-

448 4547 560 4601 bris
574 4549 729 4621 Legis
750 4563 889 4609 tanta
915 4571 1371 4619 sacramentorum
1392 4577 1443 4620 et
1458 4579 1843 4638 praceptorum
1872 4573 2041 4628 multi-

448 4639 686 4735 plicitate
710 4649 1026 4717 conscriptis
1052 4651 1406 4725 (Exod.xxrv,
1426 4661 1479 4725 5,
1507 4662 1651 4735 etc.);
1673 4674 1849 4722 tamen
1879 4669 2037 4724 etiam

449 4726 540 4820 hic.
561 4728 760 4788 dictum
783 4745 882 4799 est,
907 4737 1163 4811 Disposuit
1176 4743 1329 4801 Iesus
1343 4748 1412 4801 ad
1430 4726 1674 4820 populum
1691 4764 2039 4813 testamentum

442 4819 497 4871 in
523 4819 615 4875 illa
641 4822 740 4878 die.
776 4825 1039 4898 Repetitio
1064 4834 1259 4905 quippe
1294 4845 1593 4898 testamenti
1620 4844 1824 4903 Novum
1855 4850 2039 4906 Testa-

1294 313 1754 390 QU/ESTIONUM
1790 313 1851 372 S.
1891 307 2253 372 AUGUSTI.“
2283 308 2351 367 IN
2387 308 2939 370 "EPTATEUCIIUM

3604 328 3683 390 793

2157 431 2297 503 quod
2314 432 2934 502 interpretaturSccunda
2946 431 3029 489 lex
3049 449 3064 500 ;
3081 433 3220 506 quod
3232 434 3517 509 signiﬁcant
3528 452 3570 499 et
3580 448 3682 517 prio.

2156 524 2304 581 ribus
2331 524 2613 582 contractis
2652 524 2848 581 tabulae
2894 537 3160 583 renovatte
3184 528 3380 602 (Exod.
3433 550 3599 605 xsxw,
3628 541 3677 606 l,

2154 614 2237 687 ι).
2268 616 2441 672 Multis
2469 618 2610 672 enim
2634 618 2807 673 modis
2844 618 3245 689 signiﬁcandum
3275 625 3409 695 quod
3434 643 3532 684 uno
3560 634 3680 690 modo

2158 708 2483 778 implendum
2512 707 2628 764 fuit.
2662 707 2912 766 Jamvero
2946 711 3089 782 quod
3115 713 3215 768 sub
3250 717 3532 773 terebintho
3552 730 3680 780 statu-

2158 806 2245 853 tus
2264 807 2345 853 est
2373 798 2528 869 lapis.
2555 798 2657 856 hoc
2685 800 2964 872 signiﬁcat,
2992 802 3131 872 quod
3160 805 3301 876 virga
3327 804 3393 862 ad
3420 822 3615 880 petram,
3640 828 3679 874 ut

2156 908 2291 962 aqua
2321 891 2638 963 proﬁueret;
2669 894 2790 965 quia
2812 911 2982 977 peque
3005 895 3091 951 hic
3111 896 3229 955 sine
3246 900 3385 970 ligno
3408 913 3680 968 statutttsest

2156 986 2311 1056 lapis.
2359 986 2481 1042 Ideo
2520 995 2695 1042 autem
2730 986 2932 1055 subter,
2974 991 3098 1059 quia
3137 1008 3241 1046 non
3291 993 3468 1052 luisset
3493 998 3542 1057 in
3560 1016 3681 1063 crure

2156 1078 2437 1140 exaltatus,
2464 1078 2562 1132 nisi
2585 1077 2881 1133 humilitate
2902 1080 3202 1151 subjectus;
3226 1089 3307 1143 vel
3329 1090 3462 1159 quod
3483 1091 3562 1148 illo
3584 1105 3680 1152 ιριη.

2158 1182 2308 1237 pore,
2337 1183 2443 1237 quo
2470 1167 2521 1222 id
2561 1166 2781 1228 faciebat
2824 1168 2980 1230 Iesus
3017 1174 3179 1239 Nave,
3211 1177 3383 1235 adhuc
3413 1181 3682 1241 olnuuhmn-

2155 1259 2280 1316 dum
2312 1261 2620 1332 mysterium
2652 1264 2768 1320 l'uit.
2808 1264 3114 1322 Terebintlti
3152 1269 3313 1323 etiam
3343 1270 3527 1343 lignum
3555 1277 3679 1331 medi-

2156 1352 2380 1407 cinalem
2406 1352 2697 1429 lacrymam
2739 1356 2982 1424 exsudat,
3010 1374 3129 1427 qua:
3155 1360 3316 1415 arbor
3338 1377 3365 1414 a
3394 1362 3680 1436 Septuaginta

2156 1448 2533 1523 interpretibus
2563 1454 2663 1510 hoc
2690 1453 2810 1510 loco
2838 1454 3007 1526 posita
3033 1464 3135 1522 est,
3168 1456 3406 1527 quamvis
3440 1459 3679 1516 secundum

2156 1546 2290 1601 alios
2317 1545 2633 1617 interpretes
2652 1563 2882 1619 quercus
2907 1547 3134 1619 legatur.

2227 1639 2416 1695 Mirum
2434 1649 2519 1695 est
2546 1655 2674 1696 sane
2697 1640 2837 1712 quod
2863 1642 3051 1698 saltem
3084 1642 3135 1696 in
3164 1643 3464 1699 novissimis
3480 1644 3576 1698 suis
3591 1659 3679 1700 ver-

2156 1733 2259 1798 bis,
2299 1733 2491 1805 quibus
2530 1734 2779 1804 populum
2821 1733 3084 1789 allocutus
3110 1743 3195 1791 est
3230 1734 3383 1790 Iesus
3426 1736 3568 1790 homo
3593 1736 3677 1801 Dei,

2156 1826 2285 1880 nihil
2324 1840 2420 1880 cos
2460 1825 2780 1896 objurgavit,
2808 1840 2873 1882 ex
2911 1840 2977 1881 eo
3001 1826 3143 1897 quod
3170 1826 3255 1882 his
3275 1827 3509 1898 gentibus
3530 1842 3678 1898 peper-

2154 1928 2367 1986 cerunt,
2396 1933 2526 1989 quas
2557 1919 2812 1974 Dominus
2841 1933 3006 1988 usque
3047 1919 3113 1974 ad
3158 1920 3555 1977 internecionem
3586 1936 3678 1977 cum

2154 2010 2489 2067 anathemate
2529 2009 2826 2080 perdendas
2854 2025 2976 2066 esse
2998 2012 3267 2082 prmcepit.
3309 2011 3396 2067 Sic
3420 2013 3548 2067 enim
3575 2014 3677 2069 scri-

2155 2112 2301 2173 ptum
2339 2110 2425 2159 est
2464 2120 2478 2156 :
2522 2101 2592 2156 Et
2617 2106 2808 2173 factum
2849 2109 2954 2166 est,
3003 2113 3269 2172 postquam
3293 2103 3583 2159 incaluerant
3608 2106 3677 2173 [illi

2154 2194 2323 2251 Israel
2340 2236 2355 2259 ,
2387 2204 2434 2250 et
2461 2198 2687 2267 fecerunt
2713 2193 3026 2250 Cltananteos
3054 2195 3376 2251 obaudientes
3397 2238 3411 2261 ,
3440 2198 3677 2252 exterminio

2154 2296 2322 2342 autem
2345 2303 2430 2342 eos
2465 2302 2567 2341 non
2590 2285 3043 2342 exterminarerunt
3073 2284 3269 2357 (Iosue
3291 2303 3417 2352 xvu,
3435 2288 3497 2344 l3
3517 2288 3550 2358 ).
3576 2287 3675 2343 Nam

2154 2377 2327 2446 primo
2351 2375 2400 2431 id
2426 2391 2522 2433 eos
2544 2392 2648 2431 non
2680 2376 2937 2446 potuisse,
2971 2373 3246 2447 Scriptura
3276 2384 3455 2432 testata
3481 2386 3581 2432 est:
3606 2376 3675 2431 sed

2155 2483 2297 2523 nunc
2319 2476 2659 2539 posteaquam
2687 2468 3078 2539 praevaluerunt
3092 2510 3106 2533 ,
3131 2468 3203 2524 ita
3225 2480 3285 2525 ut
3308 2468 3525 2526 lacerent
3547 2471 3674 2524 obau-

2153 2560 2377 2624 dientes,
2402 2560 2541 2629 quod
2563 2575 2667 2615 non
2693 2560 2851 2615 etiam
2876 2560 3383 2624 exterminaverunt,
3407 2563 3567 2634 utique
3580 2577 3675 2618 eone

2153 2660 2234 2707 tra
2260 2660 2584 2722 praeceptum
2616 2651 2822 2707 Domini
2844 2652 3037 2708 factum
3063 2662 3145 2709 est
3173 2672 3187 2708 :
3220 2654 3357 2726 quod
3386 2671 3482 2709 non
3500 2666 3569 2710 est
3588 2653 3674 2708 cui-

2151 2762 2310 2817 quam
2338 2745 2556 2812 l’actum,
2583 2761 2705 2802 cum
2724 2745 2881 2803 Iesus
2904 2748 3199 2803 exercitum
3225 2748 3454 2806 duceret.
3474 2748 3565 2803 Cur
3579 2762 3675 2819 ergo

2152 2854 2256 2893 non
2286 2852 2382 2894 eos
2404 2837 2700 2909 objurgavit
2718 2838 3037 2893 allocutione
3060 2839 3369 2905 novissima,
3391 2839 3517 2910 quod
3539 2839 3581 2893 in
3601 2837 3675 2892 hoc

2152 2930 2361 2987 Domini
2399 2938 2660 3001 prtecepla
2702 2930 3090 3002 neglexerunt?
3131 2930 3218 2986 Au
3258 2931 3388 2987 forte
3426 2930 3534 2999 quia
3558 2929 3671 2999 prius

2150 3021 2285 3077 dixit
2330 3036 2426 3077 eos
2465 3020 2740 3090 Scriptura
2785 3036 2890 3075 non
2922 3020 3192 3090 potuisse,
3235 3022 3410 3092 utique
3446 3030 3671 3089 antequam

2151 3114 2528 3185 praevalerent,
2572 3113 2732 3167 etiam
2761 3128 2881 3168 cum
2924 3105 3330 3183 praivaluissent
3357 3113 3566 3168 timuisse
3588 3122 3675 3164 cre-

2150 3204 2310 3261 dendi
2336 3213 2462 3261 sunt
2481 3247 2497 3269 ,
2528 3219 2597 3260 ne
2632 3203 2770 3260 forte
2798 3205 2995 3275 paratis
3039 3204 3297 3262 obaudire
3322 3206 3365 3259 si
3391 3219 3581 3277 parcere
3600 3215 3672 3256 no-

2151 3297 2394 3363 luissent,
2419 3297 2597 3353 acrius
2617 3311 2711 3352 eos
2737 3296 3019 3353 adversum
3043 3313 3102 3353 se
3129 3313 3198 3353 ex
3229 3298 3337 3367 ipsa
3365 3296 3673 3367 desperatione

2149 3404 2387 3461 pugnare
2421 3390 2835 3460 compellerent,
2870 3397 2925 3445 et
2948 3403 3043 3445 eos
3067 3405 3322 3459 superare
3351 3405 3448 3444 non
3476 3384 3672 3458 possent?

2150 3481 2301 3537 Hunc
2322 3496 2449 3552 ergo
2475 3482 2555 3538 eis
2581 3480 2868 3537 humanum
2898 3481 3143 3536 timorem
3169 3481 3418 3536 Dominus
3440 3479 3581 3533 noluit
3602 3476 3673 3530 im-

2149 3580 2367 3642 putare,
2396 3572 2494 3626 etsi
2525 3579 2745 3641 apparet
2778 3571 2831 3625 in
2865 3585 2930 3625 eo
2961 3570 3210 3641 qumdam
3236 3570 3539 3627 subdefectio
3564 3564 3670 3628 ﬁdei,

2149 3681 2268 3735 qua:
2300 3665 2344 3719 si
2372 3664 2521 3720 fortis
2550 3664 2602 3719 in
2628 3665 2706 3720 eis
2734 3673 2876 3720 esset
2896 3707 2910 3731 ,
2956 3681 3017 3721 ea
3043 3677 3392 3737 sequerentur
3418 3680 3520 3736 quae
3542 3663 3670 3733 ipsum

2147 3758 2328 3814 Jesum
2382 3759 2669 3814 bellantem
2717 3768 2898 3815 secuta
2945 3770 3089 3815 sunt.
3120 3760 3256 3829 Quia
3290 3777 3411 3817 vero
3438 3774 3527 3814 non
3552 3754 3671 3810 iacis

2149 3857 2294 3903 tanta
2317 3849 2446 3904 ﬁdes
2475 3849 2589 3915 luit,
2614 3849 2773 3904 etiam
2800 3865 2921 3905 cum
2947 3850 3270 3907 adversariis
3297 3851 3402 3907 suis
3421 3843 3670 3921 prtevaluis-

2147 3948 2292 4008 sent,
2322 3956 2557 4012 pugnare
2584 3955 2705 3996 cum
2732 3942 2812 3997 eis
2828 3958 2993 4013 usque
3019 3943 3085 3998 ad
3105 3943 3507 4001 internecionem
3524 3950 3667 3995 eorum

2150 4031 2339 4087 timore
2372 4046 2476 4087 non
2501 4032 2616 4088 ausi
2644 4040 2787 4089 sunt.
2815 4032 2983 4100 Quem
3015 4035 3282 4100 timorem,
3307 4033 3496 4094 utdixi,
3521 4044 3604 4084 non
3621 4024 3670 4080 de

2147 4123 2368 4189 malitia,
2410 4138 2586 4194 neque
2627 4123 2695 4181 de
2719 4124 2969 4194 superbia
3021 4126 3107 4182 vel
3151 4135 3447 4198 contemptu
3475 4115 3669 4194 pallet)?li

2147 4214 2421 4284 dominici,
2462 4216 2554 4272 sed
2579 4216 2647 4272 de
2673 4218 2834 4272 animi
2876 4217 3186 4276 inﬁrmitate
3216 4221 3515 4279 venientem,
3542 4210 3669 4268 noluit

2147 4307 2226 4362 eis
2258 4306 2516 4363 Dominus
2545 4311 2828 4379 imputare,
2858 4325 2979 4364 cum
3007 4310 3086 4366 eis
3114 4326 3213 4383 per
3238 4313 3410 4369 Iesum
3438 4304 3668 4364 novissima

2148 4397 2470 4466 loqueretur.
2525 4397 2676 4453 Unde
2723 4408 2779 4454 et
2825 4400 3113 4470 Apostolus
3143 4419 3157 4456 :
3186 4403 3478 4461 Alexander,
3520 4391 3666 4461 inquit.

2146 4486 2359 4540 trrarius
2396 4486 2554 4541 ntulta
2585 4489 2722 4543 mala
2749 4490 2871 4544 mihi
2899 4490 3147 4558 ostendit;
3173 4491 3344 4547 reddet
3367 4489 3442 4544 illi
3468 4482 3667 4541 Dominus

2145 4577 2423 4631 secundum
2445 4594 2601 4650 opera
2619 4578 2798 4648 ipsius.
2832 4581 2906 4635 De
2936 4580 3019 4635 his
3042 4591 3223 4637 autem
3248 4582 3335 4654 qui
3362 4595 3472 4637 cum
3499 4569 3665 4648 pericli-

2148 4678 2370 4735 tantem,
2390 4686 2496 4725 non
2516 4670 2734 4737 malitia,
2758 4672 2852 4728 sed
2877 4672 3066 4729 timore
3088 4674 3443 4736 deseruerant,
3469 4671 3529 4724 ita
3554 4665 3666 4719 locu-

2148 4770 2231 4815 tus
2264 4771 2385 4818 est:
2434 4759 2498 4817 In
2536 4763 2700 4831 prima
2739 4779 2853 4817 mea
2881 4764 3172 4834 defensione
3203 4782 3342 4820 nemo
3379 4760 3491 4817 mihi
3523 4752 3664 4823 αΙῙτιὶΙο

2144 4853 2233 4908 sed
2252 4871 2422 4909 omnes
2437 4872 2515 4909 me
2529 4855 2899 4926 dereliquerunt
2916 4872 2936 4923 ;
2961 4874 3061 4912 non
3082 4857 3187 4913 illis
3202 4858 3463 4930 imputetur
3482 4846 3539 4921 (ll
3560 4843 3662 4900 Tint.

441 4923 678 4970 mentum
703 4918 994 4990 signiﬁcat;
1024 4926 1164 4996 quod
1182 4927 1443 4998 signiﬁcat
1463 4944 1518 4989 et
1536 4936 1998 4997 Deutcronomium
2018 4983 2035 5011 ,
2146 4961 2217 5011 tv,
2251 4946 2345 5013 14,
2370 4946 2479 5016 16).

1375 5145 1856 5257 LIBER

1934 5154 2219 5262 SEP
2238 5155 2559 5265 TLM
2568 5158 2770 5268 US.

982 5343 1018 5350 μ
1148 5368 1153 5374 _
1180 5348 1219 5376 ,ι
1256 5346 1283 5381 η
1787 5339 2088 5396 quaestiones
2111 5340 2158 5389 in
2180 5338 2391 5391 Judices.

1796 5474 2377 5533 amovrem

434 5586 439 5594 '
508 5578 726 5645 Qozs'r.
746 5578 786 5636 l.
806 5578 945 5654 [ιυυ.
963 5599 1078 5654 cap.
1099 5584 1160 5659 t.]
1181 5584 1237 5641 In
1265 5586 1368 5644 ﬁne
1396 5588 1516 5645 libri
1537 5591 1663 5648 Iesu
1686 5593 1831 5650 Nave
1851 5594 2029 5651 brevi-

438 5675 523 5724 ter
545 5678 791 5725 narrator
821 5675 1059 5740 porrexit
1085 5675 1381 5744 historiam,
1409 5694 1517 5750 quo
1546 5697 1716 5753 usque
1746 5684 1837 5740 ﬁlii
1866 5685 2028 5743 Israel

437 5755 506 5811 ad
531 5756 783 5811 colendos
796 5758 927 5815 deos
954 5762 1156 5818 alienos
1176 5764 1576 5827 declinaverunt
1600 5790 1612 5825 :
1643 5772 1696 5827 in
1720 5773 1825 5831 hoc
1848 5786 2027 5833 autem

2138 5597 2270 5656 libro
2294 5599 2360 5655 ad
2380 5599 2622 5658 ordinem
2646 5601 2865 5672 reditur,
2886 5606 3154 5677 quomodo
3172 5597 3522 5676 consequentia
3546 5596 3657 5662 8⁸⁵⁸³

2136 5691 2333 5748 fuerint
2352 5704 2478 5766 post
2501 5706 2726 5752 mortem
2751 5696 2878 5755 Jesu
2899 5698 3066 5757 Nave.
3091 5700 3206 5758 Non
3228 5712 3350 5770 ergo
3372 5694 3435 5751 ab
3457 5690 3536 5747 illo
3553 5693 3656 5738 tem-

2135 5797 2265 5856 pore
2294 5783 2479 5857 incipit
2516 5786 2670 5858 liber,
2701 5804 2807 5863 quo
2835 5792 3062 5864 populus
3088 5793 3157 5850 ad
3182 5787 3392 5849 colenda
3419 5779 3651 5839 simulacra

3674 5470 3688 5496 θ’
