3862 6300
147 274 261 332 793

148 391 419 457 deﬂuxit;
444 397 536 447 sed
562 405 592 446 a
613 390 879 462 prioribus
903 388 1233 461 interpositis
1255 392 1603 462 temporibus,
1630 395 1752 465 qui-

148 488 252 542 bus
285 501 351 541 ea
385 495 537 556 gesta
567 492 709 546 sunt,
737 492 856 554 post
879 499 997 554 qua:
1024 484 1089 538 ad
1117 484 1204 538 illa
1231 484 1490 555 pervenit.

223 577 288 631 11.
322 576 432 650 [11).
461 593 496 640 ι,
529 575 670 650 1-5.]
692 575 759 630 Et
786 579 973 649 factum
999 586 1073 631 est
1100 586 1365 649 postquam
1390 577 1656 650 defunctus
1681 590 1752 636 est

140 669 303 726 Jesas
324 715 339 735 ,
384 670 765 743 interrogabant
790 671 887 740 lilii
910 669 1079 725 Israel
1106 672 1159 725 in
1198 670 1418 727 Domino
1439 673 1456 704 ¹
1483 672 1701 728 dicentes
1732 692 1746 728 :

147 764 280 830 Quis
301 764 545 817 ascendet
571 764 829 817 nobiscum
860 763 930 817 ad
966 762 1309 818 Chananatum
1344 764 1451 819 dua:
1483 765 1553 819 ad
1580 766 1748 821 debel-

142 856 366 911 landum
395 873 508 911 eum
521 859 541 889 ¹
555 858 581 912 2’
600 855 667 910 Et
688 856 815 912 dixit
838 855 1087 911 Dominus
1116 873 1129 909 :
1159 855 1327 911 Iudas
1346 858 1582 913 ascendet
1602 876 1622 924 ;
1639 876 1750 914 ecce

141 951 264 1005 dedi
289 959 485 1004 terrant
509 951 563 1003 in
601 966 752 1003 manu
778 948 996 1020 aipsius.
1040 947 1136 1005 llic
1161 950 1417 1019 quatritur
1446 958 1620 1004 utrum
1652 951 1748 1005 ali-

139 1042 264 1111 quis
305 1042 477 1097 homo
506 1041 669 1097 Judas
698 1040 1003 1105 vocabatur,
1033 1056 1100 1095 an
1129 1041 1295 1111 ipsam
1338 1042 1553 1109 tribum,
1586 1041 1655 1096 ita
1686 1052 1747 1097 ut

140 1137 301 1200 solet,
337 1136 423 1190 sie
461 1136 765 1206 appellavit.
796 1134 901 1190 Sed
930 1134 1001 1189 illi
1029 1134 1117 1205 qui
1156 1135 1612 1206 interrogaverant
1635 1136 1743 1190 Do-

139 1228 377 1293 minum,
416 1236 536 1296 post
564 1236 789 1281 mortem
819 1224 943 1280 Jesu
970 1223 1115 1280 Nave
1145 1224 1335 1280 ducem
1363 1225 1740 1295 requirebant;

139 1321 284 1375 unde
326 1327 556 1390 putatur
585 1320 741 1373 unius
773 1333 1082 1388 expressum
1122 1317 1351 1371 hominis
1394 1332 1606 1373 nomen.
1641 1317 1745 1372 Ve-

137 1429 255 1468 rum
276 1455 290 1477 ,
335 1412 466 1481 quia
510 1428 613 1467 non
645 1412 780 1466 solet
814 1411 977 1466 duces
1002 1408 1280 1465 nominare
1320 1408 1593 1478 Scriptura
1620 1425 1742 1465 cum

136 1506 572 1570 constituuntur,
620 1505 723 1559 nisi
768 1512 1185 1560 commemorata
1227 1503 1386 1559 etiam
1416 1503 1619 1575 origine
1645 1518 1735 1574 pa-

136 1610 379 1665 rentum,
418 1608 477 1653 et
502 1606 711 1653 caustat
739 1606 858 1668 post
885 1595 1067 1654 Iesum
1095 1596 1261 1652 duces
1292 1596 1539 1652 habuisse
1568 1612 1736 1666 μορυ-

136 1694 246 1747 lum
275 1692 472 1758 Israel,
502 1707 726 1762 quorum
752 1689 953 1760 primus
974 1699 1056 1744 est
1075 1687 1359 1745 Gothoniel
1387 1687 1526 1743 [ilius
1540 1688 1736 1753 Cenez;

134 1785 337 1838 rectius
369 1784 686 1853 intelligitur
712 1781 927 1837 nomine
965 1778 1136 1847 ludas,
1182 1779 1374 1834 tribum
1398 1778 1532 1834 Juda
1580 1779 1740 1836 fuisse

133 1875 519 1947 signiﬁcatam.
547 1875 628 1929 Ab
655 1875 766 1944 ipsa
785 1873 928 1928 enim
962 1872 1100 1927 tribu
1129 1871 1296 1926 voluit
1321 1870 1575 1925 Dominus
1601 1871 1736 1926 inci-

136 1983 263 2037 pere
293 1967 513 2022 contcri
536 1966 881 2021 Chananzcos.
905 1964 971 2018 Et
1000 1979 1119 2018 cum
1148 1962 1376 2034 populus
1398 1961 1467 2017 de
1495 1961 1628 2017 duce
1654 1962 1738 2016 in-

135 2067 491 2129 terrogasset,
516 2057 579 2111 ad
609 2060 707 2111 hoc
727 2056 893 2110 valuit
912 2054 1189 2125 responsio
1213 2052 1441 2117 Domini,
1467 2054 1738 2109 utscirent

136 2155 306 2208 Deum
352 2149 631 2207 noluisse"
674 2149 741 2205 ab
770 2148 1018 2203 universo
1050 2147 1244 2217 populo
1266 2145 1452 2201 bellari
1483 2145 1739 2201 adversus

135 2243 506 2299 Chanantcos.
542 2242 680 2295 Dixit
727 2257 883 2311 ergo,
910 2239 1078 2293 .ladas
1116 2238 1370 2292 ascendet.
1408 2238 1476 2292 Et
1500 2237 1739 2309 sequitur

133 2336 417 2408 Scriptura
459 2350 683 2389 narrans
705 2376 721 2401 ,
765 2333 832 2387 Et
861 2333 988 2389 dixit
1013 2331 1179 2385 ludas
1204 2331 1271 2385 ad
1301 2330 1506 2387 Simeon
1527 2335 1737 2403 fratrem

135 2449 285 2485 suum
307 2447 326 2485 :
360 2431 548 2498 utique
576 2429 742 2483 tribus
767 2426 832 2482 ad
874 2426 1089 2481 tribum.
1133 2425 1247 2480 Non
1279 2425 1419 2478 enim
1458 2423 1632 2479 adhuc
1656 2425 1736 2479 vi-

140 2525 339 2578 vebant
381 2523 458 2577 illi
494 2521 585 2575 lilii
624 2519 790 2575 Jacob
813 2518 903 2589 qui
930 2516 1055 2572 dicti
1085 2515 1393 2571 suntludas
1418 2524 1472 2570 et
1495 2515 1733 2580 Simeon,

135 2617 278 2671 inter
304 2624 538 2670 czeteros
579 2613 766 2666 fratres
803 2625 930 2665 suos
970 2608 1199 2681 propriis
1228 2607 1528 2663 nominibus
1551 2608 1737 2677 appel-

137 2707 257 2771 lati;
282 2706 381 2760 sed
409 2705 544 2758 dixit
580 2703 749 2757 tribus
768 2701 901 2756 Juda
928 2700 993 2754 ad
1025 2700 1215 2755 tribum
1244 2699 1484 2764 Simeon,
1514 2698 1738 2754 Ascende

134 2817 331 2854 mecum
357 2800 411 2852 in
440 2808 624 2852 sortem
652 2813 843 2859 meam,
882 2804 929 2849 et
963 2793 1200 2849 bellamus
1232 2793 1287 2847 in
1322 2792 1609 2849 Chananwo
1621 2794 1663 2860 ⁸,
1689 2802 1737 2848 et

133 2895 215 2948 ibo
230 2895 387 2947 etiam
417 2910 507 2965 ego
528 2904 689 2945 tecum
704 2891 757 2944 in
783 2898 967 2944 sortem
991 2899 1147 2942 luant.
1180 2886 1514 2942 Manifestum
1536 2894 1616 2941 est
1638 2902 1736 2941 au-

136 2989 326 3043 xilium
374 2986 476 3041 sibi
520 2986 713 3040 tribum
758 2982 891 3039 Juda
935 2983 1154 3037 alterius
1198 2980 1368 3036 tribus
1403 2979 1733 3050 postulasse,

136 3081 276 3150 quod
302 3078 577 3143 redderet,
600 3093 720 3131 cum
748 3086 802 3131 et
832 3075 904 3130 illi
932 3077 983 3129 in
1018 3090 1113 3129 sua
1143 3082 1289 3128 sorte
1313 3071 1512 3127 habere
1533 3073 1736 3143 incipe-

134 3181 256 3225 rent
286 3170 675 3225 oecussarium.

210 3262 299 3316 111.
336 3260 441 3333 [lb.
468 3277 505 3324 ι,
537 3257 712 3329 9-19..]
744 3257 804 3311 Et
830 3256 958 3310 dixit
988 3255 1138 3309 Caleb
1157 3272 1174 3308 :
1194 3254 1503 3324 Quicumque
1531 3270 1736 3324 percus-

131 3355 254 3408 serit
278 3354 548 3405 Cieitatem
578 3350 877 3409 litterarum,
907 3357 953 3401 et
980 3348 1164 3414 ceperit
1192 3362 1324 3409 eam,
1348 3346 1477 3397 dabo
1504 3346 1549 3397 ei
1578 3345 1739 3413 ﬁliam

132 3459 306 3498 nteant
332 3443 501 3498 Arcam
530 3440 795 3496 uxorem“.
843 3438 958 3494 Jam
991 3438 1090 3491 hoc
1126 3446 1177 3491 et
1208 3436 1259 3489 in
1287 3435 1422 3489 libro
1444 3434 1567 3488 Jesu
1598 3435 1741 3490 Nave

131 3542 627 3591 commeumratum
666 3540 747 3584 cst
788 3527 970 3599 (Iosue
995 3543 1087 3594 xv,
1121 3526 1209 3598 16)
1244 3544 1259 3582 :
1288 3525 1383 3580 sed
1414 3534 1587 3579 utrum
1613 3524 1740 3580 Jesu

134 3632 357 3685 vivente
382 3627 576 3682 factum
600 3624 689 3692 sit,
709 3635 761 3678 et
783 3639 922 3677 nunc
946 3637 1039 3692 per
1064 3619 1555 3690 rccapitulatiouem
1585 3633 1739 3687 repe-

139 3724 333 3785 titum;
374 3734 442 3772 an
477 3727 593 3787 post
620 3716 734 3786 ejus
764 3725 988 3770 mortem
1040 3720 1380 3783 posteaquam
1408 3710 1604 3764 dictum
1634 3718 1736 3777 est,

139 3815 311 3869 Iudas
342 3814 593 3875 ascendet,
623 3820 677 3866 et
714 3808 875 3876 cccpit
901 3806 1065 3863 Judas
1094 3805 1363 3861 debellare
1385 3804 1735 3867 Chananwos,

142 3910 192 3963 in
225 3925 335 3979 quo
362 3908 503 3961 bello
530 3906 627 3960 ista
654 3904 828 3956 otnnia
857 3909 1001 3972 gesta
1030 3907 1329 3963 narrantur,
1358 3896 1549 3950 merito
1591 3910 1740 3964 qua:-

144 4003 300 4056 ritur.
328 3999 434 4056 Sed
466 3998 773 4055 credibilius
812 4004 893 4050 cst
936 4002 1053 4063 post
1078 4002 1309 4047 mortem
1337 3989 1464 4044 Jesu
1505 3988 1700 4044 factum
1721 4029 1737 4053 ,

147 4105 273 4149 tunc
300 4102 482 4148 autem
508 4107 600 4161 per
628 4088 943 4159 prolepsim,
974 4086 1024 4139 id
1068 4095 1149 4139 est
1188 4100 1283 4154 pcr
1322 4081 1739 4151 praeoccupatio-

148 4202 269 4241 ncm
302 4191 778 4240 commemoratum
802 4221 817 4245 ,
857 4175 1304 4248 quemadmodum
1334 4183 1385 4227 et
1432 4173 1551 4227 alia.
1592 4171 1740 4225 Nune

149 4281 292 4334 enim
326 4295 450 4334 cum
482 4292 568 4331 res
591 4284 754 4345 gestae
783 4272 1038 4326 adversus
1060 4268 1390 4323 Chauauacos
1414 4266 1581 4320 tribus
1605 4265 1738 4319 Jnda

150 4378 565 4442 exponerentur,
596 4368 664 4420 ita
700 4381 759 4419 se
789 4361 1110 4417 narrationis
1145 4359 1277 4413 ordo
1312 4360 1569 4421 continet,
1604 4359 1742 4412 inter

150 4471 335 4517 cretera
361 4461 514 4516 Judn
547 4458 680 4514 facta
712 4455 931 4521 bellica,
967 4454 1035 4507 de
1074 4468 1179 4523 quo
1211 4460 1331 4521 post
1359 4460 1583 4504 mortem
1613 4448 1739 4503 Jesu

151 4555 354 4611 dixerat
386 4554 665 4617 Dominus,
692 4549 859 4603 Judas
877 4548 1109 4602 ascendet
1138 4562 1156 4610 ς
1181 4544 1250 4599 Et
1276 4555 1447 4616 postea
1475 4543 1742 4599 descende-

152 4658 264 4702 runt
293 4648 389 4715 lilii
411 4645 557 4701 Juda
579 4659 801 4716 pugnare
822 4641 890 4694 ad
915 4640 1278 4705 Chananwum,
1297 4639 1382 4708 qui
1411 4637 1663 4692 habitabat
1688 4638 1741 4691 in

155 4751 388 4796 montana
414 4752 464 4794 et
491 4750 717 4793 austrum
752 4745 798 4789 et
832 4742 1178 4802 campestrem.
1214 4731 1275 4784 Et
1309 4730 1428 4784 abiit
1462 4729 1631 4783 Judas
1674 4730 1741 4781 ad

155 4828 497 4888 Chanauteum
534 4826 964 4883 inhubitantemin
1005 4822 1252 4887 Chebron,
1289 4831 1334 4875 et
1366 4822 1487 4875 exiit
1513 4820 1740 4877 Chebron

157 4939 215 4979 ea:
241 4926 471 4982 adt'erso.
506 4923 705 4977 Nomen
726 4930 893 4975 autent
921 4928 1026 4973 erat
1052 4915 1279 4973 Chebron
1299 4914 1739 4971 Cariatharbocse-

218 5141 235 5174 ¹
260 5142 376 5208 βᾶῐιί
394 5180 409 5203 ,
443 5140 708 5208 hominum.
724 5146 840 5208 μεθ.
863 5172 878 5198 ,
902 5136 953 5188 in
982 5135 1198 5208 Domino.
1224 5134 1520 5208 apuddlxx,
1545 5132 1628 5208 diu
1663 5139 1742 5208 to_u

162 5202 347 5255 Kuriou.
367 5195 495 5255 ιέωιι
510 5203 765 5255 locutionis
779 5195 939 5264 genus
952 5206 1144 5265 notatur
1169 5198 1215 5265 in
1229 5195 1535 5265 locutionum
1555 5195 1677 5265 libro
1690 5197 1737 5244 7.

221 5266 240 5296 ²
262 5274 359 5329 sm.
382 5275 459 5317 Er.
487 5275 539 5317 et
578 5257 807 5329 plerique
824 5261 1068 5329 azss.,_ad
1114 5257 1386 5329 bellandum
1415 5269 1526 5309 eum
1566 5270 1584 5307 :
1617 5260 1741 5307 torte

163 5334 245 5395 W2
263 5326 313 5395 in
333 5341 441 5395 eunt
462 5322 636 5395 :ivx'w
659 5322 784 5395 LXX.
806 5322 1063 5395 ροιεξτὲέξρί
1083 5334 1194 5395 eros
1207 5326 1407 5395 Ei‘ma
1559 5379 1570 5391 .

224 5388 244 5419 ³
264 5394 328 5439 tta
348 5382 731 5442 Sorb'ohicusus.
752 5382 891 5451 iusta
914 5393 1040 5436 Lxx.
1083 5382 1140 5434 λι
1176 5382 1257 5432 alii
1282 5382 1507 5442 codices,
1550 5382 1602 5431 in
1644 5394 1745 5430 nta-

164 5458 267 5499 ηαδ.

224 5510 1069 5579 fEditi.t‘oluisse.Mss.,noluisse._
1168 5570 1179 5579 ,
1488 5569 1498 5579 _
1556 5566 1570 5579 _
1645 5569 1655 5579 .

226 5573 247 5605 ³
269 5566 415 5635 Εᾱίιῖ,
438 5577 490 5629 in
510 5566 818 5626 rhantnueos.
846 5582 901 5625 At
921 5583 1027 5625 MSS.
1051 5573 1101 5635 in
1122 5570 1392 5622 Chananteo
1418 5581 1437 5620 :
1460 5569 1530 5618 sic
1556 5566 1740 5631 legisse

168 5634 472 5703 Augustinum
496 5639 739 5703 liquetex
762 5638 1063 5703 Locutionum
1086 5634 1210 5684 libro
1230 5634 1277 5682 7.
1408 5695 1418 5703 _
1641 5693 1650 5703 ν

270 5704 372 5750 uss.
396 5695 598 5760 omnes,
620 5697 775 5764 ﬁliam
794 5710 951 5748 meam
988 5697 1038 5747 in
1065 5709 1267 5747 uxorem
1292 5707 1307 5745 :
1327 5695 1504 5744 omisso
1526 5695 1738 5751 nomine,

1511 274 1711 335 LIBER
1749 281 2097 343 SEPTIMUS.

3342 284 3442 343 791

1859 396 2035 466 ρΙιενί,
2062 405 2112 450 et
2151 398 2395 464 percussit
2446 398 2560 453 Sest
2606 407 2655 453 et
2682 398 2927 454 Achtman
2976 408 3024 454 et
3065 397 3269 456 Cholmi
3312 402 3442 471 ﬁlice

1858 486 2035 541 Enach
2064 503 2083 541 :
2105 497 2152 542 et
2171 489 2499 543 ascenderunt
2524 490 2642 544 inde
2659 490 2727 543 ad
2752 491 3087 545 inhabitantes
3111 491 3288 547 Dabir.
3322 492 3440 548 No-

1856 595 1968 632 men
2011 588 2177 633 autem
2212 578 2369 634 Dabir
2393 580 2528 652 quod
2548 590 2655 635 erat
2679 591 2796 635 ante
2831 580 3017 636 Civitas
3048 581 3347 637 litterarum.
3374 583 3442 639 Et

1866 669 1993 723 dixit
2021 669 2171 725 Caleb
2218 687 2236 725 :
2279 670 2590 743 Quicumque
2626 673 2922 743 percusserit
2960 672 3217 728 Civitatem
3252 674 3442 729 littera.

1854 776 1988 826 rum,
2021 770 2067 814 et
2082 761 2327 830 acceperit
2353 777 2464 814 eam
2484 803 2498 827 ,
2531 761 2661 816 dabo
2689 762 2736 816 ei
2758 762 2921 832 ﬁliam
2948 779 3109 817 meam
3138 764 3191 817 in
3209 780 3436 818 uxorem.

1851 849 2073 904 Constat
2101 866 2227 921 ergo
2252 867 2316 907 ex
2346 852 2446 907 hoc
2470 852 2657 907 ordine
2684 863 2953 923 gestarum
2974 870 3151 909 rerum
3180 863 3285 908 tam
3316 870 3437 924 per-

1851 943 2056 1011 spicuo,
2087 954 2203 1014 post
2230 955 2456 1000 mortem
2479 945 2605 1001 Jesu
2634 944 2733 1000 hoc
2756 961 2875 1002 esse
2905 946 3120 1002 factum.
3145 947 3293 1002 Tunc
3311 962 3438 1003 vero

1850 1050 1971 1090 cum
1996 1037 2237 1093 civitates
2256 1038 2393 1092 data:
2420 1038 2516 1107 ipsi
2541 1038 2705 1094 Calcb
2725 1048 3290 1108 commemorarentur,
3318 1058 3439 1111 pro-

1849 1146 2065 1201 gressus
2097 1147 2162 1187 ex
2196 1135 2476 1188 occasione
2514 1143 2794 1200 narrator,
2845 1134 2984 1205 quod
3029 1144 3210 1203 postea
3240 1134 3433 1190 factum

1848 1232 1931 1277 est
1957 1226 2359 1294 prmoccupttvit.
2402 1225 2509 1280 Nec
2545 1236 2720 1281 tamen
2747 1225 2940 1281 frustra
2968 1226 3198 1281 arbitror
3239 1226 3341 1281 hoc
3367 1227 3436 1281 de

1850 1313 1952 1367 ﬁlia
2006 1313 2168 1370 Caleb
2215 1316 2335 1370 data
2380 1317 2432 1371 in
2482 1316 2696 1370 victoris
2747 1316 3045 1386 praemium,
3092 1317 3173 1372 bis
3212 1332 3435 1371 numero

1848 1401 2173 1476 Scripturam
2199 1422 2622 1464 commemorare
2651 1409 2904 1464 voluisse.

1919 1494 2006 1548 IV.
2041 1494 2140 1568 [lb.
2172 1514 2210 1564 ι,
2246 1498 2309 1552 14
2334 1541 2349 1564 ,
2386 1498 2497 1570 15.]
2528 1498 2645 1553 Alia
2677 1500 2912 1553 nascitur
2948 1500 3171 1570 qumstio
3222 1500 3289 1555 de
3325 1499 3432 1555 tilia

1845 1584 2011 1642 Caleb
2030 1627 2044 1651 ,
2075 1587 2216 1657 quod
2243 1589 2293 1643 in
2324 1589 2459 1643 libro
2485 1589 2611 1645 Jesu
2640 1590 2783 1645 Nave
2809 1591 2885 1645 sic
2915 1590 2983 1645 de
3009 1591 3093 1644 illa
3119 1591 3331 1658 dicitur,
3366 1592 3430 1647 Et

1844 1681 2035 1748 factum
2058 1688 2165 1745 est,
2196 1697 2311 1733 cum
2339 1681 2680 1752 ingrederetur
2698 1682 2811 1751 ipsa
2829 1723 2844 1747 ,
2878 1690 2923 1735 et
2950 1683 3216 1737 consilium
3250 1685 3421 1738 habuit

1844 1784 1956 1821 cum
1970 1786 2026 1822 eo
2046 1768 2235 1837 dicens,
2259 1769 2436 1825 Petam
2453 1782 2645 1842 patrem
2659 1790 2821 1828 meum
2836 1791 3034 1845 agrum.
3060 1772 3121 1828 Et
3137 1774 3433 1829 exclamavit

1842 1858 1907 1913 de
1920 1860 2083 1925 asino,
2107 1871 2159 1915 et
2174 1870 2384 1917 cmtera:
2405 1864 2492 1917 ubi
2509 1879 2693 1936 agrum
2712 1865 2863 1935 petiit
2883 1882 2911 1919 a
2928 1876 3096 1936 patre,
3114 1876 3273 1938 atque
3288 1882 3423 1922 con-

1841 1965 2024 2007 cessus
2042 1962 2123 2007 est
2146 1953 2324 2027 (Iosue
2346 1971 2436 2022 xv,
2457 1954 2675 2029 18,19).
2699 1957 2794 2011 llic
2819 1958 3091 2025 autem,Et
3111 1963 3393 2029 factumet!
3410 2000 3426 2025 ,

1842 2041 2031 2112 inquit,
2060 2061 2174 2098 cum
2198 2046 2538 2116 ingrederetur
2571 2047 2698 2118 ipse,
2729 2048 2923 2102 monuit
2947 2065 3060 2102 eam
3087 2048 3355 2104 Gothoniel
3378 2052 3425 2115 ',

1840 2143 1895 2187 ut
1934 2144 2114 2205 peteret
2133 2153 2164 2189 a
2208 2147 2353 2209 patre
2382 2120 2471 2193 suo
2494 2156 2693 2210 agrum.
2735 2139 2838 2195 Sed
2882 2140 2936 2194 in
2966 2156 3031 2195 eo
3056 2141 3196 2211 quod
3227 2141 3425 2196 dictum

1841 2227 1911 2283 ibi
1941 2237 2042 2295 est,
2074 2246 2186 2284 cum
2207 2231 2550 2300 ingrederetur
2585 2233 2733 2302 ipsa;
2760 2242 2814 2287 et
2841 2233 2925 2288 hic
2949 2233 3146 2288 dictum
3171 2242 3273 2301 est,
3307 2251 3423 2287 cum

1840 2321 2180 2391 ingrederetur
2201 2324 2343 2392 ipse'
2395 2324 2524 2378 nihil
2572 2326 2897 2380 contrarium
2925 2334 3006 2380 est
3035 2344 3047 2379 :
3080 2327 3236 2381 simul
3280 2327 3424 2381 enim

1842 2410 2275 2480 ingrediebantur
2305 2414 2463 2468 viam.
2496 2415 2645 2482 Quod
2679 2432 2810 2471 vero
2842 2417 2911 2470 ibi
2939 2418 3136 2472 dictum
3163 2426 3264 2483 est,
3303 2434 3428 2471 con-

1840 2502 2011 2556 silium
2031 2503 2203 2557 habuit
2224 2521 2337 2557 cum
2364 2522 2421 2559 eo
2439 2548 2453 2569 ,
2485 2506 2534 2559 id
2562 2515 2645 2560 est
2670 2524 2790 2561 cum
2815 2507 2929 2561 viro
2955 2523 3071 2569 suo,
3101 2508 3291 2573 dicens,
3328 2506 3428 2561 Pe—

1841 2600 1944 2645 tam
1968 2602 2161 2664 patrem
2196 2610 2363 2648 meum
2403 2612 2618 2666 agrum;
2648 2605 2693 2649 et
2716 2598 3017 2651 exclamavit
3060 2597 3124 2651 de
3169 2598 3342 2663 asino,
3382 2608 3429 2652 et

1842 2684 2014 2753 petiit;
2035 2684 2088 2739 in
2119 2700 2183 2740 eo
2212 2685 2353 2755 quod
2386 2685 2862 2742 babuitconsilium
2885 2728 2901 2754 ,
2931 2687 3004 2742 ibi
3032 2687 3229 2742 monita
3259 2697 3342 2743 est
3372 2697 3430 2743 ut

1842 2786 2049 2847 peteret
2074 2796 2087 2834 :
2126 2794 2353 2848 quorum
2372 2779 2597 2835 alterum
2622 2779 2692 2835 ibi
2714 2780 2912 2835 dictum
2934 2788 3018 2836 est
3035 2822 3048 2845 ,
3067 2780 3292 2835 alterum
3322 2780 3426 2835 hic.

1842 2868 2137 2940 Utrumque
2154 2878 2330 2927 autem
2347 2871 2416 2926 ita
2435 2870 2722 2936 diceretur,
2741 2871 2807 2926 Et
2821 2872 3098 2928 consilium
3114 2871 3428 2943 habuitcum

1840 2974 1906 3016 eo
1933 2960 2152 3027 dicens,
2197 2962 2378 3017 Petam
2412 2971 2616 3032 patrem
2649 2978 2828 3019 meum
2870 2978 3057 3033 agrum
3092 2980 3105 3016 :
3140 2962 3229 3018 ille
3253 2972 3429 3019 autem

1840 3053 2052 3108 monuit
2097 3068 2250 3118 eam;
2278 3062 2332 3107 et
2357 3053 2673 3109 exclamavit
2719 3053 2788 3109 de
2833 3054 3006 3109 asino.
3054 3053 3223 3109 Porro
3252 3062 3429 3109 autem

1840 3144 1981 3215 quod
2014 3144 2084 3198 ibi
2132 3160 2317 3214 agrum
2366 3144 2594 3200 refertur
2624 3145 2873 3214 petiisse,
2901 3160 3003 3201 nec
3030 3160 3225 3201 nomen
3267 3145 3433 3215 ipsius

1840 3234 1952 3305 agri
1982 3234 2195 3289 tacitum
2228 3242 2344 3300 est;
2377 3234 2463 3290 hic
2504 3250 2633 3290 vero
2659 3250 2781 3290 cum
2812 3251 2993 3305 agrum
3024 3245 3207 3304 petere
3233 3236 3432 3289 monita

1843 3328 1999 3381 fuerit
2022 3343 2051 3381 a
2076 3327 2193 3381 viro
2216 3342 2314 3382 suo
2334 3370 2346 3391 ,
2379 3344 2482 3381 non
2514 3343 2698 3397 agrum
2730 3326 2946 3398 petiisse
2970 3327 3183 3393 dicitur,
3206 3329 3432 3384 clamans

1843 3419 1906 3473 de
1922 3420 2177 3491 subjugali
2196 3463 2209 3485 ,
2256 3421 2395 3491 quod
2434 3421 2504 3475 ibi
2535 3421 2733 3475 dictum
2757 3429 2840 3475 est
2865 3420 2932 3475 de
2961 3422 3113 3475 asino
3136 3462 3151 3487 ,
3184 3420 3277 3475 sed
3305 3420 3423 3474 red-

1841 3512 2140 3581 emptionem
2184 3528 2355 3582 aqute,
2406 3527 2471 3566 eo
2508 3511 2648 3581 quod
2706 3512 2757 3564 in
2815 3519 3006 3565 terram
3052 3512 3217 3565 austri
3250 3511 3436 3565 fuisset

1846 3602 2065 3667 tradita;
2094 3603 2424 3672 subiecitque
2446 3603 2739 3671 Scriptura,
2770 3600 2839 3654 Et
2855 3600 2991 3654 dedit
3010 3602 3059 3655 ei
3079 3600 3227 3654 Culeb
3255 3618 3436 3655 secun-

1844 3694 1968 3747 dum
1991 3710 2077 3748 cor
2096 3696 2206 3766 ejus
2230 3693 2617 3764 redemptionem
2638 3692 2950 3747 excelsorum
2971 3700 3017 3745 et
3045 3691 3436 3763 redemptionem

1844 3785 2155 3849 huntilium;
2197 3784 2321 3856 quid
2357 3785 2456 3838 sibi
2501 3784 2629 3839 velit
2670 3784 2953 3838 obscurum
2998 3793 3117 3838 est:
3152 3784 3249 3838 nisi
3299 3782 3436 3839 forte

1844 3890 1971 3946 ager
1999 3877 2111 3945 ipse
2142 3876 2261 3932 ideo
2290 3874 2585 3944 petebatur,
2619 3883 2675 3928 ut
2705 3872 2921 3928 haberet
2940 3872 3009 3929 de
3032 3872 3291 3928 fructibus
3319 3874 3435 3943 cjus

1845 3967 1985 4022 unde
2011 3983 2199 4037 aquam
2229 3966 2549 4033 redimeret,
2590 3964 2742 4034 cujus
2769 3964 2945 4032 inepia
2984 3964 3036 4018 in
3070 3964 3177 4019 illis
3197 3964 3433 4033 regioni-

1845 4058 1945 4114 bus
1973 4067 2087 4113 erat
2107 4099 2123 4124 ,
2173 4074 2277 4128 qtto
2320 4066 2479 4126 nupta
2511 4056 2822 4111 ducebatur.
2879 4054 2984 4111 Sed
3004 4098 3019 4119 ,
3053 4054 3189 4109 dedit
3209 4056 3253 4109 ei
3282 4054 3433 4109 Caleb

1843 4150 2234 4219 redemptionem
2271 4148 2602 4212 excelsorum,
2630 4156 2677 4201 et
2710 4146 3099 4217 redemptionem
3128 4147 3433 4212 humilium,

1843 4258 1949 4297 non
1990 4242 2145 4297 video
2175 4240 2302 4310 quid
2332 4238 2711 4295 subaudiamus
2735 4280 2750 4303 ,
2799 4237 2901 4292 nisi
2940 4238 3257 4292 ﬂuentorum
3279 4278 3295 4303 ,
3336 4251 3434 4290 ex-

1843 4336 2107 4390 celsornm
2139 4332 2385 4387 videlicet
2408 4332 2462 4385 in
2492 4329 2757 4384 montanis
2783 4370 2798 4395 ,
2832 4327 3109 4382 humilium
3136 4326 3189 4381 in
3219 4340 3435 4396 campe-

1844 4429 2046 4483 stribus
2074 4427 2188 4481 sive
2216 4426 2271 4480 in
2296 4424 2545 4479 vallibus.

1918 4519 1981 4572 ν.
2014 4518 2113 4591 [11).
2143 4534 2182 4583 1,
2213 4518 2299 4581 18,
2327 4514 2440 4588 19.]
2462 4514 2531 4569 Et
2548 4531 2649 4569 non
2665 4512 3156 4569 hwreditauitludas
3177 4511 3369 4566 Gazam
3389 4524 3435 4567 et

1847 4612 1999 4680 finem
2020 4611 2129 4683 ejus
2151 4652 2165 4674 ,
2207 4618 2255 4663 et
2287 4608 2585 4662 Ascalonem
2612 4616 2659 4660 ct
2682 4607 2836 4676 ﬁnem
2860 4605 2969 4677 ejus
2987 4645 3003 4672 ,
3043 4614 3089 4659 et
3132 4604 3357 4657 Accaron
3386 4614 3435 4659 et

1847 4702 1997 4771 ﬁnem
2026 4702 2160 4773 ejus,
2195 4710 2239 4754 et
2265 4699 2477 4753 Azotum
2497 4707 2543 4752 et
2571 4697 2857 4767 adjacentia
2896 4697 3026 4768 ejus.
3073 4693 3142 4748 Et
3182 4706 3288 4749 erat
3326 4696 3434 4751 Do-

1847 4793 2012 4847 minus
2034 4808 2146 4846 cum
2169 4790 2311 4845 Juda
2330 4832 2345 4857 ,
2377 4801 2422 4844 et
2450 4788 2761 4844 hazreditavit
2792 4797 3038 4851 montem,
3069 4788 3306 4858 quoniam
3334 4805 3433 4841 non

1848 4884 2007 4956 potuit
2040 4884 2334 4939 hareditare
2356 4882 2691 4936 inhabitantes
2715 4881 2767 4934 in
2787 4880 2943 4941 valle,
2967 4880 3205 4950 quoniant
3230 4877 3437 4931 Rechab

1847 4978 2029 5032 obstitit
2054 4978 2126 5032 eis
2144 5019 2159 5044 ,
2182 4985 2227 5031 et
2247 4993 2424 5030 currus
2444 4984 2585 5030 erant
2613 4975 2657 5028 ei
2687 4974 2857 5044 ferrei.
2884 4972 3033 5040 Quod
3061 4972 3112 5025 in
3146 4971 3279 5025 libro
3309 4968 3434 5024 JcSu

1847 5070 2014 5135 Nave,
2045 5085 2166 5125 cum
2199 5070 2345 5125 illum
2377 5069 2551 5124 locum
2582 5077 2865 5123 tractarem
2893 5106 2909 5131 ,
2931 5064 3019 5119 ubi
3041 5062 3296 5135 scriptum
3323 5072 3435 5126 est,

1854 5162 1917 5218 Et
1938 5164 2073 5217 dedit
2095 5162 2343 5217 Dominus
2384 5160 2569 5215 lsraeli
2598 5174 2796 5213 onmem
2822 5167 3008 5211 terram
3033 5196 3049 5222 ,
3089 5169 3212 5210 cum
3242 5154 3438 5208 multas

1849 5257 1965 5324 ejus
1989 5265 2167 5326 partes
2193 5254 2426 5308 nondum
2459 5250 2827 5323 possiderent,
2857 5247 2966 5302 disi
2995 5248 3064 5302 ita
3091 5262 3252 5319 posse
3282 5246 3437 5300 intel-

1848 5345 1937 5416 ligi
1962 5360 2174 5400 omnem
2198 5354 2394 5399 terram
2425 5342 2603 5396 datam
2627 5382 2640 5405 ,
2681 5340 2803 5410 quia
2834 5354 2896 5394 ea
2926 5354 3047 5409 qua:
3074 5338 3196 5394 data
3226 5353 3332 5393 non
3360 5346 3434 5393 est

1849 5436 1899 5490 in
1929 5437 2342 5506 possessionem,
2374 5432 2495 5487 data
2524 5441 2606 5487 est
2636 5432 2688 5486 in
2718 5429 3007 5501 quamdam
3032 5431 3428 5487 exercitationis

1912 5568 1927 5599 ί
1950 5573 2143 5632 nip.tzr.
2164 5573 2213 5616 et
2234 5572 2365 5632 Lov.,
2381 5560 2692 5632 Cariatharbe
2713 5560 2785 5613 vel
2801 5561 3002 5632 sepher,
3019 5570 3076 5615 At
3100 5569 3207 5632 Mss.
3234 5570 3287 5614 et
3313 5569 3433 5623 ttat,

1846 5627 2102 5695 cariathar
2116 5623 2395 5695 voxsepher.
2410 5625 2555 5695 _A_pud
2575 5632 2704 5695 1.905,
2728 5623 3256 5695 Ktm'atharbocsepher.

1911 5693 1929 5721 ²
1953 5690 2213 5761 Tbuaneus
2235 5687 2389 5739 codex
2410 5687 2488 5738 hic
2511 5695 2562 5738 et
2607 5688 2746 5747 infra,
2783 5687 2925 5741 mouit
2952 5699 3076 5738 etim.
3115 5687 3263 5741 Graec.
3304 5693 3433 5750 Lxx,
