3862 6298
157 362 267 420 797

156 486 430 533 moratum
445 486 523 534 est
540 476 590 530 in
609 476 743 531 libro
754 474 877 532 Jcsu
891 473 1031 531 Nave
1046 471 1224 545 (Iosue
1242 488 1360 540 xm,
1376 473 1463 537 51,
1482 474 1563 540 5),
1576 474 1745 543 magis

157 570 415 626 exi~tinto
444 566 860 638 pneoccttpaudo
889 575 1356 621 eouuuemoratum
1382 606 1396 627 ,
1437 564 1576 634 quod
1627 572 1747 633 post

156 661 275 728 t‘jtls‘
312 671 536 713 tuorlem
568 660 649 713 vel
677 660 904 712 futurum
935 674 1051 711 esse
1073 652 1180 725 jam
1214 658 1325 727 ipse
1354 667 1573 711 noverat
1614 671 1744 726 pro-

158 753 377 821 phetico
420 750 641 818 spiritu,
673 749 714 803 si
764 749 831 803 ab
858 748 946 802 illo
974 750 1104 802 liber
1122 748 1455 815 Conscriptus
1495 756 1575 801 est
1602 788 1616 811 ,
1654 745 1743 814 qui

155 844 461 914 appellatur
490 841 613 897 .lesn
643 841 810 903 Nave;
838 843 918 895 vel
946 842 988 895 si
1019 842 1087 894 ab
1112 840 1217 895 alio
1243 841 1478 910 Scriptus
1502 850 1602 899 est.
1632 837 1743 907 jam

158 936 357 987 factum
399 948 519 989 esse
562 933 760 989 sriebat
807 943 924 1002 post
953 941 1174 986 mortem
1201 930 1358 997 Jesu,
1387 930 1527 1001 quod
1556 930 1610 985 in
1652 929 1746 984 illo

154 1026 295 1080 libro
327 1042 672 1095 pr:roccupan
696 1026 745 1080 lo
772 1023 1226 1079 commemoravit.

228 1116 371 1172 Xlll.
416 1116 517 1188 Ill).
549 1133 606 1177 tt,
754 1116 887 1182 Quid
922 1126 999 1171 est
1027 1112 1401 1184 quodaugelus
1428 1109 1633 1165 Domini
1665 1108 1747 1164 in-

157 1219 239 1264 ter
261 1220 457 1263 ea-tt-ra
486 1208 675 1262 divine
711 1207 1139 1263 cntutuinatiouis
1176 1204 1325 1268 dicit,
1358 1201 1477 1258 Non
1502 1204 1743 1273 adjiciam

155 1301 525 1368 transmigrare
550 1300 791 1367 populum
833 1316 975 1366 quem
1007 1298 1110 1349 diri
1138 1298 1347 1366 ejicere;
1382 1311 1479 1348 non
1514 1296 1744 1360 auferant

152 1408 235 1446 eos
255 1410 285 1443 (ι
304 1392 440 1461 facie
466 1402 621 1445 restra
638 1408 655 1443 :
671 1403 715 1442 et
733 1402 873 1443 erant
899 1392 1031 1443 rubis
1051 1390 1099 1442 in
1119 1390 1395 1459 angustias.
1420 1399 1463 1441 et
1483 1388 1554 1439 dii
1575 1403 1744 1440 corum

151 1496 298 1538 t'runt
323 1486 461 1537 rubis
483 1484 532 1536 in
555 1484 891 1547 scandalum;
917 1484 1013 1536 nisi
1039 1491 1090 1535 ιιι
1120 1481 1469 1550 intelligamus
1494 1477 1745 1533 nonnulla

150 1576 313 1630 etiam
338 1574 411 1627 de
440 1576 509 1628 ira
538 1576 625 1628 Dei
657 1575 834 1629 venire
858 1574 1104 1643 peccata?
1134 1572 1199 1629 Ut
1226 1571 1366 1626 enim
1390 1570 1459 1623 dii
1481 1570 1740 1639 gentium,

151 1665 291 1720 inter
312 1681 451 1733 quas
473 1682 574 1718 nou
602 1682 628 1717 a
652 1682 709 1719 se
733 1666 1107 1721 exterminatus
1126 1662 1373 1716 ΙςγειυΙῐιη·
1394 1661 1631 1713 habitare.
1653 1674 1747 1713 vo-

148 1756 390 1819 luerunt,
422 1768 597 1811 eswut
629 1760 707 1813 eis
741 1759 789 1810 iu
832 1756 1162 1821 scandalum,
1187 1756 1234 1809 id
1263 1765 1362 1811 est.
1390 1753 1623 1809 facerent
1650 1767 1745 1807 eos

148 1849 505 1903 seuulalizari
538 1851 588 1902 in
615 1848 834 1902 Domino
862 1849 968 1902 Deo
990 1864 1106 1909 suo,
1124 1861 1291 1915 eoque
1312 1845 1515 1899 ochuso
1545 1844 1742 1910 vivere,

148 1941 440 2012 indignans
473 1942 571 1996 liae
600 1942 951 1996 comminatus
979 1949 1056 1993 est
1083 1939 1246 2001 Deus;
1280 1938 1419 2008 quod
1458 1946 1604 1991 certe
1631 1951 1747 1989 ma-

147 2038 405 2090 nifestum
440 2044 515 2087 est
547 2049 791 2102 magnum
823 2048 941 2087 esse
962 2041 1253 2102 p-rcatum.

218 2124 357 2181 XlV.
392 2125 495 2197 [lb.
527 2141 581 2185 ιι,
616 2125 667 2187 6,
694 2123 770 2196 8.]
803 2121 1236 2177 Eldimisithsus
1260 2119 1521 2190 pOpqum,
1544 2127 1589 2171 et
1610 2116 1747 2170 abie-

144 2229 260 2271 runt
294 2220 397 2285 ﬁlii
434 2216 597 2270 Israel
636 2218 973 2285 unusquisque
1004 2215 1054 2266 in
1083 2214 1286 2267 domum
1309 2228 1475 2274 suam,
1506 2220 1551 2263 et
1583 2225 1744 2262 ututs-

143 2308 352 2378 quisque
384 2308 439 2360 in
460 2309 799 2361 luerrditatem
840 2322 984 2360 suam
1004 2306 1043 2368 ¹,
1072 2305 1368 2357 ltwreditare
1396 2312 1599 2355 terram.
1632 2299 1744 2353 lloc

144 2414 238 2468 per
266 2399 768 2466 rempitulatiottetu
796 2397 973 2450 iterari
1018 2395 1158 2449 uul'a
1198 2392 1457 2447 dubitatio
1497 2399 1579 2445 est
1628 2388 1739 2461 (Id.

146 2507 288 2552 xxnv,
312 2490 411 2549 ΞΒ.
445 2490 559 2559 9.9).
586 2490 713 2543 Nam
744 2497 799 2542 cl
824 2504 967 2542 mors
994 2487 1159 2555 ipsius
1179 2484 1303 2539 .lesu
1336 2483 1477 2538 Nave
1498 2484 1655 2537 etiam
1684 2482 1739 2537 in

144 2580 244 2635 hoc
264 2582 895 2643 librurormnemoratur,
926 2588 983 2632 ιιι
1012 2588 1258 2647 tanquam
1282 2576 1348 2629 ab
1370 2575 1589 2629 exordio
1614 2593 1743 2628 (‘tlll-

143 2682 225 2728 cla
255 2673 496 2729 breviter
526 2672 941 2733 iusinruarentur,
969 2685 1035 2726 cx
1070 2684 1175 2739 quo
1213 2670 1291 2723 eis
1319 2667 1570 2722 Dominus
1594 2667 1743 2721 dedit

147 2774 366 2825 terram.
400 2774 455 2819 rt
478 2762 924 2835 quemadmodum
969 2761 1068 2815 sub
1112 2760 1240 2830 ipsis
1280 2759 1545 2829 jndicibus
1589 2759 1739 2812 vixe-

147 2857 271 2918 rint.
305 2872 495 2927 qua-vc
534 2855 767 2925 perpessi
812 2854 944 2916 sint;
989 2863 1148 2922 atque
1192 2852 1383 2906 iterum
1430 2851 1631 2905 reditur
1666 2849 1740 2905 ad

146 2947 386 3017 ipsorum
409 2947 645 3019 judicent
674 2945 937 3012 ordinem,
965 2945 1031 2999 ab
1056 2959 1122 3000 eo
1154 2943 1242 3015 qui
1272 2942 1475 3014 primus
1498 2953 1584 2997 est
1604 2952 1738 2999 eoa-

146 3043 388 3093 stitutus.

214 3130 334 3185 XV.
372 3130 473 3203 [lb.
508 3147 563 3192 ιι.
593 3127 704 3203 10]
729 3129 792 3183 Ε(
814 3129 1029 3184 surrexit
1048 3127 1299 3199 generatio
1315 3126 1474 3180 altera
1498 3133 1611 3193 post
1630 3140 1734 3191 eos,

142 3224 226 3291 qui
252 3240 355 3277 non
379 3214 595 3275 scierunt
619 3221 906 3283 Dominum,
927 3229 971 3273 ct
988 3236 1139 3289 Opera
1160 3220 1270 3287 ejus
1285 3235 1395 3287 quia
1416 3217 1529 3283 fecit
1553 3215 1734 3270 Israel.

141 3313 407 3381 Exposuit
433 3313 699 3384 quomodo
725 3312 936 3370 dixerit.
972 3326 1071 3363 non
1096 3310 1313 3363 scierunt
1342 3308 1647 3371 Dominum;
1674 3308 1735 3363 in

138 3403 247 3459 illis
294 3403 539 3458 vidi-licet
574 3402 841 3471 pra-claris
880 3412 931 3455 et
958 3400 1285 3454 mirabilibus
1326 3398 1597 3466 operibus,
1640 3414 1738 3466 per

134 3510 260 3565 qua:
288 3492 484 3547 factum
508 3506 585 3547 est
610 3503 732 3546 ante
762 3493 879 3547 illos
908 3502 961 3545 ιιι
994 3491 1148 3544 Israel
1180 3491 1339 3544 sciret
1362 3490 1661 3543 Dotnimun.

211 3584 352 3641 XVI.
401 3584 497 3657 [11).
522 3603 576 3652 ιι,
600 3582 707 3656 15.]
733 3584 796 3639 Et
817 3585 1089 3639 serrieruut
1113 3582 1241 3636 Baal
1259 3592 1302 3636 et
1322 3582 1618 3635 Astartilms.
1639 3581 1738 3638 So-

134 3678 211 3733 let
238 3678 346 3732 dici
380 3678 500 3732 llaal
527 3694 718 3731 nomen
749 3676 1031 3745 esseapud
1058 3684 1245 3746 gentes
1276 3675 1480 3728 illarqu
1504 3690 1538 3744 p
1556 3673 1734 3729 trtium

138 3768 311 3834 «ιονιξ,
344 3771 562 3824 Astarte
582 3777 759 3824 autem
788 3767 1036 3831 JuttOuis,
1073 3765 1212 3835 quod
1245 3775 1298 3820 et
1324 3766 1494 3835 lingua
1539 3766 1734 3819 Punica

142 3870 360 3931 putatur
399 3859 699 3914 ostendere.
744 3858 872 3912 Nam
916 3858 1038 3911 llaal
1072 3858 1253 3910 l’unici
1286 3855 1533 3910 videntur
1558 3856 1735 3911 dicere

145 3950 457 4009 Dominum:
489 3950 628 4006 unde
654 3949 988 4011 Baalsamen,
1017 3948 1166 4019 quasi
1199 3948 1475 4002 Dominum
1506 3949 1625 4004 curii
1650 3949 1732 4002 iu-

143 4042 450 4111 telliguutur
468 4042 676 4095 dicere:
700 4041 893 4096 Samen
912 4041 1104 4108 quippe
1130 4038 1267 4107 apud
1294 4054 1387 4093 eos
1413 4040 1531 4092 emli
1553 4039 1736 4107 appel-

142 4130 334 4185 lantur.
358 4132 499 4187 Juno
519 4141 696 4185 autem
743 4132 860 4185 sine
899 4130 1224 4183 dubitatione
1254 4130 1320 4181 ab
1351 4130 1451 4181 illis
1481 4132 1689 4185 Astarte
1711 4131 1732 4162 ¹

145 4237 380 4279 vocatur.
409 4225 474 4281 Et
499 4226 748 4296 quoniam
779 4224 894 4278 istm
923 4224 1111 4293 lingua:
1135 4238 1239 4275 non
1269 4222 1489 4275 umltmu
1517 4220 1656 4276 inter
1676 4237 1733 4277 sc

144 4313 415 4383 dill'erunt,
443 4317 631 4370 merito
657 4314 891 4370 creditur
916 4314 1001 4368 hic
1019 4312 1084 4368 de
1108 4315 1227 4367 liiiis
1251 4313 1405 4366 Israel
1432 4312 1531 4367 hoc
1555 4312 1732 4368 dicere

144 4401 436 4477 Scriptura,
482 4407 623 4475 quod
674 4406 795 4460 llaal
838 4405 1138 4460 servierunt
1168 4411 1225 4459 ct
1259 4402 1582 4469 Astarlibus,
1608 4404 1732 4471 quia

144 4494 255 4550 ,ιω-ι
284 4510 333 4553 et
364 4499 685 4575 ,lunouibns.
718 4497 825 4551 Nec
855 4512 1069 4551 movere
1097 4496 1256 4550 debet
1282 4494 1422 4565 quod
1453 4511 1557 4549 nou
1596 4495 1733 4550 dixit

146 4590 357 4653 Astarti,
388 4593 440 4646 id
468 4602 548 4647 est
579 4590 805 4653 .lnuoui;
837 4589 929 4643 sed
957 4598 1202 4657 tanquam
1232 4589 1410 4641 utnltm
1437 4588 1542 4641 sint
1567 4586 1733 4640 Juno-

146 4696 255 4742 nes.
290 4684 562 4755 pluraliter
602 4683 704 4737 hoc
744 4695 936 4735 nomen
979 4680 1173 4751 posuit.
1217 4678 1295 4731 Ad
1326 4679 1729 4733 simulacrorum

146 4773 277 4828 enim
308 4776 433 4830 mul;
448 4774 702 4829 itudineut
722 4772 904 4827 referri
929 4770 1091 4824 voluit
1110 4769 1460 4834 intellectura,
1479 4770 1727 4839 quoniam

146 4866 551 4936 unumquodque
578 4864 803 4920 Junouis
843 4861 1183 4917 simulaertun
1225 4860 1364 4916 Juno
1407 4861 1726 4927 vocabatur;

148 4964 206 5006 ac
230 4968 319 5021 per
344 4955 449 5011 boc
476 4966 549 5009 tot
570 4954 828 5017 Jun-mes,
848 4962 976 5023 quot
996 4952 1277 5006 siunzlaera
1298 4951 1516 5020 intelligi
1541 4952 1724 5005 Voluit.

150 5038 427 5101 \‘arictatis
458 5058 633 5101 autem
661 5059 820 5099 causa
863 5044 1109 5098 existimo
1146 5041 1331 5097 .lovcm
1363 5041 1725 5112 singulariter,

150 5128 373 5193 Junoues
415 5138 690 5209 pluraliter
716 5150 1140 5191 commemorare
1171 5134 1421 5189 voluisse.
1461 5132 1593 5188 Nam
1628 5148 1728 5188 ea-

152 5222 262 5281 dem
290 5244 446 5288 causa
480 5231 705 5303 plurium
738 5230 1143 5284 simulacrorum
1176 5226 1334 5282 etiam
1364 5226 1523 5281 Jovt-s
1546 5228 1725 5297 plura-

154 5311 267 5371 liter
290 5321 389 5379 dici
418 5334 651 5393 possent.
685 5324 793 5379 lloc
821 5333 1018 5387 autem,
1055 5320 1104 5375 id
1135 5330 1237 5382 est,
1281 5321 1499 5375 nomine
1540 5320 1725 5390 plurali

154 5401 399 5479 Junoucs,
428 5416 479 5468 in
509 5416 696 5484 graccis
716 5415 1003 5471 secundum
1033 5412 1376 5483 Septuaginta
1405 5411 1723 5481 reperimus.

158 5494 206 5549 in
229 5498 394 5558 latinis
413 5515 591 5560 autem
633 5506 972 5576 singulariter
994 5513 1130 5560 erat.
1158 5504 1395 5573 Quorum
1434 5502 1489 5557 in
1517 5503 1608 5557 illo
1636 5503 1725 5571 qui

219 5678 368 5757 tralati
393 5686 620 5757 carebant
637 5684 774 5735 lusce
789 5684 968 5757 verbis,
986 5693 1029 5733 et
1046 5681 1370 5757 imusqaisque
1389 5682 1442 5735 in
1463 5682 1725 5735 heredita-

156 5739 245 5809 εειιι
266 5754 425 5805 sumit;
449 5761 557 5809 quze
576 5754 680 5795 Mss.
708 5739 986 5809 auctoritate
1005 5739 1318 5797 resoluimus.

218 5802 236 5831 ³
259 5810 359 5854 Mss.
382 5802 501 5866 aes.
522 5815 696 5860 ωσι-ι.
717 5816 815 5858 Duo
831 5806 934 5864 atu.
966 5814 1128 5859 (istan.

1489 358 1692 442 LIBER
1728 356 2085 416 SEPTIMUS.

3329 360 3435 419 798

1849 488 1956 528 non
1988 474 2211 530 habebat
2236 473 2575 545 Septuaginta
2602 474 3118 547 interpretationem,
3134 476 3227 531 sed
3245 492 3309 531 ex
3333 476 3432 531 be-

1851 564 1994 618 brro
2022 576 2155 629 erat,
2189 570 2433 621 Astaroth
2465 568 2713 636 legimus;
2747 583 2845 622 nec
2880 568 3023 633 llaal,
3067 568 3161 623 sed
3202 570 3428 625 Baalim.

1850 661 1998 729 Quod
2030 666 2073 713 si
2108 660 2243 715 forte
2266 663 2406 716 aliud
2438 662 2490 716 in
2522 662 2729 717 lielira-a
2758 663 2837 717 vel
2863 679 2982 734 syra
3010 664 3180 734 lingua
3209 667 3425 721 notnina

1851 753 1948 808 ista
1978 754 2295 824 signiﬁcant,
2325 756 2452 808 deus
2475 764 2647 811 tamen
2670 757 2803 810 alios
2833 756 2996 815 fuisse
3021 768 3230 813 constat
3255 770 3307 813 et
3330 758 3434 814 lal-

1849 858 1960 906 sos,
1992 846 2181 909 quibus
2212 844 2368 897 lsrzu-l
2402 845 2602 900 servire
2626 864 2729 901 ttott
2761 847 2964 902 debuit.

1921 933 2080 989 XVII.
2111 935 2209 1008 [lb.
2241 953 2293 997 II.
2327 938 2388 992 10
2421 936 2511 999 9.5,
2537 949 2585 991 et
2613 954 2689 1004 ιιι,
2726 940 2773 1003 1,
2804 937 2884 1011 4.]
2928 939 2992 992 Et
3030 940 3249 995 vendidit
3273 958 3355 997 eos
3381 942 3431 994 in

1850 1041 2001 1078 manu
2024 1027 2335 1080 inimicorum
2357 1045 2561 1081 suorum
2583 1030 2632 1081 in
2656 1030 2887 1083 circuitu.
2912 1028 3083 1096 Qua-ri
3107 1032 3235 1085 solet
3265 1046 3429 1100 quare

1846 1117 2060 1175 dixerit.
2088 1121 2324 1179 reudidit.
2352 1131 2595 1191 tanquam
2619 1122 2828 1191 aliquod
2854 1124 3079 1190 pretium
3105 1125 3428 1186 iutefligatnr

1849 1207 2049 1263 datum.
2078 1210 2183 1264 Sed
2215 1220 2267 1263 et
2294 1213 2342 1264 in
2376 1212 2582 1266 Psalmo
2622 1213 2830 1281 legitur,
2876 1211 3152 1267 Vendidiin
3183 1214 3429 1280 populum

1850 1310 1987 1352 tutun
2017 1301 2125 1355 sine
2151 1303 2308 1368 pretio
2339 1302 2508 1370 (I’sal.
2536 1320 2684 1367 xuu,
2713 1305 2827 1373 l5);
2857 1314 2907 1356 rt
2928 1304 3065 1373 apud
3096 1304 3427 1372 prophetam,

1851 1389 2018 1444 (iratis
2036 1393 2217 1446 uenditi
2243 1405 2315 1447 est
2336 1412 2380 1455 ε,
2405 1405 2450 1446 ct
2468 1412 2564 1446 non
2583 1406 2917 1465 rnmargeuto
2938 1394 3247 1448 rcdimemiui
3272 1393 3425 1465 (lsai.

1849 1500 1940 1548 ιιι,
1964 1486 2041 1551 5).
2073 1486 2244 1552 Quare
2268 1502 2392 1556 ergo
2430 1488 2636 1553 rcnditi,
2678 1488 2720 1541 si
2750 1489 2909 1558 gratis
2946 1497 3001 1541 et
3031 1488 3140 1541 sine
3166 1488 3346 1555 pretio,
3377 1498 3430 1543 et

1848 1593 1954 1631 non
1984 1580 2157 1646 potius
2182 1579 2399 1633 donati?
2427 1582 2505 1633 An
2536 1580 2669 1634 forte
2694 1579 3083 1647 Scripturartun
3112 1581 3304 1633 locutio
3325 1589 3426 1645 est,

1848 1677 1907 1722 ut
1932 1668 2175 1723 venditus
2204 1671 2362 1724 etiam
2392 1670 2481 1738 qui
2508 1669 2736 1724 donatur
2763 1670 2868 1723 diei
2897 1670 3096 1739 possit?
3125 1669 3218 1723 llic
3246 1680 3425 1723 autem

1847 1773 2037 1813 sensus
2062 1769 2143 1814 est
2169 1762 2400 1830 optimus
2431 1760 2481 1815 iu
2509 1777 2573 1815 eo
2597 1761 2736 1831 quod
2763 1761 2959 1815 dictum
2986 1772 3093 1827 est,
3112 1758 3283 1814 Gratis
3313 1778 3431 1814 reu-

1847 1852 1938 1904 din'
1966 1852 2114 1915 estis;
2140 1861 2213 1917 et,
2250 1851 2527 1907 l’eudidisti
2553 1853 2793 1921 pupulum
2816 1862 2953 1905 tutan
2969 1853 3077 1907 sine
3092 1853 3248 1922 pretio
3268 1868 3287 1906 :
3304 1855 3425 1921 quia

1849 1941 1918 1995 illi
1936 1942 2125 2011 quibus
2143 1944 2397 1997 tradidisti
2419 1944 2690 2012 populum,
2712 1945 2855 2011 impii
2882 1944 3111 2009 fuerunt,
3137 1959 3241 1997 non
3263 1945 3425 1998 Deum

1846 2032 2070 2086 colendo
2097 2032 2228 2086 tradi
2258 2032 2355 2087 sibi
2388 2034 2530 2086 illum
2572 2035 2819 2104 populum
2850 2042 3178 2097 meruerunt,
3220 2042 3277 2086 ut
3315 2033 3426 2098 ipse

1846 2124 2019 2179 Cultus
2047 2134 2291 2194 tanquam
2325 2126 2549 2194 pretium
2579 2125 2861 2179 videretur.
2893 2124 3044 2192 Quod
3081 2140 3205 2177 vero
3228 2124 3425 2179 dictum

1845 2224 1947 2275 est,
1988 2214 2163 2286 Nequ
2201 2233 2314 2269 cum
2344 2228 2553 2286 argento
2590 2217 2934 2279 redimentiui;
2977 2231 3079 2271 non
3110 2217 3202 2278 ait.
3245 2216 3427 2286 Neque

1845 2323 1964 2361 cum
1996 2309 2183 2377 pretio.
2212 2308 2329 2373 sed,
2368 2307 2547 2380 Neque
2573 2326 2686 2364 cum
2714 2320 2955 2380 argento;
2987 2322 3041 2363 ut
3085 2310 3308 2379 pretium
3338 2326 3426 2364 rc-

1844 2399 2166 2470 dcmptionis
2194 2402 2566 2472 intelligmnus,
2592 2403 2747 2473 quale
2768 2402 2899 2456 dicit
2921 2402 3193 2471 apostolus
3218 2403 3422 2464 l‘etrus.

1845 2490 1966 2546 Non
2010 2493 2141 2545 enim
2185 2502 2392 2562 argento
2421 2503 2466 2546 et
2504 2508 2628 2546 auro
2666 2492 2910 2563 redempti
2936 2497 3073 2555 estis,
3100 2493 3190 2546 sed
3212 2494 3426 2561 pretioso

1842 2585 2087 2654 sanguine
2114 2584 2246 2654 Agui
2284 2584 2591 2638 itmnaculati
2621 2584 2678 2655 (ι
2713 2583 2852 2639 l’etr.
2894 2600 2932 2648 ι,
2978 2584 3063 2649 18,
3112 2584 3221 2653 19).
3254 2584 3309 2638 In
3340 2600 3427 2638 ar-

1838 2688 2003 2747 gento
2031 2678 2171 2732 enim
2204 2676 2467 2746 Propbeta
2508 2693 2718 2731 otunem
2769 2677 3046 2746 pecuniam
3090 2676 3422 2745 signiﬁcavit,

1840 2772 1931 2826 ubi
1959 2771 2052 2835 ait,
2086 2769 2203 2824 Non
2227 2786 2341 2823 cum
2370 2781 2579 2836 argento
2605 2769 2949 2833 redimetuini;
2976 2770 3226 2839 quoniam
3256 2768 3424 2836 pretio

1842 2861 2052 2931 quidem
2080 2861 2354 2926 sanguinis
2383 2860 2605 2927 Clu-isti,
2633 2876 2739 2914 non
2784 2869 2955 2915 tamen
2980 2860 3153 2930 pretio
3174 2858 3424 2929 pecunia—

1841 2953 1920 3005 ria
1948 2952 2151 3005 fuerant
2179 2949 2493 3004 redimendi.

1914 3043 1969 3096 ln
1998 3058 2063 3097 eo
2092 3041 2232 3112 quod
2267 3042 2519 3096 Dominus
2542 3039 2693 3103 dicit,
2719 3037 2784 3093 Et
2803 3056 2894 3111 ego
2914 3056 3014 3094 non
3038 3056 3291 3109 apponam
3322 3056 3420 3093 au-

1839 3139 1973 3207 ferre
1996 3138 2155 3189 rirum
2179 3152 2210 3189 a
2236 3135 2367 3207 facie
2388 3136 2613 3205 ipsorum
2640 3135 2704 3188 de
2724 3133 2950 3203 gentibus
2964 3150 3091 3203 quas
3114 3133 3415 3203 reliquitla-

1837 3245 1926 3282 sus
1947 3229 2082 3297 [ilius
2113 3227 2273 3285 Nave.
2303 3238 2351 3281 et
2376 3228 2566 3282 dimisit
2590 3227 2659 3280 tul
2679 3227 2970 3281 tentandum
2991 3227 3042 3281 in
3067 3226 3138 3281 eis
3162 3225 3345 3290 Israel.
3378 3228 3424 3283 si

1840 3319 2168 3372 observabant
2216 3321 2346 3371 riam
2388 3317 2591 3372 Domini
2616 3319 2754 3371 abire
2773 3318 2827 3371 in
2852 3335 2912 3371 ea
2935 3319 2974 3382 ',
3004 3318 3423 3387 quemadmodum

1838 3411 2180 3463 custodierunt
2204 3421 2375 3481 patres
2400 3426 2594 3473 eorum,
2627 3426 2690 3462 an
2719 3426 2819 3463 non
2843 3424 2861 3463 :
2883 3419 2929 3463 et
2954 3410 3142 3463 dimisit
3173 3409 3421 3466 Dominus

1832 3511 2008 3573 gentes
2052 3502 2164 3564 luis,
2207 3510 2258 3555 ut
2301 3518 2400 3555 non
2446 3502 2667 3570 auferret
2696 3502 2811 3555 illas
2840 3511 2988 3563 tunc;
3016 3510 3062 3553 et
3090 3517 3188 3554 non
3217 3503 3424 3556 tradidit

1837 3591 1956 3646 illas
1982 3592 2033 3645 in
2063 3608 2214 3644 niauu
2245 3590 2392 3656 Jcsu,
2425 3592 2555 3645 satis
2593 3592 2889 3645 ostenditur
2912 3606 3094 3655 causa,
3121 3607 3286 3660 quae
3315 3607 3419 3647 non

1769 3732 1783 3743 .
1836 3683 1994 3740 Jcsus
2018 3699 2204 3738 omnes
2230 3684 2345 3737 illas
2372 3693 2558 3754 gentes
2585 3682 2829 3739 lurllaudo
2854 3683 3140 3748 delevcrit;
3168 3684 3289 3754 quia
3322 3684 3423 3740 hoc

1838 3777 1884 3832 si
1914 3776 2086 3836 ﬁeret,
2116 3791 2219 3829 nou
2248 3785 2426 3830 essent
2454 3776 2503 3828 iu
2531 3774 2722 3842 quibus
2746 3775 2831 3829 isti
2856 3774 3232 3844 probarentur.
3264 3776 3421 3831 Pote-

1836 3876 1960 3924 rant
1987 3877 2163 3922 autem
2208 3882 2328 3923 esse
2365 3866 2431 3921 ad
2476 3868 2753 3922 utilitatem
2787 3868 3040 3936 ipsorum.
3072 3868 3116 3921 si
3149 3870 3333 3922 tentati
3367 3870 3417 3923 ist

1838 3961 1939 4026 eis,
1971 3975 2075 4014 non
2099 3958 2309 4029 reprobi
2329 3958 2719 4021 invenirentur;
2746 3959 2933 4028 eisque
2950 3958 3147 4013 talibus
3168 3959 3415 4026 inventis,

1837 4055 2025 4124 quales
2048 4068 2142 4109 eos
2166 4068 2285 4109 esse
2311 4052 2505 4107 debere
2532 4060 2851 4120 praeceperat
2880 4052 3419 4121 Dtmtiuusjamgen-

1832 4158 1919 4200 tes
1948 4148 2049 4202 illa:
2076 4144 2412 4200 aul‘errentur
2435 4160 2464 4197 a
2491 4144 2624 4198 facie
2652 4159 2860 4207 eorum,
2881 4142 2924 4195 si
2956 4143 3023 4196 ita
3043 4143 3298 4205 viverent,
3320 4158 3418 4196 nec

1834 4238 1989 4295 bellis
2018 4253 2113 4293 eos
2137 4236 2375 4293 evcrceri
2406 4244 2703 4304 oporteret.
2739 4233 2905 4287 Verba
2924 4234 3064 4288 enim
3084 4234 3289 4286 Domini
3311 4232 3415 4289 huc

1830 4344 2002 4400 usque
2030 4327 2335 4396 accipienda
2366 4336 2525 4380 sunt:
2553 4322 2766 4393 l’rOpter
2813 4324 2948 4392 quod
2989 4332 3127 4376 tanta
3155 4323 3415 4380 dereliquit

1830 4440 1954 4493 gens
1983 4422 2088 4475 lucc
2117 4428 2465 4475 testamentum
2504 4432 2690 4481 meum,
2735 4415 2871 4483 quod
2914 4415 3149 4468 mandari
3190 4416 3417 4485 patribus

1833 4530 2027 4574 eorum,
2055 4521 2101 4565 et
2128 4526 2225 4563 non
2244 4509 2532 4563 obedierunt
2559 4508 2665 4562 voci
2685 4523 2807 4562 metu
2824 4521 2843 4561 :
2861 4514 2909 4560 et
2927 4523 3019 4577 ego
3039 4524 3138 4560 non
3154 4524 3416 4577 apponam

1835 4607 2037 4674 auferre
2062 4604 2219 4655 virum
2243 4618 2274 4653 a
2304 4601 2435 4670 [acie
2459 4601 2704 4667 ipsorum,
2726 4600 2775 4653 id
2796 4608 2876 4654 est
2899 4600 3278 4655 adversorituu.
3295 4599 3414 4655 Cat-

1836 4704 1947 4749 tera
1979 4710 2105 4748 vero
2126 4694 2281 4747 verba
2311 4692 2585 4761 scriptoris
2608 4700 2751 4753 sunt.
2774 4693 3087 4759 calamentis
3113 4691 3414 4748 nudedixe-

1834 4796 1915 4842 rat
1940 4787 2192 4841 Dominus
2215 4802 2316 4839 non
2345 4800 2405 4838 se
2428 4785 2725 4838 ablaturmu
2751 4785 2918 4838 virum
2935 4784 3001 4837 de.
3020 4786 3267 4854 gentibus
3283 4800 3416 4854 (ptas

1832 4877 2040 4946 reliquit
2071 4876 2226 4931 Jesus
2245 4877 2379 4928 illius
2395 4876 2558 4929 Nave.
2578 4874 2778 4929 Deinde
2793 4875 3119 4943 subjuugeus
3135 4892 3236 4943 qua
3253 4890 3411 4929 causa

1832 4968 2192 5039 dereliquerit.
2241 4966 2304 5021 Et
2350 4967 2555 5027 dimisit.
2590 4967 2776 5037 inquit,
2815 4967 2882 5020 ad
2909 4968 3197 5020 tentandum
3224 4966 3410 5030 Israel,

1831 5058 1873 5114 si
1897 5060 2150 5113 observent
2178 5059 2306 5111 viam
2335 5056 2533 5111 Domini
2560 5058 2697 5112 abire
2714 5059 2765 5112 in
2785 5076 2866 5124 ea,
2888 5057 3306 5128 qumnadmodum
3326 5075 3412 5111 cu-

1831 5151 2109 5204 stodirrnnt
2137 5160 2301 5218 patres
2322 5165 2516 5214 eorum,
2540 5166 2605 5202 an
2624 5167 2757 5213 non;
2778 5164 2873 5203 eos
2890 5150 3074 5203 volens
3093 5148 3310 5219 intelligi
3332 5165 3413 5217 pa-

1835 5251 1941 5295 tres
1964 5240 2263 5295 custodisse
2286 5240 2420 5292 viam
2454 5239 2680 5301 Domini,
2707 5239 2794 5308 qui
2821 5238 3025 5293 luerunt
3050 5252 3170 5291 cum
3194 5239 3340 5306 .lesu,
3360 5240 3411 5294 id

1832 5342 1916 5387 est
1940 5347 2005 5386 eo
2033 5344 2269 5399 tempore
2300 5347 2406 5398 quo
2434 5330 2519 5381 ille
2548 5328 2772 5381 vivebat.
2796 5327 3201 5382 Cenerationem
3220 5331 3412 5400 quippe

1830 5427 2050 5483 alteram
2080 5424 2324 5493 superius
2355 5421 2843 5477 retulitsurrcxivse
2862 5432 2975 5489 post
2990 5421 3133 5488 illos,
3151 5438 3240 5493 qui
3265 5424 3411 5477 vixe-

1829 5526 1954 5572 runt
1981 5531 2100 5571 cum
2129 5516 2274 5575 .lesu,
2317 5522 2372 5568 et
2414 5514 2481 5565 ab
2526 5512 2655 5581 ipsis
2697 5512 2924 5581 cmpisse
2965 5515 3411 5584 transgressiones

1830 5626 1947 5681 qua!
1977 5606 2314 5662 ollenderunt
2343 5604 2654 5668 Dominum;
2687 5620 2783 5674 pro
2811 5605 3000 5673 quibus
3038 5608 3323 5673 tentandis,
3356 5608 3411 5663 id

1892 5725 1916 5787 ιγ
1937 5720 2071 5776 aliti,
2098 5718 2145 5787 tu
2176 5730 2284 5767 eam
2311 5730 2328 5767 :
2352 5717 2593 5779 tauloque
2618 5727 2740 5781 pc-st,
2767 5719 2819 5770 tu
2845 5732 3016 5772 atauus
3045 5727 3159 5773 Jesu
3198 5733 3217 5772 :
3236 5722 3417 5787 quibus

1830 5783 1951 5835 locis
1969 5785 2217 5849 sequimur
2241 5788 2367 5841 LXX,
2392 5792 2501 5829 cum
2524 5787 2631 5833 uss.
