3862 6302
535 379 639 439 ⁸)99

532 508 618 554 est
643 495 947 569 probandis,
978 496 1179 554 relictae
1209 495 1417 552 fuerant
1456 505 1662 568 gentes,
1711 511 1813 552 nec
1860 497 2114 553 extermi-

533 599 672 644 nata:
699 605 793 659 per
820 588 1022 643 Jesum.

604 680 804 736 Deinde
825 696 892 737 ne
919 689 1193 751 putaretur
1210 682 1310 736 hoc
1324 681 1478 737 Iesus
1493 681 1718 737 consilio
1742 697 1839 737 suo
1868 691 2115 753 tanquam

533 771 768 829 humano
787 773 980 844 egisse,
1004 782 1060 828 ut
1080 783 1267 845 gentes
1291 774 1395 828 illa:
1419 774 1866 845 relinquerentur,
1896 774 2115 844 subjun-

529 869 604 939 git
632 866 938 937 Scriptura:
971 867 1036 922 Et
1062 867 1251 921 dimisit
1288 867 1535 922 Dominus
1569 877 1736 940 gentes
1773 869 1884 935 has,
1929 879 1984 922 ut
2013 885 2116 923 non

529 959 749 1026 auferret
773 959 890 1013 illas
909 960 1164 1023 celeriter;
1190 968 1235 1013 et
1256 977 1355 1014 non
1383 961 1590 1014 tradidit
1614 977 1696 1014 eas
1715 961 1767 1015 in
1788 978 1940 1014 manu
1965 961 2110 1015 Iesu.

528 1048 730 1104 Deinde
754 1050 1022 1120 sequitur:
1055 1049 1121 1103 Et
1149 1051 1230 1104 Ita:
1247 1061 1416 1120 gentes
1444 1067 1569 1120 quas
1594 1050 1794 1121 reliquit
1815 1050 1964 1104 Iesus
1982 1052 2021 1117 ⁸,
2058 1061 2113 1104 ιιι

531 1149 740 1194 tentaret
767 1139 819 1193 in
845 1140 917 1193 eis
943 1139 1126 1205 Israel,
1161 1157 1332 1196 omnes
1359 1143 1443 1212 qui
1477 1143 1756 1196 nescierunt
1783 1144 1950 1197 omnia
1981 1143 2112 1199 bella

528 1228 770 1283 Chanaan
796 1248 808 1284 :
837 1246 1025 1295 verum,
1059 1242 1264 1302 propter
1300 1234 1644 1304 generationes
1672 1235 1894 1301 ﬁliorum
1923 1233 2107 1302 Israel,

527 1318 706 1374 docere
730 1320 846 1375 illos
875 1321 1076 1376 bellum.
1105 1323 1224 1377 Erat
1251 1339 1378 1394 ergo
1409 1325 1506 1379 ista
1527 1340 1685 1379 causa
1713 1325 1764 1380 in
1787 1341 1970 1380 eorum
1997 1337 2111 1381 ten-

527 1411 746 1475 tatione,
776 1423 832 1467 ut
872 1414 1072 1470 bellare
1101 1415 1396 1482 discerent;
1431 1417 1480 1470 id
1511 1427 1612 1484 est,
1655 1427 1711 1472 ιιι
1739 1425 1880 1472 tanta
1917 1419 2110 1489 pietate

525 1509 579 1555 et
604 1499 902 1556 obedientia
933 1504 1065 1574 legis
1089 1505 1179 1559 Dei
1204 1505 1483 1571 bellarent,
1508 1515 1703 1574 quanta
1725 1516 1904 1578 patres
1922 1523 2110 1564 eorum

522 1590 612 1659 qui
639 1591 860 1645 Domino
887 1593 994 1648 Deo
1021 1595 1181 1648 etiam
1208 1595 1450 1650 bellando
1476 1597 1821 1666 placuerunt:
1852 1615 1954 1653 non
1986 1600 2106 1670 quia

524 1681 759 1749 optabile
785 1683 985 1753 aliquid
1013 1694 1096 1739 est
1117 1685 1335 1752 bellum,
1368 1688 1462 1742 sed
1491 1690 1611 1759 quia
1643 1691 1810 1759 pietas
1831 1691 2108 1748 laudabilis

522 1773 674 1826 estin
693 1772 852 1829 bello.
881 1775 1031 1842 Quod
1055 1787 1231 1832 autem
1257 1779 1515 1847 sequitur,
1553 1779 1730 1833 Verum
1751 1781 1837 1850 qui
1857 1792 1974 1836 ante
1991 1781 2108 1837 illos

522 1864 803 1921 nescierunt
842 1867 993 1932 illas;
1017 1869 1164 1940 quid,
1203 1870 1302 1924 nisi
1328 1881 1515 1940 gentes
1539 1873 1665 1926 'vult
1707 1873 1946 1944 intelligi,
1974 1890 2108 1944 quas

522 1958 826 2014 nescierunt
853 1959 1099 2016 bellando
1139 1962 1228 2033 qui
1271 1962 1483 2017 luerunt
1510 1972 1634 2018 ante
1674 1965 1833 2028 istos;
1879 1981 2103 2036 quorum

522 2052 818 2117 teutationi,
865 2051 966 2108 hoc
1012 2062 1094 2108 est
1139 2054 1433 2124 probationi
1474 2055 1670 2109 relicta:
1701 2056 1863 2110 sunt?
1907 2057 2105 2114 Deinde

520 2155 946 2197 commemorans
985 2159 1104 2213 quae
1147 2145 1275 2209 sint,
1325 2143 1574 2213 Quinque,
1615 2145 1804 2216 inquit,
1853 2149 2105 2218 satrapias

523 2231 952 2301 alienigenarum;
981 2248 1112 2303 quas
1152 2235 1202 2288 in
1251 2235 1400 2289 libris
1441 2235 1743 2306 Regnorum
1770 2237 2103 2295 manifestius

519 2321 769 2390 exprimit
793 2321 834 2396 (Ι
865 2323 993 2395 Reg.
1015 2339 1089 2388 vt,
1118 2326 1172 2390 5,
1208 2324 1316 2396 I6).
1361 2325 1618 2396 Satrapiae
1641 2337 1820 2383 autem
1851 2329 2102 2387 dicuntur

517 2413 667 2481 quasi
697 2429 853 2482 parva
900 2431 1083 2486 regna,
1125 2417 1315 2486 quibus
1344 2420 1605 2487 satrapzu'
1635 2429 1931 2488 praeerant:
1959 2423 2101 2492 quod

518 2519 712 2560 nomen
738 2507 788 2562 in
811 2507 914 2562 illis
936 2510 1172 2579 partibus
1193 2511 1465 2580 cujusdam
1486 2513 1706 2568 honoris
1723 2524 1825 2580 est,
1848 2518 1960 2573 sive
1981 2519 2096 2575 fuit.

515 2591 585 2647 Et
605 2612 821 2663 onmem,
843 2599 1031 2670 inquit,
1057 2599 1418 2669 Chananwum,
1444 2613 1490 2658 et
1514 2605 1803 2673 Sidonium,
1829 2616 1875 2661 et
1891 2605 2100 2664 Burrum

514 2688 877 2746 inltabitantem
907 2693 1174 2762 Libanum,
1201 2707 1320 2750 ante
1345 2709 1563 2752 montem
1599 2698 1826 2755 Hermon
1855 2717 2009 2769 usque
2029 2704 2099 2757 ad

511 2777 814 2836 Caboemath
835 2784 856 2816 ³
876 2803 890 2838 :
909 2795 956 2838 et
971 2789 1161 2857 factum
1185 2798 1276 2851 est,
1300 2798 1354 2842 ut
1381 2799 1654 2844 tentaretur
1677 2791 1730 2844 in
1755 2792 1878 2860 ipsis
1899 2791 2096 2861 Israel;

513 2880 764 2943 tanquam
786 2874 1005 2940 diceret,
1031 2878 1141 2932 lloc
1167 2888 1342 2932 autem
1370 2880 1562 2935 factum
1593 2890 1695 2946 est,
1721 2891 1776 2936 ut
1803 2890 2097 2939 tentaretur

509 2961 563 3014 in
596 2963 724 3032 ipsis
747 2964 904 3021 Israel
929 2983 942 3018 :
970 2969 1098 3021 scire
1129 2969 1174 3022 si
1200 2970 1408 3024 audient
1435 2971 1674 3025 mandata
1713 2971 1957 3040 Domini;
1985 2991 2090 3031 non

506 3060 566 3105 ut
587 3054 749 3108 sciret
776 3055 915 3110 Deus
934 3057 1169 3111 omnium
1187 3060 1450 3128 cognitor,
1472 3061 1629 3114 etiam
1659 3061 1977 3130 futurorum,
1995 3065 2090 3120 sed

506 3149 565 3194 ut
587 3142 783 3198 scirent
810 3145 929 3214 ipsi,
961 3155 1015 3200 et
1043 3163 1136 3201 sua
1164 3150 1485 3204 conscientia
1513 3152 1594 3206 vel
1615 3151 1987 3222 gloriarentur,
2006 3157 2090 3212 vel

502 3232 942 3290 convincerentur
971 3246 1147 3292 utrum
1175 3239 1422 3295 audirent
1449 3243 1692 3300 mandata
1723 3244 1954 3316 Domini,
1979 3265 2093 3319 qua:

501 3323 756 3378 mandavit
783 3328 1008 3397 patribus
1032 3346 1201 3384 eorum
1224 3332 1275 3386 in
1306 3349 1458 3387 manu
1482 3334 1667 3406 Moysi.
1685 3335 1943 3404 Quoniam
1961 3354 2088 3411 ergo

501 3413 822 3476 nianil'cstati
862 3420 963 3476 sibi
991 3433 1109 3476 sunt
1144 3437 1249 3477 non
1275 3439 1333 3479 se
1357 3425 1602 3482 obedisse
1627 3428 1755 3494 Deo,
1787 3431 1837 3483 in
1862 3430 1926 3485 iis
1951 3448 2085 3502 gen-

501 3504 644 3561 tibus
670 3524 788 3578 qtue
816 3509 880 3564 ad
918 3527 1104 3567 eorum
1151 3516 1516 3580 tentationem,
1551 3518 1600 3572 id
1627 3529 1710 3574 est
1735 3521 2084 3576 exercitatio-

497 3611 620 3650 nctn
648 3608 807 3668 atque
829 3603 1217 3670 probationem,
1246 3606 1451 3661 fuerant
1478 3607 1773 3670 derelicto;
1803 3623 2081 3683 propterea

494 3685 628 3742 dixit
660 3690 799 3746 Deus
824 3691 906 3746 vel
937 3693 1024 3748 illa
1057 3697 1107 3748 in
1139 3696 1331 3767 quibus
1357 3707 1540 3768 aperte
1567 3700 1759 3756 missus
1788 3705 2007 3773 angelus
2029 3715 2083 3761 et

493 3795 746 3850 expresse
775 3784 980 3841 locutus
1006 3788 1145 3854 cst‘,
1179 3791 1260 3844 vel
1285 3793 1442 3860 paulo
1462 3802 1604 3858 ante,
1628 3795 1714 3850 ubi
1743 3796 1834 3859 ait,
1868 3796 2082 3869 Propter

489 3870 626 3940 quod
652 3883 791 3926 tanta
820 3874 1082 3943 dereliquit
1107 3895 1228 3948 gens
1253 3880 1358 3934 lucc
1380 3891 1725 3939 testamentum
1742 3905 1926 3953 meum,
1945 3890 2081 3961 quod

490 3964 727 4017 mandaui
773 3967 999 4035 patribus
1037 3986 1230 4036 eorum,
1262 3981 1309 4025 et
1342 3989 1442 4026 non
1468 3974 1758 4032 obedierunt
1785 3981 1893 4034 uoci
1918 3996 2079 4038 metu:

488 4058 537 4105 et
559 4067 650 4122 ego
673 4070 772 4107 non
793 4072 1047 4127 apponam
1067 4061 1270 4129 auferre
1288 4063 1450 4117 uirum
1473 4080 1505 4118 a
1529 4066 1658 4134 facie
1684 4068 1929 4138 ipsorum.

484 4155 492 4192 ι
560 4141 768 4199 Dictum
799 4158 882 4203 est
909 4158 1088 4205 autem
1117 4151 1168 4205 in
1201 4153 1612 4209 Dculeronomio
1630 4173 1693 4212 ex
1717 4173 1942 4228 persona
1976 4164 2073 4221 Dei

483 4234 750 4306 loquentis
787 4237 854 4295 de
894 4241 1008 4297 istis
1053 4244 1297 4314 gentibus
1335 4246 1685 4304 adversariis:
1713 4249 1835 4306 Non
1870 4253 2072 4322 eiiciam

480 4326 598 4383 illos
623 4330 673 4383 in
697 4348 831 4385 auito
859 4349 980 4400 uno,
1008 4350 1072 4389 ne
1091 4335 1180 4403 ﬁat
1209 4346 1343 4390 terra
1371 4339 1584 4407 deserta,
1615 4350 1661 4394 et
1681 4342 2072 4414 multiplicemur

479 4420 532 4473 in
559 4431 606 4475 te
626 4422 793 4478 bestia:
819 4427 969 4495 ferte:
997 4429 1243 4497 paulatim
1265 4431 1463 4499 ejiciam
1482 4432 1617 4496 illos,
1641 4431 1798 4488 dobec
1820 4437 2068 4508 multipli-

477 4514 676 4579 cemiui,
704 4524 749 4568 et
768 4519 1002 4571 crescatis
1022 4529 1066 4572 et
1090 4521 1389 4577 ltwreditetis
1400 4533 1583 4578 terram
1597 4524 1790 4598 (Exod.
1810 4545 1960 4595 χχιιι,
1973 4530 2064 4599 29,

476 4601 591 4672 30).
627 4604 840 4660 Poterat
867 4607 1001 4663 hanc
1029 4612 1435 4679 promissionem
1463 4631 1612 4670 suam
1638 4632 1853 4674 servare
1884 4621 2065 4677 Domi-

475 4707 576 4746 nus
597 4709 719 4763 erga
747 4697 1079 4765 obedientes,
1107 4711 1162 4756 ut
1185 4705 1811 4776 exterminatiogentium
1831 4711 2061 4780 illarum,

473 4787 838 4842 crescentibus
867 4789 1117 4847 Israelitis
1135 4796 1371 4862 partibus
1391 4799 1562 4865 Iierct,
1582 4815 1702 4853 cum
1721 4817 1904 4857 eorum
1924 4807 2062 4861 mul-

472 4874 641 4930 titudo
672 4885 843 4932 terras
877 4880 1017 4935 unde
1054 4882 1341 4939 adversarii
1373 4889 1856 4946 exterminarentur
1878 4894 2062 4950 deser-

470 4973 552 5019 tas
575 4981 693 5022 esse
717 4985 821 5024 non
848 4972 1066 5026 sineret.
1100 4973 1251 5040 Quod
1273 4987 1449 5030 autem
1467 4980 1559 5042 ait,
1583 4997 1646 5034 ne
1663 4984 2059 5047 multiplicemur

466 5057 522 5108 in
543 5065 591 5110 te
612 5058 781 5112 bestia:
798 5062 944 5125 ferte,
971 5062 1164 5117 mirum
1189 5064 1232 5118 si
1256 5080 1360 5120 non
1386 5065 1638 5124 bestialcs
1663 5073 2057 5141 quodammodo

466 5148 784 5217 cupiditates
811 5161 865 5207 et
893 5153 1138 5210 libidines
1170 5156 1390 5228 intelligi
1419 5160 1602 5225 voluit,
1628 5179 1747 5234 qua:
1785 5166 1958 5222 solent
1985 5169 2054 5225 de

463 5241 744 5308 repentino
769 5259 1020 5301 successu
1050 5257 1275 5304 terrenae
1301 5250 1566 5307 felicitatis
1595 5254 1844 5312 existere.
1873 5257 2054 5330 Neque

521 5420 541 5498 ξ
738 5421 932 5498 reliquit
969 5429 1218 5498 Dominus.
1243 5439 1299 5482 At
1330 5433 1557 5498 plerique
1595 5442 1648 5486 et
1673 5435 1891 5489 melioris
1923 5448 2051 5492 nota:

453 5483 940 5565 religabimus
958 5504 976 5540 .-
993 5493 1060 5542 uti
1079 5500 1188 5565 Lxx
1207 5494 1253 5565 in
1271 5483 2048 5565 coinptuiensiEd—iiione'babeni‘}

452 5547 625 5608 sicque
647 5547 998 5613 'l‘lieodoretus,
1023 5564 1197 5618 quaest.
1223 5556 1255 5605 8
1278 5558 1327 5606 iu
1348 5547 1558 5610 Judices.

517 5607 539 5637 ³
561 5615 690 5665 Mss,
717 5617 950 5665 satrapes.

516 5626 1120 5753 ibisssiggpeedfitiones,
1143 5685 1226 5753 aut
1240 5687 1456 5753 montem
1477 5693 1684 5753 Hennon
1706 5701 1854 5753 usque
1871 5693 1938 5742 ad
1959 5701 2048 5743 Ca-

455 5724 641 5803 betnatlt
672 5745 698 5803 ς.
715 5724 893 5803 prater
904 5724 1172 5802 1561165
1177 5724 1641 5802 ὖξιῦὲῖ,”ἓὶὶι›ἑὶιῖὲὶ>ἱῖ

447 5794 536 5898 ωδ
557 5794 810 5898 antiquunm
844 5797 922 5847 hic
945 5806 1018 5848 Er.
1045 5794 1154 5851 tiov.
1188 5811 1237 5852 Β.
1264 5794 1748 5866 ιιθὶιθιιιζέιιὸέιιιιω
1790 5826 2048 5878 expressus

1320 376 1783 447 QUAESTIONUM
1822 377 1880 435 s.
1923 377 2285 436 aucusrnu
2327 379 2393 436 IN
2434 380 2989 443 uerrucucuun
3675 403 3734 464 δα

2225 500 2366 552 enim
2410 498 2549 553 Deus
2590 501 2829 558 homines
2857 505 3224 564 exterminare
3263 518 3490 580 poterat,
3529 523 3578 570 et
3606 515 3733 580 bestia

2226 602 2330 642 non
2361 598 2585 658 poterat,
2627 591 2711 646 vel
2756 593 2998 662 perdere,
3028 597 3115 652 vel
3160 602 3312 672 pasci
3343 606 3514 674 potius
3539 622 3627 662 non
3655 626 3732 679 per-

2224 683 2456 737 mittere.
3788 757 3789 766 χ

2293 773 2477 830 XVIII.
2520 774 2617 848 [lb.
2637 793 2692 832 ιιι
2713 818 2727 842 ,
2760 777 2839 852 9.]
2867 778 2935 834 Et
2968 782 3208 838 excitauit
3237 784 3487 843 Dominus
3517 793 3734 852 salvatore:
3788 777 3789 838 ι

2224 864 2406 930 Israel,
2440 876 2487 919 et
2515 867 2729 921 saluauit
2753 886 2854 924 eos.
2889 871 3087 928 Deinde
3121 875 3277 930 velut
3304 891 3618 956 qurereretur
3631 901 3733 956 quem
3788 911 3789 948 ι

2221 957 2556 1023 salvatorem,
2593 959 2878 1028 Cat/ionici,
2905 965 3088 1036 inquit,
3115 968 3292 1037 [ilium
3329 953 3507 1028 Cenes.
3539 953 3734 1034 Accusati

2221 1062 2343 1102 vum
2370 1051 2510 1103 enim
2535 1065 2715 1105 casum
2740 1052 2826 1108 hic
2854 1054 3112 1112 debemus
3137 1060 3421 1131 accipere,
3460 1072 3669 1137 tanquam
3689 1071 3735 1125 di.

2218 1148 2363 1194 ceret
2405 1140 2797 1200 Gothonielem.
2845 1146 3257 1205 Adverteudum
3304 1163 3388 1208 est
3441 1166 3602 1211 autem
3642 1165 3733 1229 quod

2218 1229 2536 1284 salvatorem
2584 1233 2726 1288 dicat
2777 1237 2935 1292 ctiam
2981 1237 3299 1308 hominem,
3357 1259 3453 1314 per
3486 1263 3620 1319 quem
3648 1251 3736 1307 Dens

2217 1320 2392 1375 salvos
2430 1321 2603 1378 faciat.
2649 1324 2779 1380 Nam
2814 1328 3158 1385 clamauerunt
3184 1332 3289 1402 ﬁlii
3331 1333 3498 1391 Israel
3524 1341 3586 1392 ad
3609 1340 3734 1395 Domi-

2217 1429 2340 1467 num
2363 1431 2382 1469 :
2399 1425 2447 1470 et
2472 1419 2701 1472 excitauit
2723 1419 2970 1477 Dominus
2987 1424 3299 1480 salvatorem
3321 1426 3509 1492 Israel,
3533 1441 3574 1485 et
3593 1435 3737 1489 saltant

2216 1520 2303 1560 eos
2325 1547 2339 1570 ,
2392 1506 2664 1564 Gotltouiel
2705 1513 2868 1579 ﬁlium
2893 1513 3086 1581 Cenes,
3138 1521 3360 1588 fratrem
3387 1521 3533 1576 Caleb
3547 1524 3736 1593 juniorru

2215 1595 2374 1668 ipsius
2404 1615 2424 1652 :
2451 1610 2499 1654 et
2515 1602 2765 1656 exaudiuit
2785 1621 2887 1660 eos.
2917 1604 3058 1661 Inter
3081 1607 3174 1663 illa
3193 1618 3380 1664 autem
3400 1627 3514 1682 qua!
3532 1617 3736 1684 appellati.

2217 1696 2303 1741 tur
2324 1695 2592 1761 ὗπερϐατά,
2628 1691 2730 1747 hoc
2755 1711 2922 1764 genus
2949 1712 3130 1752 rarum
3158 1710 3269 1766 est,
3296 1704 3540 1772 quoniam
3562 1704 3686 1760 habet
3702 1719 3734 1762 et

2215 1780 2342 1836 illud
2379 1784 2518 1854 quod
2563 1785 2732 1841 ϐιαταί
2772 1798 2962 1843 vocant
2995 1794 3358 1862 ὑπεραλσγιαν.
3390 1795 3534 1863 Quod
3561 1798 3674 1852 enim
3691 1801 3734 1854 ait
3788 1799 3789 1863 ι

2213 1883 2396 1939 postea
2419 1915 2434 1934 ,
2476 1885 2524 1929 et
2553 1877 2806 1932 exaudiuit
2834 1896 2948 1944 eos,
2980 1881 3023 1933 si
3057 1882 3209 1950 prius
3243 1895 3496 1952 ponatur,
3535 1888 3583 1942 lit
3607 1904 3731 1943 sermo

2212 1961 2452 2020 lucidior.
2483 1965 2612 2022 Nam
2639 1967 2772 2023 ordo
2800 1978 2912 2035 est,
2943 1969 3009 2024 Et
3029 1973 3386 2028 clamauerunt
3417 1977 3510 2044 ﬁlii
3531 1976 3666 2032 Israel
3689 1982 3731 2030 ad

2210 2053 2514 2125 Dominum,
2545 2069 2591 2113 et
2609 2061 2865 2116 exaudiuit
2884 2079 2996 2129 eos,
3020 2075 3067 2118 et
3086 2067 3327 2120 excitauit
3353 2067 3584 2124 Dominus
3615 2073 3730 2125 salus-

2210 2153 2365 2200 torem
2385 2147 2572 2204 Israel.
2620 2151 2820 2207 Deinde
2864 2153 3004 2223 quod
3046 2154 3138 2211 hic
3183 2157 3547 2227 interpositum
3582 2171 3668 2225 est,
3703 2173 3730 2216 ct

2206 2235 2414 2290 saluauit
2455 2255 2568 2302 eos,
2600 2249 2655 2295 et
2697 2251 2876 2310 postea
2905 2243 3104 2299 dictum
3127 2257 3210 2300 est
3229 2289 3245 2312 ,
3275 2246 3555 2315 Gothoniel,
3575 2260 3648 2305 aut
3663 2251 3728 2306 llo-

2209 2325 2475 2382 thonielem
2495 2331 2658 2399 ﬁlium
2685 2331 2864 2399 Cenes,
2892 2334 2935 2388 si
2967 2335 3037 2389 ita
3067 2335 3366 2401 diceretur,
3400 2341 3590 2408 planius
3608 2342 3726 2406 lieret,

2207 2415 2274 2470 Et
2297 2419 2528 2474 excitauit
2549 2420 2799 2477 Dominus
2824 2426 3130 2481 salvatorem
3153 2427 3324 2484 Israel
3351 2429 3598 2486 Gothoniel
3611 2433 3724 2501 ﬁlius

2207 2503 2384 2565 Cenes.
2414 2519 2460 2563 et
2481 2511 2688 2566 saluauit
2720 2513 2846 2568 eos.

2269 2576 2418 2634 .XlX.
2449 2579 2551 2654 [lb.
2577 2597 2664 2649 tu,
2693 2583 2802 2658 IL]
2833 2585 3196 2659 Quadraginta
3222 2606 3393 2647 annos
3413 2594 3644 2663 quievisse
3657 2602 3725 2649 ter-

2204 2684 2319 2724 ram
2349 2673 2716 2740 promissionis
2738 2691 2769 2730 a
2793 2676 2947 2732 bellis
2975 2682 3075 2735 sub
3104 2680 3427 2740 Gothoniele
3448 2684 3606 2755 judice
3628 2684 3723 2739 Scri-

2204 2769 2354 2831 ptura
2387 2772 2638 2818 testatur:
2669 2778 2924 2836 quantum
2951 2772 3214 2840 temporis
3236 2774 3519 2844 primordia
3550 2774 3720 2828 Romani

2202 2857 2409 2926 ituperii
2444 2861 2544 2914 sub
2579 2861 2749 2917 Numa
2776 2863 3039 2936 Pompilio
3063 2871 3434 2928 tantummodo
3462 2887 3573 2942 rege
3589 2879 3721 2942 puclla

2201 2943 2401 3004 habere
2429 2959 2734 3017 potuerunt.

2271 3035 2389 3091 XX.
2419 3037 2520 3111 [lb.
2556 3058 2632 3106 ιιι⁹
2660 3043 2759 3110 I9,
2780 3044 2898 3118 20.]
2921 3046 3096 3124 Qumri
3121 3059 3303 3121 potest
3332 3061 3499 3108 utrum
3530 3051 3720 3107 mentitus

2200 3127 2357 3183 fuerit
2377 3131 2490 3186 And
2506 3133 2690 3203 judex,
2723 3140 2934 3207 quando
2955 3142 3155 3197 occidit
3188 3145 3375 3216 Eglom
3403 3161 3563 3216 regem
3583 3142 3709 3198 Moab.

2197 3220 2328 3277 Cum
2373 3225 2514 3278 enim
2551 3228 2698 3282 solus
2734 3231 2834 3285 soli
2868 3232 3216 3292 insidiaretur
3243 3247 3300 3292 ut
3317 3254 3434 3293 eum
3457 3243 3715 3306 percuteret.

2196 3310 2300 3368 hoc
2326 3313 2403 3370 illi
2440 3317 2544 3384 ait,
2589 3317 2801 3375 Verbum
2829 3325 3080 3379 occultum
3107 3329 3238 3382 mihi
3261 3338 3334 3384 est
3361 3329 3426 3381 ad
3450 3338 3521 3390 te,
3556 3341 3654 3390 rex;
3678 3331 3714 3376 ul

2195 3405 2283 3462 ille
2307 3423 2338 3463 a
2360 3423 2418 3465 se
2445 3426 2634 3468 omnes
2657 3415 2745 3484 qui
2776 3431 2898 3471 cum
2925 3417 3013 3471 iilo
3039 3419 3252 3476 fuerant
3279 3427 3576 3477 removeret.
3603 3413 3712 3484 Quod

2191 3513 2311 3553 cum
2335 3498 2528 3556 factum
2555 3515 2716 3570 esset,
2747 3507 2936 3563 iterum
2962 3508 3099 3564 dixit
3125 3513 3267 3577 Aod,
3305 3511 3510 3567 Verbum
3532 3505 3712 3563 Deimila'

2191 3589 2260 3641 ad
2287 3599 2362 3652 te,
2390 3608 2497 3646 rex.
2531 3593 2636 3648 Sed
2667 3606 2841 3664 potest
2862 3613 2964 3652 non
2992 3615 3114 3656 esse
3141 3603 3498 3667 mendacium,
3527 3596 3710 3672 quando—
3788 3613 3789 3622 η

2189 3679 2402 3749 quidem
2451 3685 2596 3738 verbi
2648 3689 2861 3742 nomine
2902 3691 3040 3746 solet
3083 3695 3248 3749 etian’t
3295 3696 3479 3750 factum
3504 3690 3710 3762 appellate

2190 3769 2502 3840 Scriptura;
2557 3783 2610 3829 ct
2656 3792 2840 3832 revera
2887 3781 2956 3834 ita
3006 3792 3143 3838 erat.
3201 3785 3354 3852 Quod
3384 3794 3544 3839 autetn
3583 3779 3705 3839 dixit.

2197 3858 2413 3916 Verbum
2435 3862 2572 3932 Dei,
2611 3867 3013 3940 intelligendum
3051 3885 3136 3930 est
3170 3876 3275 3932 hoc
3301 3877 3373 3931 illi
3419 3876 3564 3938 Deum
3591 3879 3635 3924 ut
3656 3867 3706 3921 la-

2185 3962 2331 4009 ccret
2359 3959 2696 4028 przecepisse,
2727 3964 2814 4032 qui
2844 3980 2966 4019 eum
2991 3971 3191 4038 populo
3208 3985 3306 4025 suo
3320 3970 3609 4024 excitaverat
3625 3962 3701 4015 sal-

2183 4051 2456 4112 vatorem,
2510 4051 2650 4105 sicut
2697 4051 2803 4108 illis
2849 4057 3180 4126 temporibus
3223 4061 3342 4115 talia
3375 4059 3479 4115 lieri
3506 4055 3703 4112 divinitus

2183 4140 2479 4207 Oportebat.
2920 4211 2924 4217 1

2254 4229 2393 4285 XXI.
2443 4232 2543 4306 [lb.
2573 4239 2783 4311 111,17.]
2814 4239 3002 4297 Merito
3030 4249 3293 4316 quaeritur
3311 4243 3558 4317 quomodo
3584 4237 3701 4296 fuerit

2179 4323 2324 4378 exilis
2347 4324 2494 4382 ualde
2518 4345 2608 4384 rea:
2628 4329 2842 4401 Eglom,
2879 4343 2926 4388 et
2959 4340 3294 4395 concluserint
3332 4341 3496 4410 adipes
3533 4335 3696 4394 uulnus;

2176 4416 2391 4483 quando
2419 4434 2700 4488 percussus
2725 4433 2825 4479 est.
2856 4425 2962 4482 Sed
2991 4429 3393 4503 intelligendum
3419 4441 3565 4487 estea
3585 4427 3696 4479 Iocu-

2177 4503 2320 4560 tioue
2348 4506 2568 4576 dictum,
2595 4527 2715 4582 qua:
2736 4516 2875 4571 solet
2901 4534 2929 4572 ιι
2952 4524 3224 4578 contrario
3255 4521 3484 4592 intelligi,
3510 4511 3694 4572 sicutdi-

2174 4595 2310 4650 citur
2338 4597 2517 4666 lucus,
2545 4605 2684 4672 quod
2715 4607 2931 4664 minime
2959 4610 3165 4680 luceat;
3214 4624 3269 4670 et
3310 4611 3559 4668 abundare
3599 4619 3686 4660 res;

2174 4689 2457 4758 pondetur,
2488 4695 2628 4765 quod
2659 4713 2763 4752 non
2789 4710 2902 4765 est;
2930 4711 2984 4756 et
3004 4702 3273 4761 benedixit
3298 4705 3422 4776 regi,
3452 4715 3536 4773 pro
3561 4694 3689 4751 mule-

2169 4779 2322 4845 dixit,
2345 4784 2486 4840 sicut
2503 4787 2757 4858 scriptum
2777 4800 2859 4846 cst
2885 4793 2933 4846 iu
2961 4795 3260 4867 Regnorum
3285 4797 3414 4852 libro
3432 4782 3692 4850 deNabuthe

2171 4870 2259 4944 (Ill
2284 4872 2414 4946 Reg.
2438 4893 2549 4943 xm,
2583 4880 2666 4945 I0,
2696 4881 2807 4952 I5).
2841 4883 2972 4940 Nam
2998 4887 3049 4941 in
3078 4903 3140 4944 ea
3169 4883 3574 4960 interpretatione
3595 4885 3686 4946 qum

2168 4979 2272 5018 non
2314 4968 2605 5022 secundum
2652 4971 3022 5045 Septuaginta,
3069 4980 3163 5035 sed
3189 4995 3253 5036 ex
3283 4978 3485 5034 hebrtco
3502 4979 3601 5032 est.
3634 4964 3685 5017 ίί³

2165 5055 2466 5112 invenimus
2481 5102 2495 5124 ,
2523 5059 2650 5114 Erat
2671 5074 2837 5118 autent
2866 5066 3048 5140 Eglom
3073 5089 3272 5127 crassus
3291 5069 3450 5124 nimis.

2235 5146 2400 5202 XXII.
2429 5147 2524 5222 [lb.
2555 5169 2633 5220 ιιι,
2655 5153 2768 5228 25.]
2791 5157 2857 5211 Et
2879 5161 3000 5215 exiit
3029 5163 3139 5217 Αοά
3158 5167 3295 5237 foras
3319 5165 3333 5195 ¹
3361 5172 3406 5217 et
3424 5154 3594 5213 transiit
3611 5149 3679 5204 ob-

2161 5251 2432 5307 seruantes,
2457 5253 2505 5298 et
2527 5244 2710 5301 clausit
2724 5250 2920 5319 januas
2943 5254 3123 5312 domus
3143 5255 3408 5328 superioris
3431 5263 3564 5321 super
3577 5253 3677 5328 θιιηιτ

2160 5340 2208 5384 et
2254 5336 2544 5390 coarctauit.
2597 5338 2707 5395 lloc.
2756 5345 3152 5412 rccapitulando
3203 5324 3395 5402 dictum
3432 5349 3529 5403 est.

2160 5423 2334 5482 fuerat
2359 5430 2799 5498 praetermissum.
2847 5435 2978 5493 Nam
3019 5441 3164 5511 prius
3207 5441 3304 5494 hoc
3332 5435 3502 5491 fecisse
3526 5419 3674 5480 intelli-

2158 5517 2386 5588 gendum
2413 5531 2514 5588 est,
2543 5534 2598 5580 et
2624 5524 2703 5580 sic
2729 5525 2796 5583 de
2825 5531 3070 5600 superius
3095 5528 3443 5592 descendisse,
3467 5529 3516 5578 et
3541 5523 3674 5572 trans-

2158 5607 2283 5664 iisse
2308 5609 2676 5670 observantes.

2226 5701 2414 5759 XXIII.
2463 5703 2562 5778 [lb.
2592 5723 2646 5763 Ill
2669 5750 2682 5773 ,
2719 5709 2833 5785 £25.]
2869 5713 3147 5783 Quomodo
3201 5711 3342 5785 pueri
3379 5705 3505 5777 regis
3532 5695 3676 5766 Eglom

2221 5818 2236 5847 ί
2260 5818 2580 5888 ιιδεηιζιυνθδ,
2608 5829 2701 5875 ,ιιοιι
2731 5825 2880 5888 foras.
2910 5831 3126 5883 Nonnulli
3151 5837 3315 5883 “mea
3344 5834 3441 5876 ann
3472 5812 3592 5869 editis
3613 5806 3675 5855 11³·

2155 5879 2294 5938 bent,
2317 5879 2382 5928 ad
2400 5879 2546 5942 fores.
