3862 6298
100 199 216 260 801

100 318 258 376 clavn
294 318 607 392 aperuerint
627 317 765 388 quod
795 314 910 374 Aod
938 316 1073 372 clavi
1101 331 1206 371 non
1236 314 1517 375 clauserat,
1537 322 1713 384 potest

101 430 358 471 movere
384 433 397 467 :
420 424 510 469 aut
546 414 590 469 si
622 414 708 468 ille
736 413 868 468 clavi
896 412 1196 475 clauserat,
1237 407 1506 480 quomodo
1532 422 1713 461 secum

103 526 239 567 eam
274 526 391 566 non
419 510 686 575 auferret,
734 517 790 563 ut
816 508 900 563 isti
931 522 1028 562 nec
1059 505 1194 562 clavi
1235 503 1443 573 aperire
1474 509 1710 571 possent.

102 602 375 658 Proinde
415 612 505 655 aut
543 601 645 655 alia
676 600 837 655 clavis
861 599 1019 653 allata
1049 607 1159 663 est,
1205 605 1295 649 aut
1325 595 1427 648 tale
1453 592 1714 647 clausura:

102 710 295 764 genus
328 693 428 749 fuit
469 692 609 764 quod
640 692 753 748 sine
811 691 945 746 clavi
978 698 1154 759 posset
1193 686 1403 751 claudi,
1452 700 1553 739 nec
1596 683 1715 737 sine

104 788 257 841 clavi
305 786 531 856 aperiri.
558 784 686 839 Nam
717 793 843 839 sunt
869 782 1107 853 quiedam
1135 782 1289 847 talia,
1328 780 1466 834 sicut
1507 793 1568 833 ea
1595 791 1715 847 quae

103 879 403 933 veruclata
436 878 452 909 ί
479 877 746 932 dicuntur.

188 969 401 1027 XXIV.
435 968 533 1043 [11).
548 986 626 1037 ιιι,
645 967 759 1043 50.]
785 968 896 1025 Sub
920 967 1098 1038 judice
1118 966 1230 1020 Aod
1252 963 1518 1034 octoginta
1545 974 1716 1015 annos

108 1079 319 1135 pacem
369 1063 548 1117 habuit
580 1061 741 1117 Israel
765 1063 814 1117 in
847 1073 983 1117 terra
1015 1058 1414 1131 promissionis,
1449 1055 1716 1125 duplicato

109 1155 340 1210 scilicet
373 1166 612 1223 tempore
638 1169 794 1225 quam
834 1152 931 1207 fuit
956 1151 1297 1207 memorabile
1324 1148 1423 1205 sub
1448 1148 1717 1203 Romano-

108 1263 237 1303 tum
272 1262 409 1317 rege
427 1245 594 1301 Numa
618 1245 895 1314 Pompilio.

187 1338 373 1395 XXV.
401 1338 501 1412 [1).
535 1354 607 1401 ιιι,
631 1336 743 1411 51.]
772 1336 838 1390 Et
863 1346 975 1408 post
999 1352 1111 1391 eum
1130 1334 1342 1389 surrexit
1377 1331 1624 1402 Samegar
1655 1330 1717 1398 fi-

112 1432 218 1486 lius
247 1430 462 1485 Aneath
484 1432 525 1493 ²,
557 1439 603 1484 et
630 1429 871 1499 percussit
899 1428 1208 1499 alienigenas
1233 1428 1285 1481 in
1302 1434 1558 1480 sexcentos
1586 1422 1718 1475 viros

112 1534 313 1595 printer
344 1521 530 1576 vitulos
555 1521 735 1587 boum;
760 1530 805 1575 et
841 1521 1053 1574 saluauit
1080 1518 1265 1573 Israel.
1304 1515 1580 1584 Quomodo
1600 1523 1720 1585 post

111 1616 239 1669 Aod
270 1615 383 1669 iste
428 1630 522 1684 pro
550 1612 705 1668 Israel
738 1613 1087 1682 pugnaverit,
1119 1620 1172 1666 et
1198 1610 1371 1665 dictus
1394 1607 1462 1661 sit
1485 1606 1718 1660 salvasse

113 1705 325 1771 Israel,
374 1714 548 1775 potest
574 1719 694 1760 esse
723 1703 966 1774 qumstio.
995 1701 1108 1757 Non
1134 1701 1274 1756 enim
1306 1713 1487 1754 rursus
1512 1696 1719 1751 fuerant

113 1799 410 1869 captivati,
433 1798 516 1854 vel
537 1798 663 1868 jugo
683 1797 951 1853 servitutis
977 1796 1172 1850 innexi.
1197 1793 1301 1849 Sed
1320 1790 1719 1861 intelligendum

115 1892 191 1945 ita
220 1889 460 1955 dictum,
491 1890 735 1954 saluauit,
766 1904 870 1943 non
901 1888 1019 1959 quia
1047 1883 1504 1955 nocueritaliquid
1528 1882 1713 1947 hostis,

115 1982 213 2037 sed
262 1998 337 2037 ne
387 1982 784 2053 permitteretur
824 1996 1048 2044 nocere;
1100 1979 1347 2050 quoniam
1395 1974 1719 2032 credendum

118 2073 392 2128 cst-bello
421 2072 647 2141 cmpisse
677 2081 902 2134 tentare,
934 2080 987 2125 et
1009 2068 1166 2139 hujus
1192 2067 1409 2123 victoria
1444 2066 1603 2120 fuisse
1630 2063 1723 2118 de-

120 2168 368 2236 pulsum.
395 2166 501 2222 Sed
519 2164 642 2237 quid
667 2165 765 2220 sibi
793 2164 918 2219 velit
940 2162 1081 2233 quod
1101 2160 1321 2224 addidit,
1346 2167 1525 2231 prazter
1538 2155 1722 2209 vitulos

120 2260 278 2314 boum
298 2301 313 2322 ,
345 2258 636 2313 obscurum
662 2264 765 2312 est.
795 2257 874 2309 An
904 2253 1043 2309 forte
1067 2263 1122 2309 et
1151 2254 1308 2307 boum
1331 2261 1561 2320 stragem
1588 2261 1721 2317 pug-

121 2352 309 2407 nando
340 2351 490 2416 fecit,
520 2360 573 2404 ct
597 2350 666 2405 ita
696 2349 891 2405 dictum
923 2356 1005 2403 est
1025 2363 1145 2402 eum
1168 2345 1428 2401 occidisse
1444 2350 1725 2397 sexcentos

122 2446 274 2499 viros
298 2486 314 2509 ,
363 2452 561 2514 praeter
595 2442 720 2498 illud
752 2439 893 2512 quod
926 2438 1049 2495 fecit
1075 2438 1142 2493 de
1172 2438 1339 2492 bobus
1369 2435 1587 2489 occisis?
1618 2432 1724 2487 Sed

124 2552 297 2607 quare
325 2534 567 2589 vitulos?
616 2534 697 2590 An
726 2548 913 2603 grmcm
945 2530 1227 2586 locutionis
1250 2525 1580 2582 consuetudo
1607 2532 1689 2578 est
1708 2564 1722 2587 ,

126 2631 295 2685 etiam
328 2629 531 2684 vitulos
559 2641 653 2683 eos
682 2625 975 2697 appellare,
1024 2623 1111 2692 qui
1138 2620 1365 2691 grandes
1392 2616 1549 2672 sunt?
1594 2615 1726 2670 Nam

130 2724 201 2778 ita
232 2723 387 2794 Iani
433 2722 587 2792 vulgo
630 2720 681 2774 in
716 2718 951 2791 Egypto
982 2715 1355 2787 perhibentur;
1406 2712 1543 2767 sicut
1587 2707 1727 2778 apud

132 2834 233 2873 nos
267 2818 402 2889 pulli
434 2815 769 2887 appellantur
795 2813 1007 2883 gallina:
1050 2808 1332 2880 cujuslibet
1372 2805 1561 2861 mtatis.
1611 2801 1726 2857 Non

132 2917 319 2965 autem
352 2908 517 2962 habet
543 2905 908 2976 interpretatio
934 2919 997 2957 cx
1042 2900 1255 2956 hebraeo
1276 2942 1291 2966 ,
1338 2906 1516 2969 prater
1549 2894 1729 2949 vitulos

133 3002 311 3061 boum,
343 2998 483 3055 sicut
504 2998 599 3053 ista
626 3013 743 3068 quae
768 2993 1060 3051 secundum
1088 2989 1429 3061 Septuaginta
1451 2995 1533 3042 est
1557 3004 1569 3038 :
1594 2985 1730 3039 sicut

136 3092 305 3148 habet
336 3091 428 3146 illa
455 3106 521 3145 ex
550 3090 764 3144 hebraro
783 3129 797 3152 ,
826 3101 1021 3141 vomere
1045 3085 1235 3139 occisos
1272 3088 1529 3136 sexcentos
1563 3078 1725 3139 viros,

135 3184 282 3253 quod
310 3184 411 3236 ista
442 3197 547 3235 non
572 3179 751 3235 habet.

208 3273 417 3330 XXVI.
445 3271 544 3345 [11).
575 3288 648 3338 tv,
672 3269 750 3343 8.]
773 3268 908 3336 Quid
930 3278 1012 3324 est
1040 3265 1179 3337 quod
1205 3262 1535 3334 respondens
1565 3262 1731 3314 Barac

133 3368 410 3423 Dehbonc
432 3367 541 3431 ait,
585 3364 644 3418 Si
672 3362 765 3417 ibis
784 3402 800 3429 ,
828 3362 941 3424 ibo;
967 3370 1012 3415 et
1038 3361 1081 3414 si
1115 3374 1213 3412 non
1237 3357 1352 3410 ieris
1380 3370 1569 3407 mecum
1590 3393 1605 3416 ,
1632 3368 1733 3405 non

132 3459 221 3511 ibo
253 3472 272 3509 :
299 3456 542 3527 quoniam
590 3452 756 3507 nescio
796 3452 930 3505 diem
970 3450 1025 3504 in
1063 3465 1163 3520 qua
1199 3453 1458 3517 prosperat
1498 3443 1733 3513 angelum

136 3548 405 3603 Dominus
428 3562 654 3607 mecum;
678 3543 828 3615 quasi
848 3557 876 3596 a
905 3541 1235 3612 prophetissa
1253 3538 1392 3591 diem
1418 3535 1603 3590 audire
1630 3549 1734 3588 non

139 3640 426 3714 potuerit?
450 3656 548 3695 nec
579 3638 667 3693 illa
693 3636 831 3692 diem
858 3633 1161 3703 respondit,
1208 3629 1302 3685 sed
1348 3627 1579 3697 perrexit
1615 3639 1735 3680 cum

140 3737 254 3790 illo.
288 3734 359 3789 Et
388 3731 513 3803 quid
538 3739 660 3795 est,
694 3735 956 3799 prosperat
980 3723 1217 3796 angelum
1242 3720 1487 3774 Dominus
1510 3716 1738 3771 mecum?

147 3830 227 3883 An
270 3827 364 3882 hic
406 3825 826 3880 demonstratum
870 3828 979 3881 est,
1011 3817 1133 3887 quia
1158 3826 1213 3869 et
1240 3812 1560 3883 Angelorum
1586 3816 1738 3863 actus

148 3926 557 3990 prosperantur,
585 3914 638 3968 id
664 3920 747 3968 est
765 3910 1083 3981 adjuvantur
1101 3923 1130 3959 a
1165 3904 1407 3963 Domino,
1438 3911 1493 3954 ιιι
1517 3898 1739 3954 feliciter

150 4010 389 4066 cedant?
415 4025 483 4064 an
507 4007 786 4062 locutionis
810 4013 921 4068 est,
952 4009 1215 4073 prosperat
1240 3996 1477 4067 angelum
1508 4007 1699 4046 mecum
1719 4031 1736 4058 ,

152 4102 205 4157 id
226 4112 331 4163 est,
366 4100 491 4155 facit
518 4113 725 4153 mecum
759 4110 1009 4165 prospera
1043 4107 1136 4161 per
1164 4086 1455 4159 angelum?

225 4193 445 4250 XXVII.
473 4191 572 4266 [lb.
592 4207 665 4257 tv,
688 4188 800 4261 15.]
829 4188 891 4242 Et
912 4186 1152 4258 pavefecit
1182 4182 1424 4235 Dominus
1446 4177 1675 4233 Sisaram
1694 4186 1743 4231 et

157 4304 329 4343 omnes
375 4303 553 4341 currus
591 4284 718 4355 ejus.
752 4282 888 4337 Ecce
928 4276 1376 4349 quemadmodum
1405 4269 1745 4327 commendat

159 4378 431 4449 Scriptura
454 4392 613 4448 agere
640 4376 803 4429 Deum
837 4373 888 4426 in
916 4369 1165 4426 cordibus
1190 4412 1204 4435 ,
1235 4378 1289 4420 ιιι
1316 4366 1406 4420 det
1428 4366 1628 4419 exitum
1659 4378 1745 4416 re-

162 4470 293 4533 bus,
335 4484 495 4541 quem
521 4466 814 4523 constituit.
850 4462 1039 4531 Utique
1063 4462 1205 4516 enim
1236 4457 1494 4529 pavefecit
1529 4456 1611 4511 vel
1646 4454 1746 4509 ob-

165 4563 445 4635 stupefecit
472 4562 726 4625 Sisaram,
761 4568 818 4613 ut
835 4557 1065 4611 traderet
1092 4571 1234 4609 eum.

236 4659 472 4715 XXVIII.
504 4656 605 4730 [11).
636 4671 716 4719 tv,
744 4650 860 4725 2%.]
887 4650 987 4706 Ubi
1012 4649 1160 4703 Jahel
1192 4646 1381 4701 mulier
1407 4661 1525 4715 qua:
1556 4641 1751 4698 occidit

168 4751 422 4818 Sisaram,
455 4766 576 4805 cum
605 4748 780 4803 locuta
812 4752 955 4800 esset
978 4741 1043 4795 ad
1078 4741 1240 4794 Barac
1266 4738 1356 4809 qui
1388 4753 1508 4790 eum
1539 4751 1750 4806 quarre-

168 4844 273 4907 bat,
304 4846 562 4915 scriptum
591 4851 674 4896 est
698 4839 764 4894 de
791 4838 906 4908 ipso
927 4836 1110 4896 Barac,
1135 4833 1257 4903 quia
1286 4830 1488 4885 intravit
1514 4828 1581 4881 ad
1601 4844 1710 4882 eam
1735 4843 1755 4880 :

174 4934 695 4993 animadvertendum
737 4939 819 4985 est
862 4944 964 4983 non
1010 4941 1131 4982 esse
1174 4936 1507 4993 consequens
1538 4930 1593 4974 nt
1633 4934 1752 4973 cum

173 5027 439 5098 Scriptura
460 5027 589 5083 dicit
617 5025 682 5080 de
708 5025 821 5078 viro
848 5019 988 5092 quod
1016 5018 1231 5073 intravit
1255 5016 1319 5068 ad
1342 5015 1569 5084 aliquam
1601 5012 1755 5065 femi-

180 5134 314 5182 nam,
334 5120 443 5191 jam
465 5120 624 5175 etiam
652 5114 998 5172 concubuisse
1017 5109 1287 5165 credatur.
1319 5106 1544 5160 Assidue
1562 5105 1756 5174 quippe

181 5210 251 5263 sic
274 5212 505 5283 loquitur
529 5210 826 5279 Scriptura,
856 5204 1060 5258 intrarit
1088 5200 1156 5254 ad
1175 5216 1319 5263 eam,
1348 5206 1407 5251 ut
1432 5198 1565 5250 nolit
1596 5195 1756 5249 intel-

188 5296 273 5368 ligi
300 5302 396 5357 nisi
427 5302 567 5373 quod
598 5302 645 5356 ei
678 5300 873 5355 mixtus
911 5296 997 5350 sit.
1034 5293 1128 5347 llic
1158 5308 1288 5361 ergo
1319 5290 1531 5360 proprie
1557 5287 1756 5341 ἀίειιιτη

187 5399 299 5460 est,
326 5392 524 5447 intravit
550 5394 617 5446 ad
645 5408 789 5455 eain,
828 5387 883 5443 id
919 5396 1003 5443 est
1028 5386 1080 5439 in
1107 5384 1326 5439 domum
1367 5380 1484 5451 ejus
1510 5379 1756 5444 intravit,

251 5550 268 5581 ί
292 5550 427 5601 sicin
448 5549 673 5601 omnlbus
692 5554 799 5597 Mss.
825 5556 879 5596 ιιι
900 5547 950 5595 ln
974 5544 1135 5601 editis,
1159 5537 1410 5591 vemdata.

250 5597 769 5674 ξ-ὲῖςῖεἱῖεσηηιῄραν.
798 5616 901 5657 Mss.
940 5597 1165 5669 samegur
1185 5610 1385 5674 satque.
1426 5610 1502 5674 ext
1531 5597 1608 5649 his
1639 5607 1761 5648 non-

197 5658 688 5739 nullirﬁliu‘s'éneadl'
702 5679 759 5723 At
780 5676 909 5732 LXX,
926 5658 1151 5731 sameg'ar
1171 5658 1526 5731 ﬁtius'm'uach.

1480 191 1679 254 LIBER
1715 190 2069 255 SEPTIMUS.

3292 198 3397 263 803

1820 328 1925 367 non
1947 323 2001 365 ut
2032 327 2125 381 per
2144 310 2257 365 hare
2276 311 2435 366 verba
2465 312 2787 384 intelligatur
2815 317 3149 372 cencubitus.

1893 401 2186 474 XXIXUD.
2209 418 2262 469 v,
2276 403 2307 454 7
2321 414 2365 456 et
2379 401 2456 476 8.]
2478 402 2529 457 In
2550 402 2767 460 Cantico
2786 406 3037 461 Debborae
3058 408 3268 470 dicitur,
3297 408 3397 465 De-

1820 500 2042 567 fecerunt
2071 493 2348 549 habitantes
2368 494 2419 548 in
2440 493 2637 563 Israel,
2677 496 2963 568 defecerunt
2996 498 3152 552 donec
3176 510 3395 555 surrexit

1820 584 2049 640 Debbora
2067 626 2081 650 ,
2125 585 2283 639 donec
2305 587 2521 640 surrexit
2563 597 2720 639 mater
2751 588 2803 640 in
2829 587 3021 655 Israel,
3061 589 3313 661 elegerunt
3342 600 3396 644 ut

1820 695 2002 750 panem
2030 678 2359 733 hordeaceam
2384 678 2503 733 deos
2524 695 2675 734 novos
2702 694 2721 732 .'
2747 690 2865 733 tunc
2891 690 3300 751 expugnaverunt
3320 682 3394 735 ci-

1820 771 1991 824 vitates
2017 770 2324 840 principum.
2353 769 2449 825 Hic
2471 770 2804 825 intermixtus
2833 771 2965 825 ordo
2990 772 3273 826 verborum
3294 772 3397 827 ob-

1819 863 2126 919 seuritatem
2174 862 2333 928 facit,
2393 872 2447 918 et
2483 879 2552 932 qu
2572 864 2831 919 ustionem
2876 873 3072 919 movet.
3117 863 3398 932 Quomodo

1819 955 1961 1010 enim
1992 953 2333 1025 intelligatur,
2356 953 2629 1024 Elegerunt
2656 963 2709 1007 ut
2733 971 2913 1024 panem
2929 955 3257 1009 hordeaceam
3273 956 3394 1012 deos

1821 1063 1972 1101 novos
1997 1087 2011 1110 ,
2041 1056 2159 1100 tunc
2187 1056 2597 1117 expugnaverunt
2625 1047 2847 1100 civitates
2889 1048 3211 1117 principum;
3249 1048 3400 1119 quasi

1823 1147 1949 1193 tunc
1966 1137 2045 1193 eis
2072 1138 2258 1192 faverit
2280 1137 2416 1191 Deus
2441 1136 2507 1192 ad
2535 1136 2914 1208 expugnandus
2940 1138 3181 1193 civitates
3208 1139 3403 1208 princi-

1822 1244 1946 1299 pum
1969 1271 1984 1293 ,
2015 1228 2228 1299 quando
2251 1228 2524 1296 elegerunt
2569 1238 2626 1281 ut
2668 1242 2854 1297 panem
2886 1226 3241 1283 hordeaceam
3271 1228 3402 1284 deos

1822 1320 2027 1375 novos?
2068 1320 2173 1375 Sed
2208 1321 2259 1374 in
2286 1319 2531 1389 aliis-jam
2559 1316 2953 1389 Seriplurarum
2986 1319 3117 1375 locis
3145 1334 3287 1389 saepe
3310 1318 3398 1374 di—

1824 1411 2050 1466 dicimus
2074 1410 2519 1481 quemadmodum
2552 1410 2679 1464 fiant
2705 1411 3023 1482 hyperbata;
3066 1427 3288 1481 quorum
3316 1410 3400 1465 di-

1823 1506 2059 1560 rectione
2108 1519 2229 1559 cum
2281 1504 2441 1558 verba
2500 1503 2565 1557 ad
2612 1504 2856 1558 ordinem
2899 1503 3157 1568 redeunt,
3210 1517 3399 1556 sensus

1822 1595 2153 1664 explanatur.
2192 1594 2292 1649 Iste
2317 1608 2445 1663 ergo
2472 1601 2557 1647 est
2576 1592 2745 1647 ordo:
2786 1592 3089 1664 Defecerunt
3129 1592 3406 1646 habitantes

1823 1689 1875 1742 in
1903 1687 2101 1752 Israel;
2139 1687 2426 1759 defecerunt
2444 1728 2459 1753 ,
2489 1687 2743 1755 elegerunt
2768 1696 2823 1738 ut
2851 1702 3030 1755 panem
3074 1685 3403 1738 hordeaceam

1824 1779 1943 1833 deos
1969 1795 2121 1833 novos
2135 1820 2152 1845 ,
2178 1779 2335 1832 donec
2354 1778 2570 1832 surrexit
2596 1775 2827 1831 Debbora
2843 1818 2858 1842 ,
2889 1776 3047 1831 donec
3065 1776 3280 1831 surrexit
3299 1792 3409 1830 ma-

1826 1878 1899 1922 ter
1921 1869 1973 1922 in
1996 1867 2161 1923 Israel
2187 1883 2205 1922 :
2229 1879 2346 1921 tunc
2370 1875 2779 1937 expugnaverunt
2799 1867 3018 1920 ciuitates
3044 1866 3348 1936 principum.

1896 1961 2065 2016 XXX.
2093 1959 2192 2033 [lb.
2222 1976 2275 2027 v,
2302 1958 2381 2032 8.]
2419 1958 2595 2027 Qumri
2623 1968 2794 2029 potest
2814 1957 3078 2028 quomodo
3103 1957 3299 2012 dictum
3319 1957 3407 2023 sit,

1825 2051 2100 2122 Elegerunt
2126 2060 2180 2105 ut
2207 2067 2385 2122 panem
2405 2050 2735 2104 hordeaceam
2762 2048 2880 2103 deos
2908 2065 3093 2114 novos;
3118 2063 3237 2102 cum
3262 2047 3411 2117 panis

1828 2141 2156 2197 hordeaceus
2184 2140 2427 2211 quamvis
2450 2141 2519 2194 sit
2543 2140 2593 2193 in
2616 2140 3013 2209 comparatione
3040 2138 3229 2194 triticei
3259 2139 3412 2208 panis

1830 2233 2192 2304 abjicicndus,
2221 2244 2397 2288 tamen
2434 2233 2592 2287 etiam
2638 2230 2752 2303 ipse
2786 2239 2997 2301 pascat,
3038 2238 3092 2285 et
3128 2229 3286 2285 vitale
3312 2229 3410 2283 ali-

1829 2337 2063 2382 mentum
2089 2327 2198 2382 sit:
2224 2325 2298 2380 dii
2318 2335 2493 2380 autem
2530 2326 2684 2390 novi,
2716 2339 2851 2394 quos
2879 2323 3126 2378 dicuntur
3147 2321 3407 2392 elegisse,

1830 2419 1917 2488 qui
1941 2418 2249 2474 defecerunt
2275 2432 2304 2471 a
2336 2417 2444 2471 Deo
2483 2417 2637 2482 vivo,
2675 2431 2780 2471 non
2816 2425 3040 2486 possunt
3068 2416 3122 2469 in
3148 2414 3415 2469 alimentis

1832 2509 2023 2564 animae
2047 2507 2325 2578 deputari,
2364 2505 2459 2561 sed
2486 2506 2661 2576 potius
2688 2506 2738 2560 in
2766 2505 3004 2560 venenis.
3044 2510 3127 2558 An
3159 2502 3416 2558 hactenus

1832 2597 2139 2666 accipienda
2175 2603 2261 2652 est
2303 2595 2621 2659 similitudo,
2648 2603 2907 2665 quatenus
2930 2592 3071 2647 valet
3111 2602 3167 2647 ut
3203 2602 3418 2661 propter

1833 2691 1936 2745 hoc
1967 2690 2140 2744 solum
2174 2688 2373 2743 dictum
2417 2687 2758 2757 intelligatur,
2788 2687 2910 2756 quia
2935 2686 3073 2739 sicut
3104 2684 3417 2755 plerumque

1834 2780 2045 2835 fastidio
2082 2780 2168 2843 fit,
2197 2789 2257 2834 ut
2275 2777 2513 2849 eligenda
2545 2777 2871 2845 rejiciantur,
2895 2786 2947 2830 et
2969 2773 3299 2845 aspernanda
3320 2772 3419 2828 de-

1835 2874 2063 2936 lectent;
2102 2873 2171 2925 ita
2202 2871 2330 2924 vitio
2360 2884 2533 2939 prava:
2575 2868 2859 2922 voluntatis
2891 2876 3137 2935 tanquam
3168 2865 3421 2933 languore

1835 2964 2058 3025 fastidii,
2086 2978 2208 3017 cum
2236 2971 2381 3017 esset
2410 2961 2551 3015 Deus
2569 2974 2753 3014 eorum
2781 2973 2958 3023 verus,
2990 2960 3039 3010 in
3071 2954 3217 3011 falsis
3244 2955 3423 3025 elcge~

1835 3065 1958 3111 runt
1984 3054 2111 3109 nihil
2140 3052 2281 3108 aliud
2311 3068 2467 3123 quam
2495 3050 2779 3105 novitatem
2810 3059 2987 3120 Spreta
3017 3049 3240 3103 veritate
3262 3048 3314 3113 ¹;
3342 3056 3423 3101 at-

1837 3162 1938 3216 que
1979 3147 2049 3199 ita
2092 3144 2268 3199 cibum
2311 3141 2642 3198 mortiferum
2685 3150 2929 3211 tanquam
2958 3155 3145 3210 panem
3191 3137 3423 3193 hordea-

1838 3253 1990 3292 ceum
2031 3237 2333 3307 elegerunt,
2375 3252 2478 3289 non
2518 3250 2577 3289 se
2618 3233 2936 3287 arbitrantes
2975 3232 3098 3286 inde
3128 3232 3419 3300 perituros,

1839 3327 1932 3381 sed
1964 3327 2122 3379 etiam
2159 3326 2281 3381 inde
2321 3327 2480 3380 vitam
2512 3325 2655 3378 velut
2692 3339 2813 3378 esca
2850 3323 3060 3376 innoxia
3093 3323 3216 3376 licet
3240 3321 3425 3375 viliore

1841 3418 2182 3489 sumpturos?
2216 3417 2517 3473 Secundum
2540 3416 2843 3485 opinionem
2872 3428 2999 3482 ergo
3025 3428 3207 3465 eorum
3234 3412 3425 3466 simili-

1804 3508 1813 3515 “
1845 3513 1969 3568 tudo
1991 3512 2159 3582 posita
2187 3522 2297 3573 est,
2330 3511 2597 3579 animique
2627 3509 2971 3577 languorem,
3002 3520 3107 3560 non
3133 3504 3422 3559 secundum

1842 3604 2139 3658 veritatem.
2183 3601 2311 3656 Nam
2335 3601 2406 3655 dii
2434 3601 2509 3654 illi
2541 3599 2660 3653 novi
2688 3598 2845 3652 nullis
2872 3606 2995 3652 sunt
3019 3597 3152 3652 cibis
3176 3595 3423 3649 vitalibus

1843 3692 2203 3763 comparandi.

1914 3786 2106 3845 XXXI.
2137 3784 2333 3858 [lb.v1,
2364 3787 2428 3851 8,
2459 3782 2568 3856 IL]
2599 3782 2667 3837 Et
2697 3786 2884 3855 factum
2904 3789 2996 3847 est,
3018 3780 3220 3847 quando
3239 3780 3431 3834 clama-

1846 3889 2019 3935 verunt
2044 3878 2139 3947 ﬁlii
2163 3876 2327 3931 Israel
2350 3877 2417 3929 ad
2448 3875 2720 3929 Dominum
2750 3882 2955 3944 prapter
2982 3871 3193 3926 Madian
3215 3914 3230 3937 ,
3260 3883 3304 3925 et
3327 3873 3426 3925 mi-

1846 3974 1910 4027 sit
1947 3970 2194 4025 Dominus
2230 3969 2391 4023 virum
2418 3967 2710 4038 prophetam
2748 3965 2816 4018 ad
2854 3963 2988 4032 ﬁlios
3014 3963 3208 4027 Israel,
3233 3973 3280 4017 et
3303 3962 3432 4018 dixit

1847 4064 1938 4118 eis.
1980 4063 2086 4119 Cur
2123 4077 2227 4116 non
2272 4060 2477 4114 dicatur
2517 4073 2709 4112 nomen
2748 4055 2907 4123 hujus
2943 4055 3246 4125 prophetse,
3292 4052 3432 4125 quod

1850 4155 2001 4211 valde
2030 4154 2317 4223 Scripturis
2343 4153 2648 4207 inusitatum
2674 4158 2787 4213 cst,
2818 4149 2985 4203 latens
3006 4163 3161 4202 causa
3190 4158 3299 4209 est;
3328 4163 3431 4200 non

1853 4256 2027 4301 tamen
2054 4247 2251 4300 nullam
2275 4258 2396 4299 esse
2424 4243 2671 4297 arbitror.
2701 4238 2807 4295 Sed
2835 4239 2955 4309 quia
2986 4250 3100 4306 post
3126 4237 3280 4290 verba
3307 4236 3430 4305 qni—

1852 4336 1951 4393 bus
1972 4336 2311 4405 exln'obravit
2336 4332 2745 4387 inobedientiam
2776 4330 3001 4398 populo,
3028 4332 3252 4397 sequitm
3291 4326 3436 4381 Scri-

1856 4440 2004 4499 ptura
2044 4428 2258 4492 dicens,
2306 4424 2367 4478 Et
2402 4425 2531 4477 venit
2585 4423 2793 4493 angelus
2836 4419 3074 4485 Domini,
3115 4430 3160 4473 et
3195 4420 3317 4472 sedit
3343 4419 3436 4473 sub

1855 4535 2074 4591 quercu,
2117 4531 2230 4588 qua:
2265 4524 2370 4569 erat
2402 4516 2455 4567 in
2493 4513 2711 4583 Epln'a:
2753 4526 2854 4566 non
2879 4511 3107 4565 absurde
3134 4510 3440 4580 intelligitur

1857 4612 1957 4666 iste
1982 4608 2198 4679 angelus
2222 4605 2547 4676 significatus
2585 4601 2797 4659 nomine
2825 4602 2918 4656 \iri
2939 4644 2952 4667 ,
3000 4614 3056 4656 ut
3098 4611 3440 4672 posteaquam

1858 4705 1973 4758 haec
2000 4702 2162 4757 verba
2188 4700 2351 4763 dixit,
2381 4697 2584 4753 venerit
2610 4696 2675 4749 ad
2700 4711 2951 4765 quercum
2984 4705 3360 4760 memoratam,
3389 4703 3445 4749 et

1861 4796 1931 4851 ibi
1954 4794 2168 4851 sederit.
2192 4790 2415 4847 Nomine
2441 4790 2581 4845 enim
2602 4789 2835 4843 virorum
2866 4788 3041 4843 solere
3060 4787 3314 4857 appellari
3336 4788 3445 4840 An-

1860 4888 2007 4957 gelos
2035 4893 2217 4940 notum
2243 4893 2325 4939 est
2369 4881 2521 4956 (Gen.
2569 4897 2694 4945 six,
2737 4879 2866 4950 I0):
2918 4879 3160 4950 quamvis
3197 4893 3319 4932 eum
3353 4876 3442 4944 qui

1862 4987 2004 5033 esset
2025 4976 2271 5045 angelus,
2303 4974 2620 5044 appellatum
2646 4986 2766 5027 esse
2797 4969 3106 5040 prophetam
3124 5008 3138 5030 ,
3161 4984 3265 5021 non
3290 4966 3444 5021 facile

1864 5085 1964 5125 nec
1990 5067 2262 5123 evidenter
2281 5075 2523 5121 occurrat
2547 5084 2560 5120 :
2590 5080 2712 5120 cum
2735 5077 2864 5117 sane
2883 5061 2969 5132 qui
2994 5058 3248 5129 propheta
3271 5068 3443 5123 esset,

1864 5163 2061 5218 dictum
2088 5160 2331 5231 angelum
2362 5159 2581 5229 legimus
2610 5156 2820 5228 (Matth.
2846 5170 2931 5213 xl,
2966 5154 3055 5220 10)
3083 5171 3096 5207 :
3140 5153 3231 5205 sed
3261 5151 3303 5205 si
3330 5152 3445 5204 An-

1865 5256 2101 5325 gelorum
2130 5252 2265 5308 dicta
2300 5250 2602 5321 prophetica
2631 5256 2750 5301 nota
2786 5255 2941 5308 Stmt,
2967 5244 3017 5297 id
3040 5251 3123 5298 est
3148 5242 3337 5312 quibus
3364 5240 3447 5295 fu-

1868 5356 1983 5401 tura
2012 5347 2534 5417 prmuuntiawrunt;
2580 5355 2675 5392 cur
2716 5354 2819 5390 non
2865 5336 3030 5404 possit
3070 5335 3285 5401 angelus
3324 5348 3448 5403 pro-

1870 5438 2041 5509 pheta:
2068 5437 2281 5491 nomine
2311 5429 2632 5501 nuncupari?
2665 5428 3070 5489 Verumtamen,
3100 5436 3153 5478 nt
3182 5425 3286 5478 dixi
3310 5466 3324 5490 ,
3351 5439 3449 5476 ex-

1935 5593 1951 5624 ί
1966 5592 2044 5662 sic
2062 5588 2303 5662 Vsst‘d'ti
2320 5600 2447 5662 vero
2462 5582 2591 5662 ξ
2610 5582 2753 5647 falsos
2772 5580 3013 5648 elegerunt
3026 5579 3145 5631 nihil
3160 5578 3293 5629 aliud
3311 5590 3451 5642 quam

1869 5656 2121 5705 novitatem
2142 5657 2184 5702 et
2205 5656 2360 5711 spritu
2382 5656 2494 5698 verit
2518 5656 2589 5697 γι..
