  <div class='ocr_page' id='page_1' title='image "/cluster/home/n/w/nwhite01/storage/ocr_20150623/34/uva.x000826574/426.png"; bbox 0 0 3862 6334; ppageno 0'>
   <div class='ocr_carea' id='block_1_1' title="bbox 119 276 270 335">
    <p class='ocr_par' dir='ltr' id='par_1_1' title="bbox 119 276 270 335">
     <span class='ocr_line' id='line_1_1' title="bbox 119 276 270 335; baseline -0.013 0"><span class='ocrx_word' id='word_1_1' title='bbox 119 276 270 335; x_wconf 84' lang='grc'><strong>809</strong></span> 
     </span>
    </p>
   </div>
   <div class='ocr_carea' id='block_1_2' title="bbox 127 391 1783 466">
    <p class='ocr_par' dir='ltr' id='par_1_2' title="bbox 127 391 1783 466">
     <span class='ocr_line' id='line_1_2' title="bbox 127 391 1783 466; baseline 0.003 -18"><span class='ocrx_word' id='word_1_2' title='bbox 127 391 607 466; x_wconf 77' lang='lat' dir='ltr'><strong>intelligendum</strong></span> <span class='ocrx_word' id='word_1_3' title='bbox 643 399 757 457; x_wconf 90' lang='lat' dir='ltr'><strong>est,</strong></span> <span class='ocrx_word' id='word_1_4' title='bbox 790 400 847 447; x_wconf 86' lang='lat' dir='ltr'><strong>ut</strong></span> <span class='ocrx_word' id='word_1_5' title='bbox 882 393 1023 463; x_wconf 91' lang='lat' dir='ltr'><strong>quod</strong></span> <span class='ocrx_word' id='word_1_6' title='bbox 1050 395 1276 464; x_wconf 90' lang='lat' dir='ltr'><strong>positum</strong></span> <span class='ocrx_word' id='word_1_7' title='bbox 1305 402 1385 450; x_wconf 88' lang='lat' dir='ltr'><strong>est</strong></span> <span class='ocrx_word' id='word_1_8' title='bbox 1414 411 1585 463; x_wconf 86' lang='lat' dir='ltr'><strong>mane,</strong></span> <span class='ocrx_word' id='word_1_9' title='bbox 1613 397 1783 466; x_wconf 91' lang='lat' dir='ltr'><strong>ipsum</strong></span> 
     </span>
    </p>
   </div>
   <div class='ocr_carea' id='block_1_3' title="bbox 130 480 1786 552">
    <p class='ocr_par' dir='ltr' id='par_1_3' title="bbox 130 480 1786 552">
     <span class='ocr_line' id='line_1_3' title="bbox 130 480 1786 552; baseline 0.002 -16"><span class='ocrx_word' id='word_1_10' title='bbox 130 481 498 538; x_wconf 84' lang='lat' dir='ltr'><strong>diluculum</strong></span> <span class='ocrx_word' id='word_1_11' title='bbox 542 480 883 552; x_wconf 75' lang='lat' dir='ltr'><strong>intelligatur.</strong></span> <span class='ocrx_word' id='word_1_12' title='bbox 921 482 1171 539; x_wconf 89' lang='lat' dir='ltr'><strong>Additum</strong></span> <span class='ocrx_word' id='word_1_13' title='bbox 1197 492 1279 539; x_wconf 85' lang='lat' dir='ltr'><strong>est</strong></span> <span class='ocrx_word' id='word_1_14' title='bbox 1306 493 1512 551; x_wconf 89' lang='lat' dir='ltr'><strong>autem,</strong></span> <span class='ocrx_word' id='word_1_15' title='bbox 1543 486 1698 540; x_wconf 86' lang='lat' dir='ltr'><strong>simul</strong></span> <span class='ocrx_word' id='word_1_16' title='bbox 1732 498 1786 540; x_wconf 87' lang='lat' dir='ltr'><strong>ut</strong></span> 
     </span>
    </p>
   </div>
   <div class='ocr_carea' id='block_1_4' title="bbox 132 571 1783 645">
    <p class='ocr_par' dir='ltr' id='par_1_4' title="bbox 132 571 1783 645">
     <span class='ocr_line' id='line_1_4' title="bbox 132 571 1783 645; baseline 0.004 -20"><span class='ocrx_word' id='word_1_17' title='bbox 132 572 360 625; x_wconf 73' lang='lat' dir='ltr'><strong>oritur</strong></span> <span class='ocrx_word' id='word_1_18' title='bbox 402 571 479 626; x_wconf 86' lang='lat' dir='ltr'><strong>sol</strong></span> <span class='ocrx_word' id='word_1_19' title='bbox 496 612 510 637; x_wconf 92' lang='lat'><strong>,</strong></span> <span class='ocrx_word' id='word_1_20' title='bbox 544 581 601 626; x_wconf 93' lang='lat' dir='ltr'><strong>ut</strong></span> <span class='ocrx_word' id='word_1_21' title='bbox 626 571 1009 642; x_wconf 80' lang='lat' dir='ltr'><strong>exprimeretur</strong></span> <span class='ocrx_word' id='word_1_22' title='bbox 1035 589 1139 628; x_wconf 92' lang='lat' dir='ltr'><strong>non</strong></span> <span class='ocrx_word' id='word_1_23' title='bbox 1164 574 1275 645; x_wconf 87' lang='lat' dir='ltr'><strong>jam</strong></span> <span class='ocrx_word' id='word_1_24' title='bbox 1301 584 1418 629; x_wconf 93' lang='lat' dir='ltr'><strong>orto</strong></span> <span class='ocrx_word' id='word_1_25' title='bbox 1446 577 1557 632; x_wconf 89' lang='lat' dir='ltr'><strong>sole</strong></span> <span class='ocrx_word' id='word_1_26' title='bbox 1585 575 1783 632; x_wconf 88' lang='lat' dir='ltr'><strong>facien-</strong></span> 
     </span>
    </p>
   </div>
   <div class='ocr_carea' id='block_1_5' title="bbox 134 662 1782 736">
    <p class='ocr_par' dir='ltr' id='par_1_5' title="bbox 134 662 1782 736">
     <span class='ocr_line' id='line_1_5' title="bbox 134 662 1782 736; baseline 0.001 -17"><span class='ocrx_word' id='word_1_27' title='bbox 134 662 340 730; x_wconf 84' lang='lat' dir='ltr'><strong>dum,</strong></span> <span class='ocrx_word' id='word_1_28' title='bbox 369 662 470 719; x_wconf 83' lang='lat' dir='ltr'><strong>sed</strong></span> <span class='ocrx_word' id='word_1_29' title='bbox 486 663 571 718; x_wconf 91' lang='lat' dir='ltr'><strong>ubi</strong></span> <span class='ocrx_word' id='word_1_30' title='bbox 589 663 762 734; x_wconf 79' lang='lat' dir='ltr'><strong>fulgor</strong></span> <span class='ocrx_word' id='word_1_31' title='bbox 773 666 1077 736; x_wconf 85' lang='lat' dir='ltr'><strong>apparuerit</strong></span> <span class='ocrx_word' id='word_1_32' title='bbox 1100 665 1228 721; x_wconf 90' lang='lat' dir='ltr'><strong>solis</strong></span> <span class='ocrx_word' id='word_1_33' title='bbox 1246 666 1482 721; x_wconf 82' lang='lat' dir='ltr'><strong>orientis.</strong></span> <span class='ocrx_word' id='word_1_34' title='bbox 1500 666 1615 721; x_wconf 86' lang='lat' dir='ltr'><strong>Non</strong></span> <span class='ocrx_word' id='word_1_35' title='bbox 1641 668 1782 722; x_wconf 90' lang='lat' dir='ltr'><strong>enim</strong></span> 
     </span>
    </p>
   </div>
   <div class='ocr_carea' id='block_1_6' title="bbox 137 756 1781 829">
    <p class='ocr_par' dir='ltr' id='par_1_6' title="bbox 137 756 1781 829">
     <span class='ocr_line' id='line_1_6' title="bbox 137 756 1781 829; baseline 0.002 -18"><span class='ocrx_word' id='word_1_36' title='bbox 137 756 427 812; x_wconf 81' lang='lat' dir='ltr'><strong>aliunde</strong></span> <span class='ocrx_word' id='word_1_37' title='bbox 454 756 672 811; x_wconf 86' lang='lat' dir='ltr'><strong>albescit</strong></span> <span class='ocrx_word' id='word_1_38' title='bbox 707 756 1030 823; x_wconf 88' lang='lat' dir='ltr'><strong>diluculum;</strong></span> <span class='ocrx_word' id='word_1_39' title='bbox 1060 756 1159 815; x_wconf 89' lang='lat' dir='ltr'><strong>nisi</strong></span> <span class='ocrx_word' id='word_1_40' title='bbox 1186 773 1306 813; x_wconf 90' lang='lat' dir='ltr'><strong>cum</strong></span> <span class='ocrx_word' id='word_1_41' title='bbox 1335 760 1554 828; x_wconf 75' lang='lat' dir='ltr'><strong>cmperit</strong></span> <span class='ocrx_word' id='word_1_42' title='bbox 1582 769 1781 829; x_wconf 88' lang='lat' dir='ltr'><strong>partem</strong></span> 
     </span>
    </p>
   </div>
   <div class='ocr_carea' id='block_1_7' title="bbox 137 846 1780 917">
    <p class='ocr_par' dir='ltr' id='par_1_7' title="bbox 137 846 1780 917">
     <span class='ocr_line' id='line_1_7' title="bbox 137 846 1780 917; baseline 0.001 -15"><span class='ocrx_word' id='word_1_43' title='bbox 137 846 331 914; x_wconf 62' lang='lat' dir='ltr'><strong>celi,</strong></span> <span class='ocrx_word' id='word_1_44' title='bbox 361 863 528 917; x_wconf 88' lang='lat' dir='ltr'><strong>quam</strong></span> <span class='ocrx_word' id='word_1_45' title='bbox 559 846 797 903; x_wconf 77' lang='lat' dir='ltr'><strong>videmus</strong></span> <span class='ocrx_word' id='word_1_46' title='bbox 823 848 890 903; x_wconf 90' lang='lat' dir='ltr'><strong>ab</strong></span> <span class='ocrx_word' id='word_1_47' title='bbox 914 849 1137 915; x_wconf 85' lang='lat' dir='ltr'><strong>oriente,</strong></span> <span class='ocrx_word' id='word_1_48' title='bbox 1162 849 1250 904; x_wconf 88' lang='lat' dir='ltr'><strong>lux</strong></span> <span class='ocrx_word' id='word_1_49' title='bbox 1277 850 1404 905; x_wconf 90' lang='lat' dir='ltr'><strong>solis</strong></span> <span class='ocrx_word' id='word_1_50' title='bbox 1430 848 1494 904; x_wconf 91' lang='lat' dir='ltr'><strong>ad</strong></span> <span class='ocrx_word' id='word_1_51' title='bbox 1511 865 1629 905; x_wconf 90' lang='lat' dir='ltr'><strong>eam</strong></span> <span class='ocrx_word' id='word_1_52' title='bbox 1655 849 1780 903; x_wconf 91' lang='lat' dir='ltr'><strong>red-</strong></span> 
     </span>
    </p>
   </div>
   <div class='ocr_carea' id='block_1_8' title="bbox 141 939 1781 1012">
    <p class='ocr_par' dir='ltr' id='par_1_8' title="bbox 141 939 1781 1012">
     <span class='ocr_line' id='line_1_8' title="bbox 141 939 1781 1012; baseline 0.002 -20"><span class='ocrx_word' id='word_1_53' title='bbox 141 939 375 994; x_wconf 86' lang='lat' dir='ltr'><strong>euntis</strong></span> <span class='ocrx_word' id='word_1_54' title='bbox 418 940 694 1009; x_wconf 82' lang='lat' dir='ltr'><strong>attingere.</strong></span> <span class='ocrx_word' id='word_1_55' title='bbox 738 939 873 994; x_wconf 88' lang='lat' dir='ltr'><strong>Hinc</strong></span> <span class='ocrx_word' id='word_1_56' title='bbox 918 949 1000 996; x_wconf 89' lang='lat' dir='ltr'><strong>est</strong></span> <span class='ocrx_word' id='word_1_57' title='bbox 1037 941 1175 1012; x_wconf 92' lang='lat' dir='ltr'><strong>quod</strong></span> <span class='ocrx_word' id='word_1_58' title='bbox 1213 942 1370 996; x_wconf 90' lang='lat' dir='ltr'><strong>etiam</strong></span> <span class='ocrx_word' id='word_1_59' title='bbox 1408 942 1461 996; x_wconf 90' lang='lat' dir='ltr'><strong>in</strong></span> <span class='ocrx_word' id='word_1_60' title='bbox 1498 941 1781 1012; x_wconf 87' lang='lat' dir='ltr'><strong>Evangelio</strong></span> 
     </span>
    </p>
   </div>
   <div class='ocr_carea' id='block_1_9' title="bbox 136 1030 1782 1103">
    <p class='ocr_par' dir='ltr' id='par_1_9' title="bbox 136 1030 1782 1103">
     <span class='ocr_line' id='line_1_9' title="bbox 136 1030 1782 1103; baseline 0.002 -20"><span class='ocrx_word' id='word_1_61' title='bbox 136 1045 347 1084; x_wconf 86' lang='lat' dir='ltr'><strong>unam</strong></span> <span class='ocrx_word' id='word_1_62' title='bbox 384 1039 548 1100; x_wconf 89' lang='lat' dir='ltr'><strong>atque</strong></span> <span class='ocrx_word' id='word_1_63' title='bbox 572 1030 813 1085; x_wconf 85' lang='lat' dir='ltr'><strong>eamdem</strong></span> <span class='ocrx_word' id='word_1_64' title='bbox 834 1046 948 1086; x_wconf 88' lang='lat' dir='ltr'><strong>rem</strong></span> <span class='ocrx_word' id='word_1_65' title='bbox 982 1032 1115 1088; x_wconf 88' lang='lat' dir='ltr'><strong>alius</strong></span> <span class='ocrx_word' id='word_1_66' title='bbox 1138 1032 1459 1103; x_wconf 87' lang='lat' dir='ltr'><strong>evangelista</strong></span> <span class='ocrx_word' id='word_1_67' title='bbox 1489 1032 1616 1087; x_wconf 87' lang='lat' dir='ltr'><strong>dicit</strong></span> <span class='ocrx_word' id='word_1_68' title='bbox 1646 1032 1782 1086; x_wconf 91' lang='lat' dir='ltr'><strong>dilu-</strong></span> 
     </span>
    </p>
   </div>
   <div class='ocr_carea' id='block_1_10' title="bbox 135 1121 1776 1194">
    <p class='ocr_par' dir='ltr' id='par_1_10' title="bbox 135 1121 1776 1194">
     <span class='ocr_line' id='line_1_10' title="bbox 135 1121 1776 1194; baseline 0.001 -19"><span class='ocrx_word' id='word_1_69' title='bbox 135 1121 293 1176; x_wconf 86' lang='lat' dir='ltr'><strong>culo</strong></span> <span class='ocrx_word' id='word_1_70' title='bbox 327 1121 536 1177; x_wconf 85' lang='lat' dir='ltr'><strong>factam</strong></span> <span class='ocrx_word' id='word_1_71' title='bbox 558 1164 573 1189; x_wconf 93' lang='lat'><strong>,</strong></span> <span class='ocrx_word' id='word_1_72' title='bbox 614 1138 734 1177; x_wconf 90' lang='lat' dir='ltr'><strong>cum</strong></span> <span class='ocrx_word' id='word_1_73' title='bbox 778 1121 951 1178; x_wconf 90' lang='lat' dir='ltr'><strong>adhuc</strong></span> <span class='ocrx_word' id='word_1_74' title='bbox 980 1123 1262 1179; x_wconf 91' lang='lat' dir='ltr'><strong>obscurum</strong></span> <span class='ocrx_word' id='word_1_75' title='bbox 1293 1131 1435 1179; x_wconf 88' lang='lat' dir='ltr'><strong>esset</strong></span> <span class='ocrx_word' id='word_1_76' title='bbox 1475 1123 1649 1194; x_wconf 87' lang='lat' dir='ltr'><strong>(Joan.</strong></span> <span class='ocrx_word' id='word_1_77' title='bbox 1674 1140 1740 1177; x_wconf 90' lang='lat' dir='ltr'><strong>xx</strong></span> <span class='ocrx_word' id='word_1_78' title='bbox 1762 1165 1776 1189; x_wconf 91' lang='lat'><strong>,</strong></span> 
     </span>
    </p>
   </div>
   <div class='ocr_carea' id='block_1_11' title="bbox 135 1206 1778 1287">
    <p class='ocr_par' dir='ltr' id='par_1_11' title="bbox 135 1206 1778 1287">
     <span class='ocr_line' id='line_1_11' title="bbox 135 1206 1778 1287; baseline 0 -19"><span class='ocrx_word' id='word_1_79' title='bbox 135 1213 211 1282; x_wconf 77' lang='grc'><strong>1)</strong></span> <span class='ocrx_word' id='word_1_80' title='bbox 236 1255 257 1279; x_wconf 89' lang='lat'><strong>,</strong></span> <span class='ocrx_word' id='word_1_81' title='bbox 297 1214 461 1270; x_wconf 83' lang='lat' dir='ltr'><strong>alius</strong></span> <span class='ocrx_word' id='word_1_82' title='bbox 494 1214 698 1269; x_wconf 88' lang='lat' dir='ltr'><strong>oriente</strong></span> <span class='ocrx_word' id='word_1_83' title='bbox 747 1214 861 1271; x_wconf 89' lang='lat' dir='ltr'><strong>sole</strong></span> <span class='ocrx_word' id='word_1_84' title='bbox 899 1206 1104 1287; x_wconf 80' lang='lat' dir='ltr'><strong>(Marc.</strong></span> <span class='ocrx_word' id='word_1_85' title='bbox 1131 1230 1254 1281; x_wconf 79' lang='lat' dir='ltr'><strong>xvr,</strong></span> <span class='ocrx_word' id='word_1_86' title='bbox 1298 1212 1387 1287; x_wconf 75' lang='lat'><strong>2);</strong></span> <span class='ocrx_word' id='word_1_87' title='bbox 1425 1213 1546 1285; x_wconf 89' lang='lat' dir='ltr'><strong>quia</strong></span> <span class='ocrx_word' id='word_1_88' title='bbox 1575 1224 1629 1269; x_wconf 92' lang='lat' dir='ltr'><strong>et</strong></span> <span class='ocrx_word' id='word_1_89' title='bbox 1667 1214 1778 1283; x_wconf 85' lang='lat' dir='ltr'><strong>ipsa</strong></span> 
     </span>
    </p>
   </div>
   <div class='ocr_carea' id='block_1_12' title="bbox 136 1304 1781 1375">
    <p class='ocr_par' dir='ltr' id='par_1_12' title="bbox 136 1304 1781 1375">
     <span class='ocr_line' id='line_1_12' title="bbox 136 1304 1781 1375; baseline -0.001 -16"><span class='ocrx_word' id='word_1_90' title='bbox 136 1304 253 1359; x_wconf 83' lang='lat' dir='ltr'><strong>lux</strong></span> <span class='ocrx_word' id='word_1_91' title='bbox 350 1304 847 1375; x_wconf 89' lang='lat' dir='ltr'><strong>quantulacumque</strong></span> <span class='ocrx_word' id='word_1_92' title='bbox 916 1304 1133 1361; x_wconf 91' lang='lat' dir='ltr'><strong>diluculi</strong></span> <span class='ocrx_word' id='word_1_93' title='bbox 1202 1305 1315 1361; x_wconf 90' lang='lat' dir='ltr'><strong>sole</strong></span> <span class='ocrx_word' id='word_1_94' title='bbox 1374 1304 1552 1375; x_wconf 88' lang='lat' dir='ltr'><strong>utique</strong></span> <span class='ocrx_word' id='word_1_95' title='bbox 1620 1304 1781 1359; x_wconf 90' lang='lat' dir='ltr'><strong>ﬁebat</strong></span> 
     </span>
    </p>
   </div>
   <div class='ocr_carea' id='block_1_13' title="bbox 134 1396 1777 1467">
    <p class='ocr_par' dir='ltr' id='par_1_13' title="bbox 134 1396 1777 1467">
     <span class='ocr_line' id='line_1_13' title="bbox 134 1396 1777 1467; baseline -0.001 -14"><span class='ocrx_word' id='word_1_96' title='bbox 134 1397 398 1453; x_wconf 86' lang='lat' dir='ltr'><strong>oriente</strong></span> <span class='ocrx_word' id='word_1_97' title='bbox 416 1438 433 1465; x_wconf 94' lang='lat'><strong>,</strong></span> <span class='ocrx_word' id='word_1_98' title='bbox 463 1397 515 1454; x_wconf 90' lang='lat' dir='ltr'><strong>id</strong></span> <span class='ocrx_word' id='word_1_99' title='bbox 544 1406 626 1453; x_wconf 89' lang='lat' dir='ltr'><strong>est</strong></span> <span class='ocrx_word' id='word_1_100' title='bbox 647 1396 714 1452; x_wconf 91' lang='lat' dir='ltr'><strong>ad</strong></span> <span class='ocrx_word' id='word_1_101' title='bbox 740 1407 913 1453; x_wconf 91' lang='lat' dir='ltr'><strong>ortum</strong></span> <span class='ocrx_word' id='word_1_102' title='bbox 942 1398 1187 1454; x_wconf 85' lang='lat' dir='ltr'><strong>veniente</strong></span> <span class='ocrx_word' id='word_1_103' title='bbox 1206 1440 1220 1462; x_wconf 87' lang='lat'><strong>,</strong></span> <span class='ocrx_word' id='word_1_104' title='bbox 1262 1407 1315 1452; x_wconf 88' lang='lat' dir='ltr'><strong>et</strong></span> <span class='ocrx_word' id='word_1_105' title='bbox 1340 1396 1598 1467; x_wconf 79' lang='lat' dir='ltr'><strong>fulgorem</strong></span> <span class='ocrx_word' id='word_1_106' title='bbox 1624 1412 1777 1451; x_wconf 91' lang='lat' dir='ltr'><strong>suum</strong></span> 
     </span>
    </p>
   </div>
   <div class='ocr_carea' id='block_1_14' title="bbox 138 1486 1775 1559">
    <p class='ocr_par' dir='ltr' id='par_1_14' title="bbox 138 1486 1775 1559">
     <span class='ocr_line' id='line_1_14' title="bbox 138 1486 1775 1559; baseline -0.002 -16"><span class='ocrx_word' id='word_1_107' title='bbox 138 1487 220 1544; x_wconf 86' lang='lat' dir='ltr'><strong>de</strong></span> <span class='ocrx_word' id='word_1_108' title='bbox 246 1504 385 1544; x_wconf 65' lang='lat' dir='ltr'><strong>sua:</strong></span> <span class='ocrx_word' id='word_1_109' title='bbox 416 1487 710 1559; x_wconf 63' lang='lat' dir='ltr'><strong>praesentiae</strong></span> <span class='ocrx_word' id='word_1_110' title='bbox 735 1488 1125 1559; x_wconf 87' lang='lat' dir='ltr'><strong>propinquitate</strong></span> <span class='ocrx_word' id='word_1_111' title='bbox 1138 1489 1391 1559; x_wconf 85' lang='lat' dir='ltr'><strong>jactante.</strong></span> <span class='ocrx_word' id='word_1_112' title='bbox 1410 1486 1579 1554; x_wconf 90' lang='lat' dir='ltr'><strong>Quam</strong></span> <span class='ocrx_word' id='word_1_113' title='bbox 1606 1487 1775 1542; x_wconf 86' lang='lat' dir='ltr'><strong>lucem</strong></span> 
     </span>
    </p>
   </div>
   <div class='ocr_carea' id='block_1_15' title="bbox 136 1577 1773 1651">
    <p class='ocr_par' dir='ltr' id='par_1_15' title="bbox 136 1577 1773 1651">
     <span class='ocr_line' id='line_1_15' title="bbox 136 1577 1773 1651; baseline -0.001 -17"><span class='ocrx_word' id='word_1_114' title='bbox 136 1578 403 1650; x_wconf 86' lang='lat' dir='ltr'><strong>quidam</strong></span> <span class='ocrx_word' id='word_1_115' title='bbox 435 1577 613 1634; x_wconf 67' lang='lat' dir='ltr'><strong>idiota:</strong></span> <span class='ocrx_word' id='word_1_116' title='bbox 640 1580 770 1634; x_wconf 89' lang='lat' dir='ltr'><strong>solis</strong></span> <span class='ocrx_word' id='word_1_117' title='bbox 807 1594 913 1636; x_wconf 90' lang='lat' dir='ltr'><strong>non</strong></span> <span class='ocrx_word' id='word_1_118' title='bbox 944 1595 1063 1636; x_wconf 90' lang='lat' dir='ltr'><strong>esse</strong></span> <span class='ocrx_word' id='word_1_119' title='bbox 1093 1586 1450 1651; x_wconf 87' lang='lat' dir='ltr'><strong>putaverunt,</strong></span> <span class='ocrx_word' id='word_1_120' title='bbox 1497 1577 1590 1633; x_wconf 89' lang='lat' dir='ltr'><strong>sed</strong></span> <span class='ocrx_word' id='word_1_121' title='bbox 1629 1577 1773 1632; x_wconf 88' lang='lat' dir='ltr'><strong>illam</strong></span> 
     </span>
    </p>
   </div>
   <div class='ocr_carea' id='block_1_16' title="bbox 138 1669 1775 1741">
    <p class='ocr_par' dir='ltr' id='par_1_16' title="bbox 138 1669 1775 1741">
     <span class='ocr_line' id='line_1_16' title="bbox 138 1669 1775 1741; baseline 0 -16"><span class='ocrx_word' id='word_1_122' title='bbox 138 1684 286 1725; x_wconf 85' lang='lat' dir='ltr'><strong>esse</strong></span> <span class='ocrx_word' id='word_1_123' title='bbox 315 1685 454 1739; x_wconf 83' lang='lat' dir='ltr'><strong>quae</strong></span> <span class='ocrx_word' id='word_1_124' title='bbox 478 1669 722 1740; x_wconf 89' lang='lat' dir='ltr'><strong>primitus</strong></span> <span class='ocrx_word' id='word_1_125' title='bbox 745 1670 956 1726; x_wconf 89' lang='lat' dir='ltr'><strong>condita</strong></span> <span class='ocrx_word' id='word_1_126' title='bbox 980 1678 1095 1737; x_wconf 88' lang='lat' dir='ltr'><strong>est,</strong></span> <span class='ocrx_word' id='word_1_127' title='bbox 1117 1679 1399 1741; x_wconf 89' lang='lat' dir='ltr'><strong>antequam</strong></span> <span class='ocrx_word' id='word_1_128' title='bbox 1427 1670 1566 1724; x_wconf 89' lang='lat' dir='ltr'><strong>Deus</strong></span> <span class='ocrx_word' id='word_1_129' title='bbox 1586 1676 1775 1739; x_wconf 89' lang='lat' dir='ltr'><strong>quarto</strong></span> 
     </span>
    </p>
   </div>
   <div class='ocr_carea' id='block_1_17' title="bbox 136 1759 768 1817">
    <p class='ocr_par' dir='ltr' id='par_1_17' title="bbox 136 1759 768 1817">
     <span class='ocr_line' id='line_1_17' title="bbox 136 1759 768 1817; baseline -0.002 -2"><span class='ocrx_word' id='word_1_130' title='bbox 136 1760 240 1815; x_wconf 87' lang='lat' dir='ltr'><strong>die</strong></span> <span class='ocrx_word' id='word_1_131' title='bbox 271 1759 558 1816; x_wconf 87' lang='lat' dir='ltr'><strong>conderet</strong></span> <span class='ocrx_word' id='word_1_132' title='bbox 579 1760 768 1817; x_wconf 91' lang='lat' dir='ltr'><strong>solem.</strong></span> 
     </span>
    </p>
   </div>
   <div class='ocr_carea' id='block_1_18' title="bbox 228 1850 1773 1925">
    <p class='ocr_par' dir='ltr' id='par_1_18' title="bbox 228 1850 1773 1925">
     <span class='ocr_line' id='line_1_18' title="bbox 228 1850 1773 1925; baseline -0.003 -17"><span class='ocrx_word' id='word_1_133' title='bbox 228 1851 475 1908; x_wconf 76' lang='lat' dir='ltr'><strong>XLVll.</strong></span> <span class='ocrx_word' id='word_1_134' title='bbox 508 1851 607 1925; x_wconf 82' lang='grc'><strong>[11).</strong></span> <span class='ocrx_word' id='word_1_135' title='bbox 656 1869 715 1920; x_wconf 81' lang='lat' dir='ltr'><strong>x,</strong></span> <span class='ocrx_word' id='word_1_136' title='bbox 746 1850 824 1925; x_wconf 86' lang='grc'><strong>1.]</strong></span> <span class='ocrx_word' id='word_1_137' title='bbox 864 1850 929 1906; x_wconf 85' lang='lat' dir='ltr'><strong>Et</strong></span> <span class='ocrx_word' id='word_1_138' title='bbox 952 1853 1165 1908; x_wconf 72' lang='lat' dir='ltr'><strong>surrexit</strong></span> <span class='ocrx_word' id='word_1_139' title='bbox 1202 1864 1314 1923; x_wconf 84' lang='lat' dir='ltr'><strong>post</strong></span> <span class='ocrx_word' id='word_1_140' title='bbox 1351 1850 1655 1918; x_wconf 82' lang='lat' dir='ltr'><strong>Abimeleclt,</strong></span> <span class='ocrx_word' id='word_1_141' title='bbox 1686 1851 1773 1920; x_wconf 87' lang='lat' dir='ltr'><strong>qui</strong></span> 
     </span>
    </p>
   </div>
   <div class='ocr_carea' id='block_1_19' title="bbox 137 1944 1769 2016">
    <p class='ocr_par' dir='ltr' id='par_1_19' title="bbox 137 1944 1769 2016">
     <span class='ocr_line' id='line_1_19' title="bbox 137 1944 1769 2016; baseline -0.003 -13"><span class='ocrx_word' id='word_1_142' title='bbox 137 1945 375 2003; x_wconf 79' lang='lat' dir='ltr'><strong>salvum</strong></span> <span class='ocrx_word' id='word_1_143' title='bbox 422 1946 606 2016; x_wconf 87' lang='lat' dir='ltr'><strong>faceret</strong></span> <span class='ocrx_word' id='word_1_144' title='bbox 642 1944 807 2000; x_wconf 84' lang='lat' dir='ltr'><strong>Israel</strong></span> <span class='ocrx_word' id='word_1_145' title='bbox 852 1944 1016 2001; x_wconf 83' lang='lat' dir='ltr'><strong>Thala</strong></span> <span class='ocrx_word' id='word_1_146' title='bbox 1059 1944 1197 2016; x_wconf 87' lang='lat' dir='ltr'><strong>ﬁlius</strong></span> <span class='ocrx_word' id='word_1_147' title='bbox 1239 1945 1415 2013; x_wconf 85' lang='lat' dir='ltr'><strong>Phua,</strong></span> <span class='ocrx_word' id='word_1_148' title='bbox 1444 1947 1582 2016; x_wconf 83' lang='lat' dir='ltr'><strong>ﬁlius</strong></span> <span class='ocrx_word' id='word_1_149' title='bbox 1610 1946 1769 2016; x_wconf 77' lang='lat' dir='ltr'><strong>patris</strong></span> 
     </span>
    </p>
   </div>
   <div class='ocr_carea' id='block_1_20' title="bbox 141 2035 1771 2111">
    <p class='ocr_par' dir='ltr' id='par_1_20' title="bbox 141 2035 1771 2111">
     <span class='ocr_line' id='line_1_20' title="bbox 141 2035 1771 2111; baseline -0.002 -17"><span class='ocrx_word' id='word_1_150' title='bbox 141 2039 348 2111; x_wconf 76' lang='lat' dir='ltr'><strong>fratris</strong></span> <span class='ocrx_word' id='word_1_151' title='bbox 403 2040 538 2109; x_wconf 81' lang='lat' dir='ltr'><strong>ejus,</strong></span> <span class='ocrx_word' id='word_1_152' title='bbox 579 2039 653 2091; x_wconf 84' lang='lat' dir='ltr'><strong>vir</strong></span> <span class='ocrx_word' id='word_1_153' title='bbox 696 2035 956 2092; x_wconf 82' lang='lat' dir='ltr'><strong>Issachar.</strong></span> <span class='ocrx_word' id='word_1_154' title='bbox 1000 2037 1190 2093; x_wconf 87' lang='lat' dir='ltr'><strong>Filium</strong></span> <span class='ocrx_word' id='word_1_155' title='bbox 1238 2038 1413 2109; x_wconf 80' lang='lat' dir='ltr'><strong>patrui</strong></span> <span class='ocrx_word' id='word_1_156' title='bbox 1458 2038 1596 2107; x_wconf 88' lang='lat' dir='ltr'><strong>ejus,</strong></span> <span class='ocrx_word' id='word_1_157' title='bbox 1638 2037 1771 2091; x_wconf 80' lang='lat' dir='ltr'><strong>dixit</strong></span> 
     </span>
    </p>
   </div>
   <div class='ocr_carea' id='block_1_21' title="bbox 141 2129 1769 2203">
    <p class='ocr_par' dir='ltr' id='par_1_21' title="bbox 141 2129 1769 2203">
     <span class='ocr_line' id='line_1_21' title="bbox 141 2129 1769 2203; baseline -0.003 -15"><span class='ocrx_word' id='word_1_158' title='bbox 141 2134 335 2203; x_wconf 73' lang='lat' dir='ltr'><strong>filium</strong></span> <span class='ocrx_word' id='word_1_159' title='bbox 370 2131 542 2203; x_wconf 80' lang='lat' dir='ltr'><strong>patris</strong></span> <span class='ocrx_word' id='word_1_160' title='bbox 569 2131 742 2202; x_wconf 75' lang='lat' dir='ltr'><strong>fratris</strong></span> <span class='ocrx_word' id='word_1_161' title='bbox 782 2131 911 2201; x_wconf 84' lang='lat' dir='ltr'><strong>ejus,</strong></span> <span class='ocrx_word' id='word_1_162' title='bbox 939 2147 1060 2186; x_wconf 89' lang='lat' dir='ltr'><strong>cum</strong></span> <span class='ocrx_word' id='word_1_163' title='bbox 1098 2131 1389 2187; x_wconf 89' lang='lat' dir='ltr'><strong>ordinatius</strong></span> <span class='ocrx_word' id='word_1_164' title='bbox 1429 2139 1481 2185; x_wconf 91' lang='lat' dir='ltr'><strong>ct</strong></span> <span class='ocrx_word' id='word_1_165' title='bbox 1527 2129 1769 2184; x_wconf 88' lang='lat' dir='ltr'><strong>usitatius</strong></span> 
     </span>
    </p>
   </div>
   <div class='ocr_carea' id='block_1_22' title="bbox 143 2218 1763 2297">
    <p class='ocr_par' dir='ltr' id='par_1_22' title="bbox 143 2218 1763 2297">
     <span class='ocr_line' id='line_1_22' title="bbox 143 2218 1763 2297; baseline -0.004 -17"><span class='ocrx_word' id='word_1_166' title='bbox 143 2234 328 2297; x_wconf 86' lang='lat' dir='ltr'><strong>atque</strong></span> <span class='ocrx_word' id='word_1_167' title='bbox 383 2223 629 2293; x_wconf 80' lang='lat' dir='ltr'><strong>apertius</strong></span> <span class='ocrx_word' id='word_1_168' title='bbox 671 2220 958 2289; x_wconf 86' lang='lat' dir='ltr'><strong>diceretur,</strong></span> <span class='ocrx_word' id='word_1_169' title='bbox 985 2221 1151 2276; x_wconf 88' lang='lat' dir='ltr'><strong>ﬁlium</strong></span> <span class='ocrx_word' id='word_1_170' title='bbox 1192 2219 1373 2276; x_wconf 85' lang='lat' dir='ltr'><strong>fratris</strong></span> <span class='ocrx_word' id='word_1_171' title='bbox 1418 2221 1584 2290; x_wconf 88' lang='lat' dir='ltr'><strong>patris</strong></span> <span class='ocrx_word' id='word_1_172' title='bbox 1612 2218 1763 2288; x_wconf 87' lang='lat' dir='ltr'><strong>ejus:</strong></span> 
     </span>
    </p>
   </div>
   <div class='ocr_carea' id='block_1_23' title="bbox 144 2310 1761 2385">
    <p class='ocr_par' dir='ltr' id='par_1_23' title="bbox 144 2310 1761 2385">
     <span class='ocr_line' id='line_1_23' title="bbox 144 2310 1761 2385; baseline -0.006 -11"><span class='ocrx_word' id='word_1_173' title='bbox 144 2319 306 2374; x_wconf 88' lang='lat' dir='ltr'><strong>ﬁlius</strong></span> <span class='ocrx_word' id='word_1_174' title='bbox 334 2316 497 2373; x_wconf 86' lang='lat' dir='ltr'><strong>enim</strong></span> <span class='ocrx_word' id='word_1_175' title='bbox 526 2324 639 2372; x_wconf 89' lang='lat' dir='ltr'><strong>erat</strong></span> <span class='ocrx_word' id='word_1_176' title='bbox 663 2315 835 2385; x_wconf 89' lang='lat' dir='ltr'><strong>patrui</strong></span> <span class='ocrx_word' id='word_1_177' title='bbox 864 2313 1001 2383; x_wconf 89' lang='lat' dir='ltr'><strong>ejus,</strong></span> <span class='ocrx_word' id='word_1_178' title='bbox 1024 2314 1160 2368; x_wconf 90' lang='lat' dir='ltr'><strong>sicut</strong></span> <span class='ocrx_word' id='word_1_179' title='bbox 1186 2312 1482 2368; x_wconf 90' lang='lat' dir='ltr'><strong>evidentius</strong></span> <span class='ocrx_word' id='word_1_180' title='bbox 1513 2312 1565 2364; x_wconf 92' lang='lat' dir='ltr'><strong>in</strong></span> <span class='ocrx_word' id='word_1_181' title='bbox 1591 2326 1654 2365; x_wconf 90' lang='lat' dir='ltr'><strong>ea</strong></span> <span class='ocrx_word' id='word_1_182' title='bbox 1682 2310 1761 2364; x_wconf 83' lang='lat' dir='ltr'><strong>in-</strong></span> 
     </span>
    </p>
   </div>
   <div class='ocr_carea' id='block_1_24' title="bbox 144 2400 1766 2481">
    <p class='ocr_par' dir='ltr' id='par_1_24' title="bbox 144 2400 1766 2481">
     <span class='ocr_line' id='line_1_24' title="bbox 144 2400 1766 2481; baseline -0.008 -14"><span class='ocrx_word' id='word_1_183' title='bbox 144 2408 567 2481; x_wconf 84' lang='lat' dir='ltr'><strong>terpretatione</strong></span> <span class='ocrx_word' id='word_1_184' title='bbox 592 2421 710 2476; x_wconf 71' lang='lat' dir='ltr'><strong>qua:</strong></span> <span class='ocrx_word' id='word_1_185' title='bbox 731 2421 797 2459; x_wconf 81' lang='lat' dir='ltr'><strong>ex</strong></span> <span class='ocrx_word' id='word_1_186' title='bbox 818 2403 1033 2459; x_wconf 84' lang='lat' dir='ltr'><strong>hebran</strong></span> <span class='ocrx_word' id='word_1_187' title='bbox 1060 2413 1162 2470; x_wconf 90' lang='lat' dir='ltr'><strong>est,</strong></span> <span class='ocrx_word' id='word_1_188' title='bbox 1188 2402 1474 2458; x_wconf 89' lang='lat' dir='ltr'><strong>invenitur.</strong></span> <span class='ocrx_word' id='word_1_189' title='bbox 1503 2400 1619 2455; x_wconf 87' lang='lat' dir='ltr'><strong>Non</strong></span> <span class='ocrx_word' id='word_1_190' title='bbox 1640 2416 1766 2471; x_wconf 88' lang='lat' dir='ltr'><strong>ergo</strong></span> 
     </span>
    </p>
   </div>
   <div class='ocr_carea' id='block_1_25' title="bbox 146 2491 1768 2572">
    <p class='ocr_par' dir='ltr' id='par_1_25' title="bbox 146 2491 1768 2572">
     <span class='ocr_line' id='line_1_25' title="bbox 146 2491 1768 2572; baseline -0.006 -18"><span class='ocrx_word' id='word_1_191' title='bbox 146 2500 304 2572; x_wconf 88' lang='lat' dir='ltr'><strong>quod</strong></span> <span class='ocrx_word' id='word_1_192' title='bbox 340 2499 557 2554; x_wconf 90' lang='lat' dir='ltr'><strong>dictum</strong></span> <span class='ocrx_word' id='word_1_193' title='bbox 587 2504 664 2551; x_wconf 90' lang='lat' dir='ltr'><strong>est</strong></span> <span class='ocrx_word' id='word_1_194' title='bbox 699 2495 857 2567; x_wconf 81' lang='lat' dir='ltr'><strong>patris</strong></span> <span class='ocrx_word' id='word_1_195' title='bbox 890 2493 1085 2564; x_wconf 79' lang='lat' dir='ltr'><strong>fratris,</strong></span> <span class='ocrx_word' id='word_1_196' title='bbox 1113 2492 1179 2547; x_wconf 91' lang='lat' dir='ltr'><strong>ab</strong></span> <span class='ocrx_word' id='word_1_197' title='bbox 1225 2507 1290 2547; x_wconf 90' lang='lat' dir='ltr'><strong>eo</strong></span> <span class='ocrx_word' id='word_1_198' title='bbox 1332 2491 1657 2547; x_wconf 90' lang='lat' dir='ltr'><strong>declinatum</strong></span> <span class='ocrx_word' id='word_1_199' title='bbox 1686 2501 1768 2547; x_wconf 87' lang='lat' dir='ltr'><strong>est</strong></span> 
     </span>
    </p>
   </div>
   <div class='ocr_carea' id='block_1_26' title="bbox 145 2580 1768 2663">
    <p class='ocr_par' dir='ltr' id='par_1_26' title="bbox 145 2580 1768 2663">
     <span class='ocr_line' id='line_1_26' title="bbox 145 2580 1768 2663; baseline -0.007 -15"><span class='ocrx_word' id='word_1_200' title='bbox 145 2591 305 2663; x_wconf 78' lang='lat' dir='ltr'><strong>quod</strong></span> <span class='ocrx_word' id='word_1_201' title='bbox 337 2598 439 2646; x_wconf 86' lang='lat' dir='ltr'><strong>est</strong></span> <span class='ocrx_word' id='word_1_202' title='bbox 478 2589 530 2642; x_wconf 92' lang='lat' dir='ltr'><strong>in</strong></span> <span class='ocrx_word' id='word_1_203' title='bbox 572 2586 896 2642; x_wconf 82' lang='lat' dir='ltr'><strong>nominativo</strong></span> <span class='ocrx_word' id='word_1_204' title='bbox 922 2592 1070 2654; x_wconf 91' lang='lat' dir='ltr'><strong>pater</strong></span> <span class='ocrx_word' id='word_1_205' title='bbox 1095 2583 1293 2649; x_wconf 77' lang='lat' dir='ltr'><strong>fratris,</strong></span> <span class='ocrx_word' id='word_1_206' title='bbox 1322 2580 1419 2639; x_wconf 89' lang='lat' dir='ltr'><strong>sed</strong></span> <span class='ocrx_word' id='word_1_207' title='bbox 1440 2581 1508 2636; x_wconf 89' lang='lat' dir='ltr'><strong>ab</strong></span> <span class='ocrx_word' id='word_1_208' title='bbox 1534 2598 1599 2637; x_wconf 91' lang='lat' dir='ltr'><strong>eo</strong></span> <span class='ocrx_word' id='word_1_209' title='bbox 1626 2581 1768 2652; x_wconf 89' lang='lat' dir='ltr'><strong>quod</strong></span> 
     </span>
    </p>
   </div>
   <div class='ocr_carea' id='block_1_27' title="bbox 152 2672 1764 2754">
    <p class='ocr_par' dir='ltr' id='par_1_27' title="bbox 152 2672 1764 2754">
     <span class='ocr_line' id='line_1_27' title="bbox 152 2672 1764 2754; baseline -0.008 -14"><span class='ocrx_word' id='word_1_210' title='bbox 152 2694 244 2740; x_wconf 90' lang='lat' dir='ltr'><strong>est</strong></span> <span class='ocrx_word' id='word_1_211' title='bbox 272 2682 460 2754; x_wconf 86' lang='lat' dir='ltr'><strong>patris</strong></span> <span class='ocrx_word' id='word_1_212' title='bbox 486 2680 669 2745; x_wconf 83' lang='lat' dir='ltr'><strong>frater,</strong></span> <span class='ocrx_word' id='word_1_213' title='bbox 706 2678 806 2734; x_wconf 91' lang='lat' dir='ltr'><strong>hoc</strong></span> <span class='ocrx_word' id='word_1_214' title='bbox 830 2686 912 2733; x_wconf 92' lang='lat' dir='ltr'><strong>est</strong></span> <span class='ocrx_word' id='word_1_215' title='bbox 931 2677 1070 2732; x_wconf 90' lang='lat' dir='ltr'><strong>enim</strong></span> <span class='ocrx_word' id='word_1_216' title='bbox 1101 2685 1339 2745; x_wconf 85' lang='lat' dir='ltr'><strong>patruus.</strong></span> <span class='ocrx_word' id='word_1_217' title='bbox 1370 2672 1501 2729; x_wconf 88' lang='lat' dir='ltr'><strong>Nam</strong></span> <span class='ocrx_word' id='word_1_218' title='bbox 1527 2673 1639 2730; x_wconf 85' lang='lat' dir='ltr'><strong>sive</strong></span> <span class='ocrx_word' id='word_1_219' title='bbox 1669 2687 1764 2743; x_wconf 84' lang='lat' dir='ltr'><strong>po-</strong></span> 
     </span>
    </p>
   </div>
   <div class='ocr_carea' id='block_1_28' title="bbox 155 2766 1767 2839">
    <p class='ocr_par' dir='ltr' id='par_1_28' title="bbox 155 2766 1767 2839">
     <span class='ocr_line' id='line_1_28' title="bbox 155 2766 1767 2839; baseline -0.006 -7"><span class='ocrx_word' id='word_1_220' title='bbox 155 2788 333 2832; x_wconf 76' lang='lat' dir='ltr'><strong>natur</strong></span> <span class='ocrx_word' id='word_1_221' title='bbox 384 2776 443 2829; x_wconf 88' lang='lat' dir='ltr'><strong>in</strong></span> <span class='ocrx_word' id='word_1_222' title='bbox 490 2771 835 2837; x_wconf 83' lang='lat' dir='ltr'><strong>nominativo,</strong></span> <span class='ocrx_word' id='word_1_223' title='bbox 862 2769 949 2824; x_wconf 92' lang='lat' dir='ltr'><strong>hic</strong></span> <span class='ocrx_word' id='word_1_224' title='bbox 987 2778 1136 2839; x_wconf 88' lang='lat' dir='ltr'><strong>pater</strong></span> <span class='ocrx_word' id='word_1_225' title='bbox 1171 2767 1369 2835; x_wconf 82' lang='lat' dir='ltr'><strong>fratris,</strong></span> <span class='ocrx_word' id='word_1_226' title='bbox 1398 2766 1515 2822; x_wconf 90' lang='lat' dir='ltr'><strong>sive</strong></span> <span class='ocrx_word' id='word_1_227' title='bbox 1542 2774 1767 2835; x_wconf 91' lang='lat' dir='ltr'><strong>ponatur</strong></span> 
     </span>
    </p>
   </div>
   <div class='ocr_carea' id='block_1_29' title="bbox 158 2855 1761 2938">
    <p class='ocr_par' dir='ltr' id='par_1_29' title="bbox 158 2855 1761 2938">
     <span class='ocr_line' id='line_1_29' title="bbox 158 2855 1761 2938; baseline -0.007 -16"><span class='ocrx_word' id='word_1_228' title='bbox 158 2867 253 2922; x_wconf 87' lang='lat' dir='ltr'><strong>hic</strong></span> <span class='ocrx_word' id='word_1_229' title='bbox 285 2864 466 2938; x_wconf 85' lang='lat' dir='ltr'><strong>patris</strong></span> <span class='ocrx_word' id='word_1_230' title='bbox 492 2864 672 2929; x_wconf 87' lang='lat' dir='ltr'><strong>frater,</strong></span> <span class='ocrx_word' id='word_1_231' title='bbox 700 2860 987 2932; x_wconf 83' lang='lat' dir='ltr'><strong>genitivum</strong></span> <span class='ocrx_word' id='word_1_232' title='bbox 1024 2858 1148 2914; x_wconf 88' lang='lat' dir='ltr'><strong>facit</strong></span> <span class='ocrx_word' id='word_1_233' title='bbox 1192 2856 1348 2927; x_wconf 88' lang='lat' dir='ltr'><strong>hujus</strong></span> <span class='ocrx_word' id='word_1_234' title='bbox 1376 2855 1541 2928; x_wconf 89' lang='lat' dir='ltr'><strong>patris</strong></span> <span class='ocrx_word' id='word_1_235' title='bbox 1568 2856 1761 2912; x_wconf 86' lang='lat' dir='ltr'><strong>fratris.</strong></span> 
     </span>
    </p>
   </div>
   <div class='ocr_carea' id='block_1_30' title="bbox 158 2946 1765 3023">
    <p class='ocr_par' dir='ltr' id='par_1_30' title="bbox 158 2946 1765 3023">
     <span class='ocr_line' id='line_1_30' title="bbox 158 2946 1765 3023; baseline -0.006 -11"><span class='ocrx_word' id='word_1_236' title='bbox 158 2959 381 3015; x_wconf 70' lang='lat' dir='ltr'><strong>Verum</strong></span> <span class='ocrx_word' id='word_1_237' title='bbox 413 2958 577 3011; x_wconf 86' lang='lat' dir='ltr'><strong>altera</strong></span> <span class='ocrx_word' id='word_1_238' title='bbox 607 2955 776 3009; x_wconf 89' lang='lat' dir='ltr'><strong>oritur</strong></span> <span class='ocrx_word' id='word_1_239' title='bbox 800 2951 1042 3023; x_wconf 58' lang='lat' dir='ltr'><strong>quaestio,</strong></span> <span class='ocrx_word' id='word_1_240' title='bbox 1064 2948 1330 3021; x_wconf 89' lang='lat' dir='ltr'><strong>quomodo</strong></span> <span class='ocrx_word' id='word_1_241' title='bbox 1356 2946 1515 3004; x_wconf 90' lang='lat' dir='ltr'><strong>fuerit</strong></span> <span class='ocrx_word' id='word_1_242' title='bbox 1547 2958 1765 3019; x_wconf 89' lang='lat' dir='ltr'><strong>patruus</strong></span> 
     </span>
    </p>
   </div>
   <div class='ocr_carea' id='block_1_31' title="bbox 160 3039 1760 3111">
    <p class='ocr_par' dir='ltr' id='par_1_31' title="bbox 160 3039 1760 3111">
     <span class='ocr_line' id='line_1_31' title="bbox 160 3039 1760 3111; baseline -0.006 -5"><span class='ocrx_word' id='word_1_243' title='bbox 160 3047 495 3106; x_wconf 88' lang='lat' dir='ltr'><strong>Abimelech</strong></span> <span class='ocrx_word' id='word_1_244' title='bbox 515 3046 590 3100; x_wconf 83' lang='lat' dir='ltr'><strong>vir</strong></span> <span class='ocrx_word' id='word_1_245' title='bbox 613 3043 872 3111; x_wconf 78' lang='lat' dir='ltr'><strong>Issacltar,</strong></span> <span class='ocrx_word' id='word_1_246' title='bbox 910 3042 961 3098; x_wconf 91' lang='lat' dir='ltr'><strong>id</strong></span> <span class='ocrx_word' id='word_1_247' title='bbox 1000 3050 1083 3098; x_wconf 90' lang='lat' dir='ltr'><strong>est</strong></span> <span class='ocrx_word' id='word_1_248' title='bbox 1112 3041 1193 3096; x_wconf 89' lang='lat' dir='ltr'><strong>vir</strong></span> <span class='ocrx_word' id='word_1_249' title='bbox 1219 3041 1288 3097; x_wconf 89' lang='lat' dir='ltr'><strong>de</strong></span> <span class='ocrx_word' id='word_1_250' title='bbox 1316 3040 1453 3096; x_wconf 85' lang='lat' dir='ltr'><strong>tribu</strong></span> <span class='ocrx_word' id='word_1_251' title='bbox 1499 3039 1760 3107; x_wconf 86' lang='lat' dir='ltr'><strong>lssachar,</strong></span> 
     </span>
    </p>
   </div>
   <div class='ocr_carea' id='block_1_32' title="bbox 159 3131 1761 3207">
    <p class='ocr_par' dir='ltr' id='par_1_32' title="bbox 159 3131 1761 3207">
     <span class='ocr_line' id='line_1_32' title="bbox 159 3131 1761 3207; baseline -0.009 -8"><span class='ocrx_word' id='word_1_252' title='bbox 159 3158 292 3199; x_wconf 88' lang='lat' dir='ltr'><strong>cum</strong></span> <span class='ocrx_word' id='word_1_253' title='bbox 324 3136 642 3195; x_wconf 84' lang='lat' dir='ltr'><strong>Abimeleeh</strong></span> <span class='ocrx_word' id='word_1_254' title='bbox 671 3147 872 3207; x_wconf 89' lang='lat' dir='ltr'><strong>patrem</strong></span> <span class='ocrx_word' id='word_1_255' title='bbox 901 3133 1144 3189; x_wconf 86' lang='lat' dir='ltr'><strong>habuerit</strong></span> <span class='ocrx_word' id='word_1_256' title='bbox 1169 3131 1406 3200; x_wconf 90' lang='lat' dir='ltr'><strong>Gedeon,</strong></span> <span class='ocrx_word' id='word_1_257' title='bbox 1426 3131 1516 3203; x_wconf 93' lang='lat' dir='ltr'><strong>qui</strong></span> <span class='ocrx_word' id='word_1_258' title='bbox 1544 3131 1761 3188; x_wconf 77' lang='lat' dir='ltr'><strong>Gedeon</strong></span> 
     </span>
    </p>
   </div>
   <div class='ocr_carea' id='block_1_33' title="bbox 160 3223 1761 3296">
    <p class='ocr_par' dir='ltr' id='par_1_33' title="bbox 160 3223 1761 3296">
     <span class='ocr_line' id='line_1_33' title="bbox 160 3223 1761 3296; baseline -0.009 -3"><span class='ocrx_word' id='word_1_259' title='bbox 160 3238 235 3293; x_wconf 91' lang='lat' dir='ltr'><strong>de</strong></span> <span class='ocrx_word' id='word_1_260' title='bbox 264 3235 417 3291; x_wconf 90' lang='lat' dir='ltr'><strong>tribu</strong></span> <span class='ocrx_word' id='word_1_261' title='bbox 445 3233 543 3287; x_wconf 91' lang='lat' dir='ltr'><strong>fuit</strong></span> <span class='ocrx_word' id='word_1_262' title='bbox 562 3231 821 3285; x_wconf 87' lang='lat' dir='ltr'><strong>Manasse.</strong></span> <span class='ocrx_word' id='word_1_263' title='bbox 848 3226 1123 3296; x_wconf 87' lang='lat' dir='ltr'><strong>Quomodo</strong></span> <span class='ocrx_word' id='word_1_264' title='bbox 1144 3241 1269 3296; x_wconf 86' lang='lat' dir='ltr'><strong>ergo</strong></span> <span class='ocrx_word' id='word_1_265' title='bbox 1295 3225 1441 3281; x_wconf 86' lang='lat' dir='ltr'><strong>Phua</strong></span> <span class='ocrx_word' id='word_1_266' title='bbox 1466 3234 1520 3281; x_wconf 89' lang='lat' dir='ltr'><strong>et</strong></span> <span class='ocrx_word' id='word_1_267' title='bbox 1543 3223 1761 3281; x_wconf 85' lang='lat' dir='ltr'><strong>Gedeon</strong></span> 
     </span>
    </p>
   </div>
   <div class='ocr_carea' id='block_1_34' title="bbox 157 3317 1759 3392">
    <p class='ocr_par' dir='ltr' id='par_1_34' title="bbox 157 3317 1759 3392">
     <span class='ocr_line' id='line_1_34' title="bbox 157 3317 1759 3392; baseline -0.009 -6"><span class='ocrx_word' id='word_1_268' title='bbox 157 3330 375 3385; x_wconf 83' lang='lat' dir='ltr'><strong>fratres</strong></span> <span class='ocrx_word' id='word_1_269' title='bbox 407 3324 637 3391; x_wconf 87' lang='lat' dir='ltr'><strong>fuerunt,</strong></span> <span class='ocrx_word' id='word_1_270' title='bbox 667 3331 725 3377; x_wconf 92' lang='lat' dir='ltr'><strong>ut</strong></span> <span class='ocrx_word' id='word_1_271' title='bbox 754 3320 918 3392; x_wconf 89' lang='lat' dir='ltr'><strong>possit</strong></span> <span class='ocrx_word' id='word_1_272' title='bbox 944 3334 1063 3374; x_wconf 89' lang='lat' dir='ltr'><strong>esse</strong></span> <span class='ocrx_word' id='word_1_273' title='bbox 1097 3318 1242 3372; x_wconf 87' lang='lat' dir='ltr'><strong>Phua</strong></span> <span class='ocrx_word' id='word_1_274' title='bbox 1280 3326 1498 3388; x_wconf 87' lang='lat' dir='ltr'><strong>patruus</strong></span> <span class='ocrx_word' id='word_1_275' title='bbox 1539 3317 1759 3373; x_wconf 88' lang='lat' dir='ltr'><strong>Ahime-</strong></span> 
     </span>
    </p>
   </div>
   <div class='ocr_carea' id='block_1_35' title="bbox 161 3406 1761 3484">
    <p class='ocr_par' dir='ltr' id='par_1_35' title="bbox 161 3406 1761 3484">
     <span class='ocr_line' id='line_1_35' title="bbox 161 3406 1761 3484; baseline -0.006 -11"><span class='ocrx_word' id='word_1_276' title='bbox 161 3418 318 3483; x_wconf 88' lang='lat' dir='ltr'><strong>lech,</strong></span> <span class='ocrx_word' id='word_1_277' title='bbox 342 3414 497 3484; x_wconf 87' lang='lat' dir='ltr'><strong>cujus</strong></span> <span class='ocrx_word' id='word_1_278' title='bbox 522 3414 691 3484; x_wconf 89' lang='lat' dir='ltr'><strong>patrui</strong></span> <span class='ocrx_word' id='word_1_279' title='bbox 737 3411 876 3465; x_wconf 86' lang='lat' dir='ltr'><strong>ﬁlius</strong></span> <span class='ocrx_word' id='word_1_280' title='bbox 916 3408 1086 3464; x_wconf 86' lang='lat' dir='ltr'><strong>Thola</strong></span> <span class='ocrx_word' id='word_1_281' title='bbox 1113 3406 1439 3473; x_wconf 88' lang='lat' dir='ltr'><strong>succederet,</strong></span> <span class='ocrx_word' id='word_1_282' title='bbox 1470 3408 1761 3463; x_wconf 88' lang='lat' dir='ltr'><strong>secundum</strong></span> 
     </span>
    </p>
   </div>
   <div class='ocr_carea' id='block_1_36' title="bbox 162 3501 1763 3575">
    <p class='ocr_par' dir='ltr' id='par_1_36' title="bbox 162 3501 1763 3575">
     <span class='ocr_line' id='line_1_36' title="bbox 162 3501 1763 3575; baseline -0.005 -7"><span class='ocrx_word' id='word_1_283' title='bbox 162 3511 338 3568; x_wconf 88' lang='lat' dir='ltr'><strong>istam</strong></span> <span class='ocrx_word' id='word_1_284' title='bbox 387 3507 769 3572; x_wconf 87' lang='lat' dir='ltr'><strong>narrationem,</strong></span> <span class='ocrx_word' id='word_1_285' title='bbox 814 3505 913 3575; x_wconf 86' lang='lat' dir='ltr'><strong>ipsi</strong></span> <span class='ocrx_word' id='word_1_286' title='bbox 952 3501 1612 3559; x_wconf 84' lang='lat' dir='ltr'><strong>Abimelech?Potuerunt</strong></span> <span class='ocrx_word' id='word_1_287' title='bbox 1634 3518 1763 3575; x_wconf 88' lang='lat' dir='ltr'><strong>ergo</strong></span> 
     </span>
    </p>
   </div>
   <div class='ocr_carea' id='block_1_37' title="bbox 165 3594 1762 3666">
    <p class='ocr_par' dir='ltr' id='par_1_37' title="bbox 165 3594 1762 3666">
     <span class='ocr_line' id='line_1_37' title="bbox 165 3594 1762 3666; baseline -0.005 -8"><span class='ocrx_word' id='word_1_288' title='bbox 165 3601 403 3658; x_wconf 84' lang='lat' dir='ltr'><strong>Gedeon</strong></span> <span class='ocrx_word' id='word_1_289' title='bbox 430 3608 484 3655; x_wconf 92' lang='lat' dir='ltr'><strong>et</strong></span> <span class='ocrx_word' id='word_1_290' title='bbox 514 3598 658 3653; x_wconf 87' lang='lat' dir='ltr'><strong>Phua</strong></span> <span class='ocrx_word' id='word_1_291' title='bbox 685 3612 840 3652; x_wconf 90' lang='lat' dir='ltr'><strong>unam</strong></span> <span class='ocrx_word' id='word_1_292' title='bbox 868 3596 1065 3651; x_wconf 86' lang='lat' dir='ltr'><strong>habere</strong></span> <span class='ocrx_word' id='word_1_293' title='bbox 1088 3604 1335 3664; x_wconf 88' lang='lat' dir='ltr'><strong>matrem,</strong></span> <span class='ocrx_word' id='word_1_294' title='bbox 1364 3611 1429 3651; x_wconf 91' lang='lat' dir='ltr'><strong>ex</strong></span> <span class='ocrx_word' id='word_1_295' title='bbox 1458 3610 1559 3666; x_wconf 91' lang='lat' dir='ltr'><strong>qua</strong></span> <span class='ocrx_word' id='word_1_296' title='bbox 1585 3594 1762 3651; x_wconf 88' lang='lat' dir='ltr'><strong>diver-</strong></span> 
     </span>
    </p>
   </div>
   <div class='ocr_carea' id='block_1_38' title="bbox 168 3686 1759 3764">
    <p class='ocr_par' dir='ltr' id='par_1_38' title="bbox 168 3686 1759 3764">
     <span class='ocr_line' id='line_1_38' title="bbox 168 3686 1759 3764; baseline -0.005 -14"><span class='ocrx_word' id='word_1_297' title='bbox 168 3694 249 3750; x_wconf 85' lang='lat' dir='ltr'><strong>sis</strong></span> <span class='ocrx_word' id='word_1_298' title='bbox 287 3692 533 3764; x_wconf 88' lang='lat' dir='ltr'><strong>patribus</strong></span> <span class='ocrx_word' id='word_1_299' title='bbox 569 3698 931 3755; x_wconf 90' lang='lat' dir='ltr'><strong>nascerentur,</strong></span> <span class='ocrx_word' id='word_1_300' title='bbox 962 3697 1016 3744; x_wconf 92' lang='lat' dir='ltr'><strong>et</strong></span> <span class='ocrx_word' id='word_1_301' title='bbox 1042 3686 1233 3743; x_wconf 89' lang='lat' dir='ltr'><strong>fratres</strong></span> <span class='ocrx_word' id='word_1_302' title='bbox 1253 3693 1437 3744; x_wconf 88' lang='lat' dir='ltr'><strong>essent</strong></span> <span class='ocrx_word' id='word_1_303' title='bbox 1463 3687 1618 3742; x_wconf 83' lang='lat' dir='ltr'><strong>unius</strong></span> <span class='ocrx_word' id='word_1_304' title='bbox 1643 3702 1759 3742; x_wconf 89' lang='lat' dir='ltr'><strong>ma-</strong></span> 
     </span>
    </p>
   </div>
   <div class='ocr_carea' id='block_1_39' title="bbox 172 3780 1760 3853">
    <p class='ocr_par' dir='ltr' id='par_1_39' title="bbox 172 3780 1760 3853">
     <span class='ocr_line' id='line_1_39' title="bbox 172 3780 1760 3853; baseline -0.003 -14"><span class='ocrx_word' id='word_1_305' title='bbox 172 3786 275 3842; x_wconf 91' lang='lat' dir='ltr'><strong>tris</strong></span> <span class='ocrx_word' id='word_1_306' title='bbox 307 3784 428 3852; x_wconf 90' lang='lat' dir='ltr'><strong>ﬁlii,</strong></span> <span class='ocrx_word' id='word_1_307' title='bbox 459 3800 563 3840; x_wconf 89' lang='lat' dir='ltr'><strong>non</strong></span> <span class='ocrx_word' id='word_1_308' title='bbox 592 3784 748 3839; x_wconf 88' lang='lat' dir='ltr'><strong>unius</strong></span> <span class='ocrx_word' id='word_1_309' title='bbox 779 3783 962 3853; x_wconf 88' lang='lat' dir='ltr'><strong>patris.</strong></span> <span class='ocrx_word' id='word_1_310' title='bbox 994 3781 1246 3837; x_wconf 89' lang='lat' dir='ltr'><strong>Solebant</strong></span> <span class='ocrx_word' id='word_1_311' title='bbox 1269 3782 1410 3838; x_wconf 90' lang='lat' dir='ltr'><strong>enim</strong></span> <span class='ocrx_word' id='word_1_312' title='bbox 1450 3780 1649 3836; x_wconf 90' lang='lat' dir='ltr'><strong>nubere</strong></span> <span class='ocrx_word' id='word_1_313' title='bbox 1678 3780 1760 3836; x_wconf 90' lang='lat' dir='ltr'><strong>fe-</strong></span> 
     </span>
    </p>
   </div>
   <div class='ocr_carea' id='block_1_40' title="bbox 172 3871 1759 3933">
    <p class='ocr_par' dir='ltr' id='par_1_40' title="bbox 172 3871 1759 3933">
     <span class='ocr_line' id='line_1_40' title="bbox 172 3871 1759 3933; baseline -0.003 0"><span class='ocrx_word' id='word_1_314' title='bbox 172 3878 341 3933; x_wconf 73' lang='lat' dir='ltr'><strong>minae</strong></span> <span class='ocrx_word' id='word_1_315' title='bbox 376 3875 444 3931; x_wconf 89' lang='lat' dir='ltr'><strong>de</strong></span> <span class='ocrx_word' id='word_1_316' title='bbox 480 3876 599 3931; x_wconf 90' lang='lat' dir='ltr'><strong>aliis</strong></span> <span class='ocrx_word' id='word_1_317' title='bbox 636 3875 877 3931; x_wconf 88' lang='lat' dir='ltr'><strong>tribubus</strong></span> <span class='ocrx_word' id='word_1_318' title='bbox 917 3873 969 3928; x_wconf 91' lang='lat' dir='ltr'><strong>in</strong></span> <span class='ocrx_word' id='word_1_319' title='bbox 1008 3874 1139 3929; x_wconf 88' lang='lat' dir='ltr'><strong>alias</strong></span> <span class='ocrx_word' id='word_1_320' title='bbox 1168 3874 1352 3929; x_wconf 88' lang='lat' dir='ltr'><strong>tribus.</strong></span> <span class='ocrx_word' id='word_1_321' title='bbox 1379 3871 1531 3929; x_wconf 90' lang='lat' dir='ltr'><strong>Unde</strong></span> <span class='ocrx_word' id='word_1_322' title='bbox 1557 3882 1608 3928; x_wconf 90' lang='lat' dir='ltr'><strong>et</strong></span> <span class='ocrx_word' id='word_1_323' title='bbox 1634 3873 1759 3928; x_wconf 69' lang='grc' dir='ltr'>διιῡί</span> 
     </span>
    </p>
   </div>
   <div class='ocr_carea' id='block_1_41' title="bbox 176 3965 1758 4037">
    <p class='ocr_par' dir='ltr' id='par_1_41' title="bbox 176 3965 1758 4037">
     <span class='ocr_line' id='line_1_41' title="bbox 176 3965 1758 4037; baseline -0.005 -10"><span class='ocrx_word' id='word_1_324' title='bbox 176 3986 303 4027; x_wconf 89' lang='lat' dir='ltr'><strong>cum</strong></span> <span class='ocrx_word' id='word_1_325' title='bbox 331 3978 477 4025; x_wconf 88' lang='lat' dir='ltr'><strong>esset</strong></span> <span class='ocrx_word' id='word_1_326' title='bbox 504 3969 571 4024; x_wconf 90' lang='lat' dir='ltr'><strong>de</strong></span> <span class='ocrx_word' id='word_1_327' title='bbox 602 3967 738 4023; x_wconf 88' lang='lat' dir='ltr'><strong>tribu</strong></span> <span class='ocrx_word' id='word_1_328' title='bbox 767 3966 1064 4037; x_wconf 90' lang='lat' dir='ltr'><strong>Benjamin,</strong></span> <span class='ocrx_word' id='word_1_329' title='bbox 1090 3965 1235 4022; x_wconf 88' lang='lat' dir='ltr'><strong>dedit</strong></span> <span class='ocrx_word' id='word_1_330' title='bbox 1277 3965 1437 4021; x_wconf 90' lang='lat' dir='ltr'><strong>ﬁliam</strong></span> <span class='ocrx_word' id='word_1_331' title='bbox 1476 3980 1626 4020; x_wconf 89' lang='lat' dir='ltr'><strong>suam</strong></span> <span class='ocrx_word' id='word_1_332' title='bbox 1654 3965 1758 4020; x_wconf 91' lang='lat' dir='ltr'><strong>Da-</strong></span> 
     </span>
    </p>
   </div>
   <div class='ocr_carea' id='block_1_42' title="bbox 176 4058 1758 4133">
    <p class='ocr_par' dir='ltr' id='par_1_42' title="bbox 176 4058 1758 4133">
     <span class='ocr_line' id='line_1_42' title="bbox 176 4058 1758 4133; baseline -0.003 -15"><span class='ocrx_word' id='word_1_333' title='bbox 176 4064 267 4120; x_wconf 87' lang='lat' dir='ltr'><strong>vid</strong></span> <span class='ocrx_word' id='word_1_334' title='bbox 296 4062 501 4119; x_wconf 88' lang='lat' dir='ltr'><strong>homini</strong></span> <span class='ocrx_word' id='word_1_335' title='bbox 527 4062 595 4117; x_wconf 90' lang='lat' dir='ltr'><strong>de</strong></span> <span class='ocrx_word' id='word_1_336' title='bbox 625 4061 761 4116; x_wconf 91' lang='lat' dir='ltr'><strong>tribu</strong></span> <span class='ocrx_word' id='word_1_337' title='bbox 785 4060 920 4115; x_wconf 82' lang='lat' dir='ltr'><strong>Juda</strong></span> <span class='ocrx_word' id='word_1_338' title='bbox 942 4058 993 4133; x_wconf 95' lang='lat' dir='ltr'><strong>(l</strong></span> <span class='ocrx_word' id='word_1_339' title='bbox 1011 4062 1139 4131; x_wconf 86' lang='lat' dir='ltr'><strong>Reg.</strong></span> <span class='ocrx_word' id='word_1_340' title='bbox 1169 4075 1316 4126; x_wconf 87' lang='lat' dir='ltr'><strong>xvm,</strong></span> <span class='ocrx_word' id='word_1_341' title='bbox 1346 4058 1438 4131; x_wconf 71' lang='lat'><strong>27)</strong></span> <span class='ocrx_word' id='word_1_342' title='bbox 1464 4076 1477 4112; x_wconf 89' lang='lat'><strong>:</strong></span> <span class='ocrx_word' id='word_1_343' title='bbox 1506 4064 1561 4113; x_wconf 89' lang='lat' dir='ltr'><strong>et</strong></span> <span class='ocrx_word' id='word_1_344' title='bbox 1577 4073 1758 4114; x_wconf 86' lang='lat' dir='ltr'><strong>sacer-</strong></span> 
     </span>
    </p>
   </div>
   <div class='ocr_carea' id='block_1_43' title="bbox 180 4151 1759 4223">
    <p class='ocr_par' dir='ltr' id='par_1_43' title="bbox 180 4151 1759 4223">
     <span class='ocr_line' id='line_1_43' title="bbox 180 4151 1759 4223; baseline -0.003 -12"><span class='ocrx_word' id='word_1_345' title='bbox 180 4155 277 4211; x_wconf 91' lang='lat' dir='ltr'><strong>dos</strong></span> <span class='ocrx_word' id='word_1_346' title='bbox 306 4154 494 4211; x_wconf 83' lang='lat' dir='ltr'><strong>Joiade</strong></span> <span class='ocrx_word' id='word_1_347' title='bbox 512 4155 528 4185; x_wconf 86' lang='grc'>¹</span> <span class='ocrx_word' id='word_1_348' title='bbox 546 4195 561 4220; x_wconf 87' lang='grc'><em>,</em></span> <span class='ocrx_word' id='word_1_349' title='bbox 597 4154 776 4223; x_wconf 88' lang='lat' dir='ltr'><strong>utique</strong></span> <span class='ocrx_word' id='word_1_350' title='bbox 804 4154 962 4208; x_wconf 92' lang='lat' dir='ltr'><strong>homo</strong></span> <span class='ocrx_word' id='word_1_351' title='bbox 987 4153 1052 4207; x_wconf 90' lang='lat' dir='ltr'><strong>de</strong></span> <span class='ocrx_word' id='word_1_352' title='bbox 1084 4151 1221 4206; x_wconf 89' lang='lat' dir='ltr'><strong>tribu</strong></span> <span class='ocrx_word' id='word_1_353' title='bbox 1247 4151 1395 4217; x_wconf 88' lang='lat' dir='ltr'><strong>Levi,</strong></span> <span class='ocrx_word' id='word_1_354' title='bbox 1424 4151 1572 4207; x_wconf 90' lang='lat' dir='ltr'><strong>duxit</strong></span> <span class='ocrx_word' id='word_1_355' title='bbox 1598 4152 1759 4207; x_wconf 88' lang='lat' dir='ltr'><strong>ﬁliam</strong></span> 
     </span>
    </p>
   </div>
   <div class='ocr_carea' id='block_1_44' title="bbox 179 4242 1754 4321">
    <p class='ocr_par' dir='ltr' id='par_1_44' title="bbox 179 4242 1754 4321">
     <span class='ocr_line' id='line_1_44' title="bbox 179 4242 1754 4321; baseline -0.003 -15"><span class='ocrx_word' id='word_1_356' title='bbox 179 4250 359 4307; x_wconf 86' lang='lat' dir='ltr'><strong>Joram</strong></span> <span class='ocrx_word' id='word_1_357' title='bbox 400 4249 563 4321; x_wconf 86' lang='lat' dir='ltr'><strong>regis,</strong></span> <span class='ocrx_word' id='word_1_358' title='bbox 594 4246 823 4302; x_wconf 88' lang='lat' dir='ltr'><strong>hominis</strong></span> <span class='ocrx_word' id='word_1_359' title='bbox 872 4245 939 4301; x_wconf 90' lang='lat' dir='ltr'><strong>de</strong></span> <span class='ocrx_word' id='word_1_360' title='bbox 983 4245 1121 4300; x_wconf 91' lang='lat' dir='ltr'><strong>tribu</strong></span> <span class='ocrx_word' id='word_1_361' title='bbox 1150 4244 1280 4301; x_wconf 82' lang='lat' dir='ltr'><strong>Juda</strong></span> <span class='ocrx_word' id='word_1_362' title='bbox 1303 4242 1377 4316; x_wconf 90' lang='lat' dir='ltr'><strong>(ll</strong></span> <span class='ocrx_word' id='word_1_363' title='bbox 1406 4242 1588 4300; x_wconf 85' lang='lat' dir='ltr'><strong>Paral.</strong></span> <span class='ocrx_word' id='word_1_364' title='bbox 1620 4261 1754 4313; x_wconf 86' lang='lat' dir='ltr'><strong>xxu,</strong></span> 
     </span>
    </p>
   </div>
   <div class='ocr_carea' id='block_1_45' title="bbox 185 4335 1756 4413">
    <p class='ocr_par' dir='ltr' id='par_1_45' title="bbox 185 4335 1756 4413">
     <span class='ocr_line' id='line_1_45' title="bbox 185 4335 1756 4413; baseline -0.001 -18"><span class='ocrx_word' id='word_1_365' title='bbox 185 4342 293 4413; x_wconf 88' lang='lat' dir='ltr'><strong>Il).</strong></span> <span class='ocrx_word' id='word_1_366' title='bbox 319 4340 457 4395; x_wconf 84' lang='lat' dir='ltr'><strong>llinc</strong></span> <span class='ocrx_word' id='word_1_367' title='bbox 483 4340 676 4394; x_wconf 90' lang='lat' dir='ltr'><strong>factum</strong></span> <span class='ocrx_word' id='word_1_368' title='bbox 703 4346 805 4403; x_wconf 86' lang='lat' dir='ltr'><strong>est,</strong></span> <span class='ocrx_word' id='word_1_369' title='bbox 833 4346 892 4392; x_wconf 89' lang='lat' dir='ltr'><strong>ut</strong></span> <span class='ocrx_word' id='word_1_370' title='bbox 918 4335 1189 4392; x_wconf 84' lang='lat' dir='ltr'><strong>Elizabeth</strong></span> <span class='ocrx_word' id='word_1_371' title='bbox 1225 4345 1279 4392; x_wconf 91' lang='lat' dir='ltr'><strong>et</strong></span> <span class='ocrx_word' id='word_1_372' title='bbox 1312 4336 1530 4393; x_wconf 76' lang='lat' dir='ltr'><strong>Mariam</strong></span> <span class='ocrx_word' id='word_1_373' title='bbox 1558 4352 1756 4409; x_wconf 87' lang='lat' dir='ltr'><strong>cogna-</strong></span> 
     </span>
    </p>
   </div>
   <div class='ocr_carea' id='block_1_46' title="bbox 183 4425 1759 4503">
    <p class='ocr_par' dir='ltr' id='par_1_46' title="bbox 183 4425 1759 4503">
     <span class='ocr_line' id='line_1_46' title="bbox 183 4425 1759 4503; baseline -0.004 -14"><span class='ocrx_word' id='word_1_374' title='bbox 183 4441 264 4489; x_wconf 87' lang='lat' dir='ltr'><strong>tas</strong></span> <span class='ocrx_word' id='word_1_375' title='bbox 292 4434 343 4488; x_wconf 91' lang='lat' dir='ltr'><strong>in</strong></span> <span class='ocrx_word' id='word_1_376' title='bbox 375 4431 663 4502; x_wconf 84' lang='lat' dir='ltr'><strong>Evangelio</strong></span> <span class='ocrx_word' id='word_1_377' title='bbox 683 4430 919 4501; x_wconf 84' lang='lat' dir='ltr'><strong>legamus</strong></span> <span class='ocrx_word' id='word_1_378' title='bbox 943 4426 1089 4503; x_wconf 86' lang='lat' dir='ltr'><strong>(Luc.</strong></span> <span class='ocrx_word' id='word_1_379' title='bbox 1119 4444 1157 4495; x_wconf 85' lang='grc' dir='ltr'><strong>ι,</strong></span> <span class='ocrx_word' id='word_1_380' title='bbox 1188 4425 1301 4498; x_wconf 79' lang='grc'><strong>56),</strong></span> <span class='ocrx_word' id='word_1_381' title='bbox 1320 4443 1440 4482; x_wconf 90' lang='lat' dir='ltr'><strong>cum</strong></span> <span class='ocrx_word' id='word_1_382' title='bbox 1469 4427 1628 4484; x_wconf 87' lang='lat' dir='ltr'><strong>fuerit</strong></span> <span class='ocrx_word' id='word_1_383' title='bbox 1647 4428 1759 4483; x_wconf 85' lang='lat' dir='ltr'><strong>Eli-</strong></span> 
     </span>
    </p>
   </div>
   <div class='ocr_carea' id='block_1_47' title="bbox 188 4518 1757 4590">
    <p class='ocr_par' dir='ltr' id='par_1_47' title="bbox 188 4518 1757 4590">
     <span class='ocr_line' id='line_1_47' title="bbox 188 4518 1757 4590; baseline -0.002 -12"><span class='ocrx_word' id='word_1_384' title='bbox 188 4524 367 4580; x_wconf 84' lang='lat' dir='ltr'><strong>zabeth</strong></span> <span class='ocrx_word' id='word_1_385' title='bbox 399 4524 468 4578; x_wconf 87' lang='lat' dir='ltr'><strong>de</strong></span> <span class='ocrx_word' id='word_1_386' title='bbox 498 4523 702 4577; x_wconf 79' lang='lat' dir='ltr'><strong>filiabus</strong></span> <span class='ocrx_word' id='word_1_387' title='bbox 731 4522 909 4576; x_wconf 88' lang='lat' dir='ltr'><strong>Aaron</strong></span> <span class='ocrx_word' id='word_1_388' title='bbox 934 4537 946 4573; x_wconf 89' lang='lat'><strong>:</strong></span> <span class='ocrx_word' id='word_1_389' title='bbox 968 4536 1034 4574; x_wconf 87' lang='lat' dir='ltr'><strong>ex</strong></span> <span class='ocrx_word' id='word_1_390' title='bbox 1058 4535 1161 4590; x_wconf 92' lang='lat' dir='ltr'><strong>quo</strong></span> <span class='ocrx_word' id='word_1_391' title='bbox 1190 4518 1498 4589; x_wconf 82' lang='lat' dir='ltr'><strong>intelligitur</strong></span> <span class='ocrx_word' id='word_1_392' title='bbox 1526 4519 1591 4574; x_wconf 93' lang='lat' dir='ltr'><strong>de</strong></span> <span class='ocrx_word' id='word_1_393' title='bbox 1619 4519 1757 4577; x_wconf 89' lang='lat' dir='ltr'><strong>tribu</strong></span> 
     </span>
    </p>
   </div>
   <div class='ocr_carea' id='block_1_48' title="bbox 186 4609 1754 4681">
    <p class='ocr_par' dir='ltr' id='par_1_48' title="bbox 186 4609 1754 4681">
     <span class='ocr_line' id='line_1_48' title="bbox 186 4609 1754 4681; baseline -0.002 -11"><span class='ocrx_word' id='word_1_394' title='bbox 186 4614 308 4671; x_wconf 86' lang='lat' dir='ltr'><strong>Levi</strong></span> <span class='ocrx_word' id='word_1_395' title='bbox 350 4625 405 4671; x_wconf 91' lang='lat' dir='ltr'><strong>et</strong></span> <span class='ocrx_word' id='word_1_396' title='bbox 440 4613 648 4670; x_wconf 91' lang='lat' dir='ltr'><strong>ﬁliabus</strong></span> <span class='ocrx_word' id='word_1_397' title='bbox 687 4613 862 4668; x_wconf 85' lang='lat' dir='ltr'><strong>Aaron</strong></span> <span class='ocrx_word' id='word_1_398' title='bbox 906 4610 1137 4681; x_wconf 89' lang='lat' dir='ltr'><strong>aliquam</strong></span> <span class='ocrx_word' id='word_1_399' title='bbox 1176 4609 1419 4679; x_wconf 89' lang='lat' dir='ltr'><strong>nupsisse</strong></span> <span class='ocrx_word' id='word_1_400' title='bbox 1456 4610 1511 4664; x_wconf 90' lang='lat' dir='ltr'><strong>in</strong></span> <span class='ocrx_word' id='word_1_401' title='bbox 1563 4610 1754 4667; x_wconf 88' lang='lat' dir='ltr'><strong>tribum</strong></span> 
     </span>
    </p>
   </div>
   <div class='ocr_carea' id='block_1_49' title="bbox 188 4702 1758 4773">
    <p class='ocr_par' dir='ltr' id='par_1_49' title="bbox 188 4702 1758 4773">
     <span class='ocr_line' id='line_1_49' title="bbox 188 4702 1758 4773; baseline -0.002 -10"><span class='ocrx_word' id='word_1_402' title='bbox 188 4706 336 4773; x_wconf 78' lang='lat' dir='ltr'><strong>Juda,</strong></span> <span class='ocrx_word' id='word_1_403' title='bbox 364 4706 505 4764; x_wconf 91' lang='lat' dir='ltr'><strong>unde</strong></span> <span class='ocrx_word' id='word_1_404' title='bbox 550 4707 621 4762; x_wconf 89' lang='lat' dir='ltr'><strong>ita</strong></span> <span class='ocrx_word' id='word_1_405' title='bbox 661 4706 810 4762; x_wconf 88' lang='lat' dir='ltr'><strong>ﬁeret</strong></span> <span class='ocrx_word' id='word_1_406' title='bbox 858 4704 995 4760; x_wconf 88' lang='lat' dir='ltr'><strong>inter</strong></span> <span class='ocrx_word' id='word_1_407' title='bbox 1038 4702 1218 4759; x_wconf 89' lang='lat' dir='ltr'><strong>ambas</strong></span> <span class='ocrx_word' id='word_1_408' title='bbox 1267 4703 1355 4758; x_wconf 90' lang='lat' dir='ltr'><strong>illa</strong></span> <span class='ocrx_word' id='word_1_409' title='bbox 1398 4703 1663 4772; x_wconf 83' lang='lat' dir='ltr'><strong>cognatio,</strong></span> <span class='ocrx_word' id='word_1_410' title='bbox 1699 4712 1758 4760; x_wconf 90' lang='lat' dir='ltr'><strong>ut</strong></span> 
     </span>
    </p>
   </div>
   <div class='ocr_carea' id='block_1_50' title="bbox 190 4795 1755 4869">
    <p class='ocr_par' dir='ltr' id='par_1_50' title="bbox 190 4795 1755 4869">
     <span class='ocr_line' id='line_1_50' title="bbox 190 4795 1755 4869; baseline 0 -16"><span class='ocrx_word' id='word_1_411' title='bbox 190 4799 390 4855; x_wconf 88' lang='lat' dir='ltr'><strong>Domini</strong></span> <span class='ocrx_word' id='word_1_412' title='bbox 421 4814 546 4855; x_wconf 89' lang='lat' dir='ltr'><strong>caro</strong></span> <span class='ocrx_word' id='word_1_413' title='bbox 574 4815 678 4854; x_wconf 89' lang='lat' dir='ltr'><strong>non</strong></span> <span class='ocrx_word' id='word_1_414' title='bbox 707 4798 874 4853; x_wconf 90' lang='lat' dir='ltr'><strong>solum</strong></span> <span class='ocrx_word' id='word_1_415' title='bbox 899 4796 965 4852; x_wconf 87' lang='lat' dir='ltr'><strong>de</strong></span> <span class='ocrx_word' id='word_1_416' title='bbox 986 4796 1152 4869; x_wconf 88' lang='lat' dir='ltr'><strong>regia,</strong></span> <span class='ocrx_word' id='word_1_417' title='bbox 1177 4810 1364 4851; x_wconf 82' lang='lat' dir='ltr'><strong>verum</strong></span> <span class='ocrx_word' id='word_1_418' title='bbox 1393 4796 1553 4851; x_wconf 88' lang='lat' dir='ltr'><strong>etiam</strong></span> <span class='ocrx_word' id='word_1_419' title='bbox 1581 4795 1648 4853; x_wconf 90' lang='lat' dir='ltr'><strong>de</strong></span> <span class='ocrx_word' id='word_1_420' title='bbox 1669 4811 1755 4853; x_wconf 86' lang='lat' dir='ltr'><strong>sa-</strong></span> 
     </span>
    </p>
   </div>
   <div class='ocr_carea' id='block_1_51' title="bbox 190 4889 1079 4959">
    <p class='ocr_par' dir='ltr' id='par_1_51' title="bbox 190 4889 1079 4959">
     <span class='ocr_line' id='line_1_51' title="bbox 190 4889 1079 4959; baseline -0.004 -14"><span class='ocrx_word' id='word_1_421' title='bbox 190 4890 441 4945; x_wconf 79' lang='lat' dir='ltr'><strong>cerdotali</strong></span> <span class='ocrx_word' id='word_1_422' title='bbox 479 4889 644 4959; x_wconf 90' lang='lat' dir='ltr'><strong>stirpe</strong></span> <span class='ocrx_word' id='word_1_423' title='bbox 684 4896 1079 4959; x_wconf 86' lang='lat' dir='ltr'><strong>propagaretur.</strong></span> 
     </span>
    </p>
   </div>
   <div class='ocr_carea' id='block_1_52' title="bbox 256 4975 1757 5053">
    <p class='ocr_par' dir='ltr' id='par_1_52' title="bbox 256 4975 1757 5053">
     <span class='ocr_line' id='line_1_52' title="bbox 256 4975 1757 5053; baseline -0.002 -18"><span class='ocrx_word' id='word_1_424' title='bbox 256 4978 481 5035; x_wconf 76' lang='lat' dir='ltr'><strong>XLVIII.</strong></span> <span class='ocrx_word' id='word_1_425' title='bbox 511 4977 609 5053; x_wconf 84' lang='lat' dir='ltr'><strong>[1b.</strong></span> <span class='ocrx_word' id='word_1_426' title='bbox 632 4994 706 5043; x_wconf 79' lang='lat' dir='ltr'><strong>xi,</strong></span> <span class='ocrx_word' id='word_1_427' title='bbox 726 4976 839 5051; x_wconf 67' lang='lat'><strong>24.]</strong></span> <span class='ocrx_word' id='word_1_428' title='bbox 863 4977 1002 5033; x_wconf 90' lang='lat' dir='ltr'><strong>Inter</strong></span> <span class='ocrx_word' id='word_1_429' title='bbox 1020 4985 1211 5033; x_wconf 58' lang='lat' dir='ltr'><strong>caetera</strong></span> <span class='ocrx_word' id='word_1_430' title='bbox 1239 4993 1357 5048; x_wconf 68' lang='lat' dir='ltr'><strong>qua:</strong></span> <span class='ocrx_word' id='word_1_431' title='bbox 1381 4975 1571 5048; x_wconf 81' lang='lat' dir='ltr'><strong>Jephte</strong></span> <span class='ocrx_word' id='word_1_432' title='bbox 1607 4991 1757 5033; x_wconf 90' lang='lat' dir='ltr'><strong>man-</strong></span> 
     </span>
    </p>
   </div>
   <div class='ocr_carea' id='block_1_53' title="bbox 194 5068 1752 5141">
    <p class='ocr_par' dir='ltr' id='par_1_53' title="bbox 194 5068 1752 5141">
     <span class='ocr_line' id='line_1_53' title="bbox 194 5068 1752 5141; baseline 0.001 -19"><span class='ocrx_word' id='word_1_433' title='bbox 194 5068 280 5124; x_wconf 87' lang='lat' dir='ltr'><strong>dat</strong></span> <span class='ocrx_word' id='word_1_434' title='bbox 319 5086 409 5141; x_wconf 90' lang='lat' dir='ltr'><strong>per</strong></span> <span class='ocrx_word' id='word_1_435' title='bbox 445 5070 657 5124; x_wconf 87' lang='lat' dir='ltr'><strong>nuntios</strong></span> <span class='ocrx_word' id='word_1_436' title='bbox 686 5069 795 5139; x_wconf 90' lang='lat' dir='ltr'><strong>regi</strong></span> <span class='ocrx_word' id='word_1_437' title='bbox 826 5069 1051 5124; x_wconf 88' lang='lat' dir='ltr'><strong>ﬁliorum</strong></span> <span class='ocrx_word' id='word_1_438' title='bbox 1081 5068 1328 5136; x_wconf 85' lang='lat' dir='ltr'><strong>Ammon,</strong></span> <span class='ocrx_word' id='word_1_439' title='bbox 1357 5070 1516 5125; x_wconf 90' lang='lat' dir='ltr'><strong>etiam</strong></span> <span class='ocrx_word' id='word_1_440' title='bbox 1542 5068 1643 5124; x_wconf 91' lang='lat' dir='ltr'><strong>hoc</strong></span> <span class='ocrx_word' id='word_1_441' title='bbox 1666 5068 1752 5124; x_wconf 87' lang='lat' dir='ltr'><strong>di-</strong></span> 
     </span>
    </p>
   </div>
   <div class='ocr_carea' id='block_1_54' title="bbox 196 5157 1751 5233">
    <p class='ocr_par' dir='ltr' id='par_1_54' title="bbox 196 5157 1751 5233">
     <span class='ocr_line' id='line_1_54' title="bbox 196 5157 1751 5233; baseline 0.002 -21"><span class='ocrx_word' id='word_1_442' title='bbox 196 5159 286 5213; x_wconf 88' lang='lat' dir='ltr'><strong>cit:</strong></span> <span class='ocrx_word' id='word_1_443' title='bbox 303 5158 484 5215; x_wconf 86' lang='lat' dir='ltr'><strong>Nonne</strong></span> <span class='ocrx_word' id='word_1_444' title='bbox 497 5176 815 5233; x_wconf 77' lang='lat' dir='ltr'><strong>qutecumque</strong></span> <span class='ocrx_word' id='word_1_445' title='bbox 829 5159 1133 5214; x_wconf 83' lang='lat' dir='ltr'><strong>Iuereditavit</strong></span> <span class='ocrx_word' id='word_1_446' title='bbox 1148 5160 1236 5213; x_wconf 87' lang='lat' dir='ltr'><strong>tibi</strong></span> <span class='ocrx_word' id='word_1_447' title='bbox 1252 5157 1466 5215; x_wconf 82' lang='lat' dir='ltr'><strong>Chamos</strong></span> <span class='ocrx_word' id='word_1_448' title='bbox 1481 5161 1602 5215; x_wconf 86' lang='lat' dir='ltr'><strong>deus</strong></span> <span class='ocrx_word' id='word_1_449' title='bbox 1616 5169 1751 5229; x_wconf 89' lang='lat' dir='ltr'><strong>tuus,</strong></span> 
     </span>
    </p>
   </div>
   <div class='ocr_carea' id='block_1_55' title="bbox 199 5248 1752 5320">
    <p class='ocr_par' dir='ltr' id='par_1_55' title="bbox 199 5248 1752 5320">
     <span class='ocr_line' id='line_1_55' title="bbox 199 5248 1752 5320; baseline 0.002 -20"><span class='ocrx_word' id='word_1_450' title='bbox 199 5248 295 5304; x_wconf 68' lang='lat' dir='ltr'><strong>hac</strong></span> <span class='ocrx_word' id='word_1_451' title='bbox 321 5251 673 5318; x_wconf 74' lang='lat' dir='ltr'><strong>ltwreditabis;</strong></span> <span class='ocrx_word' id='word_1_452' title='bbox 696 5260 743 5304; x_wconf 78' lang='lat' dir='ltr'><strong>et</strong></span> <span class='ocrx_word' id='word_1_453' title='bbox 768 5250 936 5303; x_wconf 82' lang='lat' dir='ltr'><strong>omnia</strong></span> <span class='ocrx_word' id='word_1_454' title='bbox 963 5265 1282 5320; x_wconf 68' lang='lat' dir='ltr'><strong>quaecumque</strong></span> <span class='ocrx_word' id='word_1_455' title='bbox 1308 5250 1617 5304; x_wconf 69' lang='lat' dir='ltr'><strong>[uenditauit</strong></span> <span class='ocrx_word' id='word_1_456' title='bbox 1642 5249 1752 5304; x_wconf 84' lang='lat' dir='ltr'><strong>Do-</strong></span> 
     </span>
    </p>
   </div>
   <div class='ocr_carea' id='block_1_56' title="bbox 201 5339 1754 5411">
    <p class='ocr_par' dir='ltr' id='par_1_56' title="bbox 201 5339 1754 5411">
     <span class='ocr_line' id='line_1_56' title="bbox 201 5339 1754 5411; baseline 0.004 -21"><span class='ocrx_word' id='word_1_457' title='bbox 201 5340 350 5395; x_wconf 88' lang='lat' dir='ltr'><strong>minus</strong></span> <span class='ocrx_word' id='word_1_458' title='bbox 363 5341 496 5396; x_wconf 88' lang='lat' dir='ltr'><strong>Deus</strong></span> <span class='ocrx_word' id='word_1_459' title='bbox 507 5350 669 5396; x_wconf 84' lang='lat' dir='ltr'><strong>noster</strong></span> <span class='ocrx_word' id='word_1_460' title='bbox 679 5358 710 5395; x_wconf 90' lang='lat' dir='ltr'><strong>a</strong></span> <span class='ocrx_word' id='word_1_461' title='bbox 722 5341 851 5411; x_wconf 85' lang='lat' dir='ltr'><strong>facie</strong></span> <span class='ocrx_word' id='word_1_462' title='bbox 860 5350 1039 5407; x_wconf 86' lang='lat' dir='ltr'><strong>vestra,</strong></span> <span class='ocrx_word' id='word_1_463' title='bbox 1048 5339 1151 5394; x_wconf 73' lang='lat' dir='ltr'><strong>lucc</strong></span> <span class='ocrx_word' id='word_1_464' title='bbox 1163 5340 1590 5396; x_wconf 64' lang='lat' dir='ltr'><strong>hareditabimus?</strong></span> <span class='ocrx_word' id='word_1_465' title='bbox 1603 5340 1754 5408; x_wconf 87' lang='lat' dir='ltr'><strong>Quod</strong></span> 
     </span>
    </p>
   </div>
   <div class='ocr_carea' id='block_1_57' title="bbox 201 5432 1756 5503">
    <p class='ocr_par' dir='ltr' id='par_1_57' title="bbox 201 5432 1756 5503">
     <span class='ocr_line' id='line_1_57' title="bbox 201 5432 1756 5503; baseline 0.003 -18"><span class='ocrx_word' id='word_1_466' title='bbox 201 5432 395 5498; x_wconf 86' lang='lat' dir='ltr'><strong>quidam</strong></span> <span class='ocrx_word' id='word_1_467' title='bbox 421 5434 567 5490; x_wconf 87' lang='lat' dir='ltr'><strong>latini</strong></span> <span class='ocrx_word' id='word_1_468' title='bbox 596 5434 671 5489; x_wconf 89' lang='lat' dir='ltr'><strong>sic</strong></span> <span class='ocrx_word' id='word_1_469' title='bbox 695 5432 1144 5503; x_wconf 88' lang='lat' dir='ltr'><strong>interpretandum</strong></span> <span class='ocrx_word' id='word_1_470' title='bbox 1170 5442 1500 5503; x_wconf 83' lang='lat' dir='ltr'><strong>putaverunt,</strong></span> <span class='ocrx_word' id='word_1_471' title='bbox 1523 5442 1579 5487; x_wconf 91' lang='lat' dir='ltr'><strong>ut</strong></span> <span class='ocrx_word' id='word_1_472' title='bbox 1606 5433 1756 5489; x_wconf 90' lang='lat' dir='ltr'><strong>dice-</strong></span> 
     </span>
    </p>
   </div>
   <div class='ocr_carea' id='block_1_58' title="bbox 205 5523 1751 5597">
    <p class='ocr_par' dir='ltr' id='par_1_58' title="bbox 205 5523 1751 5597">
     <span class='ocr_line' id='line_1_58' title="bbox 205 5523 1751 5597; baseline 0.003 -22"><span class='ocrx_word' id='word_1_473' title='bbox 205 5533 327 5590; x_wconf 87' lang='lat' dir='ltr'><strong>rent,</strong></span> <span class='ocrx_word' id='word_1_474' title='bbox 355 5524 536 5581; x_wconf 83' lang='lat' dir='ltr'><strong>Nonne</strong></span> <span class='ocrx_word' id='word_1_475' title='bbox 558 5542 877 5597; x_wconf 62' lang='lat' dir='ltr'><strong>quotcumque</strong></span> <span class='ocrx_word' id='word_1_476' title='bbox 901 5524 1036 5579; x_wconf 84' lang='lat' dir='ltr'><strong>dedit</strong></span> <span class='ocrx_word' id='word_1_477' title='bbox 1062 5525 1148 5579; x_wconf 87' lang='lat' dir='ltr'><strong>tibi</strong></span> <span class='ocrx_word' id='word_1_478' title='bbox 1173 5525 1224 5579; x_wconf 88' lang='lat' dir='ltr'><strong>in</strong></span> <span class='ocrx_word' id='word_1_479' title='bbox 1254 5524 1592 5580; x_wconf 60' lang='lat' dir='ltr'><strong>hereditatem</strong></span> <span class='ocrx_word' id='word_1_480' title='bbox 1619 5523 1751 5581; x_wconf 84' lang='lat' dir='ltr'><strong>Cha-</strong></span> 
     </span>
    </p>
   </div>
   <div class='ocr_carea' id='block_1_59' title="bbox 205 5613 1754 5689">
    <p class='ocr_par' dir='ltr' id='par_1_59' title="bbox 205 5613 1754 5689">
     <span class='ocr_line' id='line_1_59' title="bbox 205 5613 1754 5689; baseline 0.006 -26"><span class='ocrx_word' id='word_1_481' title='bbox 205 5621 301 5666; x_wconf 83' lang='lat' dir='ltr'><strong>mos</strong></span> <span class='ocrx_word' id='word_1_482' title='bbox 328 5616 441 5670; x_wconf 84' lang='lat' dir='ltr'><strong>deus</strong></span> <span class='ocrx_word' id='word_1_483' title='bbox 477 5626 613 5682; x_wconf 87' lang='lat' dir='ltr'><strong>tuus,</strong></span> <span class='ocrx_word' id='word_1_484' title='bbox 644 5617 749 5671; x_wconf 68' lang='lat' dir='ltr'><strong>haec</strong></span> <span class='ocrx_word' id='word_1_485' title='bbox 777 5616 1088 5687; x_wconf 83' lang='lat' dir='ltr'><strong>possidebis?</strong></span> <span class='ocrx_word' id='word_1_486' title='bbox 1113 5615 1202 5670; x_wconf 90' lang='lat' dir='ltr'><strong>ubi</strong></span> <span class='ocrx_word' id='word_1_487' title='bbox 1232 5613 1400 5671; x_wconf 87' lang='lat' dir='ltr'><strong>videri</strong></span> <span class='ocrx_word' id='word_1_488' title='bbox 1428 5623 1603 5689; x_wconf 77' lang='lat' dir='ltr'><strong>potest</strong></span> <span class='ocrx_word' id='word_1_489' title='bbox 1625 5631 1754 5675; x_wconf 87' lang='lat' dir='ltr'><strong>con-</strong></span> 
     </span>
    </p>
   </div>
   <div class='ocr_carea' id='block_1_60' title="bbox 266 5712 1436 5782">
    <p class='ocr_par' dir='ltr' id='par_1_60' title="bbox 266 5712 1436 5782">
     <span class='ocr_line' id='line_1_60' title="bbox 266 5712 1436 5782; baseline 0.003 -19"><span class='ocrx_word' id='word_1_490' title='bbox 266 5712 279 5746; x_wconf 83' lang='grc'>¹</span> <span class='ocrx_word' id='word_1_491' title='bbox 302 5720 346 5764; x_wconf 89' lang='lat' dir='ltr'><strong>In</strong></span> <span class='ocrx_word' id='word_1_492' title='bbox 366 5721 491 5779; x_wconf 85' lang='lat' dir='ltr'><strong>nss.,</strong></span> <span class='ocrx_word' id='word_1_493' title='bbox 514 5717 674 5779; x_wconf 70' lang='lat' dir='ltr'><strong>Judtt,</strong></span> <span class='ocrx_word' id='word_1_494' title='bbox 695 5731 786 5769; x_wconf 88' lang='lat' dir='ltr'><strong>seu</strong></span> <span class='ocrx_word' id='word_1_495' title='bbox 804 5718 949 5769; x_wconf 83' lang='lat' dir='ltr'><strong>Jude.</strong></span> <span class='ocrx_word' id='word_1_496' title='bbox 972 5717 1104 5781; x_wconf 78' lang='lat' dir='ltr'><strong>Apud</strong></span> <span class='ocrx_word' id='word_1_497' title='bbox 1123 5722 1251 5782; x_wconf 83' lang='lat' dir='ltr'><strong>LXX,</strong></span> <span class='ocrx_word' id='word_1_498' title='bbox 1274 5714 1436 5770; x_wconf 70' lang='lat' dir='ltr'><strong>zadae.</strong></span> 
     </span>
    </p>
   </div>
   <div class='ocr_carea' id='block_1_61' title="bbox 463 5801 1152 5865">
    <p class='ocr_par' dir='ltr' id='par_1_61' title="bbox 463 5801 1152 5865">
     <span class='ocr_line' id='line_1_61' title="bbox 463 5801 1152 5865; baseline -0.004 -1"><span class='ocrx_word' id='word_1_499' title='bbox 463 5802 687 5865; x_wconf 71' lang='lat' dir='ltr'><strong>SANCT.</strong></span> <span class='ocrx_word' id='word_1_500' title='bbox 734 5804 1012 5865; x_wconf 78' lang='lat' dir='ltr'><strong>Ancusr.</strong></span> <span class='ocrx_word' id='word_1_501' title='bbox 1042 5801 1152 5864; x_wconf 87' lang='lat' dir='ltr'><strong>lII.</strong></span> 
     </span>
    </p>
   </div>
   <div class='ocr_carea' id='block_1_62' title="bbox 1542 283 2129 344">
    <p class='ocr_par' dir='ltr' id='par_1_62' title="bbox 1542 283 2129 344">
     <span class='ocr_line' id='line_1_62' title="bbox 1542 283 2129 344; baseline 0.007 -7"><span class='ocrx_word' id='word_1_502' title='bbox 1542 284 1737 339; x_wconf 77' lang='lat' dir='ltr'><strong>LIBER</strong></span> <span class='ocrx_word' id='word_1_503' title='bbox 1780 283 2129 344; x_wconf 80' lang='lat' dir='ltr'><strong>SEPTIMUS.</strong></span> 
     </span>
    </p>
   </div>
   <div class='ocr_carea' id='block_1_63' title="bbox 3359 293 3465 353">
    <p class='ocr_par' dir='ltr' id='par_1_63' title="bbox 3359 293 3465 353">
     <span class='ocr_line' id='line_1_63' title="bbox 3359 293 3465 353; baseline -0.009 0"><span class='ocrx_word' id='word_1_504' title='bbox 3359 293 3465 353; x_wconf 86' lang='lat' dir='ltr'><strong>8l0</strong></span> 
     </span>
    </p>
   </div>
   <div class='ocr_carea' id='block_1_64' title="bbox 1895 397 3461 477">
    <p class='ocr_par' dir='ltr' id='par_1_64' title="bbox 1895 397 3461 477">
     <span class='ocr_line' id='line_1_64' title="bbox 1895 397 3461 477; baseline 0.01 -25"><span class='ocrx_word' id='word_1_505' title='bbox 1895 397 2135 453; x_wconf 87' lang='lat' dir='ltr'><strong>ﬁrmasse</strong></span> <span class='ocrx_word' id='word_1_506' title='bbox 2179 398 2368 468; x_wconf 82' lang='lat' dir='ltr'><strong>Jephte</strong></span> <span class='ocrx_word' id='word_1_507' title='bbox 2408 399 2565 455; x_wconf 89' lang='lat' dir='ltr'><strong>deum</strong></span> <span class='ocrx_word' id='word_1_508' title='bbox 2614 400 2791 465; x_wconf 89' lang='lat' dir='ltr'><strong>istum,</strong></span> <span class='ocrx_word' id='word_1_509' title='bbox 2826 404 2917 474; x_wconf 90' lang='lat' dir='ltr'><strong>qui</strong></span> <span class='ocrx_word' id='word_1_510' title='bbox 2961 411 3178 460; x_wconf 84' lang='lat' dir='ltr'><strong>vocatur</strong></span> <span class='ocrx_word' id='word_1_511' title='bbox 3210 406 3461 477; x_wconf 87' lang='lat' dir='ltr'><strong>Chamos,</strong></span> 
     </span>
    </p>
   </div>
   <div class='ocr_carea' id='block_1_65' title="bbox 1891 491 3459 563">
    <p class='ocr_par' dir='ltr' id='par_1_65' title="bbox 1891 491 3459 563">
     <span class='ocr_line' id='line_1_65' title="bbox 1891 491 3459 563; baseline 0.004 -16"><span class='ocrx_word' id='word_1_512' title='bbox 1891 492 2128 561; x_wconf 89' lang='lat' dir='ltr'><strong>potuisse</strong></span> <span class='ocrx_word' id='word_1_513' title='bbox 2153 491 2347 563; x_wconf 88' lang='lat' dir='ltr'><strong>aliquid</strong></span> <span class='ocrx_word' id='word_1_514' title='bbox 2374 491 2501 547; x_wconf 88' lang='lat' dir='ltr'><strong>dare</strong></span> <span class='ocrx_word' id='word_1_515' title='bbox 2536 493 2589 548; x_wconf 91' lang='lat' dir='ltr'><strong>in</strong></span> <span class='ocrx_word' id='word_1_516' title='bbox 2625 493 2985 551; x_wconf 78' lang='lat' dir='ltr'><strong>haereditatem</strong></span> <span class='ocrx_word' id='word_1_517' title='bbox 3013 497 3302 555; x_wconf 85' lang='lat' dir='ltr'><strong>cultoribus</strong></span> <span class='ocrx_word' id='word_1_518' title='bbox 3327 502 3459 556; x_wconf 89' lang='lat' dir='ltr'><strong>suis.</strong></span> 
     </span>
    </p>
   </div>
   <div class='ocr_carea' id='block_1_66' title="bbox 1891 583 3465 661">
    <p class='ocr_par' dir='ltr' id='par_1_66' title="bbox 1891 583 3465 661">
     <span class='ocr_line' id='line_1_66' title="bbox 1891 583 3465 661; baseline 0.007 -25"><span class='ocrx_word' id='word_1_519' title='bbox 1891 583 2115 649; x_wconf 87' lang='lat' dir='ltr'><strong>Quidam</strong></span> <span class='ocrx_word' id='word_1_520' title='bbox 2156 598 2282 637; x_wconf 92' lang='lat' dir='ltr'><strong>vero</strong></span> <span class='ocrx_word' id='word_1_521' title='bbox 2322 584 2400 638; x_wconf 90' lang='lat' dir='ltr'><strong>sic</strong></span> <span class='ocrx_word' id='word_1_522' title='bbox 2428 585 2644 651; x_wconf 86' lang='lat' dir='ltr'><strong>habent,</strong></span> <span class='ocrx_word' id='word_1_523' title='bbox 2678 585 2861 640; x_wconf 87' lang='lat' dir='ltr'><strong>Nonne</strong></span> <span class='ocrx_word' id='word_1_524' title='bbox 2885 604 3207 658; x_wconf 70' lang='lat' dir='ltr'><strong>quaecumque</strong></span> <span class='ocrx_word' id='word_1_525' title='bbox 3242 595 3465 661; x_wconf 82' lang='lat' dir='ltr'><strong>possedit</strong></span> 
     </span>
    </p>
   </div>
   <div class='ocr_carea' id='block_1_67' title="bbox 1891 674 3459 749">
    <p class='ocr_par' dir='ltr' id='par_1_67' title="bbox 1891 674 3459 749">
     <span class='ocr_line' id='line_1_67' title="bbox 1891 674 3459 749; baseline 0.006 -22"><span class='ocrx_word' id='word_1_526' title='bbox 1891 674 2108 728; x_wconf 76' lang='lat' dir='ltr'><strong>Cltumos</strong></span> <span class='ocrx_word' id='word_1_527' title='bbox 2150 675 2272 729; x_wconf 84' lang='lat' dir='ltr'><strong>deus</strong></span> <span class='ocrx_word' id='word_1_528' title='bbox 2313 684 2448 741; x_wconf 86' lang='lat' dir='ltr'><strong>tuus,</strong></span> <span class='ocrx_word' id='word_1_529' title='bbox 2477 676 2582 729; x_wconf 66' lang='lat' dir='ltr'><strong>haec</strong></span> <span class='ocrx_word' id='word_1_530' title='bbox 2624 676 2937 747; x_wconf 80' lang='lat' dir='ltr'><strong>possidebis?</strong></span> <span class='ocrx_word' id='word_1_531' title='bbox 2960 678 3140 734; x_wconf 92' lang='lat' dir='ltr'><strong>ethoc</strong></span> <span class='ocrx_word' id='word_1_532' title='bbox 3179 681 3250 735; x_wconf 91' lang='lat' dir='ltr'><strong>ita</strong></span> <span class='ocrx_word' id='word_1_533' title='bbox 3284 692 3459 749; x_wconf 89' lang='lat' dir='ltr'><strong>sonat,</strong></span> 
     </span>
    </p>
   </div>
   <div class='ocr_carea' id='block_1_68' title="bbox 1888 764 3460 835">
    <p class='ocr_par' dir='ltr' id='par_1_68' title="bbox 1888 764 3460 835">
     <span class='ocr_line' id='line_1_68' title="bbox 1888 764 3460 835; baseline 0.007 -18"><span class='ocrx_word' id='word_1_534' title='bbox 1888 765 2036 833; x_wconf 88' lang='lat' dir='ltr'><strong>quasi</strong></span> <span class='ocrx_word' id='word_1_535' title='bbox 2064 764 2260 835; x_wconf 89' lang='lat' dir='ltr'><strong>aliquid</strong></span> <span class='ocrx_word' id='word_1_536' title='bbox 2288 766 2516 835; x_wconf 88' lang='lat' dir='ltr'><strong>potuerit</strong></span> <span class='ocrx_word' id='word_1_537' title='bbox 2542 765 2832 835; x_wconf 88' lang='lat' dir='ltr'><strong>possidere.</strong></span> <span class='ocrx_word' id='word_1_538' title='bbox 2871 768 2951 821; x_wconf 88' lang='lat' dir='ltr'><strong>An</strong></span> <span class='ocrx_word' id='word_1_539' title='bbox 2994 769 3129 825; x_wconf 87' lang='lat' dir='ltr'><strong>forte</strong></span> <span class='ocrx_word' id='word_1_540' title='bbox 3169 768 3460 827; x_wconf 89' lang='lat' dir='ltr'><strong>secundum</strong></span> 
     </span>
    </p>
   </div>
   <div class='ocr_carea' id='block_1_69' title="bbox 1889 854 3465 929">
    <p class='ocr_par' dir='ltr' id='par_1_69' title="bbox 1889 854 3465 929">
     <span class='ocr_line' id='line_1_69' title="bbox 1889 854 3465 929; baseline 0.01 -22"><span class='ocrx_word' id='word_1_541' title='bbox 1889 854 1991 910; x_wconf 91' lang='lat' dir='ltr'><strong>hoe</strong></span> <span class='ocrx_word' id='word_1_542' title='bbox 2039 855 2235 911; x_wconf 91' lang='lat' dir='ltr'><strong>dictum</strong></span> <span class='ocrx_word' id='word_1_543' title='bbox 2285 867 2385 922; x_wconf 87' lang='lat' dir='ltr'><strong>est,</strong></span> <span class='ocrx_word' id='word_1_544' title='bbox 2428 857 2569 928; x_wconf 90' lang='lat' dir='ltr'><strong>quod</strong></span> <span class='ocrx_word' id='word_1_545' title='bbox 2608 860 2707 913; x_wconf 91' lang='lat' dir='ltr'><strong>sub</strong></span> <span class='ocrx_word' id='word_1_546' title='bbox 2744 860 2958 929; x_wconf 84' lang='lat' dir='ltr'><strong>Angelis</strong></span> <span class='ocrx_word' id='word_1_547' title='bbox 2997 863 3296 918; x_wconf 69' lang='lat' dir='ltr'><strong>constituta:</strong></span> <span class='ocrx_word' id='word_1_548' title='bbox 3338 875 3465 922; x_wconf 91' lang='lat' dir='ltr'><strong>sunt</strong></span> 
     </span>
    </p>
   </div>
   <div class='ocr_carea' id='block_1_70' title="bbox 1885 947 3455 1025">
    <p class='ocr_par' dir='ltr' id='par_1_70' title="bbox 1885 947 3455 1025">
     <span class='ocr_line' id='line_1_70' title="bbox 1885 947 3455 1025; baseline 0.006 -24"><span class='ocrx_word' id='word_1_549' title='bbox 1885 955 2091 1016; x_wconf 86' lang='lat' dir='ltr'><strong>gentes,</strong></span> <span class='ocrx_word' id='word_1_550' title='bbox 2118 947 2266 1017; x_wconf 85' lang='lat' dir='ltr'><strong>juxta</strong></span> <span class='ocrx_word' id='word_1_551' title='bbox 2288 948 2564 1003; x_wconf 89' lang='lat' dir='ltr'><strong>Canticum</strong></span> <span class='ocrx_word' id='word_1_552' title='bbox 2584 947 2750 1021; x_wconf 82' lang='lat' dir='ltr'><strong>Moysi</strong></span> <span class='ocrx_word' id='word_1_553' title='bbox 2779 948 2959 1005; x_wconf 87' lang='lat' dir='ltr'><strong>famuli</strong></span> <span class='ocrx_word' id='word_1_554' title='bbox 2981 951 3075 1005; x_wconf 90' lang='lat' dir='ltr'><strong>Dei</strong></span> <span class='ocrx_word' id='word_1_555' title='bbox 3095 951 3268 1025; x_wconf 88' lang='lat' dir='ltr'><strong>(Deut.</strong></span> <span class='ocrx_word' id='word_1_556' title='bbox 3288 970 3455 1022; x_wconf 73' lang='grc' dir='ltr'>χχχιι,</span> 
     </span>
    </p>
   </div>
   <div class='ocr_carea' id='block_1_71' title="bbox 1886 1031 3544 1115">
    <p class='ocr_par' dir='ltr' id='par_1_71' title="bbox 1886 1031 3544 1115">
     <span class='ocr_line' id='line_1_71' title="bbox 1886 1031 3544 1115; baseline 0.007 -24"><span class='ocrx_word' id='word_1_557' title='bbox 1886 1037 1940 1101; x_wconf 89' lang='grc'><strong>8,</strong></span> <span class='ocrx_word' id='word_1_558' title='bbox 1994 1054 2092 1091; x_wconf 89' lang='lat' dir='ltr'><strong>sec.</strong></span> <span class='ocrx_word' id='word_1_559' title='bbox 2133 1037 2335 1109; x_wconf 82' lang='lat' dir='ltr'><strong>LXX)?</strong></span> <span class='ocrx_word' id='word_1_560' title='bbox 2363 1038 2751 1110; x_wconf 80' lang='lat' dir='ltr'><strong>Numquidnam</strong></span> <span class='ocrx_word' id='word_1_561' title='bbox 2791 1056 2917 1113; x_wconf 87' lang='lat' dir='ltr'><strong>ergo</strong></span> <span class='ocrx_word' id='word_1_562' title='bbox 2959 1042 3050 1099; x_wconf 90' lang='lat' dir='ltr'><strong>ille</strong></span> <span class='ocrx_word' id='word_1_563' title='bbox 3092 1045 3330 1115; x_wconf 88' lang='lat' dir='ltr'><strong>angelus,</strong></span> <span class='ocrx_word' id='word_1_564' title='bbox 3359 1047 3460 1102; x_wconf 90' lang='lat' dir='ltr'><strong>sub</strong></span> <span class='ocrx_word' id='word_1_565' title='bbox 3541 1031 3544 1034; x_wconf 76' lang='grc'><strong>’</strong></span> 
     </span>
    </p>
   </div>
   <div class='ocr_carea' id='block_1_72' title="bbox 1885 1128 3460 1206">
    <p class='ocr_par' dir='ltr' id='par_1_72' title="bbox 1885 1128 3460 1206">
     <span class='ocr_line' id='line_1_72' title="bbox 1885 1128 3460 1206; baseline 0.009 -26"><span class='ocrx_word' id='word_1_566' title='bbox 1885 1141 1991 1196; x_wconf 89' lang='lat' dir='ltr'><strong>quo</strong></span> <span class='ocrx_word' id='word_1_567' title='bbox 2011 1137 2164 1183; x_wconf 88' lang='lat' dir='ltr'><strong>erant</strong></span> <span class='ocrx_word' id='word_1_568' title='bbox 2196 1128 2287 1183; x_wconf 88' lang='lat' dir='ltr'><strong>ﬁlii</strong></span> <span class='ocrx_word' id='word_1_569' title='bbox 2313 1131 2561 1198; x_wconf 91' lang='lat' dir='ltr'><strong>Ammon,</strong></span> <span class='ocrx_word' id='word_1_570' title='bbox 2588 1130 2821 1187; x_wconf 89' lang='lat' dir='ltr'><strong>Chamos</strong></span> <span class='ocrx_word' id='word_1_571' title='bbox 2858 1134 3151 1203; x_wconf 87' lang='lat' dir='ltr'><strong>appellatus</strong></span> <span class='ocrx_word' id='word_1_572' title='bbox 3185 1139 3303 1192; x_wconf 89' lang='lat' dir='ltr'><strong>est?</strong></span> <span class='ocrx_word' id='word_1_573' title='bbox 3327 1136 3460 1206; x_wconf 90' lang='lat' dir='ltr'><strong>Quis</strong></span> 
     </span>
    </p>
   </div>
   <div class='ocr_carea' id='block_1_73' title="bbox 1886 1218 3455 1297">
    <p class='ocr_par' dir='ltr' id='par_1_73' title="bbox 1886 1218 3455 1297">
     <span class='ocr_line' id='line_1_73' title="bbox 1886 1218 3455 1297; baseline 0.009 -25"><span class='ocrx_word' id='word_1_574' title='bbox 1886 1218 1988 1273; x_wconf 90' lang='lat' dir='ltr'><strong>hoc</strong></span> <span class='ocrx_word' id='word_1_575' title='bbox 2024 1220 2215 1276; x_wconf 89' lang='lat' dir='ltr'><strong>audeat</strong></span> <span class='ocrx_word' id='word_1_576' title='bbox 2259 1220 2543 1290; x_wconf 87' lang='lat' dir='ltr'><strong>afﬁrmare,</strong></span> <span class='ocrx_word' id='word_1_577' title='bbox 2571 1238 2690 1278; x_wconf 91' lang='lat' dir='ltr'><strong>cum</strong></span> <span class='ocrx_word' id='word_1_578' title='bbox 2722 1222 2890 1294; x_wconf 88' lang='lat' dir='ltr'><strong>possit</strong></span> <span class='ocrx_word' id='word_1_579' title='bbox 2919 1225 3138 1297; x_wconf 86' lang='lat' dir='ltr'><strong>intelligi</strong></span> <span class='ocrx_word' id='word_1_580' title='bbox 3167 1230 3455 1286; x_wconf 82' lang='lat' dir='ltr'><strong>secundum</strong></span> 
     </span>
    </p>
   </div>
   <div class='ocr_carea' id='block_1_74' title="bbox 1884 1308 3459 1383">
    <p class='ocr_par' dir='ltr' id='par_1_74' title="bbox 1884 1308 3459 1383">
     <span class='ocr_line' id='line_1_74' title="bbox 1884 1308 3459 1383; baseline 0.008 -21"><span class='ocrx_word' id='word_1_581' title='bbox 1884 1308 2000 1376; x_wconf 89' lang='lat' dir='ltr'><strong>ejus</strong></span> <span class='ocrx_word' id='word_1_582' title='bbox 2024 1309 2325 1379; x_wconf 90' lang='lat' dir='ltr'><strong>opinionem</strong></span> <span class='ocrx_word' id='word_1_583' title='bbox 2351 1311 2567 1377; x_wconf 84' lang='lat' dir='ltr'><strong>dictum,</strong></span> <span class='ocrx_word' id='word_1_584' title='bbox 2595 1313 2714 1381; x_wconf 90' lang='lat' dir='ltr'><strong>quia</strong></span> <span class='ocrx_word' id='word_1_585' title='bbox 2746 1313 2960 1383; x_wconf 87' lang='lat' dir='ltr'><strong>putabat</strong></span> <span class='ocrx_word' id='word_1_586' title='bbox 2979 1314 3137 1370; x_wconf 90' lang='lat' dir='ltr'><strong>deum</strong></span> <span class='ocrx_word' id='word_1_587' title='bbox 3167 1332 3318 1373; x_wconf 92' lang='lat' dir='ltr'><strong>suum</strong></span> <span class='ocrx_word' id='word_1_588' title='bbox 3355 1319 3459 1376; x_wconf 85' lang='lat' dir='ltr'><strong>hoc</strong></span> 
     </span>
    </p>
   </div>
   <div class='ocr_carea' id='block_1_75' title="bbox 1882 1402 3458 1480">
    <p class='ocr_par' dir='ltr' id='par_1_75' title="bbox 1882 1402 3458 1480">
     <span class='ocr_line' id='line_1_75' title="bbox 1882 1402 3458 1480; baseline 0.008 -25"><span class='ocrx_word' id='word_1_589' title='bbox 1882 1402 2175 1470; x_wconf 87' lang='lat' dir='ltr'><strong>possidere,</strong></span> <span class='ocrx_word' id='word_1_590' title='bbox 2194 1403 2277 1457; x_wconf 90' lang='lat' dir='ltr'><strong>vel</strong></span> <span class='ocrx_word' id='word_1_591' title='bbox 2299 1403 2351 1457; x_wconf 92' lang='lat' dir='ltr'><strong>in</strong></span> <span class='ocrx_word' id='word_1_592' title='bbox 2373 1404 2762 1473; x_wconf 87' lang='lat' dir='ltr'><strong>possessionem</strong></span> <span class='ocrx_word' id='word_1_593' title='bbox 2783 1405 2882 1460; x_wconf 92' lang='lat' dir='ltr'><strong>sibi</strong></span> <span class='ocrx_word' id='word_1_594' title='bbox 2902 1405 3152 1462; x_wconf 82' lang='lat' dir='ltr'><strong>dedisse?</strong></span> <span class='ocrx_word' id='word_1_595' title='bbox 3179 1408 3342 1480; x_wconf 83' lang='lat' dir='ltr'><strong>Magis</strong></span> <span class='ocrx_word' id='word_1_596' title='bbox 3365 1427 3458 1467; x_wconf 88' lang='lat' dir='ltr'><strong>au-</strong></span> 
     </span>
    </p>
   </div>
   <div class='ocr_carea' id='block_1_76' title="bbox 1882 1491 3455 1568">
    <p class='ocr_par' dir='ltr' id='par_1_76' title="bbox 1882 1491 3455 1568">
     <span class='ocr_line' id='line_1_76' title="bbox 1882 1491 3455 1568; baseline 0.008 -24"><span class='ocrx_word' id='word_1_597' title='bbox 1882 1498 1989 1545; x_wconf 90' lang='lat' dir='ltr'><strong>tem</strong></span> <span class='ocrx_word' id='word_1_598' title='bbox 2019 1491 2117 1547; x_wconf 91' lang='lat' dir='ltr'><strong>iste</strong></span> <span class='ocrx_word' id='word_1_599' title='bbox 2137 1507 2326 1547; x_wconf 88' lang='lat' dir='ltr'><strong>sensus</strong></span> <span class='ocrx_word' id='word_1_600' title='bbox 2345 1493 2513 1548; x_wconf 90' lang='lat' dir='ltr'><strong>elucet</strong></span> <span class='ocrx_word' id='word_1_601' title='bbox 2539 1494 2591 1547; x_wconf 93' lang='lat' dir='ltr'><strong>in</strong></span> <span class='ocrx_word' id='word_1_602' title='bbox 2616 1492 2680 1548; x_wconf 92' lang='lat' dir='ltr'><strong>iis</strong></span> <span class='ocrx_word' id='word_1_603' title='bbox 2700 1494 2880 1549; x_wconf 90' lang='lat' dir='ltr'><strong>verbis</strong></span> <span class='ocrx_word' id='word_1_604' title='bbox 2904 1512 3020 1565; x_wconf 63' lang='lat' dir='ltr'><strong>qua:</strong></span> <span class='ocrx_word' id='word_1_605' title='bbox 3046 1512 3251 1566; x_wconf 62' lang='lat' dir='ltr'><strong>graecus</strong></span> <span class='ocrx_word' id='word_1_606' title='bbox 3277 1499 3455 1568; x_wconf 84' lang='lat' dir='ltr'><strong>habet,</strong></span> 
     </span>
    </p>
   </div>
   <div class='ocr_carea' id='block_1_77' title="bbox 1880 1580 3458 1660">
    <p class='ocr_par' dir='ltr' id='par_1_77' title="bbox 1880 1580 3458 1660">
     <span class='ocr_line' id='line_1_77' title="bbox 1880 1580 3458 1660; baseline 0.007 -24"><span class='ocrx_word' id='word_1_607' title='bbox 1880 1580 2068 1637; x_wconf 85' lang='lat' dir='ltr'><strong>Nonne</strong></span> <span class='ocrx_word' id='word_1_608' title='bbox 2098 1600 2420 1655; x_wconf 69' lang='lat' dir='ltr'><strong>quacumque</strong></span> <span class='ocrx_word' id='word_1_609' title='bbox 2458 1586 2767 1640; x_wconf 73' lang='lat' dir='ltr'><strong>Ineraditavit</strong></span> <span class='ocrx_word' id='word_1_610' title='bbox 2801 1588 2888 1641; x_wconf 83' lang='lat' dir='ltr'><strong>tibi</strong></span> <span class='ocrx_word' id='word_1_611' title='bbox 2916 1586 3131 1644; x_wconf 84' lang='lat' dir='ltr'><strong>Chamos</strong></span> <span class='ocrx_word' id='word_1_612' title='bbox 3154 1588 3292 1645; x_wconf 87' lang='lat' dir='ltr'><strong>Deus</strong></span> <span class='ocrx_word' id='word_1_613' title='bbox 3319 1602 3458 1660; x_wconf 85' lang='lat' dir='ltr'><strong>tuus,</strong></span> 
     </span>
    </p>
   </div>
   <div class='ocr_carea' id='block_1_78' title="bbox 1879 1672 3457 1749">
    <p class='ocr_par' dir='ltr' id='par_1_78' title="bbox 1879 1672 3457 1749">
     <span class='ocr_line' id='line_1_78' title="bbox 1879 1672 3457 1749; baseline 0.007 -22"><span class='ocrx_word' id='word_1_614' title='bbox 1879 1673 1987 1727; x_wconf 71' lang='lat' dir='ltr'><strong>Iure</strong></span> <span class='ocrx_word' id='word_1_615' title='bbox 2011 1672 2369 1729; x_wconf 78' lang='lat' dir='ltr'><strong>Iuereditabis?</strong></span> <span class='ocrx_word' id='word_1_616' title='bbox 2395 1681 2453 1729; x_wconf 90' lang='lat' dir='ltr'><strong>ut</strong></span> <span class='ocrx_word' id='word_1_617' title='bbox 2479 1675 2532 1731; x_wconf 91' lang='lat' dir='ltr'><strong>in</strong></span> <span class='ocrx_word' id='word_1_618' title='bbox 2577 1692 2642 1731; x_wconf 91' lang='lat' dir='ltr'><strong>eo</strong></span> <span class='ocrx_word' id='word_1_619' title='bbox 2676 1678 2818 1747; x_wconf 91' lang='lat' dir='ltr'><strong>quod</strong></span> <span class='ocrx_word' id='word_1_620' title='bbox 2857 1678 3085 1747; x_wconf 90' lang='lat' dir='ltr'><strong>positum</strong></span> <span class='ocrx_word' id='word_1_621' title='bbox 3113 1690 3213 1747; x_wconf 89' lang='lat' dir='ltr'><strong>est,</strong></span> <span class='ocrx_word' id='word_1_622' title='bbox 3242 1682 3349 1749; x_wconf 80' lang='lat' dir='ltr'><strong>tibi,</strong></span> <span class='ocrx_word' id='word_1_623' title='bbox 3376 1685 3457 1738; x_wconf 88' lang='lat' dir='ltr'><strong>in-</strong></span> 
     </span>
    </p>
   </div>
   <div class='ocr_carea' id='block_1_79' title="bbox 1878 1764 3455 1834">
    <p class='ocr_par' dir='ltr' id='par_1_79' title="bbox 1878 1764 3455 1834">
     <span class='ocr_line' id='line_1_79' title="bbox 1878 1764 3455 1834; baseline 0.008 -17"><span class='ocrx_word' id='word_1_624' title='bbox 1878 1764 2148 1833; x_wconf 86' lang='lat' dir='ltr'><strong>telligatur</strong></span> <span class='ocrx_word' id='word_1_625' title='bbox 2176 1765 2246 1819; x_wconf 90' lang='lat' dir='ltr'><strong>ita</strong></span> <span class='ocrx_word' id='word_1_626' title='bbox 2276 1765 2505 1832; x_wconf 89' lang='lat' dir='ltr'><strong>dictum,</strong></span> <span class='ocrx_word' id='word_1_627' title='bbox 2534 1781 2597 1821; x_wconf 92' lang='lat' dir='ltr'><strong>ac</strong></span> <span class='ocrx_word' id='word_1_628' title='bbox 2632 1767 2679 1821; x_wconf 90' lang='lat' dir='ltr'><strong>si</strong></span> <span class='ocrx_word' id='word_1_629' title='bbox 2713 1767 3001 1834; x_wconf 90' lang='lat' dir='ltr'><strong>diceretur,</strong></span> <span class='ocrx_word' id='word_1_630' title='bbox 3032 1769 3168 1825; x_wconf 91' lang='lat' dir='ltr'><strong>sicut</strong></span> <span class='ocrx_word' id='word_1_631' title='bbox 3193 1771 3455 1830; x_wconf 87' lang='lat' dir='ltr'><strong>videbitur</strong></span> 
     </span>
    </p>
   </div>
   <div class='ocr_carea' id='block_1_80' title="bbox 1876 1854 3454 1933">
    <p class='ocr_par' dir='ltr' id='par_1_80' title="bbox 1876 1854 3454 1933">
     <span class='ocr_line' id='line_1_80' title="bbox 1876 1854 3454 1933; baseline 0.008 -25"><span class='ocrx_word' id='word_1_632' title='bbox 1876 1854 1989 1908; x_wconf 83' lang='lat' dir='ltr'><strong>tibi.</strong></span> <span class='ocrx_word' id='word_1_633' title='bbox 2020 1854 2137 1909; x_wconf 85' lang='lat' dir='ltr'><strong>Tibi</strong></span> <span class='ocrx_word' id='word_1_634' title='bbox 2164 1855 2305 1909; x_wconf 91' lang='lat' dir='ltr'><strong>enim</strong></span> <span class='ocrx_word' id='word_1_635' title='bbox 2333 1854 2663 1911; x_wconf 76' lang='lat' dir='ltr'><strong>Increditavit</strong></span> <span class='ocrx_word' id='word_1_636' title='bbox 2707 1857 2797 1928; x_wconf 93' lang='lat' dir='ltr'><strong>qui</strong></span> <span class='ocrx_word' id='word_1_637' title='bbox 2833 1857 2934 1913; x_wconf 93' lang='lat' dir='ltr'><strong>hoc</strong></span> <span class='ocrx_word' id='word_1_638' title='bbox 2975 1869 3147 1931; x_wconf 89' lang='lat' dir='ltr'><strong>putas,</strong></span> <span class='ocrx_word' id='word_1_639' title='bbox 3176 1877 3279 1917; x_wconf 92' lang='lat' dir='ltr'><strong>non</strong></span> <span class='ocrx_word' id='word_1_640' title='bbox 3309 1865 3454 1933; x_wconf 87' lang='lat' dir='ltr'><strong>quod</strong></span> 
     </span>
    </p>
   </div>
   <div class='ocr_carea' id='block_1_81' title="bbox 1875 1942 3451 2024">
    <p class='ocr_par' dir='ltr' id='par_1_81' title="bbox 1875 1942 3451 2024">
     <span class='ocr_line' id='line_1_81' title="bbox 1875 1942 3451 2024; baseline 0.008 -27"><span class='ocrx_word' id='word_1_641' title='bbox 1875 1942 1963 1999; x_wconf 91' lang='lat' dir='ltr'><strong>ille</strong></span> <span class='ocrx_word' id='word_1_642' title='bbox 1997 1944 2193 2014; x_wconf 83' lang='lat' dir='ltr'><strong>aliquid</strong></span> <span class='ocrx_word' id='word_1_643' title='bbox 2241 1954 2423 2015; x_wconf 89' lang='lat' dir='ltr'><strong>posset</strong></span> <span class='ocrx_word' id='word_1_644' title='bbox 2460 1946 2790 2003; x_wconf 83' lang='lat' dir='ltr'><strong>haereditare.</strong></span> <span class='ocrx_word' id='word_1_645' title='bbox 2826 1948 3064 2020; x_wconf 86' lang='lat' dir='ltr'><strong>Denique</strong></span> <span class='ocrx_word' id='word_1_646' title='bbox 3101 1951 3156 2005; x_wconf 92' lang='lat' dir='ltr'><strong>in</strong></span> <span class='ocrx_word' id='word_1_647' title='bbox 3197 1967 3264 2007; x_wconf 91' lang='lat' dir='ltr'><strong>eo</strong></span> <span class='ocrx_word' id='word_1_648' title='bbox 3308 1954 3451 2024; x_wconf 91' lang='lat' dir='ltr'><strong>quod</strong></span> 
     </span>
    </p>
   </div>
   <div class='ocr_carea' id='block_1_82' title="bbox 1875 2036 3453 2109">
    <p class='ocr_par' dir='ltr' id='par_1_82' title="bbox 1875 2036 3453 2109">
     <span class='ocr_line' id='line_1_82' title="bbox 1875 2036 3453 2109; baseline 0.008 -19"><span class='ocrx_word' id='word_1_649' title='bbox 1875 2037 2129 2106; x_wconf 82' lang='lat' dir='ltr'><strong>sequitur,</strong></span> <span class='ocrx_word' id='word_1_650' title='bbox 2162 2036 2229 2092; x_wconf 89' lang='lat' dir='ltr'><strong>Et</strong></span> <span class='ocrx_word' id='word_1_651' title='bbox 2268 2039 2435 2091; x_wconf 88' lang='lat' dir='ltr'><strong>omnia</strong></span> <span class='ocrx_word' id='word_1_652' title='bbox 2483 2055 2804 2109; x_wconf 72' lang='lat' dir='ltr'><strong>quaecumque</strong></span> <span class='ocrx_word' id='word_1_653' title='bbox 2848 2040 3156 2096; x_wconf 80' lang='lat' dir='ltr'><strong>Inereditavit</strong></span> <span class='ocrx_word' id='word_1_654' title='bbox 3204 2042 3453 2101; x_wconf 82' lang='lat' dir='ltr'><strong>Dominus</strong></span> 
     </span>
    </p>
   </div>
   <div class='ocr_carea' id='block_1_83' title="bbox 1872 2126 3454 2204">
    <p class='ocr_par' dir='ltr' id='par_1_83' title="bbox 1872 2126 3454 2204">
     <span class='ocr_line' id='line_1_83' title="bbox 1872 2126 3454 2204; baseline 0.006 -24"><span class='ocrx_word' id='word_1_655' title='bbox 1872 2126 2013 2182; x_wconf 86' lang='lat' dir='ltr'><strong>Deus</strong></span> <span class='ocrx_word' id='word_1_656' title='bbox 2039 2136 2225 2194; x_wconf 87' lang='lat' dir='ltr'><strong>noster,</strong></span> <span class='ocrx_word' id='word_1_657' title='bbox 2255 2143 2360 2183; x_wconf 93' lang='lat' dir='ltr'><strong>non</strong></span> <span class='ocrx_word' id='word_1_658' title='bbox 2386 2128 2535 2194; x_wconf 81' lang='lat' dir='ltr'><strong>dixit,</strong></span> <span class='ocrx_word' id='word_1_659' title='bbox 2560 2128 2895 2184; x_wconf 67' lang='lat' dir='ltr'><strong>haereditavit</strong></span> <span class='ocrx_word' id='word_1_660' title='bbox 2913 2131 3087 2198; x_wconf 87' lang='lat' dir='ltr'><strong>nobis,</strong></span> <span class='ocrx_word' id='word_1_661' title='bbox 3111 2140 3359 2204; x_wconf 89' lang='lat' dir='ltr'><strong>tanquam</strong></span> <span class='ocrx_word' id='word_1_662' title='bbox 3378 2136 3454 2191; x_wconf 63' lang='lat' dir='ltr'><strong>dio</strong></span> 
     </span>
    </p>
   </div>
   <div class='ocr_carea' id='block_1_84' title="bbox 1872 2219 3453 2295">
    <p class='ocr_par' dir='ltr' id='par_1_84' title="bbox 1872 2219 3453 2295">
     <span class='ocr_line' id='line_1_84' title="bbox 1872 2219 3453 2295; baseline 0.004 -21"><span class='ocrx_word' id='word_1_663' title='bbox 1872 2227 2034 2285; x_wconf 91' lang='lat' dir='ltr'><strong>ceret,</strong></span> <span class='ocrx_word' id='word_1_664' title='bbox 2087 2220 2225 2275; x_wconf 89' lang='lat' dir='ltr'><strong>sicut</strong></span> <span class='ocrx_word' id='word_1_665' title='bbox 2264 2219 2418 2276; x_wconf 90' lang='lat' dir='ltr'><strong>nobis</strong></span> <span class='ocrx_word' id='word_1_666' title='bbox 2454 2219 2692 2287; x_wconf 86' lang='lat' dir='ltr'><strong>videtur;</strong></span> <span class='ocrx_word' id='word_1_667' title='bbox 2733 2221 2850 2289; x_wconf 88' lang='lat' dir='ltr'><strong>sed,</strong></span> <span class='ocrx_word' id='word_1_668' title='bbox 2876 2237 3001 2278; x_wconf 88' lang='lat' dir='ltr'><strong>vere</strong></span> <span class='ocrx_word' id='word_1_669' title='bbox 3040 2222 3389 2295; x_wconf 66' lang='lat' dir='ltr'><strong>hiereditavit,</strong></span> <span class='ocrx_word' id='word_1_670' title='bbox 3419 2245 3453 2281; x_wconf 90' lang='lat' dir='ltr'><strong>a</strong></span> 
     </span>
    </p>
   </div>
   <div class='ocr_carea' id='block_1_85' title="bbox 1872 2311 3448 2381">
    <p class='ocr_par' dir='ltr' id='par_1_85' title="bbox 1872 2311 3448 2381">
     <span class='ocr_line' id='line_1_85' title="bbox 1872 2311 3448 2381; baseline 0.005 -17"><span class='ocrx_word' id='word_1_671' title='bbox 1872 2311 2001 2380; x_wconf 84' lang='lat' dir='ltr'><strong>facie</strong></span> <span class='ocrx_word' id='word_1_672' title='bbox 2028 2319 2218 2375; x_wconf 78' lang='lat' dir='ltr'><strong>vestra;</strong></span> <span class='ocrx_word' id='word_1_673' title='bbox 2247 2311 2497 2380; x_wconf 89' lang='lat' dir='ltr'><strong>quoniam</strong></span> <span class='ocrx_word' id='word_1_674' title='bbox 2536 2311 2751 2368; x_wconf 88' lang='lat' dir='ltr'><strong>abstulit</strong></span> <span class='ocrx_word' id='word_1_675' title='bbox 2779 2312 2928 2381; x_wconf 87' lang='lat' dir='ltr'><strong>ipsis,</strong></span> <span class='ocrx_word' id='word_1_676' title='bbox 2956 2320 3011 2369; x_wconf 90' lang='lat' dir='ltr'><strong>et</strong></span> <span class='ocrx_word' id='word_1_677' title='bbox 3036 2313 3119 2369; x_wconf 89' lang='lat' dir='ltr'><strong>his</strong></span> <span class='ocrx_word' id='word_1_678' title='bbox 3142 2314 3323 2372; x_wconf 88' lang='lat' dir='ltr'><strong>dedit:</strong></span> <span class='ocrx_word' id='word_1_679' title='bbox 3343 2316 3448 2373; x_wconf 68' lang='lat' dir='ltr'><strong>hac</strong></span> 
     </span>
    </p>
   </div>
   <div class='ocr_carea' id='block_1_86' title="bbox 1872 2398 2512 2469">
    <p class='ocr_par' dir='ltr' id='par_1_86' title="bbox 1872 2398 2512 2469">
     <span class='ocr_line' id='line_1_86' title="bbox 1872 2398 2512 2469; baseline 0.002 -16"><span class='ocrx_word' id='word_1_680' title='bbox 1872 2398 2062 2469; x_wconf 84' lang='lat' dir='ltr'><strong>inquit,</strong></span> <span class='ocrx_word' id='word_1_681' title='bbox 2091 2399 2512 2455; x_wconf 72' lang='lat' dir='ltr'><strong>hwreditabimus.</strong></span> 
     </span>
    </p>
   </div>
   <div class='ocr_carea' id='block_1_87' title="bbox 1941 2489 3557 2570">
    <p class='ocr_par' dir='ltr' id='par_1_87' title="bbox 1941 2489 3557 2570">
     <span class='ocr_line' id='line_1_87' title="bbox 1941 2489 3557 2570; baseline 0.008 -25"><span class='ocrx_word' id='word_1_682' title='bbox 1941 2489 2126 2546; x_wconf 77' lang='lat' dir='ltr'><strong>XLIX.</strong></span> <span class='ocrx_word' id='word_1_683' title='bbox 2158 2490 2256 2565; x_wconf 77' lang='lat' dir='ltr'><strong>[1b.</strong></span> <span class='ocrx_word' id='word_1_684' title='bbox 2291 2491 2389 2565; x_wconf 82' lang='lat' dir='ltr'><strong>xi.]</strong></span> <span class='ocrx_word' id='word_1_685' title='bbox 2423 2493 2496 2549; x_wconf 92' lang='lat' dir='ltr'><strong>De</strong></span> <span class='ocrx_word' id='word_1_686' title='bbox 2526 2492 2631 2548; x_wconf 89' lang='lat' dir='ltr'><strong>ﬁlia</strong></span> <span class='ocrx_word' id='word_1_687' title='bbox 2660 2493 2852 2563; x_wconf 79' lang='lat' dir='ltr'><strong>Jephte</strong></span> <span class='ocrx_word' id='word_1_688' title='bbox 2893 2495 3035 2565; x_wconf 88' lang='lat' dir='ltr'><strong>quod</strong></span> <span class='ocrx_word' id='word_1_689' title='bbox 3069 2511 3185 2553; x_wconf 89' lang='lat' dir='ltr'><strong>eam</strong></span> <span class='ocrx_word' id='word_1_690' title='bbox 3217 2507 3366 2570; x_wconf 88' lang='lat' dir='ltr'><strong>pater</strong></span> <span class='ocrx_word' id='word_1_691' title='bbox 3390 2501 3446 2557; x_wconf 89' lang='lat' dir='ltr'><strong>in</strong></span> <span class='ocrx_word' id='word_1_692' title='bbox 3548 2502 3557 2509; x_wconf 85' lang='grc'><strong>’</strong></span> 
     </span>
    </p>
   </div>
   <div class='ocr_carea' id='block_1_88' title="bbox 1872 2582 3445 2661">
    <p class='ocr_par' dir='ltr' id='par_1_88' title="bbox 1872 2582 3445 2661">
     <span class='ocr_line' id='line_1_88' title="bbox 1872 2582 3445 2661; baseline 0.006 -24"><span class='ocrx_word' id='word_1_693' title='bbox 1872 2582 2269 2639; x_wconf 87' lang='lat' dir='ltr'><strong>holocaustoma</strong></span> <span class='ocrx_word' id='word_1_694' title='bbox 2298 2584 2488 2639; x_wconf 90' lang='lat' dir='ltr'><strong>obtulit</strong></span> <span class='ocrx_word' id='word_1_695' title='bbox 2515 2585 2655 2651; x_wconf 90' lang='lat' dir='ltr'><strong>Deo;</strong></span> <span class='ocrx_word' id='word_1_696' title='bbox 2686 2586 2937 2655; x_wconf 86' lang='lat' dir='ltr'><strong>quoniam</strong></span> <span class='ocrx_word' id='word_1_697' title='bbox 2963 2587 3015 2641; x_wconf 90' lang='lat' dir='ltr'><strong>in</strong></span> <span class='ocrx_word' id='word_1_698' title='bbox 3040 2587 3182 2643; x_wconf 89' lang='lat' dir='ltr'><strong>bello</strong></span> <span class='ocrx_word' id='word_1_699' title='bbox 3207 2601 3445 2661; x_wconf 86' lang='lat' dir='ltr'><strong>voverat,</strong></span> 
     </span>
    </p>
   </div>
   <div class='ocr_carea' id='block_1_89' title="bbox 1871 2674 3447 2752">
    <p class='ocr_par' dir='ltr' id='par_1_89' title="bbox 1871 2674 3447 2752">
     <span class='ocr_line' id='line_1_89' title="bbox 1871 2674 3447 2752; baseline 0.005 -22"><span class='ocrx_word' id='word_1_700' title='bbox 1871 2676 1916 2730; x_wconf 85' lang='lat' dir='ltr'><strong>si</strong></span> <span class='ocrx_word' id='word_1_701' title='bbox 1944 2675 2176 2743; x_wconf 87' lang='lat' dir='ltr'><strong>vicisset,</strong></span> <span class='ocrx_word' id='word_1_702' title='bbox 2203 2691 2323 2731; x_wconf 92' lang='lat' dir='ltr'><strong>eum</strong></span> <span class='ocrx_word' id='word_1_703' title='bbox 2351 2690 2408 2731; x_wconf 89' lang='lat' dir='ltr'><strong>se</strong></span> <span class='ocrx_word' id='word_1_704' title='bbox 2434 2674 2865 2731; x_wconf 89' lang='lat' dir='ltr'><strong>haulocaustoma</strong></span> <span class='ocrx_word' id='word_1_705' title='bbox 2884 2677 3203 2745; x_wconf 90' lang='lat' dir='ltr'><strong>oblaturum,</strong></span> <span class='ocrx_word' id='word_1_706' title='bbox 3228 2681 3320 2752; x_wconf 92' lang='lat' dir='ltr'><strong>qui</strong></span> <span class='ocrx_word' id='word_1_707' title='bbox 3344 2681 3447 2738; x_wconf 89' lang='lat' dir='ltr'><strong>sibi</strong></span> 
     </span>
    </p>
   </div>
   <div class='ocr_carea' id='block_1_90' title="bbox 1871 2766 3446 2841">
    <p class='ocr_par' dir='ltr' id='par_1_90' title="bbox 1871 2766 3446 2841">
     <span class='ocr_line' id='line_1_90' title="bbox 1871 2766 3446 2841; baseline 0.004 -19"><span class='ocrx_word' id='word_1_708' title='bbox 1871 2766 1939 2824; x_wconf 89' lang='lat' dir='ltr'><strong>de</strong></span> <span class='ocrx_word' id='word_1_709' title='bbox 1965 2767 2125 2823; x_wconf 90' lang='lat' dir='ltr'><strong>domo</strong></span> <span class='ocrx_word' id='word_1_710' title='bbox 2149 2768 2333 2824; x_wconf 86' lang='lat' dir='ltr'><strong>exiens</strong></span> <span class='ocrx_word' id='word_1_711' title='bbox 2361 2768 2708 2835; x_wconf 88' lang='lat' dir='ltr'><strong>occurrisset;</strong></span> <span class='ocrx_word' id='word_1_712' title='bbox 2747 2769 2887 2838; x_wconf 91' lang='lat' dir='ltr'><strong>quod</strong></span> <span class='ocrx_word' id='word_1_713' title='bbox 2928 2784 3049 2825; x_wconf 91' lang='lat' dir='ltr'><strong>cum</strong></span> <span class='ocrx_word' id='word_1_714' title='bbox 3087 2771 3337 2841; x_wconf 86' lang='lat' dir='ltr'><strong>vovisset,</strong></span> <span class='ocrx_word' id='word_1_715' title='bbox 3363 2775 3446 2829; x_wconf 86' lang='lat' dir='ltr'><strong>vi-</strong></span> 
     </span>
    </p>
   </div>
   <div class='ocr_carea' id='block_1_91' title="bbox 1871 2858 3443 2930">
    <p class='ocr_par' dir='ltr' id='par_1_91' title="bbox 1871 2858 3443 2930">
     <span class='ocr_line' id='line_1_91' title="bbox 1871 2858 3443 2930; baseline 0.004 -15"><span class='ocrx_word' id='word_1_716' title='bbox 1871 2859 1974 2925; x_wconf 88' lang='lat' dir='ltr'><strong>cit;</strong></span> <span class='ocrx_word' id='word_1_717' title='bbox 1999 2869 2052 2916; x_wconf 90' lang='lat' dir='ltr'><strong>et</strong></span> <span class='ocrx_word' id='word_1_718' title='bbox 2077 2867 2389 2916; x_wconf 89' lang='lat' dir='ltr'><strong>occurrente</strong></span> <span class='ocrx_word' id='word_1_719' title='bbox 2413 2859 2647 2926; x_wconf 85' lang='lat' dir='ltr'><strong>sibiﬁlia,</strong></span> <span class='ocrx_word' id='word_1_720' title='bbox 2663 2858 2801 2930; x_wconf 89' lang='lat' dir='ltr'><strong>quod</strong></span> <span class='ocrx_word' id='word_1_721' title='bbox 2828 2868 3041 2917; x_wconf 88' lang='lat' dir='ltr'><strong>voverat</strong></span> <span class='ocrx_word' id='word_1_722' title='bbox 3060 2860 3290 2918; x_wconf 88' lang='lat' dir='ltr'><strong>reddidit</strong></span> <span class='ocrx_word' id='word_1_723' title='bbox 3318 2880 3443 2921; x_wconf 89' lang='lat' dir='ltr'><strong>:so-</strong></span> 
     </span>
    </p>
   </div>
   <div class='ocr_carea' id='block_1_92' title="bbox 1868 2949 3443 3026">
    <p class='ocr_par' dir='ltr' id='par_1_92' title="bbox 1868 2949 3443 3026">
     <span class='ocr_line' id='line_1_92' title="bbox 1868 2949 3443 3026; baseline 0.004 -20"><span class='ocrx_word' id='word_1_724' title='bbox 1868 2949 1943 3007; x_wconf 90' lang='lat' dir='ltr'><strong>let</strong></span> <span class='ocrx_word' id='word_1_725' title='bbox 1961 2966 2080 3008; x_wconf 88' lang='lat' dir='ltr'><strong>esse</strong></span> <span class='ocrx_word' id='word_1_726' title='bbox 2098 2967 2283 3022; x_wconf 88' lang='lat' dir='ltr'><strong>magna</strong></span> <span class='ocrx_word' id='word_1_727' title='bbox 2305 2960 2359 3006; x_wconf 91' lang='lat' dir='ltr'><strong>et</strong></span> <span class='ocrx_word' id='word_1_728' title='bbox 2373 2952 2438 3006; x_wconf 90' lang='lat' dir='ltr'><strong>ad</strong></span> <span class='ocrx_word' id='word_1_729' title='bbox 2457 2949 2853 3020; x_wconf 90' lang='lat' dir='ltr'><strong>dijudicandum</strong></span> <span class='ocrx_word' id='word_1_730' title='bbox 2873 2951 3180 3008; x_wconf 85' lang='lat' dir='ltr'><strong>difﬁcillima</strong></span> <span class='ocrx_word' id='word_1_731' title='bbox 3196 2957 3443 3026; x_wconf 67' lang='lat' dir='ltr'><strong>quaestio;</strong></span> 
     </span>
    </p>
   </div>
   <div class='ocr_carea' id='block_1_93' title="bbox 1868 3040 3445 3118">
    <p class='ocr_par' dir='ltr' id='par_1_93' title="bbox 1868 3040 3445 3118">
     <span class='ocr_line' id='line_1_93' title="bbox 1868 3040 3445 3118; baseline 0.004 -21"><span class='ocrx_word' id='word_1_732' title='bbox 1868 3041 2180 3113; x_wconf 89' lang='lat' dir='ltr'><strong>quibusdam</strong></span> <span class='ocrx_word' id='word_1_733' title='bbox 2199 3040 2323 3112; x_wconf 86' lang='lat' dir='ltr'><strong>quid</strong></span> <span class='ocrx_word' id='word_1_734' title='bbox 2340 3042 2437 3097; x_wconf 91' lang='lat' dir='ltr'><strong>sibi</strong></span> <span class='ocrx_word' id='word_1_735' title='bbox 2464 3041 2566 3096; x_wconf 89' lang='lat' dir='ltr'><strong>hoc</strong></span> <span class='ocrx_word' id='word_1_736' title='bbox 2590 3040 2717 3096; x_wconf 91' lang='lat' dir='ltr'><strong>velit</strong></span> <span class='ocrx_word' id='word_1_737' title='bbox 2741 3057 2898 3097; x_wconf 90' lang='lat' dir='ltr'><strong>nosse</strong></span> <span class='ocrx_word' id='word_1_738' title='bbox 2918 3043 3254 3112; x_wconf 90' lang='lat' dir='ltr'><strong>cupientibus</strong></span> <span class='ocrx_word' id='word_1_739' title='bbox 3282 3055 3336 3102; x_wconf 91' lang='lat' dir='ltr'><strong>et</strong></span> <span class='ocrx_word' id='word_1_740' title='bbox 3360 3049 3445 3118; x_wconf 89' lang='lat' dir='ltr'><strong>pie</strong></span> 
     </span>
    </p>
   </div>
   <div class='ocr_carea' id='block_1_94' title="bbox 1867 3131 3447 3205">
    <p class='ocr_par' dir='ltr' id='par_1_94' title="bbox 1867 3131 3447 3205">
     <span class='ocr_line' id='line_1_94' title="bbox 1867 3131 3447 3205; baseline 0.005 -19"><span class='ocrx_word' id='word_1_741' title='bbox 1867 3132 2257 3203; x_wconf 60' lang='lat' dir='ltr'><strong>quaerentibus;</strong></span> <span class='ocrx_word' id='word_1_742' title='bbox 2284 3131 2599 3203; x_wconf 87' lang='lat' dir='ltr'><strong>quibusdam</strong></span> <span class='ocrx_word' id='word_1_743' title='bbox 2629 3148 2756 3188; x_wconf 90' lang='lat' dir='ltr'><strong>vero</strong></span> <span class='ocrx_word' id='word_1_744' title='bbox 2782 3133 2872 3203; x_wconf 91' lang='lat' dir='ltr'><strong>qui</strong></span> <span class='ocrx_word' id='word_1_745' title='bbox 2897 3132 3185 3205; x_wconf 89' lang='lat' dir='ltr'><strong>Scripturis</strong></span> <span class='ocrx_word' id='word_1_746' title='bbox 3212 3135 3295 3192; x_wconf 91' lang='lat' dir='ltr'><strong>his</strong></span> <span class='ocrx_word' id='word_1_747' title='bbox 3323 3153 3447 3194; x_wconf 88' lang='lat' dir='ltr'><strong>san-</strong></span> 
     </span>
    </p>
   </div>
   <div class='ocr_carea' id='block_1_95' title="bbox 1866 3224 3444 3296">
    <p class='ocr_par' dir='ltr' id='par_1_95' title="bbox 1866 3224 3444 3296">
     <span class='ocr_line' id='line_1_95' title="bbox 1866 3224 3444 3296; baseline 0.004 -14"><span class='ocrx_word' id='word_1_748' title='bbox 1866 3226 1969 3283; x_wconf 89' lang='lat' dir='ltr'><strong>ctis</strong></span> <span class='ocrx_word' id='word_1_749' title='bbox 2001 3225 2246 3296; x_wconf 89' lang='lat' dir='ltr'><strong>imperita</strong></span> <span class='ocrx_word' id='word_1_750' title='bbox 2284 3224 2555 3295; x_wconf 87' lang='lat' dir='ltr'><strong>impietate</strong></span> <span class='ocrx_word' id='word_1_751' title='bbox 2592 3224 2956 3292; x_wconf 85' lang='lat' dir='ltr'><strong>adversantur,</strong></span> <span class='ocrx_word' id='word_1_752' title='bbox 2989 3226 3091 3283; x_wconf 91' lang='lat' dir='ltr'><strong>hoc</strong></span> <span class='ocrx_word' id='word_1_753' title='bbox 3116 3229 3346 3287; x_wconf 79' lang='lat' dir='ltr'><strong>maxime</strong></span> <span class='ocrx_word' id='word_1_754' title='bbox 3388 3231 3444 3288; x_wconf 90' lang='lat' dir='ltr'><strong>in</strong></span> 
     </span>
    </p>
   </div>
   <div class='ocr_carea' id='block_1_96' title="bbox 1866 3315 3444 3388">
    <p class='ocr_par' dir='ltr' id='par_1_96' title="bbox 1866 3315 3444 3388">
     <span class='ocr_line' id='line_1_96' title="bbox 1866 3315 3444 3388; baseline 0.004 -16"><span class='ocrx_word' id='word_1_755' title='bbox 1866 3316 2069 3372; x_wconf 89' lang='lat' dir='ltr'><strong>crimen</strong></span> <span class='ocrx_word' id='word_1_756' title='bbox 2097 3316 2427 3383; x_wconf 89' lang='lat' dir='ltr'><strong>vocantibus,</strong></span> <span class='ocrx_word' id='word_1_757' title='bbox 2460 3315 2602 3387; x_wconf 91' lang='lat' dir='ltr'><strong>quod</strong></span> <span class='ocrx_word' id='word_1_758' title='bbox 2628 3315 2784 3386; x_wconf 85' lang='lat' dir='ltr'><strong>Legis</strong></span> <span class='ocrx_word' id='word_1_759' title='bbox 2804 3323 2861 3371; x_wconf 88' lang='lat' dir='ltr'><strong>et</strong></span> <span class='ocrx_word' id='word_1_760' title='bbox 2885 3316 3272 3388; x_wconf 88' lang='lat' dir='ltr'><strong>PrOphetarum</strong></span> <span class='ocrx_word' id='word_1_761' title='bbox 3303 3320 3444 3379; x_wconf 87' lang='lat' dir='ltr'><strong>Deus</strong></span> 
     </span>
    </p>
   </div>
   <div class='ocr_carea' id='block_1_97' title="bbox 1866 3405 3442 3481">
    <p class='ocr_par' dir='ltr' id='par_1_97' title="bbox 1866 3405 3442 3481">
     <span class='ocr_line' id='line_1_97' title="bbox 1866 3405 3442 3481; baseline 0.004 -18"><span class='ocrx_word' id='word_1_762' title='bbox 1866 3407 2026 3463; x_wconf 88' lang='lat' dir='ltr'><strong>etiam</strong></span> <span class='ocrx_word' id='word_1_763' title='bbox 2068 3406 2313 3461; x_wconf 89' lang='lat' dir='ltr'><strong>humanis</strong></span> <span class='ocrx_word' id='word_1_764' title='bbox 2357 3405 2634 3463; x_wconf 87' lang='lat' dir='ltr'><strong>sacriﬁciis</strong></span> <span class='ocrx_word' id='word_1_765' title='bbox 2668 3407 2826 3462; x_wconf 85' lang='lat' dir='ltr'><strong>fuerit</strong></span> <span class='ocrx_word' id='word_1_766' title='bbox 2868 3407 3179 3466; x_wconf 90' lang='lat' dir='ltr'><strong>delectatus.</strong></span> <span class='ocrx_word' id='word_1_767' title='bbox 3206 3411 3442 3481; x_wconf 89' lang='lat' dir='ltr'><strong>Quorum</strong></span> 
     </span>
    </p>
   </div>
   <div class='ocr_carea' id='block_1_98' title="bbox 1865 3496 3442 3575">
    <p class='ocr_par' dir='ltr' id='par_1_98' title="bbox 1865 3496 3442 3575">
     <span class='ocr_line' id='line_1_98' title="bbox 1865 3496 3442 3575; baseline 0.004 -22"><span class='ocrx_word' id='word_1_768' title='bbox 1865 3496 2147 3554; x_wconf 88' lang='lat' dir='ltr'><strong>calumniis</strong></span> <span class='ocrx_word' id='word_1_769' title='bbox 2173 3496 2250 3553; x_wconf 89' lang='lat' dir='ltr'><strong>sic</strong></span> <span class='ocrx_word' id='word_1_770' title='bbox 2288 3497 2536 3567; x_wconf 90' lang='lat' dir='ltr'><strong>primitus</strong></span> <span class='ocrx_word' id='word_1_771' title='bbox 2574 3497 2975 3567; x_wconf 90' lang='lat' dir='ltr'><strong>respondemus,</strong></span> <span class='ocrx_word' id='word_1_772' title='bbox 3001 3509 3057 3554; x_wconf 91' lang='lat' dir='ltr'><strong>ut</strong></span> <span class='ocrx_word' id='word_1_773' title='bbox 3085 3501 3248 3557; x_wconf 91' lang='lat' dir='ltr'><strong>Deum</strong></span> <span class='ocrx_word' id='word_1_774' title='bbox 3287 3503 3442 3575; x_wconf 88' lang='lat' dir='ltr'><strong>Legis</strong></span> 
     </span>
    </p>
   </div>
   <div class='ocr_carea' id='block_1_99' title="bbox 1865 3594 3439 3667">
    <p class='ocr_par' dir='ltr' id='par_1_99' title="bbox 1865 3594 3439 3667">
     <span class='ocr_line' id='line_1_99' title="bbox 1865 3594 3439 3667; baseline 0.002 -16"><span class='ocrx_word' id='word_1_775' title='bbox 1865 3604 1921 3652; x_wconf 92' lang='lat' dir='ltr'><strong>et</strong></span> <span class='ocrx_word' id='word_1_776' title='bbox 1957 3595 2365 3667; x_wconf 88' lang='lat' dir='ltr'><strong>Prophetarum,</strong></span> <span class='ocrx_word' id='word_1_777' title='bbox 2391 3604 2549 3664; x_wconf 91' lang='lat' dir='ltr'><strong>atque</strong></span> <span class='ocrx_word' id='word_1_778' title='bbox 2593 3601 2649 3648; x_wconf 92' lang='lat' dir='ltr'><strong>ut</strong></span> <span class='ocrx_word' id='word_1_779' title='bbox 2698 3594 3004 3664; x_wconf 82' lang='lat' dir='ltr'><strong>expressius</strong></span> <span class='ocrx_word' id='word_1_780' title='bbox 3041 3595 3233 3664; x_wconf 89' lang='lat' dir='ltr'><strong>dicam,</strong></span> <span class='ocrx_word' id='word_1_781' title='bbox 3273 3598 3439 3655; x_wconf 91' lang='lat' dir='ltr'><strong>Deum</strong></span> 
     </span>
    </p>
   </div>
   <div class='ocr_carea' id='block_1_100' title="bbox 1865 3684 3438 3744">
    <p class='ocr_par' dir='ltr' id='par_1_100' title="bbox 1865 3684 3438 3744">
     <span class='ocr_line' id='line_1_100' title="bbox 1865 3684 3438 3744; baseline 0.002 -3"><span class='ocrx_word' id='word_1_782' title='bbox 1865 3686 2134 3742; x_wconf 89' lang='lat' dir='ltr'><strong>Abraham</strong></span> <span class='ocrx_word' id='word_1_783' title='bbox 2161 3695 2215 3741; x_wconf 90' lang='lat' dir='ltr'><strong>et</strong></span> <span class='ocrx_word' id='word_1_784' title='bbox 2242 3686 2406 3740; x_wconf 91' lang='lat' dir='ltr'><strong>Deum</strong></span> <span class='ocrx_word' id='word_1_785' title='bbox 2442 3685 2588 3740; x_wconf 89' lang='lat' dir='ltr'><strong>Isaac</strong></span> <span class='ocrx_word' id='word_1_786' title='bbox 2625 3694 2680 3739; x_wconf 92' lang='lat' dir='ltr'><strong>et</strong></span> <span class='ocrx_word' id='word_1_787' title='bbox 2702 3684 2867 3739; x_wconf 89' lang='lat' dir='ltr'><strong>Deum</strong></span> <span class='ocrx_word' id='word_1_788' title='bbox 2896 3684 3062 3740; x_wconf 83' lang='lat' dir='ltr'><strong>Jacob</strong></span> <span class='ocrx_word' id='word_1_789' title='bbox 3096 3701 3196 3743; x_wconf 90' lang='lat' dir='ltr'><strong>nec</strong></span> <span class='ocrx_word' id='word_1_790' title='bbox 3233 3687 3321 3742; x_wconf 90' lang='lat' dir='ltr'><strong>illa</strong></span> <span class='ocrx_word' id='word_1_791' title='bbox 3350 3704 3438 3744; x_wconf 90' lang='lat' dir='ltr'><strong>sa-</strong></span> 
     </span>
    </p>
   </div>
   <div class='ocr_carea' id='block_1_101' title="bbox 1866 3774 3438 3846">
    <p class='ocr_par' dir='ltr' id='par_1_101' title="bbox 1866 3774 3438 3846">
     <span class='ocr_line' id='line_1_101' title="bbox 1866 3774 3438 3846; baseline 0.001 -13"><span class='ocrx_word' id='word_1_792' title='bbox 1866 3776 2061 3833; x_wconf 86' lang='lat' dir='ltr'><strong>criﬁcia</strong></span> <span class='ocrx_word' id='word_1_793' title='bbox 2088 3776 2487 3843; x_wconf 87' lang='lat' dir='ltr'><strong>delectaverint,</strong></span> <span class='ocrx_word' id='word_1_794' title='bbox 2511 3774 2597 3830; x_wconf 90' lang='lat' dir='ltr'><strong>ubi</strong></span> <span class='ocrx_word' id='word_1_795' title='bbox 2626 3790 2879 3846; x_wconf 89' lang='lat' dir='ltr'><strong>pecorum</strong></span> <span class='ocrx_word' id='word_1_796' title='bbox 2912 3774 3217 3831; x_wconf 87' lang='lat' dir='ltr'><strong>holocausta</strong></span> <span class='ocrx_word' id='word_1_797' title='bbox 3246 3777 3438 3835; x_wconf 80' lang='lat' dir='ltr'><strong>offere-</strong></span> 
     </span>
    </p>
   </div>
   <div class='ocr_carea' id='block_1_102' title="bbox 1864 3867 3438 3941">
    <p class='ocr_par' dir='ltr' id='par_1_102' title="bbox 1864 3867 3438 3941">
     <span class='ocr_line' id='line_1_102' title="bbox 1864 3867 3438 3941; baseline 0 -15"><span class='ocrx_word' id='word_1_798' title='bbox 1864 3869 2092 3936; x_wconf 90' lang='lat' dir='ltr'><strong>bantur;</strong></span> <span class='ocrx_word' id='word_1_799' title='bbox 2118 3869 2211 3925; x_wconf 90' lang='lat' dir='ltr'><strong>sed</strong></span> <span class='ocrx_word' id='word_1_800' title='bbox 2234 3868 2371 3941; x_wconf 91' lang='lat' dir='ltr'><strong>quod</strong></span> <span class='ocrx_word' id='word_1_801' title='bbox 2398 3869 2743 3941; x_wconf 83' lang='lat' dir='ltr'><strong>signiﬁcativa</strong></span> <span class='ocrx_word' id='word_1_802' title='bbox 2769 3867 2961 3924; x_wconf 89' lang='lat' dir='ltr'><strong>fuerint</strong></span> <span class='ocrx_word' id='word_1_803' title='bbox 2981 3877 3033 3925; x_wconf 92' lang='lat' dir='ltr'><strong>et</strong></span> <span class='ocrx_word' id='word_1_804' title='bbox 3054 3869 3296 3941; x_wconf 72' lang='lat' dir='ltr'><strong>quaedam</strong></span> <span class='ocrx_word' id='word_1_805' title='bbox 3321 3888 3438 3926; x_wconf 92' lang='lat' dir='ltr'><strong>um-</strong></span> 
     </span>
    </p>
   </div>
   <div class='ocr_carea' id='block_1_103' title="bbox 1863 3959 3440 4031">
    <p class='ocr_par' dir='ltr' id='par_1_103' title="bbox 1863 3959 3440 4031">
     <span class='ocr_line' id='line_1_103' title="bbox 1863 3959 3440 4031; baseline -0.001 -12"><span class='ocrx_word' id='word_1_806' title='bbox 1863 3962 1975 4020; x_wconf 63' lang='lat' dir='ltr'><strong>bra:</strong></span> <span class='ocrx_word' id='word_1_807' title='bbox 2002 3961 2325 4029; x_wconf 91' lang='lat' dir='ltr'><strong>futurorum,</strong></span> <span class='ocrx_word' id='word_1_808' title='bbox 2351 3976 2438 4016; x_wconf 87' lang='lat' dir='ltr'><strong>res</strong></span> <span class='ocrx_word' id='word_1_809' title='bbox 2472 3960 2614 4031; x_wconf 87' lang='lat' dir='ltr'><strong>ipsas</strong></span> <span class='ocrx_word' id='word_1_810' title='bbox 2638 3959 2789 4016; x_wconf 89' lang='lat' dir='ltr'><strong>nobis</strong></span> <span class='ocrx_word' id='word_1_811' title='bbox 2812 3975 2931 4031; x_wconf 64' lang='lat' dir='ltr'><strong>quae</strong></span> <span class='ocrx_word' id='word_1_812' title='bbox 2955 3959 3039 4015; x_wconf 91' lang='lat' dir='ltr'><strong>his</strong></span> <span class='ocrx_word' id='word_1_813' title='bbox 3067 3960 3342 4018; x_wconf 88' lang='lat' dir='ltr'><strong>sacriﬁciis</strong></span> <span class='ocrx_word' id='word_1_814' title='bbox 3365 3963 3440 4018; x_wconf 85' lang='lat' dir='ltr'><strong>si-</strong></span> 
     </span>
    </p>
   </div>
   <div class='ocr_carea' id='block_1_104' title="bbox 1862 4050 3435 4126">
    <p class='ocr_par' dir='ltr' id='par_1_104' title="bbox 1862 4050 3435 4126">
     <span class='ocr_line' id='line_1_104' title="bbox 1862 4050 3435 4126; baseline 0.002 -18"><span class='ocrx_word' id='word_1_815' title='bbox 1862 4053 2266 4126; x_wconf 87' lang='lat' dir='ltr'><strong>gniﬁcabantur,</strong></span> <span class='ocrx_word' id='word_1_816' title='bbox 2308 4051 2683 4108; x_wconf 86' lang='lat' dir='ltr'><strong>commendare</strong></span> <span class='ocrx_word' id='word_1_817' title='bbox 2728 4050 3010 4107; x_wconf 86' lang='lat' dir='ltr'><strong>voluisse:</strong></span> <span class='ocrx_word' id='word_1_818' title='bbox 3051 4050 3215 4109; x_wconf 88' lang='lat' dir='ltr'><strong>fuisse</strong></span> <span class='ocrx_word' id='word_1_819' title='bbox 3258 4063 3435 4111; x_wconf 87' lang='lat' dir='ltr'><strong>autem</strong></span> 
     </span>
    </p>
   </div>
   <div class='ocr_carea' id='block_1_105' title="bbox 1864 4140 3439 4213">
    <p class='ocr_par' dir='ltr' id='par_1_105' title="bbox 1864 4140 3439 4213">
     <span class='ocr_line' id='line_1_105' title="bbox 1864 4140 3439 4213; baseline 0.002 -14"><span class='ocrx_word' id='word_1_820' title='bbox 1864 4145 2023 4200; x_wconf 90' lang='lat' dir='ltr'><strong>etiam</strong></span> <span class='ocrx_word' id='word_1_821' title='bbox 2053 4144 2209 4200; x_wconf 88' lang='lat' dir='ltr'><strong>istam</strong></span> <span class='ocrx_word' id='word_1_822' title='bbox 2245 4143 2427 4198; x_wconf 90' lang='lat' dir='ltr'><strong>utilem</strong></span> <span class='ocrx_word' id='word_1_823' title='bbox 2453 4156 2667 4199; x_wconf 88' lang='lat' dir='ltr'><strong>causam</strong></span> <span class='ocrx_word' id='word_1_824' title='bbox 2705 4157 2801 4196; x_wconf 87' lang='lat' dir='ltr'><strong>cur</strong></span> <span class='ocrx_word' id='word_1_825' title='bbox 2837 4140 2925 4196; x_wconf 91' lang='lat' dir='ltr'><strong>illa</strong></span> <span class='ocrx_word' id='word_1_826' title='bbox 2959 4150 3307 4213; x_wconf 84' lang='lat' dir='ltr'><strong>mutarentur,</strong></span> <span class='ocrx_word' id='word_1_827' title='bbox 3337 4161 3439 4202; x_wconf 86' lang='lat' dir='ltr'><strong>nec</strong></span> 
     </span>
    </p>
   </div>
   <div class='ocr_carea' id='block_1_106' title="bbox 1863 4233 3529 4306">
    <p class='ocr_par' dir='ltr' id='par_1_106' title="bbox 1863 4233 3529 4306">
     <span class='ocr_line' id='line_1_106' title="bbox 1863 4233 3529 4306; baseline -0.002 -15"><span class='ocrx_word' id='word_1_828' title='bbox 1863 4236 2024 4292; x_wconf 89' lang='lat' dir='ltr'><strong>modo</strong></span> <span class='ocrx_word' id='word_1_829' title='bbox 2060 4234 2394 4306; x_wconf 76' lang='lat' dir='ltr'><strong>iuberentur,</strong></span> <span class='ocrx_word' id='word_1_830' title='bbox 2424 4235 2530 4289; x_wconf 89' lang='lat' dir='ltr'><strong>imo</strong></span> <span class='ocrx_word' id='word_1_831' title='bbox 2556 4233 2962 4304; x_wconf 88' lang='lat' dir='ltr'><strong>prohiberentur</strong></span> <span class='ocrx_word' id='word_1_832' title='bbox 2990 4234 3190 4301; x_wconf 87' lang='lat' dir='ltr'><strong>oﬁ‘erri,</strong></span> <span class='ocrx_word' id='word_1_833' title='bbox 3219 4250 3287 4290; x_wconf 91' lang='lat' dir='ltr'><strong>ne</strong></span> <span class='ocrx_word' id='word_1_834' title='bbox 3309 4252 3437 4293; x_wconf 79' lang='lat' dir='ltr'><strong>vero</strong></span> <span class='ocrx_word' id='word_1_835' title='bbox 3526 4286 3529 4287; x_wconf 30' lang='grc' dir='ltr'><em>ν</em></span> 
     </span>
    </p>
   </div>
   <div class='ocr_carea' id='block_1_107' title="bbox 1862 4323 3434 4389">
    <p class='ocr_par' dir='ltr' id='par_1_107' title="bbox 1862 4323 3434 4389">
     <span class='ocr_line' id='line_1_107' title="bbox 1862 4323 3434 4389; baseline 0 -6"><span class='ocrx_word' id='word_1_836' title='bbox 1862 4326 2151 4383; x_wconf 90' lang='lat' dir='ltr'><strong>secundum</strong></span> <span class='ocrx_word' id='word_1_837' title='bbox 2186 4325 2455 4382; x_wconf 88' lang='lat' dir='ltr'><strong>carnalem</strong></span> <span class='ocrx_word' id='word_1_838' title='bbox 2491 4324 2739 4381; x_wconf 79' lang='lat' dir='ltr'><strong>affectum</strong></span> <span class='ocrx_word' id='word_1_839' title='bbox 2769 4323 2961 4380; x_wconf 89' lang='lat' dir='ltr'><strong>talibus</strong></span> <span class='ocrx_word' id='word_1_840' title='bbox 2991 4325 3158 4380; x_wconf 89' lang='lat' dir='ltr'><strong>Deum</strong></span> <span class='ocrx_word' id='word_1_841' title='bbox 3182 4324 3434 4389; x_wconf 86' lang='lat' dir='ltr'><strong>delectari</strong></span> 
     </span>
    </p>
   </div>
   <div class='ocr_carea' id='block_1_108' title="bbox 1860 4427 2187 4489">
    <p class='ocr_par' dir='ltr' id='par_1_108' title="bbox 1860 4427 2187 4489">
     <span class='ocr_line' id='line_1_108' title="bbox 1860 4427 2187 4489; baseline -0.012 -14"><span class='ocrx_word' id='word_1_842' title='bbox 1860 4427 2187 4489; x_wconf 88' lang='lat' dir='ltr'><strong>putaremus.</strong></span> 
     </span>
    </p>
   </div>
   <div class='ocr_carea' id='block_1_109' title="bbox 1933 4514 3434 4587">
    <p class='ocr_par' dir='ltr' id='par_1_109' title="bbox 1933 4514 3434 4587">
     <span class='ocr_line' id='line_1_109' title="bbox 1933 4514 3434 4587; baseline 0.001 -13"><span class='ocrx_word' id='word_1_843' title='bbox 1933 4518 2038 4575; x_wconf 89' lang='lat' dir='ltr'><strong>Sed</strong></span> <span class='ocrx_word' id='word_1_844' title='bbox 2065 4526 2242 4573; x_wconf 93' lang='lat' dir='ltr'><strong>utrum</strong></span> <span class='ocrx_word' id='word_1_845' title='bbox 2270 4517 2428 4572; x_wconf 89' lang='lat' dir='ltr'><strong>etiam</strong></span> <span class='ocrx_word' id='word_1_846' title='bbox 2452 4514 2698 4570; x_wconf 87' lang='lat' dir='ltr'><strong>humanis</strong></span> <span class='ocrx_word' id='word_1_847' title='bbox 2737 4514 3011 4570; x_wconf 90' lang='lat' dir='ltr'><strong>sacriﬁciis</strong></span> <span class='ocrx_word' id='word_1_848' title='bbox 3046 4515 3326 4587; x_wconf 87' lang='lat' dir='ltr'><strong>signiﬁcari</strong></span> <span class='ocrx_word' id='word_1_849' title='bbox 3352 4516 3434 4575; x_wconf 77' lang='lat' dir='ltr'><strong>fu~</strong></span> 
     </span>
    </p>
   </div>
   <div class='ocr_carea' id='block_1_110' title="bbox 1862 4607 3434 4681">
    <p class='ocr_par' dir='ltr' id='par_1_110' title="bbox 1862 4607 3434 4681">
     <span class='ocr_line' id='line_1_110' title="bbox 1862 4607 3434 4681; baseline 0.002 -15"><span class='ocrx_word' id='word_1_850' title='bbox 1862 4618 1979 4666; x_wconf 88' lang='lat' dir='ltr'><strong>tura</strong></span> <span class='ocrx_word' id='word_1_851' title='bbox 2014 4607 2329 4681; x_wconf 89' lang='lat' dir='ltr'><strong>oportuerit,</strong></span> <span class='ocrx_word' id='word_1_852' title='bbox 2379 4608 2570 4663; x_wconf 91' lang='lat' dir='ltr'><strong>merito</strong></span> <span class='ocrx_word' id='word_1_853' title='bbox 2608 4607 2892 4679; x_wconf 75' lang='lat' dir='ltr'><strong>quzeritur:</strong></span> <span class='ocrx_word' id='word_1_854' title='bbox 2916 4623 3023 4664; x_wconf 89' lang='lat' dir='ltr'><strong>non</strong></span> <span class='ocrx_word' id='word_1_855' title='bbox 3060 4608 3205 4680; x_wconf 90' lang='lat' dir='ltr'><strong>quod</strong></span> <span class='ocrx_word' id='word_1_856' title='bbox 3234 4620 3434 4669; x_wconf 86' lang='lat' dir='ltr'><strong>mortes</strong></span> 
     </span>
    </p>
   </div>
   <div class='ocr_carea' id='block_1_111' title="bbox 1863 4698 3434 4773">
    <p class='ocr_par' dir='ltr' id='par_1_111' title="bbox 1863 4698 3434 4773">
     <span class='ocr_line' id='line_1_111' title="bbox 1863 4698 3434 4773; baseline 0.001 -14"><span class='ocrx_word' id='word_1_857' title='bbox 1863 4704 2135 4761; x_wconf 87' lang='lat' dir='ltr'><strong>hominum</strong></span> <span class='ocrx_word' id='word_1_858' title='bbox 2165 4701 2478 4773; x_wconf 88' lang='lat' dir='ltr'><strong>quandoque</strong></span> <span class='ocrx_word' id='word_1_859' title='bbox 2503 4698 2881 4767; x_wconf 79' lang='lat' dir='ltr'><strong>moriturorum</strong></span> <span class='ocrx_word' id='word_1_860' title='bbox 2926 4700 2977 4755; x_wconf 87' lang='lat' dir='ltr'><strong>in</strong></span> <span class='ocrx_word' id='word_1_861' title='bbox 3019 4701 3119 4757; x_wconf 89' lang='lat' dir='ltr'><strong>hac</strong></span> <span class='ocrx_word' id='word_1_862' title='bbox 3158 4717 3316 4760; x_wconf 88' lang='lat' dir='ltr'><strong>causa</strong></span> <span class='ocrx_word' id='word_1_863' title='bbox 3336 4719 3434 4760; x_wconf 88' lang='lat' dir='ltr'><strong>ex-</strong></span> 
     </span>
    </p>
   </div>
   <div class='ocr_carea' id='block_1_112' title="bbox 1863 4791 3435 4866">
    <p class='ocr_par' dir='ltr' id='par_1_112' title="bbox 1863 4791 3435 4866">
     <span class='ocr_line' id='line_1_112' title="bbox 1863 4791 3435 4866; baseline 0.003 -16"><span class='ocrx_word' id='word_1_864' title='bbox 1863 4795 2175 4850; x_wconf 87' lang='lat' dir='ltr'><strong>horrescere</strong></span> <span class='ocrx_word' id='word_1_865' title='bbox 2194 4801 2247 4849; x_wconf 90' lang='lat' dir='ltr'><strong>et</strong></span> <span class='ocrx_word' id='word_1_866' title='bbox 2272 4792 2555 4848; x_wconf 86' lang='lat' dir='ltr'><strong>formidare</strong></span> <span class='ocrx_word' id='word_1_867' title='bbox 2574 4791 2907 4859; x_wconf 88' lang='lat' dir='ltr'><strong>deberemus,</strong></span> <span class='ocrx_word' id='word_1_868' title='bbox 2936 4792 2983 4848; x_wconf 89' lang='lat' dir='ltr'><strong>si</strong></span> <span class='ocrx_word' id='word_1_869' title='bbox 3007 4793 3083 4849; x_wconf 92' lang='lat' dir='ltr'><strong>illi</strong></span> <span class='ocrx_word' id='word_1_870' title='bbox 3104 4795 3196 4866; x_wconf 90' lang='lat' dir='ltr'><strong>qui</strong></span> <span class='ocrx_word' id='word_1_871' title='bbox 3222 4794 3338 4853; x_wconf 66' lang='lat' dir='ltr'><strong>haec</strong></span> <span class='ocrx_word' id='word_1_872' title='bbox 3365 4796 3435 4855; x_wconf 84' lang='lat' dir='ltr'><strong>de</strong></span> 
     </span>
    </p>
   </div>
   <div class='ocr_carea' id='block_1_113' title="bbox 1861 4885 3433 4959">
    <p class='ocr_par' dir='ltr' id='par_1_113' title="bbox 1861 4885 3433 4959">
     <span class='ocr_line' id='line_1_113' title="bbox 1861 4885 3433 4959; baseline 0 -14"><span class='ocrx_word' id='word_1_873' title='bbox 1861 4905 1920 4946; x_wconf 88' lang='lat' dir='ltr'><strong>se</strong></span> <span class='ocrx_word' id='word_1_874' title='bbox 1958 4887 2073 4943; x_wconf 90' lang='lat' dir='ltr'><strong>ﬁeri</strong></span> <span class='ocrx_word' id='word_1_875' title='bbox 2113 4894 2384 4959; x_wconf 83' lang='lat' dir='ltr'><strong>gratanter</strong></span> <span class='ocrx_word' id='word_1_876' title='bbox 2415 4886 2736 4956; x_wconf 88' lang='lat' dir='ltr'><strong>acciperent,</strong></span> <span class='ocrx_word' id='word_1_877' title='bbox 2766 4885 2817 4941; x_wconf 90' lang='lat' dir='ltr'><strong>in</strong></span> <span class='ocrx_word' id='word_1_878' title='bbox 2847 4894 3100 4942; x_wconf 61' lang='lat' dir='ltr'><strong>aeternam</strong></span> <span class='ocrx_word' id='word_1_879' title='bbox 3126 4903 3433 4945; x_wconf 80' lang='lat' dir='ltr'><strong>remunera~</strong></span> 
     </span>
    </p>
   </div>
   <div class='ocr_carea' id='block_1_114' title="bbox 1861 4976 3433 5049">
    <p class='ocr_par' dir='ltr' id='par_1_114' title="bbox 1861 4976 3433 5049">
     <span class='ocr_line' id='line_1_114' title="bbox 1861 4976 3433 5049; baseline -0.001 -13"><span class='ocrx_word' id='word_1_880' title='bbox 1861 4981 2060 5036; x_wconf 89' lang='lat' dir='ltr'><strong>tionem</strong></span> <span class='ocrx_word' id='word_1_881' title='bbox 2077 4977 2574 5035; x_wconf 89' lang='lat' dir='ltr'><strong>commendarentur</strong></span> <span class='ocrx_word' id='word_1_882' title='bbox 2591 4977 2733 5033; x_wconf 91' lang='lat' dir='ltr'><strong>Deo:</strong></span> <span class='ocrx_word' id='word_1_883' title='bbox 2755 4976 2851 5033; x_wconf 88' lang='lat' dir='ltr'><strong>sed</strong></span> <span class='ocrx_word' id='word_1_884' title='bbox 2870 4979 2915 5033; x_wconf 90' lang='lat' dir='ltr'><strong>si</strong></span> <span class='ocrx_word' id='word_1_885' title='bbox 2942 4978 3045 5034; x_wconf 88' lang='lat' dir='ltr'><strong>hoc</strong></span> <span class='ocrx_word' id='word_1_886' title='bbox 3064 4995 3245 5035; x_wconf 89' lang='lat' dir='ltr'><strong>verum</strong></span> <span class='ocrx_word' id='word_1_887' title='bbox 3266 4990 3433 5049; x_wconf 86' lang='lat' dir='ltr'><strong>esset,</strong></span> 
     </span>
    </p>
   </div>
   <div class='ocr_carea' id='block_1_115' title="bbox 1861 5068 3432 5142">
    <p class='ocr_par' dir='ltr' id='par_1_115' title="bbox 1861 5068 3432 5142">
     <span class='ocr_line' id='line_1_115' title="bbox 1861 5068 3432 5142; baseline 0 -15"><span class='ocrx_word' id='word_1_888' title='bbox 1861 5071 1965 5127; x_wconf 91' lang='lat' dir='ltr'><strong>hoc</strong></span> <span class='ocrx_word' id='word_1_889' title='bbox 2001 5086 2170 5142; x_wconf 90' lang='lat' dir='ltr'><strong>genus</strong></span> <span class='ocrx_word' id='word_1_890' title='bbox 2203 5068 2580 5125; x_wconf 85' lang='lat' dir='ltr'><strong>sacriﬁciorum</strong></span> <span class='ocrx_word' id='word_1_891' title='bbox 2606 5069 2716 5125; x_wconf 89' lang='lat' dir='ltr'><strong>Deo</strong></span> <span class='ocrx_word' id='word_1_892' title='bbox 2742 5084 2847 5124; x_wconf 91' lang='lat' dir='ltr'><strong>non</strong></span> <span class='ocrx_word' id='word_1_893' title='bbox 2876 5069 3213 5141; x_wconf 88' lang='lat' dir='ltr'><strong>displiceret;</strong></span> <span class='ocrx_word' id='word_1_894' title='bbox 3242 5070 3432 5142; x_wconf 87' lang='lat' dir='ltr'><strong>displi-</strong></span> 
     </span>
    </p>
   </div>
   <div class='ocr_carea' id='block_1_116' title="bbox 1861 5159 3433 5231">
    <p class='ocr_par' dir='ltr' id='par_1_116' title="bbox 1861 5159 3433 5231">
     <span class='ocr_line' id='line_1_116' title="bbox 1861 5159 3433 5231; baseline 0.003 -14"><span class='ocrx_word' id='word_1_895' title='bbox 1861 5177 1985 5218; x_wconf 88' lang='lat' dir='ltr'><strong>cere</strong></span> <span class='ocrx_word' id='word_1_896' title='bbox 2024 5170 2199 5216; x_wconf 90' lang='lat' dir='ltr'><strong>autem</strong></span> <span class='ocrx_word' id='word_1_897' title='bbox 2246 5161 2354 5217; x_wconf 89' lang='lat' dir='ltr'><strong>Deo</strong></span> <span class='ocrx_word' id='word_1_898' title='bbox 2385 5162 2513 5215; x_wconf 90' lang='lat' dir='ltr'><strong>satis</strong></span> <span class='ocrx_word' id='word_1_899' title='bbox 2541 5159 2818 5216; x_wconf 87' lang='lat' dir='ltr'><strong>evidenter</strong></span> <span class='ocrx_word' id='word_1_900' title='bbox 2842 5159 3029 5215; x_wconf 89' lang='lat' dir='ltr'><strong>eadem</strong></span> <span class='ocrx_word' id='word_1_901' title='bbox 3058 5159 3327 5231; x_wconf 89' lang='lat' dir='ltr'><strong>Scriptura</strong></span> <span class='ocrx_word' id='word_1_902' title='bbox 3353 5172 3433 5221; x_wconf 85' lang='lat' dir='ltr'><strong>te-</strong></span> 
     </span>
    </p>
   </div>
   <div class='ocr_carea' id='block_1_117' title="bbox 1862 5251 3437 5323">
    <p class='ocr_par' dir='ltr' id='par_1_117' title="bbox 1862 5251 3437 5323">
     <span class='ocr_line' id='line_1_117' title="bbox 1862 5251 3437 5323; baseline 0.003 -13"><span class='ocrx_word' id='word_1_903' title='bbox 1862 5263 2050 5310; x_wconf 90' lang='lat' dir='ltr'><strong>statur.</strong></span> <span class='ocrx_word' id='word_1_904' title='bbox 2086 5253 2219 5309; x_wconf 87' lang='lat' dir='ltr'><strong>Nam</strong></span> <span class='ocrx_word' id='word_1_905' title='bbox 2258 5268 2377 5307; x_wconf 91' lang='lat' dir='ltr'><strong>cum</strong></span> <span class='ocrx_word' id='word_1_906' title='bbox 2419 5252 2597 5307; x_wconf 90' lang='lat' dir='ltr'><strong>omnia</strong></span> <span class='ocrx_word' id='word_1_907' title='bbox 2643 5251 2989 5321; x_wconf 86' lang='lat' dir='ltr'><strong>primogenita</strong></span> <span class='ocrx_word' id='word_1_908' title='bbox 3025 5251 3126 5306; x_wconf 92' lang='lat' dir='ltr'><strong>sibi</strong></span> <span class='ocrx_word' id='word_1_909' title='bbox 3163 5252 3350 5323; x_wconf 90' lang='lat' dir='ltr'><strong>dicari,</strong></span> <span class='ocrx_word' id='word_1_910' title='bbox 3379 5266 3437 5315; x_wconf 84' lang='lat' dir='ltr'><strong>et</strong></span> 
     </span>
    </p>
   </div>
   <div class='ocr_carea' id='block_1_118' title="bbox 1862 5339 3431 5411">
    <p class='ocr_par' dir='ltr' id='par_1_118' title="bbox 1862 5339 3431 5411">
     <span class='ocr_line' id='line_1_118' title="bbox 1862 5339 3431 5411; baseline 0.003 -11"><span class='ocrx_word' id='word_1_911' title='bbox 1862 5358 1956 5400; x_wconf 89' lang='lat' dir='ltr'><strong>sua</strong></span> <span class='ocrx_word' id='word_1_912' title='bbox 1990 5358 2107 5399; x_wconf 91' lang='lat' dir='ltr'><strong>esse</strong></span> <span class='ocrx_word' id='word_1_913' title='bbox 2134 5343 2360 5397; x_wconf 83' lang='lat' dir='ltr'><strong>voluerit</strong></span> <span class='ocrx_word' id='word_1_914' title='bbox 2390 5352 2545 5411; x_wconf 88' lang='lat' dir='ltr'><strong>atque</strong></span> <span class='ocrx_word' id='word_1_915' title='bbox 2588 5340 2932 5411; x_wconf 80' lang='lat' dir='ltr'><strong>praeceperit;</strong></span> <span class='ocrx_word' id='word_1_916' title='bbox 2968 5339 3158 5397; x_wconf 90' lang='lat' dir='ltr'><strong>redimi</strong></span> <span class='ocrx_word' id='word_1_917' title='bbox 3197 5352 3371 5401; x_wconf 88' lang='lat' dir='ltr'><strong>tamen</strong></span> <span class='ocrx_word' id='word_1_918' title='bbox 3399 5361 3431 5405; x_wconf 84' lang='lat' dir='ltr'><strong>a</strong></span> 
     </span>
    </p>
   </div>
   <div class='ocr_carea' id='block_1_119' title="bbox 1861 5429 3430 5508">
    <p class='ocr_par' dir='ltr' id='par_1_119' title="bbox 1861 5429 3430 5508">
     <span class='ocr_line' id='line_1_119' title="bbox 1861 5429 3430 5508; baseline 0.001 -17"><span class='ocrx_word' id='word_1_919' title='bbox 1861 5450 1920 5493; x_wconf 85' lang='lat' dir='ltr'><strong>se</strong></span> <span class='ocrx_word' id='word_1_920' title='bbox 1935 5433 2101 5491; x_wconf 90' lang='lat' dir='ltr'><strong>voluit</strong></span> <span class='ocrx_word' id='word_1_921' title='bbox 2117 5431 2461 5503; x_wconf 87' lang='lat' dir='ltr'><strong>primogenita</strong></span> <span class='ocrx_word' id='word_1_922' title='bbox 2481 5430 2751 5485; x_wconf 90' lang='lat' dir='ltr'><strong>hominum</strong></span> <span class='ocrx_word' id='word_1_923' title='bbox 2772 5429 2966 5502; x_wconf 68' lang='lat' dir='ltr'><strong>(Exod.</strong></span> <span class='ocrx_word' id='word_1_924' title='bbox 2989 5434 3100 5500; x_wconf 88' lang='lat' dir='ltr'><strong>xui,</strong></span> <span class='ocrx_word' id='word_1_925' title='bbox 3126 5432 3182 5501; x_wconf 74' lang='lat'><strong>2,</strong></span> <span class='ocrx_word' id='word_1_926' title='bbox 3207 5434 3294 5502; x_wconf 73' lang='grc'><strong>12,</strong></span> <span class='ocrx_word' id='word_1_927' title='bbox 3318 5437 3430 5508; x_wconf 79' lang='lat' dir='ltr'><strong>l5),</strong></span> 
     </span>
    </p>
   </div>
   <div class='ocr_carea' id='block_1_120' title="bbox 1862 5521 3431 5596">
    <p class='ocr_par' dir='ltr' id='par_1_120' title="bbox 1862 5521 3431 5596">
     <span class='ocr_line' id='line_1_120' title="bbox 1862 5521 3431 5596; baseline 0.002 -14"><span class='ocrx_word' id='word_1_928' title='bbox 1862 5542 1931 5582; x_wconf 90' lang='lat' dir='ltr'><strong>ne</strong></span> <span class='ocrx_word' id='word_1_929' title='bbox 1961 5522 2311 5581; x_wconf 88' lang='lat' dir='ltr'><strong>immolandos</strong></span> <span class='ocrx_word' id='word_1_930' title='bbox 2338 5523 2448 5576; x_wconf 91' lang='lat' dir='ltr'><strong>Deo</strong></span> <span class='ocrx_word' id='word_1_931' title='bbox 2472 5521 2751 5577; x_wconf 89' lang='lat' dir='ltr'><strong>crederent</strong></span> <span class='ocrx_word' id='word_1_932' title='bbox 2783 5521 2921 5579; x_wconf 86' lang='lat' dir='ltr'><strong>ﬁlios</strong></span> <span class='ocrx_word' id='word_1_933' title='bbox 2946 5538 3093 5592; x_wconf 91' lang='lat' dir='ltr'><strong>suos,</strong></span> <span class='ocrx_word' id='word_1_934' title='bbox 3116 5540 3251 5596; x_wconf 89' lang='lat' dir='ltr'><strong>quos</strong></span> <span class='ocrx_word' id='word_1_935' title='bbox 3277 5537 3431 5586; x_wconf 89' lang='lat' dir='ltr'><strong>natos</strong></span> 
     </span>
    </p>
   </div>
   <div class='ocr_carea' id='block_1_121' title="bbox 1860 5612 3430 5689">
    <p class='ocr_par' dir='ltr' id='par_1_121' title="bbox 1860 5612 3430 5689">
     <span class='ocr_line' id='line_1_121' title="bbox 1860 5612 3430 5689; baseline 0 -16"><span class='ocrx_word' id='word_1_936' title='bbox 1860 5618 2105 5689; x_wconf 85' lang='lat' dir='ltr'><strong>primitus</strong></span> <span class='ocrx_word' id='word_1_937' title='bbox 2119 5612 2492 5684; x_wconf 84' lang='lat' dir='ltr'><strong>suscepissent.</strong></span> <span class='ocrx_word' id='word_1_938' title='bbox 2517 5612 2717 5669; x_wconf 88' lang='lat' dir='ltr'><strong>Deinde</strong></span> <span class='ocrx_word' id='word_1_939' title='bbox 2730 5615 2830 5670; x_wconf 91' lang='lat' dir='ltr'><strong>hoc</strong></span> <span class='ocrx_word' id='word_1_940' title='bbox 2845 5615 3078 5685; x_wconf 88' lang='lat' dir='ltr'><strong>apertius</strong></span> <span class='ocrx_word' id='word_1_941' title='bbox 3094 5618 3163 5672; x_wconf 88' lang='lat' dir='ltr'><strong>ita</strong></span> <span class='ocrx_word' id='word_1_942' title='bbox 3178 5617 3430 5689; x_wconf 79' lang='lat' dir='ltr'><strong>loquitur,</strong></span> 
     </span>
    </p>
   </div>
   <div class='ocr_carea' id='block_1_122' title="bbox 1863 5703 3429 5784">
    <p class='ocr_par' dir='ltr' id='par_1_122' title="bbox 1863 5703 3429 5784">
     <span class='ocr_line' id='line_1_122' title="bbox 1863 5703 3429 5784; baseline -0.003 -19"><span class='ocrx_word' id='word_1_943' title='bbox 1863 5706 2007 5780; x_wconf 89' lang='lat' dir='ltr'><strong>quod</strong></span> <span class='ocrx_word' id='word_1_944' title='bbox 2051 5706 2281 5764; x_wconf 87' lang='lat' dir='ltr'><strong>humana</strong></span> <span class='ocrx_word' id='word_1_945' title='bbox 2320 5703 2623 5764; x_wconf 87' lang='lat' dir='ltr'><strong>holocausta</strong></span> <span class='ocrx_word' id='word_1_946' title='bbox 2650 5706 2727 5764; x_wconf 88' lang='lat' dir='ltr'><strong>sic</strong></span> <span class='ocrx_word' id='word_1_947' title='bbox 2752 5706 2891 5764; x_wconf 88' lang='lat' dir='ltr'><strong>Deus</strong></span> <span class='ocrx_word' id='word_1_948' title='bbox 2915 5706 3203 5779; x_wconf 87' lang='lat' dir='ltr'><strong>improbet,</strong></span> <span class='ocrx_word' id='word_1_949' title='bbox 3234 5720 3289 5767; x_wconf 92' lang='lat' dir='ltr'><strong>ut</strong></span> <span class='ocrx_word' id='word_1_950' title='bbox 3314 5728 3429 5784; x_wconf 85' lang='lat' dir='ltr'><strong>pro.</strong></span> 
     </span>
    </p>
   </div>
   <div class='ocr_carea' id='block_1_123' title="bbox 2736 5796 3463 5899">
    <p class='ocr_par' dir='ltr' id='par_1_123' title="bbox 2736 5796 3463 5899">
     <span class='ocr_line' id='line_1_123' title="bbox 2736 5796 3463 5899; baseline -0.014 -32"><span class='ocrx_word' id='word_1_951' title='bbox 2736 5799 3187 5883; x_wconf 54' lang='grc' dir='ltr'><strong>(νῆσε-εἰπε.)</strong></span> <span class='ocrx_word' id='word_1_952' title='bbox 3210 5796 3212 5798; x_wconf 66' lang='grc'>’</span> <span class='ocrx_word' id='word_1_953' title='bbox 3379 5798 3463 5899; x_wconf 46' lang='lat' dir='ltr'><strong>iii</strong></span> 
     </span>
    </p>
   </div>
  </div>
