3874 6346
459 431 662 495 hibeat,
686 427 956 483 detestans
991 438 1051 479 ea
1095 425 1146 477 in
1197 421 1314 477 aliis
1351 422 1612 493 gentibus,
1644 429 1697 474 et
1718 417 1912 489 populo
1943 427 2039 472 Suo

459 517 774 593 praecipiens
800 523 868 572 ne
894 515 1086 570 audeat
1113 514 1305 569 imitari
1331 532 1342 567 :
1369 507 1429 568 Si
1454 524 1638 577 autem,
1658 511 1848 581 inquit,
1876 517 2041 583 exter:-

460 613 722 669 mina'verit
765 605 1009 664 Dominus
1039 606 1174 662 Deus
1210 615 1324 660 tuus
1353 615 1538 677 gentes,
1572 605 1622 657 in
1652 620 1775 673 quas
1806 613 1858 655 tu
1883 602 2042 654 intras

461 705 754 762 hwreditare
778 713 958 758 terram
986 718 1159 756 eorum
1178 718 1208 753 a
1228 709 1496 769 conspectu
1527 708 1630 762 tuo,
1661 707 1705 751 et
1729 695 2043 750 hwreditabis

459 820 563 866 eos,
592 810 635 856 et
663 793 906 852 habitabis
925 798 978 849 in
1010 805 1141 849 terra
1161 811 1363 859 eorum;
1389 791 1587 846 attende
1613 791 1699 844 tibi
1723 789 1840 858 ipsi,
1870 805 1930 841 ne
1958 804 2043 841 ea:-

457 893 629 963 quiras
676 889 813 959 sequi
859 904 960 948 eos,
991 895 1252 956 postquam
1295 883 1610 939 exterminati
1649 883 1834 952 fuerint
1863 897 1894 933 a
1918 880 2044 952 [acie

461 992 567 1048 tua,
601 997 666 1035 ne
683 979 913 1050 exquiras
938 979 1056 1032 deos
1079 989 1254 1031 eorum
1278 965 1468 1042 dicens,
1495 971 1929 1040 Quemadmodum
1958 975 2034 1040 fa-

459 1074 598 1126 ciunt
625 1081 794 1144 gentes
821 1069 917 1123 diis
939 1070 1061 1131 suis,
1095 1069 1279 1138 faciam
1309 1077 1355 1120 et
1380 1082 1468 1136 ego
1499 1081 1635 1118 :non
1657 1065 1810 1133 {acies
1839 1063 1909 1115 ita
1934 1061 2041 1114 Do-

460 1165 596 1218 mino
623 1161 729 1216 Deo
755 1172 858 1216 tuo.
890 1160 1306 1213 Abominamenta
1333 1158 1463 1210 enim
1489 1171 1599 1224 qua:
1625 1151 1874 1208 Dominus
1913 1152 2037 1216 odit,

459 1255 679 1323 fecerunt
709 1251 805 1305 diis
848 1251 988 1315 suis;
1017 1249 1253 1321 quoniam
1289 1258 1333 1302 et
1370 1247 1502 1316 ﬁlios
1535 1262 1651 1300 suos
1684 1247 1731 1300 et
1762 1244 1900 1314 ﬁlias
1926 1260 2044 1298 suas

458 1345 753 1401 comburunt
778 1343 883 1412 igni
904 1338 1000 1394 diis
1022 1341 1126 1393 suis
1149 1339 1325 1411 (Deut.
1351 1343 1447 1401 χιι,
1473 1331 1544 1392 ‘29
1574 1333 1688 1407 5i).

531 1433 665 1503 Quid
696 1433 994 1488 evidentius
1014 1430 1221 1486 ostendi
1241 1437 1415 1498 potest
1436 1428 1517 1481 his
1532 1435 1731 1482 sancta:
1753 1425 2042 1496 Scriptum

456 1525 798 1589 testimoniis,
825 1534 880 1575 ut
898 1521 998 1575 alia
1017 1517 1382 1590 hujuscemodi
1405 1520 1668 1583 omittam,
1688 1533 1847 1587 quam
1873 1518 2043 1571 Deum

457 1621 489 1673 ‘a
519 1633 623 1687 quo
656 1613 771 1670 haec
799 1614 1071 1682 Scriptura
1115 1611 1350 1665 humano
1392 1611 1575 1680 generi
1609 1610 1906 1664 contributa
1938 1618 2039 1675 est,

459 1724 567 1762 non
602 1705 774 1760 solum
805 1718 910 1757 non
936 1701 1178 1772 diligere,
1209 1716 1390 1756 verum
1419 1702 1575 1755 etiam
1597 1700 1777 1754 odisse
1806 1700 1928 1753 talia
1960 1714 2044 1752 sa-

459 1797 680 1864 criﬁcia,
712 1798 765 1851 in
792 1797 982 1866 quibus
1007 1795 1249 1850 homines
1271 1793 1647 1848 immolantur?
1670 1792 1760 1847 Illa
1783 1793 1937 1863 plane
1965 1792 2046 1847 di-

460 1888 637 1960 ligitet
653 1896 891 1954 coronat,
911 1901 1032 1941 cum
1051 1885 1273 1956 quisque
1285 1884 1460 1954 justus
1486 1883 1813 1954 iniquitatem
1836 1884 2043 1954 patiens

458 1993 628 2054 usque
644 1977 710 2036 ad
727 1989 951 2034 mortem
973 1994 1071 2050 pro
1090 1978 1312 2033 veritate
1330 1976 1585 2045 decertat,
1601 1977 1683 2031 vel
1700 1976 1767 2032 ab
1794 1977 2040 2041 inimicis,

461 2089 594 2144 quos
637 2088 733 2143 pro
768 2071 971 2142 justitia
1021 2069 1261 2136 oﬁ'endit,
1305 2068 1584 2136 occiditur,
1630 2069 1927 2123 retribuens
1966 2069 2046 2124 eis

457 2166 598 2221 bona
643 2179 740 2235 pro
780 2161 955 2228 malis,
986 2161 1037 2217 id
1078 2171 1161 2217 est
1197 2177 1294 2231 pro
1323 2160 1445 2216 odio
1469 2161 1828 2215 dilectionem.
1855 2155 2045 2215 Talem

463 2255 591 2314 dicit
629 2251 896 2311 Dominus
944 2255 1251 2324 sanguinem
1289 2253 1564 2323 justum,a
1608 2255 1862 2322 sanguine
1911 2253 2045 2308 Abel

463 2362 631 2417 usque
681 2343 746 2400 ad
791 2345 1100 2415 sanguinem
1151 2339 1688 2412 Zacharize’Ulatth.
1738 2359 1892 2409 χχιιι,
1930 2341 2043 2412 55).

464 2437 737 2507 Praecipue
758 2444 934 2490 autem
959 2434 1099 2504 quod
1121 2434 1431 2504 sanguinem
1461 2431 1590 2487 fudit
1618 2434 1730 2502 ipse
1749 2450 1847 2503 pro
1870 2433 2043 2500 nobis,

464 2529 519 2586 et
543 2529 859 2587 sacriﬁcium
888 2530 1120 2599 seipsum
1143 2528 1334 2584 obtulit
1355 2529 1497 2593 Deo;
1525 2529 1600 2583 sic
1629 2529 1811 2597 utique
1833 2527 2044 2596 obtulit,

465 2631 525 2677 ut
552 2621 619 2678 ab
648 2620 874 2676 inimicis
912 2637 1008 2690 pro
1046 2619 1250 2690 justitia
1290 2617 1818 2674 occidereturzhuue
1845 2618 2049 2672 imitata

465 2722 761 2784 martyrum
795 2711 959 2766 millia
988 2726 1156 2781 usque
1182 2709 1248 2765 ad
1274 2719 1499 2766 mortem
1526 2725 1621 2780 pro
1639 2710 1861 2764 veritate
1886 2718 2050 2762 certa-

466 2813 612 2871 runt,
641 2804 787 2858 etab
836 2801 1062 2856 inimicis
1103 2801 1445 2858 satvientibus
1488 2801 1754 2854 immolata
1793 2809 1949 2864 sunt;
1980 2796 2048 2854 de

463 2892 657 2966 quibus
678 2885 1116 2963 dicit'Scriptura,
1141 2891 1404 2963 Tanquam
1421 2909 1599 2945 aurum
1625 2893 1676 2945 in
1701 2892 1907 2961 fornace
1927 2907 2048 2963 pro-

468 2987 599 3040 bavit
620 2979 754 3051 illos,
783 2994 829 3038 et
853 2985 982 3038 sicut
1002 2983 1282 3038 holocausti
1304 2985 1520 3037 hostium
1542 2983 1730 3051 accepit
1754 2983 1869 3036 illos
1893 2981 2047 3052 (Sap.

470 3095 547 3146 ιιι,
577 3076 654 3149 6).
679 3069 832 3132 Unde
855 3084 908 3131 et
931 3072 1218 3146 Apostolus
1247 3073 1393 3141 dicit,
1429 3067 1538 3144 Ego
1570 3075 1700 3128 enim
1733 3076 1845 3144 jam
1872 3075 2051 3127 inuno-

469 3170 547 3225 ιον
577 3163 641 3242 (ll
672 3163 801 3222 Tim.
832 3183 905 3233 1v,
935 3161 1016 3238 6).

542 3261 646 3318 Sed
677 3276 782 3316 non
812 3259 892 3316 sic
918 3253 1108 3328 Jephte
1135 3253 1203 3313 de
1229 3256 1332 3312 ﬁlia
1362 3253 1488 3312 fecit
1519 3256 1913 3312 holocaustoma
1942 3258 2048 3313 Do-

465 3355 650 3418 mino;
677 3350 769 3407 sed
795 3351 931 3406 sicut
959 3357 1279 3420 prazceptum
1329 3349 1496 3403 fuerat
1539 3365 1727 3418 pecora
1769 3349 1967 3416 ollerri,
1997 3359 2052 3405 et

462 3441 794 3514 prohibitum
843 3439 1016 3498 fuerat
1059 3439 1304 3495 homines
1339 3439 1619 3493 immolari.
1657 3439 1822 3510 Magis
1847 3441 1948 3496 hoc
1977 3443 2051 3497 illi

469 3535 647 3591 simile
691 3535 901 3590 videtur
943 3532 1082 3604 quod
1124 3532 1251 3588 fecit
1295 3533 1584 3600 Abraham,
1610 3536 1751 3604 quod
1800 3535 2052 3592 Dominus

467 3627 772 3700 specialiter
789 3627 903 3682 ﬁeri
927 3625 1178 3696 prtceepit
1199 3623 1350 3695 (Gen.
1379 3625 1537 3696 χχιι),
1560 3642 1664 3681 non
1681 3628 1912 3696 generali
1937 3627 2053 3699 lege

469 3730 528 3777 ut
555 3722 676 3776 talia
706 3719 807 3777 sibi
828 3718 1088 3774 sacriﬁcia
1108 3715 1297 3774 ﬁerent
1319 3717 1602 3788 aliquando
1631 3720 1918 3786 mandavit,
1943 3719 2052 3776 imo

472 3813 632 3869 etiam
668 3811 783 3867 ﬁeri
811 3810 1029 3866 omnino
1057 3808 1340 3879 prohibuit.
1375 3809 1544 3865 Distat
1579 3811 1755 3881 itaque
1784 3811 1884 3867 hoc
1911 3810 2052 3882 quod

467 3899 659 3976 Jephte
685 3899 810 3958 fecit
834 3915 862 3955 a
891 3893 1032 3956 facto
1062 3901 1310 3968 Abrahae,
1337 3902 1586 3971 quoniam
1616 3902 1729 3971 ipse
1751 3902 1932 3972 jussus
1959 3901 2054 3957 ob-

468 3996 592 4050 tulit
613 3992 775 4049 ﬁlium
801 4013 813 4046 :
839 3995 936 4049 iste
961 4003 1137 4050 autem
1165 3993 1445 4064 tecitquod
1481 4003 1535 4048 et
1572 3995 1710 4066 Lege
1751 3996 2048 4064 vetabatur,

467 4097 526 4142 et
563 4085 712 4140 nullo
751 4085 965 4156 speciali
995 4085 1278 4155 jubebatur
1320 4085 1562 4155 imperio.
1594 4081 1796 4142 Deinde
1825 4104 1929 4142 non
1959 4105 2048 4145 so-

466 4176 580 4232 lum
613 4173 673 4230 in
714 4189 808 4230 sua
846 4169 986 4246 Lege
1012 4183 1212 4245 postea,
1246 4191 1429 4230 verum
1476 4178 1635 4231 etiam
1682 4187 1805 4232 tunc
1825 4177 1969 4234 Deus
1998 4179 2052 4234 in

467 4267 586 4338 ipso
612 4255 835 4322 A‘brahze
863 4265 972 4322 ﬁlio
995 4266 1184 4323 talibus
1213 4268 1484 4324 sacriﬁciis
1505 4285 1664 4339 quam
1691 4286 1795 4326 non
1817 4271 2050 4327 delecta-

465 4357 621 4415 retur
649 4357 907 4425 ostendit;
934 4375 1056 4415 cum
1083 4369 1286 4430 patrem
1312 4361 1463 4432 cujus
1490 4361 1647 4418 ﬁdem
1665 4362 1900 4433 jubendo
1931 4382 2053 4436 pro-

467 4452 710 4520 baverat,
743 4469 771 4505 a
801 4452 891 4507 ﬁlii
914 4462 1088 4508 tamen
1113 4454 1477 4510 interfectione
1504 4455 1791 4525 prohibuit,
1823 4473 1887 4514 ac
1910 4461 2050 4514 arie-

463 4553 597 4609 tem,
623 4545 730 4614 quo
769 4543 1082 4599 sacriﬁcium
1121 4539 1267 4600 licite
1305 4543 1595 4602 secundum
1638 4558 1876 4605 veterum
1918 4567 2048 4608 con—

465 4637 654 4704 gruam
703 4635 1030 4703 temporibus
1072 4637 1510 4693 consuetudinem
1544 4639 1924 4711 compleretur,
1955 4659 2050 4716 ap--

465 4722 664 4794 posuit.

533 4803 596 4872 Si
621 4825 796 4871 autem
827 4815 928 4871 hoc
956 4833 1274 4888 quemquam
1302 4830 1498 4889 movet,
1530 4823 1797 4892 quomodo
1821 4825 1907 4896 pie
1933 4843 2050 4884 cre-

466 4905 660 4965 diderit
690 4897 957 4964 Abraham
985 4901 1153 4966 Deum
1182 4912 1452 4970 sacriﬁciis
1483 4914 1674 4971 talibus
1699 4916 1972 4989 delectari,
2003 4921 2048 4977 si

460 5003 581 5060 haec
602 4991 782 5058 illicito
804 5002 1094 5058 efferuntur
1115 5003 1256 5070 Deo;
1293 5013 1348 5060 et
1376 5005 1493 5062 ideo
1520 5018 1665 5077 putat
1700 5020 1845 5067 recte
1869 5009 2045 5068 credi-

465 5091 608 5152 disse
637 5097 798 5152 etiam
836 5095 1026 5167 Jephte
1070 5097 1211 5168 quod
1252 5102 1356 5156 tale
1385 5101 1699 5159 sacriﬁcium
1733 5106 1842 5162 Deo
1869 5119 2048 5178 posset

463 5199 585 5246 esse
610 5198 886 5260 acceptum
913 5207 924 5242 :
948 5190 1122 5261 primo
1147 5192 1448 5248 consideret
1466 5195 1606 5251 aliud
1635 5212 1755 5253 esse
1785 5199 1926 5256 ultro
1955 5217 2048 5258 vo-

463 5293 609 5348 vere,
635 5281 777 5336 aliud
802 5281 1008 5352 jubenti
1038 5282 1429 5356 obtemperare.
1457 5285 1570 5343 Non
1593 5290 1756 5356 enim,
1781 5293 1826 5347 si
1848 5293 2045 5365 aliquid

460 5383 658 5443 praeter
682 5388 883 5428 morem
907 5374 960 5428 in
985 5374 1143 5432 domo
1168 5392 1197 5432 a
1229 5377 1441 5434 domino
1468 5381 1762 5438 institutum
1785 5399 1940 5440 servo
1959 5388 2046 5456 ju-

462 5465 637 5532 betur,
653 5465 820 5538 atque
847 5466 900 5523 id
929 5467 1177 5526 laudabili
1200 5471 1498 5528 obedientia
1527 5474 1672 5543 facit,
1699 5477 1819 5534 ideo
1841 5495 1944 5535 non
1963 5491 2045 5538 est

528 5601 544 5632 ι
573 5598 776 5671 Vaticani
798 5599 1023 5672 dno‘ltss.
1045 5615 1064 5653 :
1406 5607 1564 5670 tatem,
1584 5610 1710 5672 quod
1726 5610 1857 5665 dicat
1880 5615 2043 5667 Datn-

462 5667 1038 5785 gsmjustwn
1059 5679 1090 5717 a
1105 5678 1238 5730 song.
1270 5667 1351 5716 Ab.
1379 5683 1526 5734 usque
1547 5667 1612 5723 ad
1633 5687 1770 5742 song.
1795 5676 2044 5732 Zachariae

1286 301 1747 374 QUAESTIONUM
1783 303 1843 360 S.
1883 287 2350 371 AUGUSTINIJN
2389 299 2949 361 HEPTATEUCHUM
3655 307 3728 366 319,

2153 413 2484 485 plectendas,
2498 416 2547 471 'si
2559 413 2667 470 h‘oe
2683 413 2858 471 facere
2881 419 3074 485 sponte
3091 413 3532 486 praesumpserit
3541 457 3554 468 .
3567 415 3728 480 Deinde

2145 505 2385 559 habebat
2411 505 2562 576 "quod
2587 505 2833 562 crederet
2859 495 3166 573 Abraham,
3198 505 3270 561 ut
3299 515 3528 578 propter
3547 500 3730 572 divinum

2151 596 2430 665 imperium
2459 610 2564 652 non
2592 597 2835 666 parceret
2856 595 2990 665 'ﬁlio,
3013 613 3137 653 non
3173 596 3425 653 credens
3451 598 3612 654 Deum
3633 605 3729 661 tales

2151 689 2392 742 victimas
2413 685 2648 743 libenter
2681 689 2948 758 accipere,
2994 673 3094 744 Sed
3149 685 3275 743 hoc
3326 691 3454 744 eum
3500 695 3730 764 prepterea

2150 781 2393 851 jussisse,
2423 789 2483 836 ut
2507 779 2848 838 reSuscitarel
2873 781 3140 846 occisum,
3176 787 3238 837 et
3271 781 3405 838 hinc
3433 779 3625 856 aliquid
3647 797 3732 842 tan-

2151 887 2308 941 quam
2351 869 2493 929 De‘us
2530 875 2743 944 "sapiens
2788 873 3222 930 demonstraret.
3253 873 3403 930 Nam
3437 873 3544 932 hoc
3579 877 3637 934 de
3667 881 3731 937 illo

2151 967 2309 1020 etiam
2332 966 2383 1020 in
2399 961 2642 1037 Epistola
2663 961 2877 1037 legitur,
2900 983 3017 1040 quae
3041 966 3475 1026 inscribitur‘ad
3494 965 3732 1039 Hebrum;

2150 1067 2204 1113 ct
2231 1057 2361 1113 ﬁdes
2389 1059 2524 1128 ejus,
2553 1059 2674 1130 quia
2699 1057 2803 1116 hoc
2829 1055 2896 1116 de
2921 1053 3036 1117 Deo
3059 1061 3430 1133 (crediderit,
3474 1061 3605 1135 quod
3641 1082 3733 1136 pos

2150 1161 2233 1204 set
2262 1149 2426 1204 ﬁlium
2459 1154 2573 1220 ejus
2609 1151 2890 1218 suscitare,
2929 1141 3195 1209 laudatur
3233 1145 3438 1225 '(Hebr.
3468 1171 3538 1220 xl,
3565 1149 3732 1229 l7-l9).

2147 1239 2256 1295 iste
2277 1256 2402 1296 vero
2425 1250 2478 1296 et
2503 1241 2613 1297 Deo
2642 1258 2748 1298 non
2775 1241 2998 1313 juben'te
3027 1245 3222 1315 neque
3251 1255 3542 1316 poscente,
3566 1257 3613 1302 et
3634 1262 3731 1303 con-

2150 1342 2230 1387 tra
2252 1333 2542 1404 legitimum
2567 1335 2680 1405 ejus
2700 1335 3044 1406 praeceptum,
3074 1333 3236 1392 ultro
3265 1334 3591 1393 sacriﬁcium
3618 1343 3730 1394 vovit

2147 1421 2461 1480 humanum.
2479 1423 2573 1482 Sic
2593 1428 2733 1481 enim
2756 1423 3013 1498 scriptum
3042 1429 3131 1484 est
3158 1448 3173 1482 :
3204 1427 3281 1483 Et
3311 1431 3450 1484 vovit
3478 1429 3649 1501 Jeplne
3669 1451 3730 1487 ro-

2152 1526 2254 1570 tum
2281 1515 2514 1582 Domino,
2542 1527 2588 1571 et
2611 1513 2772 1574 dixit:
2795 1516 3148 1577 Sitraditione
3177 1511 3474 1576 tradideris
3501 1523 3614 1577 mihi
3632 1525 3731 1594 ﬁlios

2151 1605 2364 1660 Ammon
2383 1604 2437 1662 in
2459 1623 2613 1662 manu
2639 1626 2769 1676 mea,
2795 1619 2842 1664 et
2861 1611 2952 1665 erit
2972 1612 3296 1683 quicumque
3317 1615 3500 1668 exierit
3525 1613 3583 1668 de
3593 1615 3731 1685 janu‘is

2152 1696 2332 1752 domus
2358 1715 2481 1752 mere
2511 1699 2562 1753 in
2590 1698 2784 1754 obviam
2810 1697 2954 1768 mihi,
2979 1701 3034 1758 in
3062 1695 3383 1760 revertendo
3409 1723 3488 1760 me
3512 1705 3562 1760 in
3591 1726 3691 1780 pace
3709 1728 3729 1762 ιι

2151 1789 2272 1857 filiis
2300 1789 2539 1858 Ammon,
2583 1802 2629 1846 et
2678 1794 2792 1862 erit,
2839 1793 3060 1850 Domino
3099 1791 3336 1864 offeram
3379 1816 3495 1854 eum
3529 1801 3729 1855 holocau-

2154 1891 2337 1936 stama.

2222 1972 2335 2027 Non
2364 1975 2542 2044 utique
2562 1975 2649 2030 his
2677 1975 2851 2031 verbis
2871 1993 3030 2047 pecus
3050 1980 3287 2050 aliquod
3318 1983 3485 2048 vovit,
3509 1981 3636 2054 quod
3659 1999 3727 2038 se.

2152 2066 2382 2122 cundum
2415 2063 2613 2138 Legem
2646 2068 3040 2126 holocaustoma
3083 2083 3281 2143 posset
3325 2075 3542 2130 offerre.
3584 2075 3726 2144 Neque

2152 2159 2292 2213 enim
2321 2168 2403 2214 est
2442 2169 2533 2213 aut
2568 2160 2663 2214 fuit
2692 2161 3094 2219 consuetudinis
3115 2207 3130 2231 ,
3164 2175 3228 2221 ut
3256 2159 3608 2222 redeuntibus
3629 2181 3721 2222 cum

2152 2250 2371 2304 victoria
2402 2247 2469 2305 de
2498 2250 2639 2306 bello
2665 2251 2887 2307 ducibus
2933 2269 3126 2323 pecora
3162 2266 3541 2314 occurrerent.
3573 2258 3721 2324 Quan-

2154 2348 2264 2393 tum
2304 2349 2480 2395 autem
2520 2341 2709 2396 attinet
2746 2341 2810 2396 ad
2854 2341 3013 2398 multa
3055 2343 3347 2412 animalia,
3387 2364 3547 2404 canes
3584 2349 3722 2403 solent

2154 2429 2382 2484 dominis
2397 2430 2590 2485 blando
2607 2430 2857 2486 famulatu
2870 2431 3174 2492 alludentes
3191 2453 3424 2494 currere
3443 2440 3493 2493 in
3515 2439 3718 2495 obviam:

2153 2521 2219 2576 de
2245 2522 2435 2592 quibus
2463 2522 2550 2577 ille
2580 2525 2630 2578 in
2661 2539 2759 2579 suo
2797 2535 2921 2581 voto
2949 2528 3195 2597 cogitare
3221 2544 3339 2584 non
3368 2540 3563 2602 posset,
3591 2546 3648 2586 ne
3683 2532 3719 2584 in

2154 2612 2402 2682 injuriam
2423 2612 2516 2668 Dei
2535 2613 2754 2684 aliquid,
2774 2632 2878 2670 non
2901 2617 3074 2673 solum
3096 2619 3378 2686 illicitum,
3399 2637 3572 2677 verum
3593 2623 3719 2677 etiam
3792 2661 3793 2670 η

2155 2703 2554 2775 contemptibile
2578 2714 2631 2760 et
2656 2707 2947 2762 secundum
2963 2707 3163 2780 Legem
3188 2712 3528 2767 immundum
3549 2715 3719 2767 vovisse

2154 2789 2442 2850 videremr.
2473 2793 2580 2852 Nec
2610 2797 2702 2866 ait,
2726 2799 3112 2872 Quodcumque
3141 2805 3344 2860 exierit
3375 2806 3442 2860 de
3459 2807 3622 2875 januis
3639 2805 3715 2860 do-
3792 2809 3793 2862 ί

2156 2900 2276 2940 mus
2304 2901 2436 2941 mere
2457 2886 2509 2941 in
2529 2885 2742 2944 obviam
2761 2890 2912 2958 mihi,
2935 2891 3160 2949 olferam
3179 2895 3322 2951 illud
3342 2897 3716 2961 holocaustoma;

2156 2977 2249 3033 sed
2285 2979 2378 3046 ait,
2417 2980 2715 3052 quicumque
2749 2983 2927 3038 exierit
2965 2981 3184 3051 offeram
3229 3006 3349 3043 eum
3382 3006 3401 3043 :
3445 2985 3529 3044 ubi
3567 2988 3713 3059 procul

2155 3067 2316 3124 dubio
2343 3069 2473 3124 nihil
2507 3067 2650 3126 aliud
2684 3088 2842 3143 quam
2881 3073 3156 3132 hominem
3203 3081 3490 3150 cogitavit;
3535 3095 3626 3134 non
3658 3087 3715 3131 ως

2155 3176 2277 3216 men
2308 3159 2531 3218 fortasse
2554 3164 2763 3220 unicam
2790 3165 2952 3222 ﬁliam
2981 3187 2993 3222 :
3026 3186 3337 3245 quanquam
3363 3174 3503 3228 illam
3531 3174 3575 3228 in
3599 3180 3709 3227 tanta

2157 3263 2375 3323 paterna
2414 3251 2581 3325 gloria
2622 3256 2741 3326 quis
2783 3269 2966 3328 posset
3003 3263 3236 3331 anteire,
3279 3265 3382 3319 nisi
3422 3263 3552 3319 forte
3578 3259 3710 3316 uxor?

2153 3343 2287 3400 Nam
2308 3343 2447 3416 quod
2475 3361 2582 3401 non
2613 3345 2776 3417 dixit,
2802 3366 3174 3422 quaecumque,
3206 3355 3304 3410 sed
3349 3356 3624 3425 quicumque
3643 3368 3708 3405 επ·
3792 3349 3793 3352 “

2155 3437 2267 3491 ierit
2296 3436 2358 3491 de
2369 3437 2547 3508 januis
2568 3439 2747 3495 domus
2771 3457 2914 3508 meae,
2931 3443 3067 3498 solet
3093 3443 3376 3516 Scriptura
3399 3445 3707 3501 masculinum

2156 3541 2322 3599 genus
2352 3545 2447 3598 pro
2473 3521 2707 3598 quolibet
2763 3547 2892 3587 sexu
2935 3542 3177 3603 ponere:
3205 3539 3349 3592 sicut
3387 3536 3452 3592 de
3481 3533 3703 3590 Abraham
3792 3567 3793 3570 η

2157 3617 2352 3700 dictum
2383 3619 2484 3686 est,
2527 3619 2754 3693 Surgcns
2797 3631 2827 3676 a
2865 3636 3064 3681 mortuo
3101 3628 3121 3700 (
3142 3627 3275 3684 Gen.
3307 3646 3471 3696 χχιιι,
3499 3625 3584 3699 5);
3611 3639 3705 3680 cum

2157 3710 2272 3781 ejus
2297 3685 2430 3765 dxo‘r
2458 3717 2664 3767 mortua
2682 3711 2892 3772 luisset.

2220 3799 2358 3871 ‘Quia
2394 3813 2522 3875 ergo
2568 3805 2634 3861 de
2675 3804 2780 3864 hoc
2819 3819 2943 3865 voto
2985 3820 3148 3884 atque
3194 3816 3339 3871 facto
3369 3809 3495 3871 nihil
3535 3811 3702 3867 videtur

2156 3895 2424 3965 Scriptura
2445 3895 2733 3965 judicasse,
2765 3900 2901 3956 sicut
2925 3901 2991 3957 de
3022 3893 3321 3973 Abraham,
3341 3901 3543 3976 quando
3567 3901 3696 3955 tilium

2152 3987 2330 4058 jussus
2356 3988 2565 4056 obtulit,
2595 3993 2929 4060 apertissime
2941 3993 3236 4065 judicavit;
3262 3999 3356 4054 sed
3380 3991 3698 4054 tantummodo

2155 4078 2410 4148 scriptum
2435 4080 2716 4151 reliQuisse
2761 4083 3057 4154 legentibus
3080 4087 3456 4156 judic'andum,
3487 4081 3696 4157 quemad-

2156 4169 2371 4224 modum
2390 4171 2463 4225 de
2480 4163 2622 4227 iacto
2645 4163 2793 4229 ludas
2819 4175 2909 4230 ﬁlii
2946 4167 3111 4234 Iacob
3134 4221 3150 4248 ,
3193 4180 3409 4251 quando
3441 4177 3502 4232 ad
3541 4187 3693 4230 nurum

2155 4261 2365 4332 quidem
2405 4277 2556 4318 suam
2594 4266 2838 4322 nesciens
2881 4269 3128 4337 intravit,
3168 4279 3357 4329 verum
3387 4279 3616 4342 quantum
3651 4265 3690 4318 in

2156 4353 2273 4423 ipso
2296 4353 2468 4409 fuerat
2505 4355 2795 4412 fornicatus
2837 4367 2956 4426 ‘e‘s‘t,
2986 4361 3117 4431 quia
3155 4364 3488 4419 meretricem
3526 4354 3689 4428 putavit

2157 4435 2266 4514 (Id.
2290 4455 2516 4512 sxxvm,
2535 4445 2651 4520 15),
2675 4459 2846 4519 neque
2874 4451 3188 4522 approbavit
3199 4451 3313 4512 ’hoe
3330 4449 3600 4523 Scriptura,
3617 4463 3689 4500 nc-

2155 4545 2257 4607 que
2275 4538 2598 4608 reprobavit,
2633 4537 2729 4596 sed
2750 4542 2953 4611 justitia
2983 4550 3038 4599 e‘t
3060 4545 3179 4615 lege
3208 4547 3303 4602 Dei
3332 4543 3554 4602 consulta
3575 4536 3686 4593 aesti-

2155 4630 2405 4686 mandum
2445 4631 2884 4704 'pensandu'mqu'e
2926 4634 3166 4692 dimisit:
3198 4639 3323 4710 quia
3360 4625 3576 4707 ergode
3599 4629 3681 4684 isto

2155 4719 2343 4795 Jepht‘e
2369 4722 2510 4780 facto
2535 4725 2588 4780 in
2619 4734 2863 4782 neutram
2893 4737 3096 4798 partem
3127 4730 3438 4786 sententiam
3459 4724 3680 4793 Scriptum

2156 4817 2250 4873 Dei
2270 4819 2492 4889 protulit
2509 4861 2524 4888 ,
2552 4829 2608 4875 ut
2631 4827 2811 4876 nOSte'r
2839 4821 3144 4880 intellectus
3180 4825 3233 4880 in
3271 4819 3541 4896 iudicando
3562 4826 3682 4870 exer-

2155 4917 2385 4976 ceretur,
2420 4925 2708 4978 possemus
2740 4913 2851 4982 jam
2891 4913 3069 4970 dicere
3101 4913 3220 4971 Deo
3260 4909 3568 4984 displicuisse
3598 4899 3676 4956 tale

2155 5007 2355 5067 votum,
2373 5009 2425 5054 et
2441 4991 2507 5054 ad
2530 4999 2674 5054 illam
2697 5003 3010 5071 perductum
3035 5019 3156 5061 esse
3180 5006 3474 5066 vindictam,
3498 5005 3547 5052 ut
3569 4989 3671 5064 ρειτί

2155 5091 2481 5162 potissimum
2521 5092 2626 5149 ﬁlia
2661 5095 2812 5150 unica
2842 5097 3177 5166 occurreret;
3208 5097 3346 5171 quod
3387 5095 3427 5150 si
3453 5088 3668 5161 sperasse!

2152 5189 2309 5252 atque
2351 5183 2665 5253 voluisset‘,
2702 5202 2806 5241 non
2851 5190 3136 5258 continuo,
3166 5201 3225 5246 ut
3264 5204 3377 5246 eam
3415 5183 3556 5247 vidit,
3591 5172 3669 5229 sci-

2151 5272 2315 5329 disset
2359 5275 2672 5332 vestimenta
2720 5293 2852 5346 sua,
2897 5289 2950 5336 et
2993 5280 3249 5350 dixisset,
3293 5277 3406 5335 Heu
3443 5290 3538 5337 me.
3577 5264 3660 5337 Μία

2150 5382 2279 5430 mea,
2303 5367 2556 5437 impedisti
2598 5385 2710 5436 me;
2753 5371 2807 5424 in
2836 5356 3195 5438 olfendiculum
3236 5374 3366 5445 facta
3411 5386 3458 5424 es
3499 5365 3542 5417 in
3574 5371 3666 5414 oru-

2151 5458 2214 5513 lis
2257 5460 2395 5514 meis.
2453 5456 2651 5519 Deinde
2685 5464 2956 5536 sexaginta
2998 5467 3204 5524 dierum
3248 5476 3350 5522 tam
3393 5459 3525 5529 longa
3558 5448 3658 5506 dila-

2151 5550 2293 5607 tione
2323 5551 2446 5609 data
2485 5553 2607 5610 ﬁlia:
2642 5570 2754 5611 suae
2787 5554 3048 5614 Dominus
3087 5549 3154 5616 ab
3198 5560 3356 5615 unica“.
3388 5543 3658 5609 charissima!

2150 5659 2279 5700 nece
2302 5661 2422 5702 cum
2448 5662 2568 5704 eum
2599 5665 2703 5703 non
2726 5649 3073 5720 prohibuerit,
3102 5654 3236 5708 sicut
3256 5641 3505 5724 prohibuit
3525 5634 3655 5692 Abri-

2214 5749 2228 5776 ί
2256 5747 2389 5808 editi.
2412 5749 2621 5805 vovisset.
2645 5749 2752 5806 uss.
2775 5751 2990 5809 melioris
3012 5762 3156 5816 notae.
