3874 6310
488 312 594 372 815

489 430 729 484 humano
771 413 1055 490 signiﬁcari
1084 411 1362 484 oportebat
1390 426 1515 467 usus
1543 418 1625 464 est
1654 408 1792 463 Deus
1811 447 1825 472 ,
1854 403 1920 459 ad
1949 402 2063 475 ejus

489 516 820 586 intelligatur
843 506 1258 567 misericordiam
1287 514 1341 559 et
1367 501 1659 558 mirabilem
1685 496 2065 570 providentiam

613 610 779 664 inere.

613 620 779 664 mere.

487 620 623 758 pasti
675 700 794 770 quis
845 705 1020 751 autem
1073 692 1202 748 dicit
1253 690 1427 746 omnia
1481 688 1732 743 scientem
1782 684 1967 740 fecisse
2016 689 2070 736 et

494 796 691 852 dixisse
718 789 933 848 Gedeon
958 802 1024 843 ex
1048 783 1370 841 rev-elatione
1399 779 1727 852 prophetica,
1750 786 1806 831 ut
1829 791 1923 846 per
1946 788 2068 829 eum

491 889 642 957 signa
683 882 804 937 talia
843 884 1303 940 monstrarentur;
1348 887 1447 928 nec
1487 869 1743 926 defecisse
1767 882 1797 921 a
1837 867 1975 931 ﬁde;
2014 871 2072 957 et

494 955 637 1050 quod
683 976 733 1031 ei
776 974 883 1044 jam
932 970 1245 1042 promiserat
1294 965 1547 1021 Dominus
1602 960 1930 1023 credidisse;
1976 955 2071 1012 sed

495 1070 705 1125 actione
743 1063 1049 1136 prophetica
1088 1061 1138 1115 in
1174 1057 1370 1113 vellere
1396 1053 1632 1110 voluisse
1660 1059 1884 1115 tentare,
1915 1057 2072 1118 atque

494 1162 565 1215 ita
594 1159 733 1215 illius
760 1154 1104 1211 tentationem
1132 1150 1295 1205 fuisse
1315 1144 1705 1216 inculpabilem,
1730 1142 1866 1197 sicut
1888 1140 2071 1194 dolum

495 1250 660 1307 Jacob
690 1246 856 1317 (Gen.
898 1259 1073 1309 xxvn,
1110 1241 1195 1306 15,
1226 1239 1371 1309 l6);
1413 1246 1468 1291 et
1500 1234 1625 1291 illud
1669 1234 1808 1303 quod
1848 1230 2072 1286 Domino

491 1341 599 1404 ait,
651 1336 773 1393 Non
820 1340 1067 1390 irascatur
1108 1329 1389 1401 indignatio
1433 1337 1520 1381 tua
1560 1326 1613 1379 in
1658 1340 1755 1387 me,
1800 1337 1907 1377 non
1953 1319 2074 1375 ideo

494 1431 693 1486 dixisse
722 1425 863 1497 quod
895 1425 1027 1477 iram
1052 1422 1170 1491 ejus
1196 1421 1432 1483 timeret,
1463 1415 1556 1471 sed
1585 1414 1723 1485 quod
1752 1428 1873 1467 eum
1906 1409 2074 1465 conﬁ-

491 1523 646 1578 deret
672 1534 777 1574 non
814 1516 989 1581 irasci,
1021 1529 1141 1569 cum
1168 1528 1233 1567 ea
1260 1512 1457 1566 faceret
1480 1524 1600 1579 qua:
1629 1507 1825 1576 Spiritu
1849 1506 1965 1574 ejus
1987 1503 2072 1557 di-

492 1620 672 1668 ctante
695 1607 933 1664 facienda
951 1620 1072 1661 esse
1095 1612 1345 1673 tanquam
1372 1600 1626 1671 propheta
1648 1598 1870 1654 sentiret
1893 1614 1905 1650 :
1934 1596 2074 1651 dicat

494 1712 553 1757 ut
599 1700 829 1765 videtur,
857 1697 981 1751 dum
1031 1695 1190 1749 modo
1238 1691 1366 1747 illud
1415 1690 1555 1760 quod
1598 1689 1667 1743 de
1713 1688 1853 1743 facto
1898 1685 2073 1756 ephud

493 1792 767 1862 Scriptura
794 1790 906 1857 ipsa
934 1785 1198 1855 culpavit,
1227 1781 1499 1853 quodlibet
1521 1780 1815 1850 signiﬁcet,
1847 1794 1954 1832 non
1983 1792 2075 1832 au-

493 1884 618 1939 deat
644 1896 898 1937 excusare
927 1895 957 1932 a
988 1886 1225 1948 peccato.
1256 1874 1389 1929 Nam
1416 1882 1467 1928 et
1509 1870 1637 1927 illud
1674 1870 1813 1940 quod
1855 1869 2075 1925 trecenti

491 1976 593 2031 viri
630 1974 695 2029 ad
731 1974 941 2043 signum
974 1969 1148 2025 crucis
1178 1969 1292 2037 ipso
1332 1980 1554 2020 numero
1593 1964 1939 2032 pertinentes,
1973 1962 2073 2033 hy-

492 2066 635 2121 drias
663 2064 851 2120 ﬁctiles
879 2069 1216 2130 acceperunt,
1253 2058 1436 2128 eisque
1473 2056 1724 2111 ardentes
1762 2054 1964 2110 faculas
1988 2055 2074 2110 in-

492 2158 783 2222 cluserunt,
822 2155 1012 2224 quibus
1041 2151 1244 2223 hydriis
1282 2148 1464 2203 fractis
1497 2156 1721 2219 repente
1748 2148 1944 2203 lumina
1972 2164 2075 2203 nu-

492 2264 707 2306 merose
748 2246 995 2301 micantia
1034 2253 1233 2297 tantam
1264 2240 1498 2295 hostium
1542 2239 1935 2295 multitudinem
1966 2249 2074 2294 ter-

493 2347 711 2394 ruerunt
742 2334 938 2407 (Judic.
968 2349 1067 2399 vti,
1101 2331 1310 2405 16-22),
1340 2340 1586 2400 tanquam
1624 2346 1689 2386 ex
1732 2346 1830 2385 suo
1856 2330 2076 2385 arbitrio

398 2448 401 2449 '
490 2431 700 2485 videtur
743 2428 934 2482 fecisse
984 2424 1241 2488 Gedeon;
1288 2438 1395 2478 non
1444 2423 1587 2478 enim
1633 2423 1902 2492 Scriptura
1947 2422 2077 2477 dicit

495 2520 776 2577 Dominum
814 2518 1152 2572 admonuisse
1190 2524 1247 2571 ut
1274 2516 1376 2571 hoc
1400 2514 1636 2571 faceret:
1668 2524 1724 2570 ct
1761 2522 1936 2569 tamen
1966 2523 2075 2570 tam

488 2611 693 2682 grande
718 2608 924 2679 signum
963 2608 1081 2676 quis
1103 2607 1218 2676 ejus
1245 2607 1425 2661 animo
1450 2615 1608 2677 atque
1632 2607 1854 2661 consilio
1878 2606 2076 2662 facien-

488 2702 640 2766 dum,
670 2701 771 2755 nisi
797 2700 1072 2764 Dominus,
1102 2698 1419 2767 inspiravit?
1444 2698 1544 2764 Qui
1576 2699 1930 2768 praeﬁguravit
1955 2714 2077 2753 san-

490 2800 608 2846 ctos
636 2805 764 2846 suos
794 2789 1099 2844 thesaurum
1130 2788 1419 2859 evangelici
1450 2787 1665 2843 luminis
1693 2788 1744 2842 iii
1770 2789 1910 2844 vasis
1936 2790 2075 2844 ficti-

489 2881 631 2937 libus
657 2880 949 2947 liabituros,
979 2880 1117 2935 sicut
1140 2879 1425 2948 Apostolus
1449 2878 1597 2941 dicit,
1626 2878 1882 2934 Habemus
1908 2891 2078 2935 autem

492 2975 784 3028 thesaurum
810 2972 960 3025 istum
986 2971 1040 3024 in
1065 2971 1196 3023 vasis
1227 2970 1465 3039 ﬁctilibus
1496 2970 1561 3042 (ll
1590 2969 1709 3025 Cor.
1732 2987 1803 3035 iv,
1830 2969 1883 3042 7)
1910 2989 1923 3024 :
1957 2972 2076 3041 qui-

484 3063 593 3119 bus
640 3064 693 3116 in
736 3062 983 3131 passione
1030 3062 1269 3131 martyrii
1316 3070 1566 3130 tanquam
1610 3063 1835 3116 vasculis
1874 3063 2073 3131 fractis,

490 3154 666 3222 major
695 3167 879 3208 eorum
900 3151 1081 3221 gloria:
1100 3151 1274 3221 fulgor
1293 3152 1531 3217 emicuit,
1556 3168 1675 3223 quae
1698 3154 1891 3223 impios
1911 3170 2075 3209 evan-

490 3243 679 3313 gelicae
722 3242 1116 3311 praedicationis
1150 3241 1396 3299 inimicos
1436 3243 1705 3313 inopinata
1746 3244 1851 3300 illis
1880 3244 2075 3302 Christi

488 3333 736 3389 claritate
757 3333 1046 3401 superavit.

564 3427 670 3483 Seu
695 3442 821 3497 ergo
847 3442 941 3495 per
968 3427 1216 3493 scientes,
1246 3442 1341 3484 seu
1365 3442 1461 3497 per
1488 3428 1803 3492 nescientes,
1833 3428 2078 3500 praeﬁgu-

489 3517 755 3576 rationem
795 3517 1335 3588 praedicationemque
1373 3518 1666 3572 futurorum
1707 3518 1935 3588 Spiritus
1973 3519 2077 3575 Do.

490 3610 622 3667 mini
661 3610 984 3680 propheticis
1014 3611 1344 3681 temporibus
1383 3620 1632 3681 operatus
1669 3622 1751 3667 est
1781 3630 1793 3665 :
1830 3628 1927 3668 nec
1955 3613 2076 3669 ideo

488 3713 709 3774 peccata
734 3718 917 3758 eorum
940 3703 1221 3759 dicendum
1246 3712 1331 3759 est
1355 3719 1460 3758 non
1489 3705 1653 3760 fuisse
1672 3713 1922 3774 peccata;
1953 3705 2077 3774 quia

486 3805 549 3853 et
576 3797 716 3852 Deus
736 3839 750 3863 ,
792 3798 882 3865 qui
923 3806 981 3853 et
1019 3798 1172 3852 malis
1200 3798 1397 3852 nostris
1420 3799 1556 3854 bene
1583 3800 1656 3854 uti
1697 3801 1872 3866 novit,
1915 3801 2075 3855 etiam

489 3889 624 3959 ipsis
647 3904 833 3944 eorum
858 3889 1089 3958 peccatis
1117 3904 1245 3943 usus
1268 3900 1350 3944 est
1378 3889 1445 3944 ad
1471 3891 1811 3960 signiﬁcanda
1836 3909 1955 3962 qua:
1984 3910 2076 3947 vo-

489 3978 610 4036 luit.
636 3978 867 4034 Proinde
886 3977 931 4032 si
956 3987 1238 4048 propterea
1263 3989 1537 4048 peccatum
1563 3996 1669 4035 non
1695 3980 1813 4046 fuit,
1837 3984 1951 4039 sive
1977 3998 2073 4038 cu-

483 4068 709 4139 juslibet
746 4068 892 4123 necis
921 4068 1188 4135 humanae,
1219 4069 1333 4123 sive
1356 4070 1513 4125 etiam
1542 4072 1853 4140 parricidale
1876 4075 2075 4129 sacriﬁ-

486 4161 632 4216 cium
661 4158 746 4215 vel
776 4173 967 4214 vovere
986 4198 1001 4226 ,
1033 4159 1115 4213 vel
1160 4159 1412 4225 reddere,
1455 4161 1577 4231 quia
1603 4176 1849 4232 magnum
1879 4164 2074 4234 aliquid

489 4259 549 4307 et
573 4249 845 4321 spirituale
870 4248 1217 4319 signiﬁcavit;
1248 4250 1440 4306 frustra
1467 4252 1608 4308 Deus
1632 4253 1757 4308 talia
1783 4255 2069 4324 prohibuit,

488 4348 546 4396 et
586 4354 645 4396 se
686 4340 863 4396 odisse
895 4348 1115 4396 teslatus
1158 4350 1268 4407 est;
1312 4343 1558 4411 quoniam
1585 4352 1639 4399 et
1685 4343 1773 4398 illa
1812 4360 1931 4414 quae
1959 4347 2073 4401 ﬁeri

485 4428 666 4502 jussit,
695 4432 875 4502 utique
903 4432 970 4486 ad
993 4432 1225 4502 aliquam
1250 4433 1688 4503 signiﬁcationem
1714 4452 1892 4492 rerum
1913 4438 2072 4508 spiri-

488 4522 718 4577 tualium
744 4539 1161 4594 magnarumque
1199 4523 1519 4581 referuntur.
1548 4529 1653 4584 Cur
1678 4543 1804 4599 ergo
1831 4528 1921 4585 illa
1948 4546 2072 4601 pro-

489 4609 724 4678 hiberet,
750 4613 1175 4684 quandoquidem
1200 4623 1445 4684 poterant
1483 4628 1697 4687 propter
1720 4620 1962 4677 eamdem
1987 4638 2073 4679 rc-

488 4715 614 4756 ruin
640 4702 948 4757 earumdem
975 4703 1412 4773 signiﬁcationem
1430 4746 1445 4772 ,
1477 4717 1692 4777 propter
1714 4725 1870 4780 quam
1896 4720 1950 4767 et
1973 4712 2073 4768 ista

488 4790 637 4850 licite
669 4792 898 4862 ﬁebant,
946 4794 1288 4851 nihilominus
1316 4798 1459 4853 licite
1504 4800 1653 4865 ﬁeri;
1684 4802 1785 4857 nisi
1825 4804 1945 4873 quia
1972 4820 2072 4861 nec

490 4882 603 4939 tale
629 4883 826 4955 aliquid
870 4886 1218 4956 signiﬁcantia
1260 4890 1417 4960 quale
1444 4892 1660 4963 expedit
1698 4895 1946 4963 credere,
1973 4897 2072 4953 hu-

489 4990 653 5032 mana
683 4976 794 5031 Deo
823 4979 1079 5034 sacriﬁcia
1106 4980 1448 5055 placuerunt,
1496 4983 1707 5053 quando
1732 5002 1836 5040 non
1864 5002 1959 5056 pro
1982 4988 2070 5057 ju-

491 5065 633 5120 stitia
661 5067 882 5139 quisque
909 5069 975 5125 ab
1000 5070 1244 5138 inimicis,
1267 5072 1389 5141 quia
1412 5082 1559 5154 recte
1586 5074 1766 5130 vivere
1796 5076 1956 5131 voluit
1981 5087 2072 5133 aut

488 5171 713 5230 peccare
738 5162 924 5225 noluit,
957 5162 1295 5231 interimitur,
1320 5165 1413 5220 sed
1440 5165 1601 5221 homo
1629 5166 1697 5221 ab
1718 5167 1934 5226 homine
1956 5178 2072 5226 tan-

488 5265 650 5320 quam
673 5250 839 5306 electa
868 5252 1043 5307 hostia
1072 5269 1220 5310 more
1244 5256 1451 5325 pecoris
1480 5257 1815 5314 immolatur?

561 5341 698 5411 Quid
726 5343 791 5406 si,
817 5343 892 5398 ait
912 5344 1125 5415 aliquis,
1150 5346 1399 5415 quoniam
1438 5364 1687 5419 pecorum
1710 5350 1938 5407 victima:
1957 5353 2068 5423 jam

490 5452 559 5494 eo
588 5437 704 5506 ipso
732 5452 837 5507 quo
865 5438 1075 5493 fuerant
1097 5439 1324 5507 usitatae,
1355 5443 1596 5513 quamvis
1634 5452 1688 5501 et
1712 5445 1842 5515 ipsa:
1867 5462 1897 5500 a
1928 5455 2071 5503 recte

494 5528 911 5597 intelligentibus
939 5529 1005 5585 ad
1034 5530 1473 5602 signiﬁcationem
1520 5537 1869 5606 Spirittialitnn
1899 5538 2069 5595 refer-

488 5632 701 5675 rentur.
749 5621 923 5675 minus
953 5632 1129 5678 tamen
1177 5624 1436 5681 faciebant
1467 5628 1695 5683 intentos
1723 5631 1790 5685 ad
1824 5647 2066 5703 magnum

492 5720 889 5769 sacramentum
920 5714 1114 5772 Christi
1140 5727 1194 5774 et
1234 5718 1485 5779 Ecclesia:
1513 5723 1914 5793 requirendum;
1944 5742 2069 5797 pro-

1304 292 1757 367 ρυΑῑδτιοΝυΜ
1793 291 1851 348 S.
1884 287 2072 349 .AUGU

2177 288 2253 348 [Nl
2291 287 2359 349 IN
2396 289 2949 350 HEP'I‘ATEUCHUM
2970 313 2973 319 λ
3619 297 3697 357 816

2169 414 2351 475 pterea
2379 406 2519 462 Deus
2549 421 2607 461 re
2637 406 2827 476 insigni
2852 413 2908 460 et
2934 404 3200 473 inopinata
3229 403 3421 460 volens
3443 407 3581 476 quasi
3599 409 3695 468 dor.

2171 498 2395 553 mientes
2423 498 2694 552 hominum
2715 497 2921 552 animos
2941 496 3193 564 excitare,
3220 511 3290 553 eo
3308 497 3475 568 magis
3497 514 3591 569 quo
3607 503 3697 560 talia

2171 590 2271 645 sibi
2298 590 2557 646 sacriﬁcia
2584 589 2766 647 oﬁ‘erri
2797 599 3067 658 vetuerat,
3112 593 3319 646 curavit
3361 593 3463 649 sibi
3488 594 3700 664 ejusmodi

2173 680 2369 751 aliquid
2391 681 2739 750 offerendum,
2768 692 2823 737 ut
2846 682 2959 751 ipsa
2987 681 3269 737 admiratio
3294 698 3533 754 magnam
3554 687 3700 758 gigne-

2174 782 2255 827 ret
2276 774 2643 843 quaestionem,
2670 782 2724 828 et
2749 787 2939 844 magna
2974 775 3195 845 quaestio
3220 774 3288 830 ad
3318 780 3702 845 perscrutandum

2174 880 2423 936 magnum
2453 866 2761 937 mysterium
2787 866 3019 922 studium
3046 868 3144 937 piat
3173 868 3371 923 mentis
3392 870 3622 939 erigeret,
3643 876 3703 942 pie

2176 972 2304 1012 vero
2328 968 2569 1013 scrutaris
2610 973 2761 1013 mens
2800 958 3028 1013 hominis
3063 958 3400 1016 altitudinem
3427 962 3704 1032 prophetiae,

2177 1049 2319 1103 velut
2358 1048 2514 1103 hamo
2557 1050 2755 1119 piscem
2785 1050 3067 1105 Dominum
3097 1051 3370 1107 Christum
3400 1053 3467 1109 de
3496 1055 3707 1123 profundo

2178 1142 2569 1212 Scripturarum
2598 1143 2834 1199 levaret?
2862 1143 2991 1198 Huic
3018 1159 3114 1199 nos
3141 1144 3333 1200 rationi
3363 1156 3419 1202 et
3449 1148 3705 1205 considera-

2176 1234 2308 1287 tioni
2350 1248 2455 1288 non
2484 1233 2807 1288 obsistimus.
2839 1235 2943 1290 Sed
2985 1235 3088 1290 alia
3126 1239 3355 1305 quaestio
3379 1250 3460 1293 est
3483 1239 3547 1296 de
3569 1242 3707 1299 animo

2177 1324 2447 1391 voventis,
2476 1324 2577 1378 alia
2606 1325 2674 1379 de
2700 1325 3027 1395 providentia
3061 1326 3151 1381 Dei
3178 1329 3547 1400 qualicumque
3568 1334 3707 1392 animo

2178 1417 2293 1487 ejus
2322 1419 2519 1487 optime
2560 1420 2771 1475 utentis.
2814 1420 3167 1488 Quamobrem
3203 1424 3250 1477 si
3291 1423 3518 1493 Spiritus
3544 1426 3708 1485 Domini

2178 1510 2266 1579 qui
2297 1510 2464 1564 factus
2491 1519 2573 1565 est
2609 1525 2769 1581 super
2794 1512 3012 1582 Jephte,
3054 1522 3114 1568 ut
3156 1513 3261 1570 hoc
3288 1526 3504 1571 voveret
3536 1520 3708 1577 omnino

2179 1603 2451 1671 praecepit,
2474 1603 2612 1671 quod
2637 1603 2850 1673 quidem
2878 1603 3148 1675 Scriptura
3168 1621 3279 1661 non
3306 1609 3541 1676 aperuit;
3570 1618 3706 1667 tamen

2177 1693 2222 1748 si
2253 1693 2355 1748 hoc
2382 1695 2472 1749 ille
2494 1698 2759 1765 przecepit,
2781 1696 2931 1766 cujus
2950 1712 3056 1752 non
3077 1698 3201 1754 licet
3214 1697 3365 1767 jussa
3391 1709 3706 1770 contemnere,

2179 1800 2283 1839 non
2312 1785 2482 1839 solum
2512 1786 2810 1856 insipientia
2839 1787 3098 1858 culpanda
3126 1803 3231 1843 non
3258 1800 3362 1857 est,
3392 1806 3567 1847 verum
3584 1794 3707 1849 etiam

2179 1874 2439 1929 laudanda
2467 1876 2768 1932 obedientia
2794 1888 2897 1933 est.
2944 1878 3056 1934 Hoc
3077 1881 3243 1946 enim,
3276 1882 3483 1936 etiamsi
3509 1898 3562 1939 se
3584 1883 3706 1939 homo

2179 1965 2294 2036 ipse
2320 1968 2611 2033 interimat,
2643 1968 2784 2039 quod
2813 1970 2993 2040 utique
3028 1970 3261 2026 humana
3297 1973 3560 2029 voluntate
3588 1984 3709 2044 atque

2179 2058 2399 2113 consilio
2426 2058 2601 2114 facere
2639 2059 2786 2115 nefas
2830 2070 2940 2127 est,
2986 2062 3222 2131 profecto
3253 2057 3629 2135 intelligendum
3649 2075 3709 2121 est

2180 2150 2487 2207 obcdienter
2512 2152 2626 2207 ﬁeri
2649 2153 2820 2222 potius
2840 2170 2996 2224 quam
3026 2155 3274 2221 sceleste,
3305 2156 3349 2212 si
3376 2157 3609 2213 divinitus
3627 2158 3710 2228 jus-

2180 2259 2297 2298 suni
2324 2252 2442 2298 est:
2484 2243 2552 2299 de
2579 2260 2681 2314 qua
2728 2246 3021 2316 quaestione
3066 2248 3195 2302 satis
3232 2249 3286 2302 in
3333 2248 3639 2317 primo.libro
3660 2248 3708 2304 de

2179 2333 2406 2389 Civitate
2433 2335 2524 2388 Dei
2552 2334 2935 2405 disputavimus
2956 2336 3058 2406 (De
3075 2336 3223 2393 Civil.
3246 2337 3367 2407 Dei,
3385 2340 3472 2395 lib.
3494 2342 3541 2407 l,
3566 2358 3605 2394 c.
3622 2338 3707 2409 2t).

2180 2424 2232 2480 Si
2259 2435 2435 2480 autem
2466 2424 2658 2496 Jephte
2697 2426 2985 2483 humanum
3017 2443 3233 2485 secutus
3274 2446 3536 2499 errorem,
3563 2431 3706 2486 huma-

2181 2530 2310 2571 num
2335 2516 2649 2572 sacriﬁcium
2676 2519 2974 2574 vovendum
3004 2521 3237 2589 putavit,
3266 2520 3383 2591 ejus
3404 2521 3599 2592 quidem
3616 2536 3708 2592 pec-

2180 2616 2358 2662 catum
2384 2607 2451 2663 de
2472 2607 2624 2663 unica
2645 2608 2752 2663 ﬁlia
2769 2609 2890 2679 jure
2910 2612 3148 2680 punitum
3172 2622 3278 2677 est,
3306 2612 3445 2683 quod
3465 2613 3607 2669 etiam
3623 2613 3707 2683 ipse

2180 2697 2357 2752 verbis
2384 2698 2494 2753 suis
2523 2699 2652 2754 satis
2689 2700 2896 2756 videtur
2925 2702 3238 2769 ostendere,
3270 2704 3360 2759 ubi
3387 2704 3485 2770 ait,
3518 2703 3614 2758 Heu
3632 2718 3704 2767 me,

2182 2788 2291 2857 [ilia
2319 2804 2444 2854 inea,
2471 2788 2723 2858 impertisti
2745 2808 2852 2855 me;
2880 2792 2932 2845 in
2953 2791 3320 2859 olfendiculum
3346 2799 3477 2865 facta
3492 2811 3539 2850 es
3556 2795 3705 2849 inocu-

2182 2880 2245 2933 lis
2275 2881 2431 2944 meis;
2475 2881 2710 2937 discissis
2751 2882 2909 2938 etiam
2938 2886 3273 2942 vestimentis
3310 2887 3439 2943 suis.
3477 2886 3705 2943 Verumta-

2181 2987 2304 3026 men
2328 2972 2485 3027 etiam
2514 2973 2602 3028 hic
2626 2974 2740 3044 ejus
2763 2989 2913 3030 error
2937 2976 3099 3033 habet
3123 2979 3356 3049 aliquam
3382 2978 3570 3035 laudem
3592 2976 3701 3042 ﬁdei,

2181 3078 2282 3133 qua
2316 3064 2479 3119 Deum
2510 3066 2713 3133 timuit,
2746 3077 2800 3121 ut
2838 3068 2979 3137 quod
3006 3079 3224 3124 voverat
3250 3070 3519 3136 redderet,
3547 3083 3627 3124 nec
3646 3067 3704 3120 di-

2183 3153 2291 3207 vini
2318 3154 2372 3207 in
2408 3169 2469 3210 se
2490 3156 2672 3224 judicii
2699 3160 3017 3213 sententiam
3043 3160 3358 3227 declinavit;
3403 3161 3508 3216 sive
3530 3170 3701 3229 sperant

2182 3245 2349 3300 Deum
2372 3247 2777 3317 prohibiturum,
2808 3251 2941 3306 sicut
2969 3252 3094 3307 fecit
3117 3254 3368 3321 Abrahae,
3396 3256 3501 3309 sive
3520 3253 3619 3322 ejus
3636 3265 3702 3305 νο·

2181 3336 2437 3393 luntatem
2467 3340 2627 3395 etiam
2649 3357 2755 3397 non
2775 3341 3107 3411 prohibentis
3124 3344 3445 3402 intellectam
3464 3347 3613 3401 facere
3632 3356 3700 3412 ροο

2182 3429 2288 3484 tius
2313 3444 2471 3499 quam
2497 3444 2839 3488 contemnere
2863 3442 3122 3491 statuens.

2252 3522 2561 3592 Quanquam
2603 3533 2657 3579 et
2698 3524 2785 3580 hic
2826 3527 3018 3582 merito
3057 3529 3222 3597 quaeri
3272 3536 3442 3601 potest
3463 3535 3613 3583 utrum
3635 3539 3700 3578 ve

2182 3612 2293 3667 rius
2338 3612 2648 3684 intelligitur
2676 3615 2775 3670 hoc
2801 3616 2968 3672 Deum
3013 3619 3153 3674 nolle
3178 3621 3294 3676 ﬁeri
3315 3663 3330 3690 ,
3378 3630 3429 3678 et
3464 3621 3511 3675 iii
3536 3632 3594 3674 eo
3627 3629 3699 3686 po-

2183 3704 2286 3759 tius
2331 3704 2471 3769 Deo,
2520 3706 2564 3760 si
2611 3722 2718 3761 non
2762 3707 2949 3775 ﬁeret,
3005 3710 3334 3779 obediretur,
3381 3712 3601 3783 quoniam
3626 3709 3698 3762 hoc

2181 3809 2241 3849 se
2287 3795 2425 3850 nolle
2453 3804 2508 3850 et
2552 3796 2604 3850 in
2634 3797 2863 3854 Abrahae
2905 3801 3014 3855 filio
3053 3810 3107 3857 et
3156 3804 3206 3858 in
3255 3805 3476 3875 legitima
3513 3797 3696 3871 prohibi-

2182 3888 2324 3941 tione
2348 3898 2752 3945 monstraverat.
2788 3891 3162 3950 Verumtamen
3188 3896 3233 3950 si
3264 3904 3528 3967 propterea
3550 3889 3697 3959 Jeplite
3790 3892 3791 3967 ξ

2180 3994 2287 4033 non
2317 3979 2533 4047 faceret,
2562 3982 2659 4035 sibi
2683 3983 2856 4052 potius
2879 3985 2932 4038 in
2954 3986 3109 4040 unica
3135 3989 3452 4057 pepercisse,
3472 3998 3605 4055 quam
3627 3978 3696 4035 Dei

2181 4070 2505 4127 voluntatem
2534 4083 2747 4129 secutus
2776 4089 2895 4130 esse
2920 4075 3207 4131 videretur.
3250 4078 3408 4148 Magis
3440 4091 3552 4147 ergo
3576 4068 3696 4127 intel-

2180 4162 2309 4218 lexit
2335 4165 2389 4219 in
2414 4180 2480 4219 eo
2507 4167 2647 4236 quod
2671 4167 2723 4222 ei
2753 4168 2856 4223 ﬁlia
2883 4170 3137 4233 occurrit,
3188 4171 3412 4227 ultorem
3441 4170 3610 4230 Deum,
3630 4164 3695 4232 ju-

2179 4266 2383 4329 stzeque
2409 4274 2580 4329 paenae
2607 4276 2667 4315 se
2693 4261 2918 4317 ﬁdeliter
2941 4263 3200 4329 subdidit,
3249 4265 3436 4320 timens
3474 4258 3694 4316 suaviorem

2180 4358 2428 4421 tanquam
2458 4352 2526 4408 de
2550 4354 2983 4423 tergiversatione
3001 4356 3313 4413 vindictam.
3333 4353 3574 4412 Credebat
3587 4346 3693 4405 enim

2179 4441 2338 4497 etiam
2366 4443 2521 4497 bonae
2540 4454 2594 4499 et
2618 4444 2835 4514 virginis
2858 4447 3085 4502 animam
3106 4448 3225 4504 ﬁliae
3252 4450 3387 4506 bene
3405 4442 3568 4513 recipi.
3588 4432 3694 4509 ll“0d

2180 4549 2284 4590 non
2315 4534 2487 4605 seipsa
2514 4546 2735 4592 voverat
2777 4538 3181 4607 immolandam,
3209 4542 3306 4598 sed
3337 4549 3451 4596 voto
3472 4544 3522 4593 et
3542 4532 3670 4588 volun

2181 4627 2273 4681 tati
2305 4643 2409 4682 non
2448 4628 2711 4684 restiterat
2740 4630 2936 4699 patris,
2968 4641 3023 4687 et
3063 4631 3157 4687 Dei
3195 4632 3364 4689 fuerat
3386 4636 3551 4687 aettula
3580 4617 3690 4692 ludi‘

2180 4718 2338 4773 cium.
2371 4718 2512 4774 Mors
2537 4719 2679 4775 enim
2708 4721 2845 4775 sicut
2886 4736 2985 4777 nec
3024 4722 3126 4778 sibi
3165 4737 3196 4777 a
3224 4734 3479 4794 quoquam
3514 4718 3665 4786 sponle

2180 4822 2280 4862 nec
2305 4808 2551 4879 cuiquam
2591 4819 2780 4880 sponte
2817 4811 3089 4867 inferenda
3127 4823 3240 4880 est;
3271 4814 3344 4869 ita
3384 4812 3485 4867 Deo
3521 4803 3689 4877 jubet!“l

2179 4900 2469 4956 recusanda
2513 4916 2619 4956 non
2659 4911 2773 4970 est,
2813 4904 2966 4973 cujus
3007 4905 3384 4961 constitutione
3418 4901 3687 4984 quocum"?

2179 4991 2434 5057 temporis
2456 4990 2700 5046 obeunda
2726 5001 2810 5048 est
2829 5012 2843 5047 :
2872 5008 2973 5049 nec
2995 4995 3274 5065 quisquam
3295 4994 3380 5064 qui
3402 5004 3509 5048 eam
3530 4984 3684 5055 ΡαῬθυ

2101 5138 2113 5148 ,
2178 5079 2455 5148 detrectat,
2490 5091 2547 5136 ut
2571 5084 2790 5159 omnino
2809 5086 3057 5155 evitetur,
3081 5088 3174 5143 sed
3197 5080 3539 5144 tantummodo
3554 5083 3599 5131 ut
3612 5066 3683 5125 dil-

2177 5171 2396 5239 feratur,
2426 5173 2631 5230 laborat
2659 5177 2701 5230 ¹.
2748 5177 2871 5234 Hzec
2897 5187 3075 5236 autem
3101 5179 3460 5237 festinantibus
3494 5166 3619 5228 nobis
3635 5160 3684 5214 dc

2179 5265 2429 5336 praedicta
2453 5270 2747 5338 quaistione
2784 5272 2914 5327 satis
2941 5288 3060 5329 esse
3086 5282 3365 5346 utcumque
3384 5270 3589 5327 discussa
3609 5266 3683 5327 ιπο

2179 5356 2279 5412 hac
2301 5358 2513 5428 quidem
2535 5370 2685 5431 parte
2713 5362 2828 5418 visa
2857 5374 2998 5421 sunt.

2247 5446 2399 5503 Nunc
2417 5449 2526 5518 jam
2553 5452 2679 5521 quid
2709 5452 2939 5524 Spiritus
2965 5457 3202 5525 Domini,
3230 5460 3338 5515 sive
3375 5469 3461 5527 per
3489 5441 3680 5505 nescien‘

2179 5546 2287 5594 tem
2316 5538 2508 5611 Jephte
2548 5542 2660 5598 sive
2686 5559 2781 5627 per
2805 5546 3094 5615 scientem,
3142 5550 3255 5606 sive
3285 5563 3373 5620 per
3395 5545 3499 5614 ejus
3530 5539 3681 5601 imp”

2242 5678 2259 5709 ι
2285 5682 2396 5735 Quae
2410 5687 2702 5749 sequuntur,
2732 5682 2942 5749 scilicet,
2978 5684 3081 5735 Itazc
3103 5692 3257 5737 tndem
3273 5670 3681 5749 [εδεὶιωιιξὲηῇέίτ

2179 5750 2338 5801 usque
2364 5739 2425 5789 ad
2446 5739 2710 5805 nimcjam,
2733 5745 2909 5802 absunt
2928 5739 2957 5797 a
2974 5754 3079 5799 Mss.
3104 5739 3334 5802 Vaticanis
3354 5751 3401 5797 et
