3874 6322
190 325 317 384 817

193 441 457 499 dentiam
495 439 609 495 sive
641 450 739 509 per
761 435 1117 494 obedientiam
1134 474 1149 499 ,
1177 434 1291 491 sive
1333 447 1430 505 per
1456 431 1803 489 offensionem

194 535 331 591 sive
359 548 457 606 per
481 531 660 597 ﬁdem,
688 531 741 586 in
772 530 871 584 hac
889 543 949 584 re
971 537 1119 600 gesta
1148 525 1597 597 prteﬁguraverit,
1635 538 1804 595 quan-

200 634 329 680 tum
359 625 498 679 Deus
514 623 747 693 adjuvat,
770 622 1123 691 requiramus,
1142 618 1476 688 breviterque
1492 615 1801 686 pendamus.

197 717 491 773 Admonet
511 714 652 770 enim
678 728 777 768 nos
800 721 853 766 et
872 721 1025 781 urget
1049 710 1278 781 quodam
1298 707 1458 764 modo
1480 707 1579 763 iste
1598 717 1806 762 sancta-

196 822 336 863 rum
369 807 762 876 Seripturarum
792 804 938 859 locus
964 802 1198 873 cogitare
1221 798 1503 871 quemdam
1533 806 1803 868 potentem

196 901 437 955 virtute.
460 897 605 954 Talis
630 897 773 953 enim
802 896 996 951 dicitur
1020 893 1229 964 Iephte,
1260 892 1400 964 quod
1426 906 1618 946 nomen
1650 890 1807 945 inter-

198 1002 461 1066 pretatur
485 992 758 1062 Aperiens.
796 990 1051 1045 Dominus
1080 996 1255 1043 autem
1281 986 1543 1052 Christus,
1571 986 1707 1041 sicut
1732 986 1805 1039 in-

196 1085 362 1141 dicat
385 1082 727 1152 Evangelium
752 1079 1022 1149 discipulis
1042 1080 1153 1134 suis
1172 1079 1371 1148 aperuit
1396 1092 1615 1143 sensum,
1644 1085 1700 1130 ut
1726 1077 1805 1130 in-

196 1174 499 1246 telligerent
520 1172 811 1245 Scripturas
832 1169 981 1244 (Luc.
1008 1185 1159 1236 xxnv,
1187 1170 1275 1233 45,
1303 1169 1419 1238 27).
1444 1168 1596 1223 Hunc
1615 1166 1805 1238 Iephte

199 1266 415 1321 fratres
440 1265 555 1336 ejus
578 1262 1016 1334 reprobaveruut,
1047 1271 1102 1317 et
1123 1261 1192 1317 de
1215 1270 1435 1330 paterna
1458 1258 1617 1314 domo
1641 1273 1806 1329 expu-

199 1359 434 1422 lerunt,
481 1356 794 1426 objicientes
831 1360 879 1410 el
923 1352 1066 1424 quod
1103 1360 1245 1409 esset
1288 1352 1429 1406 ﬁlius
1471 1350 1800 1417 l‘ornicariae,

196 1459 476 1519 tanquam
506 1448 607 1518 ipsi
631 1456 811 1501 essent
826 1447 894 1501 de
912 1460 1078 1501 uxore
1100 1443 1334 1515 legitima
1356 1445 1487 1498 nati.
1510 1443 1622 1498 Hoc
1644 1443 1804 1498 etiam

197 1548 447 1612 egerunt
472 1539 728 1595 adversus
767 1538 1048 1593 Dominum
1094 1535 1363 1607 principes
1388 1535 1725 1591 sacerdotum
1753 1543 1808 1591 et

195 1633 428 1689 Scriba:
456 1639 509 1687 et
533 1630 813 1695 Pharisaei,
858 1628 947 1699 qui
992 1628 1059 1683 de
1098 1626 1253 1698 Legis
1288 1626 1657 1682 observatione
1685 1625 1804 1696 glo-

198 1728 339 1782 riari
370 1724 711 1789 videbantur,
735 1730 983 1791 tanquam
1007 1720 1095 1775 ille
1118 1720 1349 1775 solveret
1368 1720 1586 1789 Legem,
1612 1726 1666 1774 et
1685 1719 1806 1774 ideo

197 1816 378 1873 veluti
430 1829 537 1870 non
583 1820 726 1868 esset
767 1810 1032 1881 legitimus
1078 1809 1235 1865 ﬁlius.
1283 1809 1353 1864 Et
1393 1823 1694 1880 quanquam
1738 1808 1807 1865 de

199 1916 407 1961 sancta
456 1903 668 1974 quidem
714 1901 931 1972 Virgine
981 1915 1172 1971 corpus
1218 1908 1610 1971 assumpserat,
1664 1899 1807 1970 quod

200 1999 473 2056 ﬁdelibus
502 2007 683 2052 notum
725 2005 841 2061 est;
873 2004 1049 2051 tamen
1089 1997 1205 2065 ejus
1239 2004 1428 2062 mater,
1456 1980 1710 2066 quantum
1739 1995 1807 2050 ad

199 2100 438 2163 gentem
466 2089 713 2159 pertinet,
741 2089 900 2143 etiam
930 2088 1019 2143 illa
1046 2086 1264 2143 Iudaica
1290 2102 1557 2159 synagoga
1586 2087 1690 2143 dici
1711 2103 1807 2158 po-

200 2192 337 2239 test.
373 2181 635 2237 Revolvat
663 2180 754 2251 qui
778 2180 1004 2235 voluerit
1030 2180 1371 2250 propheticos
1398 2180 1609 2247 Libros,
1642 2191 1697 2237 et
1725 2184 1808 2238 vi-

201 2277 335 2331 deat
364 2272 581 2344 quoties
605 2280 659 2327 et
683 2280 878 2342 quanta
903 2270 1048 2327 verbi
1078 2272 1361 2327 severitate
1381 2281 1540 2342 atque
1569 2273 1808 2343 indigna-

201 2367 362 2421 tione
396 2362 631 2429 Domini,
664 2362 750 2417 illa
779 2377 911 2432 gens
935 2363 1082 2417 velut
1105 2361 1368 2431 impudica
1398 2362 1588 2419 mulier
1607 2363 1673 2419 de
1699 2364 1808 2420 suis

202 2455 663 2514 fornicationibus
690 2462 957 2523 arguatur.
994 2451 1141 2508 Unde
1169 2460 1251 2508 est
1274 2453 1433 2508 etiam
1464 2453 1591 2508 illud
1624 2454 1679 2508 in
1707 2453 1810 2509 hoc

199 2548 351 2604 libro
383 2546 845 2611 recentissimum,
876 2545 957 2600 vel
1002 2558 1123 2599 cum
1153 2553 1274 2614 post
1299 2542 1473 2614 ephud
1516 2543 1660 2616 quod
1684 2542 1811 2601 fecit

206 2638 481 2705 Gedeon,
530 2637 704 2691 omnis
744 2634 906 2691 Israel
936 2635 1127 2706 legitur
1167 2634 1489 2701 fornicatus,
1540 2637 1620 2692 vel
1667 2636 1809 2707 quod

204 2732 469 2787 abierunt
494 2739 617 2800 post
652 2728 783 2784 deos
810 2728 1045 2798 gentium
1075 2727 1268 2797 quibus
1296 2736 1449 2783 erant
1472 2729 1805 2785 circumdati.

207 2822 377 2880 Unde
396 2824 451 2877 in
482 2822 601 2877 illos
619 2822 794 2877 divina
818 2822 895 2875 ira
917 2828 1185 2876 commota
1205 2830 1306 2886 est,
1332 2829 1386 2875 ut
1409 2836 1504 2891 per
1520 2837 1689 2876 annos
1713 2821 1809 2877 de-

206 2930 336 2971 cem
365 2924 424 2970 et
446 2925 567 2970 octo
591 2922 994 2970 contererentur
1017 2929 1047 2968 a
1072 2912 1193 2968 ﬁliis
1217 2916 1445 2969 Ammon
1468 2915 1666 2985 (Judic.
1692 2931 1806 2984 vm,

207 3008 308 3075 27,
340 3018 390 3062 et
420 3023 479 3073 ι,
513 3005 653 3077 6~8).
702 3005 807 3061 Sed
849 3005 1103 3076 numquid
1150 3021 1257 3061 non
1305 3021 1371 3061 ex
1412 3006 1599 3062 eadem
1650 3016 1811 3078 gente

210 3101 389 3157 Israel
419 3100 577 3155 etiam
606 3099 680 3154 illi
720 3099 829 3154 nati
870 3107 1023 3153 erant
1050 3098 1382 3164 sacerdotes,
1412 3109 1466 3154 et
1500 3098 1727 3166 Scribre,
1758 3109 1812 3155 et

208 3192 503 3257 Pharisaei,
531 3205 667 3261 quos
691 3191 743 3244 in
770 3191 848 3245 eis
867 3190 1099 3245 diximus
1126 3189 1289 3244 fuisse
1310 3188 1690 3259 prteﬁguratos,
1721 3189 1812 3259 qui

210 3284 441 3355 Iephte,
485 3290 732 3352 tauquam
764 3282 851 3337 isti
880 3281 1160 3336 Dominum
1186 3278 1484 3346 Christum,
1512 3281 1675 3336 veluti
1705 3296 1811 3335 non

213 3376 524 3445 legitimum
557 3372 724 3426 lilium
750 3371 1015 3440 persecuti
1044 3370 1400 3439 expulerunt?
1429 3369 1535 3424 Sed
1565 3370 1618 3423 in
1643 3384 1708 3423 eo
1735 3370 1812 3423 si-

215 3465 475 3524 militudo
499 3464 809 3519 adumbrata
835 3471 937 3528 est,
970 3462 1110 3533 quod
1143 3462 1248 3527 isti,
1279 3470 1333 3516 ut
1362 3460 1490 3527 dixi,
1524 3462 1684 3517 veluti
1710 3461 1813 3517 Le-

213 3560 303 3632 gis
331 3558 706 3613 observatores
726 3598 739 3623 ,
772 3571 895 3612 eum
933 3555 1023 3626 qui
1052 3563 1235 3610 contra
1262 3562 1525 3625 praecepta
1552 3553 1705 3625 Legis
1734 3553 1815 3609 fa-

215 3669 350 3710 cere
381 3652 677 3718 videbatur,
708 3660 955 3721 tanquam
977 3650 1194 3719 legitimi
1223 3664 1327 3704 non
1350 3649 1666 3719 legitimum,
1691 3649 1815 3718 jure

217 3744 326 3801 sibi
358 3743 459 3799 visi
489 3751 614 3798 sunt
641 3742 883 3810 ejecisse.
912 3740 1212 3797 Secundum
1243 3738 1346 3795 hoc
1369 3741 1511 3794 enim
1549 3739 1699 3810 plebs
1728 3740 1816 3795 illa

219 3839 369 3893 dicta
399 3846 483 3892 est
512 3835 779 3898 fornicari,
807 3833 949 3905 quod
977 3833 1132 3904 Legis
1158 3841 1418 3903 praecepta
1441 3847 1546 3888 non
1571 3846 1811 3899 servans,

224 3939 484 3999 tanquam
513 3928 628 3981 viro
658 3941 762 3981 non
787 3924 1073 3980 exhibebat
1102 3923 1279 3977 ﬁdem.

295 4020 392 4076 Sic
418 4028 594 4073 autem
622 4018 876 4085 scriptum
907 4015 1077 4070 estde
1105 4013 1313 4084 Iephte,
1345 4012 1410 4067 Et
1437 4022 1694 4067 rreverunt
1723 4014 1818 4082 [itii

222 4112 424 4175 umoris,
455 4119 501 4164 et
529 4109 782 4179 ejecerunt
811 4106 1012 4174 Iephte.
1044 4104 1273 4159 Verbum
1296 4103 1434 4173 quod
1462 4105 1691 4173 positum
1712 4115 1815 4172 est,

224 4214 518 4267 creverunt,
549 4200 812 4272 signiﬁcat
832 4199 886 4253 in
912 4198 1097 4269 ﬁgura,
1130 4198 1559 4267 prtevalueruut:
1591 4196 1732 4267 quod
1762 4198 1816 4253 in

224 4296 432 4351 Iudaeis
472 4292 748 4363 impletum
791 4300 905 4357 est,
952 4290 1040 4359 qui
1090 4290 1479 4359 praevalucrunt
1526 4289 1817 4344 inﬁrmitati

227 4387 464 4449 Christi,
495 4385 615 4455 quia
643 4383 713 4438 ita
739 4381 923 4447 voluit,
956 4389 1013 4436 ut
1038 4381 1106 4436 ab
1133 4382 1213 4436 eis
1236 4397 1355 4453 quze
1381 4382 1661 4453 Oportebat
1694 4398 1818 4452 pas-

227 4481 380 4535 sione
406 4478 697 4549 perferret;
727 4477 863 4531 sicut
889 4476 990 4530 hoc
1011 4475 1150 4531 idem
1170 4476 1474 4545 signiﬁcans
1498 4475 1663 4533 Iacob
1684 4492 1819 4547 pra:-

228 4571 393 4626 valuit
416 4570 628 4641 angelo,
660 4584 781 4623 cum
807 4583 913 4638 quo
940 4576 996 4621 ut
1022 4566 1247 4636 idipsum
1278 4567 1622 4635 portenderet
1651 4568 1819 4622 lucta-

228 4662 385 4718 batur
413 4661 565 4733 (Gen.
597 4676 778 4725 xxxn,
826 4657 1030 4732 Ωιι-28).
1065 4659 1320 4714 Dixerunt
1346 4674 1473 4729 ergo
1500 4659 1565 4713 ad
1595 4659 1817 4730 Iephte,

232 4750 354 4807 Non
379 4751 697 4807 haereditabis
735 4752 789 4806 in
816 4750 967 4805 domo
994 4750 1151 4819 patris
1181 4750 1365 4813 nostri,
1405 4751 1640 4819 quoniam
1681 4750 1819 4819 ﬁlius

232 4846 462 4900 mulieris
491 4845 777 4916 fornicarite
812 4854 882 4897 tu.
916 4842 1188 4912 Tanquam
1219 4841 1459 4897 dicerent
1477 4841 1617 4912 quod
1644 4841 1820 4898 Evan-

233 4938 431 5007 gelinm
462 4936 712 5007 loquitur,
749 4934 800 4988 Ν
806 4952 871 4989 οη
891 4944 961 4988 est
985 4935 1074 4988 iste
1097 4934 1244 4989 homo
1264 4950 1295 4987 a
1318 4932 1447 5000 Deo,
1471 4935 1556 5005 qui
1585 4935 1657 4988 sic
1676 4935 1823 4988 solvit

234 5030 496 5085 sabbatum
527 5027 702 5100 (Joan.
735 5044 813 5093 Ix,
846 5028 938 5099 16)
963 5046 976 5081 :
1008 5042 1067 5083 se
1092 5035 1267 5081 autem
1294 5026 1436 5080 velut
1459 5026 1720 5096 jactantes
1743 5026 1822 5082 lc-

235 5119 450 5189 gitimos
493 5119 628 5174 ﬁlius
662 5119 884 5174 Domino
911 5118 1193 5182 dixerunt,
1238 5115 1350 5173 Nos
1397 5134 1460 5172 ea:
1492 5118 1822 5188 fornicatione

237 5227 336 5266 non
356 5229 530 5267 sunms
555 5213 697 5275 nati;
728 5228 882 5265 unum
909 5221 1101 5283 patrem
1125 5211 1362 5264 habemus
1386 5210 1549 5264 Deum
1574 5210 1683 5281 (Id.
1707 5226 1819 5281 vm,

240 5303 351 5374 41).
383 5304 448 5360 Et
476 5307 605 5377 fugit
629 5303 814 5375 Iephte
838 5322 869 5358 a
898 5304 1028 5376 facie
1048 5307 1268 5369 fratrum
1292 5319 1517 5369 suorum,
1546 5312 1593 5356 et
1622 5303 1822 5357 habita-

241 5395 307 5449 vit
335 5398 387 5451 in
417 5407 549 5452 terra
577 5396 705 5452 Tob.
736 5397 910 5467 Fugit,
928 5396 1175 5467 quoniam
1202 5411 1261 5450 se
1283 5404 1511 5466 quantus
1531 5407 1675 5452 esset
1702 5396 1823 5453 abs-

244 5488 448 5555 condit;
482 5489 633 5561 fugit,
661 5491 908 5561 quoniam
939 5504 1035 5545 eos
1080 5489 1360 5544 saevientes
1390 5489 1537 5543 latuit
1567 5508 1579 5542 :
1611 5489 1673 5545 Si
1691 5491 1822 5546 enim

244 5583 603 5651 cognovissent,
635 5598 893 5647 nunquam
938 5580 1209 5636 Dominum
1245 5580 1423 5651 gloria:
1460 5582 1825 5651 cruciﬁaissent

249 5670 293 5743 (l
318 5671 430 5727 Cor.
458 5689 524 5742 ιι,
556 5672 634 5747 8).
667 5672 839 5745 Fugit,
869 5673 1116 5744 quoniam
1159 5671 1435 5728 morientis
1460 5672 1823 5731 inﬁrmitatem

248 5759 514 5833 viderunt,
566 5765 813 5823 virtutem
838 5773 1016 5821 autem
1053 5765 1380 5837 resurgentis
1404 5779 1509 5823 non
1552 5765 1817 5826 viderunt.

1560 314 1761 374 LIBER
1797 314 2149 375 SEPTIMUS.

3393 317 3500 377 818

1916 431 2184 488 Habitavit
2210 438 2387 487 autem
2416 432 2471 487 in
2502 440 2646 488 terra
2669 432 2828 499 bona,
2860 431 2971 499 vel,
3003 440 3063 487 ut
3087 434 3390 504 expressius
3415 433 3503 491 di-
3554 503 3560 509 .

1915 536 2130 587 camus,
2162 523 2358 592 opima.
2406 522 2560 589 Quod
2586 524 2728 578 enim
2757 537 2932 595 grzece
2957 527 3157 591 ἀγαθὸν,
3207 524 3310 581 hoc
3337 525 3505 583 latine

1914 616 2149 685 Opimum
2193 614 2429 670 dicitur:
2478 614 2529 668 id
2572 624 2750 670 autem
2789 615 3168 684 interpretatur
3214 616 3348 671 Tob.
3398 616 3501 673 Ubi

1916 708 2043 762 mihi
2073 707 2284 762 videtur
2321 707 2665 778 intelligenda
2696 708 2812 778 ejus
2846 723 2877 763 a
2904 709 3130 765 mortuis
3160 711 3504 765 resurrectio.

1915 800 2047 854 Nam
2086 815 2206 871 qua:
2240 810 2381 856 terra
2410 802 2579 871 magis
2624 801 2832 871 opima,
2869 816 3030 873 quam
3070 810 3342 859 terrenum
3378 817 3505 859 cor.

1916 907 2014 962 pus
2054 892 2367 948 excellentia
2409 893 2821 949 immortalitatis
2864 902 2919 950 et
2964 894 3378 965 incorruptionis
3418 894 3506 950 in-

1914 985 2141 1040 dutum?
2934 1028 2937 1029 ν

1984 1075 2139 1143 Quod
2152 1084 2329 1132 autem
2358 1076 2551 1132 dicitur
2569 1076 2637 1133 de
2660 1077 2867 1149 Iephte,
2898 1079 3019 1149 quia
3046 1089 3389 1151 posteaquam
3411 1080 3500 1136 fu-

1914 1168 2065 1238 giens
2090 1181 2122 1222 a
2152 1167 2286 1222 facie
2313 1165 2539 1222 fratrum
2579 1183 2795 1224 suorum
2827 1168 3083 1223 habitavit
3110 1170 3162 1224 in
3195 1180 3335 1225 terra
3362 1171 3502 1238 Tob,

1914 1259 2301 1329 colligebantur
2340 1259 2406 1314 ad
2433 1274 2556 1315 eum
2579 1259 2680 1315 viri
2703 1261 2958 1327 latrones,
2995 1270 3049 1316 et
3092 1263 3505 1319 obambulabant

1913 1366 2037 1406 cum
2081 1351 2238 1422 ipso;
2285 1365 2586 1422 quanquam
2630 1361 2685 1409 et
2724 1362 2848 1409 ante
2889 1355 3188 1424 passionem
3231 1355 3505 1423 obiectum

1915 1440 2071 1497 fuerit
2100 1442 2347 1511 Domino,
2376 1444 2520 1515 quod
2548 1458 2673 1498 cum
2711 1444 3005 1515 publicanis
3047 1454 3101 1500 et
3138 1447 3505 1515 peccatoribus

1915 1534 2280 1601 manducaret,
2307 1536 2521 1606 quando
2545 1536 2838 1606 respondit,
2872 1552 2976 1591 non
2998 1552 3118 1592 esse
3141 1538 3506 1593 necessarium

1915 1626 2058 1681 sanis
2085 1624 2372 1690 medicum,
2404 1626 2496 1681 sed
2542 1626 2754 1696 aegrotis
2795 1626 3008 1696 (Matth.
3053 1642 3128 1694 ix,
3174 1628 3260 1692 11,
3290 1625 3379 1697 12)
3404 1643 3420 1693 ;
3447 1636 3508 1682 et

1914 1714 2056 1771 inter
2083 1715 2293 1785 iniquos
2329 1715 2614 1787 deputatus
2657 1726 2740 1772 est
2783 1716 2938 1787 (Isai.
2973 1732 3085 1782 Lill,
3131 1717 3246 1788 12),
3290 1716 3505 1787 quando

1916 1809 2055 1865 inter
2078 1808 2313 1865 latrones
2336 1810 2622 1865 cruciﬁxus
2650 1818 2752 1875 est,
2792 1819 2847 1865 et
2872 1824 3033 1865 unum
3059 1825 3126 1864 ex
3149 1810 3228 1863 eis
3250 1809 3317 1865 de
3344 1822 3507 1865 cruce

1916 1900 1970 1954 in
2000 1900 2303 1970 paradisum
2331 1901 2601 1956 transtulit
2644 1901 2794 1972 (Luc.
2837 1916 2991 1966 χχιιι,
3023 1900 3112 1967 '55,
3158 1898 3248 1971 t3)
3282 1917 3294 1952 :
3325 1908 3507 1954 tamen

1917 1999 2262 2062 posteaquam
2307 1992 2617 2058 resurrexit,
2666 2002 2720 2047 et
2747 2006 2867 2047 esse
2907 1992 3087 2061 coepit,
3130 1990 3419 2047 secundum
3449 1988 3508 2045 id

1915 2081 2058 2152 quod
2101 2097 2262 2153 supra
2297 2084 2663 2152 exposuimus,
2711 2083 2763 2137 in
2792 2091 2933 2137 terra
2962 2081 3096 2148 Tob,
3143 2080 3352 2137 collecti
3381 2090 3508 2136 sunt

1917 2175 1984 2231 ad
2005 2176 2153 2231 illum
2179 2175 2422 2232 scelerati
2450 2176 2694 2232 homines
2720 2186 2938 2246 propter
2966 2175 3335 2232 remissionem
3374 2190 3503 2246 pec-

1916 2276 2195 2333 catorum;
2244 2268 2334 2338 qui
2366 2284 2488 2323 cum
2517 2268 2607 2323 illo
2650 2267 3011 2335 ambulabant,
3060 2268 3182 2337 quia
3211 2265 3507 2322 secundum

1917 2360 2034 2428 ejus
2057 2370 2321 2432 praecepta
2346 2361 2619 2417 vivebant.
2649 2360 2831 2432 Neque
2855 2361 2957 2417 hoc
2979 2361 3089 2415 ﬁeri
3114 2360 3309 2416 desinit
3336 2376 3508 2432 usque

1916 2468 2080 2517 nunc,
2107 2462 2163 2507 et
2184 2452 2459 2522 deinceps,
2486 2469 2762 2524 quousque
2782 2454 2849 2509 ad
2876 2469 2998 2509 eum
3019 2452 3329 2523 confugiunt
3356 2453 3506 2521 mali,

1918 2553 1977 2598 ut
2017 2544 2276 2613 justilicet
2313 2544 2504 2613 impios
2547 2545 2636 2615 qui
2666 2545 2735 2599 ad
2762 2560 2885 2599 eum
2914 2552 3316 2613 convertuntur,
3347 2552 3403 2601 et
3424 2544 3511 2599 di-

1918 2644 2069 2691 scant
2092 2635 2259 2705 iniqui
2284 2634 2397 2689 vias
2422 2635 2539 2703 ejus
2570 2634 2740 2707 (Psal.
2758 2651 2806 2699 1.,
2830 2636 2851 2689 i
2864 2636 2940 2705 5).

1988 2729 2105 2783 Iam
2124 2727 2273 2791 illud,
2296 2727 2437 2798 quod
2456 2727 2510 2782 hi
2536 2728 2624 2798 qui
2653 2728 2956 2797 abjeeerant
2982 2728 3173 2798 Iephte
3202 2727 3339 2801 (erat
3361 2728 3508 2784 enim

1919 2820 2270 2891 Galaadites),
2310 2820 2552 2874 conversi
2602 2828 2726 2874 sunt
2753 2819 2820 2874 ad
2863 2834 3007 2886 cum,
3057 2829 3111 2875 et
3153 2820 3513 2890 quaesiverunt

1917 2928 2058 2979 eum,
2095 2928 2188 2983 per
2215 2927 2374 2983 quem
2412 2911 2766 2967 liberarentur
2808 2910 2875 2966 ab
2900 2910 3130 2966 inimicis
3157 2913 3302 2977 suis;
3347 2926 3512 2984 quam

1918 3007 2062 3061 clara
2090 3005 2515 3076 praeﬁguratione
2538 3004 2822 3074 signiﬁcat,
2844 3004 2986 3075 quod
3007 3003 3060 3058 hi
3082 3004 3171 3074 qui
3198 3004 3509 3073 ahjecerunt

1918 3098 2209 3165 Christum,
2242 3098 2309 3153 ad
2347 3112 2468 3153 eum
2499 3111 2685 3153 rursus
2715 3097 2979 3164 conversi,
3024 3096 3075 3151 in
3105 3096 3198 3152 illo
3236 3098 3513 3167 reperiunt

1918 3191 2145 3247 salutem
2169 3192 2183 3245 !
2215 3191 2334 3246 sive
2362 3190 2439 3259 illi
2467 3189 2831 3259 intelligantur
2859 3204 2996 3255 quos
3024 3189 3213 3245 Petrus
3238 3189 3511 3260 apostolus

1918 3299 2043 3340 cum
2068 3283 2135 3339 de
2160 3283 2278 3353 ipso
2306 3282 2510 3338 scelere
2548 3282 2834 3352 arguisset,
2865 3281 3004 3337 sicut
3031 3281 3084 3335 in
3113 3281 3330 3337 Actibus
3368 3282 3513 3351 Apo-

1920 3376 2181 3429 stolorum
2207 3374 2418 3444 legitur,
2447 3381 2502 3428 et
2525 3373 2770 3428 hortatus
2795 3370 2938 3427 esset
2960 3381 3019 3427 ut
3042 3372 3108 3427 ad
3136 3388 3259 3429 eum
3289 3389 3515 3429 conver-

1924 3472 2193 3529 terentur,
2239 3480 2398 3535 quem
2452 3464 2661 3519 fuerant
2709 3464 2995 3534 persecuti,
3045 3467 3347 3535 compuucti
3389 3479 3516 3523 sunt

1923 3556 2104 3625 corde,
2133 3564 2189 3612 et
2213 3557 2281 3611 ab
2311 3557 2402 3611 illo
2425 3573 2583 3627 quem
2609 3572 2638 3610 a
2676 3571 2735 3612 se
2761 3556 3141 3623 alienaverant,
3173 3557 3515 3617 desiderave-

1923 3658 2047 3704 runt
2074 3648 2299 3703 salutem
2324 3646 2473 3719 (quid
2499 3656 2580 3703 est
2598 3656 2776 3703 autem
2797 3647 3013 3703 liberari
3037 3649 3106 3703 ab
3131 3648 3381 3717 inimicis,
3410 3652 3517 3709 nisi

1924 3758 1951 3795 a
1966 3742 2235 3812 peccatis?
2257 3744 2333 3795 sic
2345 3740 2487 3795 enim
2501 3739 2605 3795 illis
2620 3741 2711 3803 ait,
2731 3742 2873 3812 Agite
2890 3743 3252 3809 pwnitentiam,
3269 3752 3316 3797 et
3340 3743 3511 3814 bapti—

1924 3845 2064 3891 zetur
2078 3834 2417 3905 unusquisque
2428 3842 2643 3889 uestrum
2657 3835 2709 3888 in
2726 3836 2925 3889 nomine
2952 3834 3153 3890 Domini
3166 3835 3289 3889 Iesu
3304 3835 3517 3901 Christi;
3612 3850 3627 3864 ’

1923 3939 1973 3983 et
1999 3930 2312 3983 remittantur
2331 3927 2469 3982 vobis
2490 3936 2694 3998 peccata
2713 3936 2874 3982 vestra
2895 3926 3029 4000 (Art.
3056 3944 3114 3994 ιι,
3137 3928 3334 3993 22-58)
3360 3948 3372 3983 :
3401 3931 3517 3987 sive

1926 4020 2015 4076 illa
2057 4020 2232 4090 potius
2262 4020 2609 4091 signiﬁcetur,
2655 4036 2773 4091 qum
2801 4020 2853 4074 in
2887 4021 2992 4076 ﬁne
3033 4030 3276 4091 speratur
3305 4025 3516 4079 vocatio

1926 4112 2097 4182 gentis
2122 4111 2299 4166 Israel.
2348 4111 2513 4181 Magis
2543 4111 2738 4183 quippe
2767 4112 2879 4182 ipsa
2925 4112 3135 4167 videtur
3179 4128 3435 4182 apparere
3461 4115 3514 4169 in

1925 4218 1991 4259 eo
2018 4204 2156 4275 quod
2185 4203 2397 4267 dicitur,
2429 4203 2494 4257 Et
2523 4208 2713 4275 factum
2741 4214 2812 4258 est
2841 4212 2950 4271 post
2979 4205 3083 4259 dies
3117 4221 3135 4258 :
3160 4205 3299 4274 quod
3329 4204 3513 4273 utique

1926 4302 2047 4365 post
2074 4303 2281 4364 tempus
2308 4293 2604 4363 signiﬁcat;
2634 4302 2686 4347 ct
2728 4310 2823 4362 per
2846 4293 2948 4349 hoc
2994 4296 3225 4349 insinuat
3251 4310 3353 4349 non
3383 4294 3514 4351 illud

1926 4385 2328 4455 intelligendum
2365 4383 2507 4454 quod
2535 4385 2737 4439 recenti
2777 4384 2984 4439 Domini
3012 4386 3258 4455 passione
3282 4395 3382 4450 est,
3415 4386 3513 4442 sed

1926 4477 2066 4548 quod
2095 4486 2276 4547 postea
2306 4474 2539 4529 futurum
2571 4484 2671 4530 est.
2700 4475 2817 4543 Quo
2842 4475 3050 4531 videtur
3077 4477 3237 4532 etiam
3271 4477 3320 4531 id
3350 4479 3513 4547 perti-

1927 4587 2078 4636 nere,
2095 4570 2235 4641 quod
2256 4570 2497 4625 seniores
2518 4568 2716 4623 Galaad
2743 4578 3001 4623 venerunt
3021 4569 3087 4624 ad
3104 4569 3314 4638 Iephte,
3342 4581 3399 4624 ut
3423 4586 3516 4639 per

1928 4671 2139 4718 {etatem
2172 4661 2394 4717 senilem
2438 4660 2731 4730 posteriora
2759 4669 2813 4716 et
2838 4660 3123 4715 novissima
3154 4669 3390 4731 tempora
3419 4676 3513 4717 ac-

1928 4753 2170 4825 cipienda
2209 4754 2334 4808 sint.
2365 4751 2745 4822 Interpretatur
2768 4762 2945 4807 autem
2976 4751 3175 4808 Galaad
3205 4753 3474 4821 Abjiciens
3494 4793 3512 4818 ,

1928 4849 2041 4905 sive
2069 4848 2363 4904 Revelatio.
2411 4847 2646 4913 Quorum
2680 4854 2962 4917 utrumque
2989 4846 3118 4901 satis
3138 4856 3260 4915 apte
3287 4847 3408 4900 huic
3434 4846 3517 4900 rei

1928 4940 2205 5013 congruit;
2236 4940 2357 5011 quia
2381 4940 2553 5009 primo
2581 4938 2861 4994 Dominum
2888 4937 3152 4992 Christum
3179 4936 3514 5005 abjeccrunt,
3612 4988 3620 4993 .

1930 5035 2112 5105 eisque
2142 5042 2325 5105 postea
2356 5032 2694 5089 revelabitur.

2001 5126 2151 5195 Quod
2193 5142 2321 5183 vero
2362 5136 2545 5182 contra
2597 5127 2734 5180 ﬁlios
2778 5126 3004 5179 Ammon
3046 5122 3151 5177 dux
3182 5121 3520 5191 quaerebatur

1930 5217 2139 5290 Iephte,
2166 5218 2356 5289 quibus
2387 5218 2541 5274 vietis
2564 5217 2936 5277 liberarentur,
2964 5215 3051 5284 qui
3076 5228 3142 5268 eo
3167 5213 3301 5267 duce
3326 5212 3520 5268 adver-

1930 5325 2022 5367 sus
2069 5312 2188 5367 illos
2239 5311 2437 5367 bellare
2485 5309 2787 5379 cupiebant,
2836 5307 3084 5377 quoniam
3138 5306 3520 5375 interpretatur

1932 5404 2158 5459 Ammon
2206 5402 2369 5457 Filius
2418 5400 2595 5471 populi
2627 5400 2750 5465 mei,
2804 5399 2915 5452 sive
2949 5397 3181 5466 Populus
3226 5394 3514 5462 maeroris;

1932 5493 2171 5566 profecto
2196 5503 2281 5547 aut
2306 5493 2379 5546 illi
2403 5491 2766 5561 signiﬁcantur
2786 5488 3006 5551 inimici,
3029 5488 3119 5558 qui
3138 5505 3202 5541 ex
3231 5489 3340 5557 ipsa
3359 5496 3516 5554 gente

1932 5594 2335 5656 perseverantes
2352 5586 2403 5639 in
2427 5584 2735 5640 inﬁdelitate
2760 5582 2993 5652 praedicti
3020 5590 3168 5634 sunt.-
3191 5590 3279 5633 aut
3296 5578 3516 5632 omnino

1932 5693 2120 5735 omnes
2148 5679 2404 5751 gehennae
2451 5677 2828 5750 praedestinati,
2874 5675 2960 5730 ubi
3011 5676 3111 5730 erit
3152 5675 3230 5729 eis
3268 5671 3424 5727 ﬁctus
3462 5678 3519 5727 et

1934 5770 2132 5828 stridor
2171 5771 2405 5829 dentium
2454 5769 2665 5833 (Matth.
2708 5784 2835 5834 xxv,
2883 5768 2999 5835 '50),
3045 5777 3293 5839 tanquam
3322 5763 3520 5837 populo
