3874 6306
128 298 229 354 821

129 412 247 470 Nec
273 411 545 471 abhorret
566 423 598 465 a
621 421 770 473 vero,
796 405 934 477 quod
964 404 1087 461 tiliae
1115 403 1331 460 nomine
1354 400 1540 459 eadem
1567 403 1731 472 signi-

134 505 335 561 ﬁcatur
381 500 668 571 Ecclesia:
696 514 823 557 nam
852 498 1011 578 cujus
1034 496 1253 551 alterius
1294 504 1476 565 typum
1520 495 1736 565 gerebat

132 596 307 653 etiam
330 594 430 655 illa
456 592 673 663 mulier,
699 590 785 647 cui
810 598 929 661 post
955 597 1147 644 tactam
1172 586 1434 642 ﬁmbriam
1469 601 1620 642 suam
1645 601 1733 641 sa-

132 697 301 752 tiatae.
322 686 406 745 ait
428 685 703 753 Dominus,
731 682 779 739 θ’
779 684 889 749 ilia,
913 682 1146 751 ﬁducita
1163 680 1419 735 tesalratn
1437 680 1588 749 fecit;
1610 680 1734 733 vade

129 780 188 832 in
210 793 347 850 pace
368 774 584 848 (Matth.
615 789 695 841 ιι,
719 771 950 846 20-22)?
977 772 1044 827 Et
1065 780 1229 836 certe,
1262 770 1404 827 unde
1425 770 1599 825 nullus
1619 784 1731 825 am-

134 869 295 940 bis“.
326 866 630 938 discipulos
666 879 795 923 suos
819 866 932 935 ipse
971 865 1153 934 sponsi
1181 862 1317 917 ﬁlios
1344 860 1647 931 appellavit,
1673 875 1733 917 se

104 959 489 1030 iapertissime
529 958 766 1012 iudicans
792 972 1046 1027 sponsum
1072 973 1084 1008 :
1112 955 1230 1010 Non
1269 963 1497 1025 possm,
1528 954 1725 1024 inquit,

130 1052 377 1123 jejuna"
421 1049 525 1118 ﬂii
556 1049 747 1119 sponsi,
789 1046 1029 1118 milia
1073 1062 1187 1117 cum
1226 1044 1335 1100 illis
1370 1054 1445 1100 est
1480 1061 1731 1115 sponsus;

135 1142 347 1203 varient
387 1150 563 1207 autem
606 1140 717 1203 dies
748 1155 864 1193 cum
903 1139 1157 1207 auferetur
1189 1137 1255 1191 ab.
1288 1138 1361 1193 eis
1405 1153 1638 1207 sponsus,
1685 1148 1733 1194 et

134 1242 257 1286 tunc
287 1228 1419 1303 jejunabmti(1bid.,l5).|ﬂolocaustoma
1462 1244 1591 1299 ergo
1631 1229 1733 1284 erit

133 1322 409 1387 Ecclesia,
443 1336 605 1391 quam
633 1321 879 1391 uirginem.
902 1329 1092 1377 castam
1117 1320 1303 1375 beatus
1328 1320 1614 1389 Apostolus
1638 1335 1732 1389 ap-

132 1414 301 1484 pellat
345 1411 435 1481 (ιι
460 1411 579 1468 ϐω.
623 1428 696 1476 x1,
729 1412 808 1481 2).
839 1408 1145 1481 quando.
1175 1410 1569 1466 resurrectione
1590 1424 1733 1463 tuor-

135 1516 357 1567 tuorum
385 1504 487 1563 ﬁet
508 1505 560 1563 in
593 1505 857 1570 universa,
900 1502 1043 1573 quod
1071 1503 1321 1572 scriptum
1352 1511 1452 1566 est,
1486 1501 1732 1572 suscepta

132 1609 203 1654 est
229 1615 377 1663 more
418 1600 483 1657 in
521 1599 800 1655 victoriam.
846 1597 999 1663 Tunc
1046 1595 1217 1651 tradet
1261 1611 1483 1666 regnum
1526 1596 1635 1650 Deo
1679 1604 1734 1650 et

133 1693 279 1748 Patri
306 1691 355 1761 (Ι
387 1690 514 1749 Cor.
543 1707 631 1758 xv,
657 1691 747 1758 54,
777 1688 894 1761 21).
925 1688 1080 1757 Quod
1104 1704 1322 1757 regnum
1354 1688 1463 1757 ipsa
1494 1687 1731 1743 Ecclesia

131 1791 234 1847 est,
266 1797 367 1839 rex
397 1781 519 1851 ipse
545 1781 698 1850 cujus
738 1780 961 1850 ﬁguram
987 1793 1185 1834 vovens
1211 1778 1300 1833 ille
1339 1778 1592 1848 gestabat.
1626 1774 1733 1831 Sed

132 1874 393 1943 quoniam
447 1882 576 1939 tunc
615 1872 725 1935 ﬁet,
759 1887 880 1926 cum
920 1870 1179 1939 completa
1210 1868 1364 1924 luerit
1407 1876 1556 1923 sexta
1604 1875 1731 1922 :etas

132 1964 342 2030 saeculi,
378 1964 508 2019 ideo
533 1963 802 2032 sexaginta
826 1962 1032 2017 dierum
1060 1975 1093 2014 α
1116 1960 1410 2029 virginitate
1432 1958 1612 2013 dilatio
1634 1972 1730 2028 po-

132 2056 329 2109 stulata
359 2064 469 2111 est.
496 2054 577 2111 Ex
604 2054 856 2108 omnibus
876 2052 1071 2122 quippe
1085 2051 1329 2116 aetatibus
1348 2049 1585 2106 Ecclesia
1606 2064 1735 2104 con-

133 2154 409 2216 gregatur.
460 2144 692 2213 Quarum
721 2146 892 2215 prima
917 2153 1019 2207 est,
1065 2142 1131 2197 ab
1172 2140 1341 2195 Adam
1367 2156 1534 2210 usque
1560 2140 1625 2194 ad
1649 2139 1731 2194 di~

133 2236 337 2291 luvium
370 2255 383 2293 :
416 2234 654 2291 secunda
691 2250 721 2290 a
767 2234 983 2297 diluvio,
1018 2232 1069 2291 id
1117 2240 1219 2298 est,
1252 2246 1283 2284 a
1311 2229 1423 2284 Noe
1467 2243 1633 2299 usque
1666 2229 1734 2284 ad

136 2326 413 2381 Abraham
444 2343 459 2379 :
485 2325 637 2379 tertia
651 2324 995 2383 abAbraham
1014 2337 1178 2392 usque
1198 2321 1267 2377 ad
1288 2320 1449 2381 David
1470 2330 1683 2388 :quarta
1704 2332 1733 2373 a

139 2416 303 2472 David
319 2430 499 2485 usque
514 2415 580 2470 ad
598 2414 1111 2483 transmigrationem
1124 2412 1179 2468 in
1192 2410 1530 2483 Babyloniam
1547 2426 1560 2462 :
1583 2409 1736 2479 quin-

138 2516 187 2563 ta
218 2507 288 2561 ab
318 2506 424 2559 hac
456 2504 916 2571 transmigratione
944 2517 1110 2571 usque
1136 2500 1202 2557 ad
1234 2500 1460 2570 Virginis
1478 2508 1685 2568 partum
1713 2513 1729 2550 :

139 2610 289 2655 sexta
303 2598 435 2659 inde
450 2612 615 2668 usque
633 2597 683 2655 in
700 2596 854 2667 hujus
868 2595 1046 2651 sazculi
1059 2594 1236 2649 ﬁnem.
1258 2594 1358 2649 Per
1368 2608 1500 2663 quas
1514 2608 1603 2647 sex
1618 2600 1735 2646 teta-

142 2702 223 2747 tes
244 2701 505 2761 tanquam
525 2706 617 2759 per
631 2690 902 2759 sexaginta
916 2687 1030 2743 dies
1045 2686 1187 2743 ﬂevit
1203 2694 1381 2741 sancta
1396 2685 1541 2753 virgo
1554 2683 1735 2739 Eccle—

142 2785 219 2838 sia
246 2783 535 2853 virginalia
555 2797 650 2841 sua
681 2801 695 2837 :
720 2782 841 2851 quia
860 2781 984 2836 licet
1005 2778 1294 2849 virginalis,
1328 2786 1498 2833 tamen
1528 2775 1736 2830 fuerant

145 2884 370 2943 peccata
401 2874 683 2937 deﬂenda;
733 2882 949 2944 prepter
991 2887 1109 2942 qua:
1155 2872 1399 2926 universa
1448 2869 1557 2939 ipsa
1584 2868 1737 2937 virgo

145 2975 257 3022 toto
285 2968 425 3029 orbe
467 2968 655 3024 diﬁusa
683 2965 918 3036 quotidie
945 2963 1094 3030 dicit,
1139 2962 1349 3017 Dimitte
1389 2962 1529 3016 nobis
1569 2961 1735 3015 debita

145 3067 323 3111 nostra
352 3056 564 3127 (Matth.
597 3073 670 3123 vr,
705 3056 810 3125 12).
844 3054 1071 3111 Eosdem
1100 3061 1275 3108 autem
1304 3052 1571 3121 sexaginta
1596 3052 1730 3117 dies,

146 3148 283 3202 duos
311 3163 531 3209 menses
547 3148 728 3205 tuatuit
746 3147 1032 3217 appellare,
1055 3153 1307 3215 quantum
1332 3145 1597 3210 existimo,
1622 3159 1734 3213 pro-

147 3246 265 3307 pter
294 3239 435 3293 duos
466 3240 742 3302 homines;
775 3253 937 3297 unum
974 3252 1069 3305 per
1108 3250 1266 3305 quem
1296 3250 1462 3299 mors,
1509 3234 1731 3289 alterum

144 3345 243 3399 per
266 3345 435 3400 quem
455 3332 771 3389 resurrectio
790 3338 1117 3387 mortuorum
1142 3344 1156 3392 ;
1184 3336 1399 3397 propter
1416 3340 1549 3394 quos
1572 3327 1733 3380 etiam

145 3421 257 3474 duo
284 3420 631 3474 Testamenta
660 3422 920 3476 dicuntur.

219 3510 378 3578 Quod
405 3525 537 3567 vero
563 3512 753 3581 factum
788 3520 863 3575 est
900 3510 953 3565 in
998 3514 1299 3578 praceptum
1340 3506 1394 3560 in
1437 3504 1627 3569 Israel,
1676 3521 1737 3557 ea:

147 3601 329 3657 diebus
352 3602 407 3656 in
440 3602 546 3663 dies
579 3600 929 3659 conveniebant
953 3598 1215 3654 temeritati
1239 3597 1398 3665 ﬁliam
1421 3594 1604 3666 Iephte
1634 3594 1736 3649 Ga-

150 3695 397 3747 taaditem
424 3734 441 3761 ,
467 3702 683 3763 quatuor
718 3693 823 3749 dies
854 3692 905 3746 in
934 3706 1067 3746 anno
1097 3703 1116 3744 :
1144 3704 1247 3745 non
1276 3696 1403 3760 puto
1442 3688 1737 3758 signiﬁcare

153 3785 355 3856 aliquid
386 3795 510 3855 post
535 3785 804 3854 impletum
830 3783 1249 3848 holocaustoma,
1278 3780 1417 3850 quod
1444 3780 1546 3835 erit
1574 3778 1626 3832 in
1654 3780 1735 3832 vi-

156 3862 263 3933 tam
312 3888 607 3942 internum;
654 3876 747 3935 sed
790 3877 1053 3947 praeterita
1097 3884 1332 3944 tempora
1364 3874 1651 3937 Ecclesiae,
1683 3874 1734 3927 in

156 3970 352 4038 quibus
382 3978 534 4023 erant
557 3969 695 4025 beati
719 3968 975 4038 lugentes.
995 3966 1285 4034 Quatriduo
1313 3974 1489 4020 autem
1518 3964 1735 4034 ﬁgurata

160 4072 237 4117 est
281 4062 403 4131 ejus
440 4062 774 4124 universitas,
816 4069 1030 4130 propter
1074 4065 1300 4128 quatuor
1342 4066 1516 4127 partes
1557 4058 1734 4121 orbis,

163 4167 255 4218 per
280 4167 417 4222 quas
452 4153 609 4222 longe
638 4151 845 4224 lateque
872 4150 1064 4206 ditiusa
1099 4157 1201 4204 est.
1231 4148 1310 4203 Ad
1344 4148 1577 4203 historize
1611 4162 1738 4203 vero

165 4244 565 4313 proprietatem,
598 4258 702 4299 non
730 4243 959 4301 arbitror
987 4242 1088 4297 hoc
1112 4241 1412 4297 decrevisse
1439 4241 1701 4297 Israelitas
1720 4283 1734 4305 ,

164 4337 259 4390 nisi
295 4337 419 4407 quia
470 4335 835 4405 intelligebant
874 4336 926 4389 in
970 4349 1030 4389 ea
1074 4349 1135 4389 re
1156 4316 1412 4403 judicium
1453 4333 1543 4387 Dei
1572 4334 1738 4402 magis

163 4427 225 4480 ad
256 4426 660 4497 percutiendum
693 4435 895 4495 patrem
922 4424 1085 4481 fuisse
1113 4424 1513 4493 depromptum,
1541 4438 1609 4479 ne
1635 4424 1737 4479 tale

165 4531 360 4573 vovere
384 4517 698 4573 sacriﬁcium
720 4515 968 4585 deinceps
988 4514 1127 4569 ullus
1155 4514 1393 4569 auderet.
1418 4512 1545 4567 Nam
1572 4529 1737 4583 quare

166 4606 335 4662 luctus
359 4616 414 4663 et
444 4608 752 4669 lamentatio
780 4605 1173 4673 decerneretur,
1205 4605 1248 4660 si
1284 4612 1461 4659 votum
1492 4605 1617 4659 illud
1643 4606 1736 4659 lae-

166 4697 291 4751 titiae
317 4698 415 4754 fuit
442 4700 465 4753 l

236 4788 289 4842 Si
320 4798 502 4845 autem
532 4796 585 4845 et
605 4786 753 4855 illud,
782 4787 921 4859 quod
948 4787 1173 4858 pepulus
1197 4786 1439 4856 Ephrem
1463 4796 1646 4859 postea
1670 4788 1739 4844 ab

166 4878 349 4934 eodem
376 4877 569 4950 Jephte
597 4879 887 4939 debellatus
914 4888 1016 4946 est,
1043 4878 1108 4934 ad
1141 4879 1397 4947 judicium
1437 4880 1531 4935 Dei
1550 4922 1565 4946 ,
1597 4879 1737 4950 quod

168 4969 265 5023 erit
290 4970 344 5025 in
366 4971 495 5037 ﬁne,
524 4970 859 5027 referendum
887 4978 989 5035 est,
1015 4971 1147 5027 sicut
1165 4962 1280 5041 ipse
1306 4971 1560 5026 Dominus
1587 4972 1730 5039 dicit,

170 5056 267 5112 Eas
292 5064 375 5131 qui
394 5065 663 5117 noluerunt
690 5080 767 5116 me
787 5079 994 5132 regnare
1017 5064 1128 5127 sibi,
1158 5062 1390 5116 adducite
1412 5074 1455 5116 et
1475 5065 1739 5133 interﬁcite

169 5162 332 5205 coram
360 5170 441 5207 me
484 5152 635 5223 (Luc.
678 5169 801 5214 xix,
834 5152 957 5222 27);
1004 5167 1103 5207 nec
1148 5152 1218 5206 ibi
1250 5154 1591 5224 quadraginta
1630 5154 1737 5210 duo

171 5242 349 5311 millia,
364 5263 482 5317 quze
508 5246 836 5312 ceciderunt,
851 5245 1057 5299 vacanti
1084 5260 1303 5300 numero
1324 5258 1735 5311 commemorata

175 5342 291 5385 sunt
325 5335 516 5405 (Judic.
551 5354 656 5405 xu,
705 5338 773 5406 4,
814 5336 891 5409 6).
930 5338 1076 5397 Sicut
1112 5338 1252 5395 enim
1294 5338 1365 5393 illi
1394 5339 1499 5395 duo
1525 5355 1737 5395 menses

173 5432 380 5490 propter
408 5428 677 5497 sexaginta
719 5428 832 5482 dies
862 5428 1126 5482 senarium
1170 5444 1445 5483 numerum
1476 5445 1567 5484 sex
1610 5438 1737 5483 aeta.

175 5514 276 5565 tum
307 5516 596 5585 signiﬁcant
632 5537 644 5572 :
674 5520 743 5573 ita
770 5529 821 5574 et
863 5520 932 5574 ibi
963 5521 1134 5575 sexies
1172 5521 1502 5591 septenarius
1546 5522 1735 5593 ductus

173 5596 267 5653 hoc
294 5604 427 5660 idem
457 5608 664 5678 ﬁgurat,
689 5620 940 5679 quantum
968 5611 1034 5665 ad
1062 5627 1153 5666 sex
1185 5621 1368 5668 aetates
1398 5615 1579 5669 saeculi
1611 5592 1734 5685 per;

175 5690 329 5760 tinet;
362 5700 533 5756 sexies
559 5700 698 5754 enim
729 5710 929 5771 septem
953 5702 1298 5776 quadraginta
1323 5704 1427 5761 duo
1453 5715 1592 5763 sunt.
1626 5706 1735 5764 Nec

1496 287 1699 344 LIBER
1725 286 2076 347 SEPTIMUS.

3302 289 3406 346 822

1841 401 2034 458 frustra
2068 410 2125 458 et
2165 404 2278 473 ipse
2313 402 2502 472 Jephte
2530 418 2622 459 sex
2659 404 2810 459 annis
2847 402 3097 475 populum
3128 402 3405 472 judicavit.

1908 496 1968 550 L.
1998 495 2093 568 [Ib.
2114 511 2229 562 xm,
2248 494 2327 567 4.]
2357 496 2531 561 Quaeri
2558 504 2730 565 potest
2747 493 3013 565 quomodo
3032 493 3224 549 dixerit
3242 509 3406 564 ange-

1837 589 1920 644 lus
1967 590 2033 644 ad
2079 598 2301 644 matrem
2329 588 2551 643 Samson
2576 628 2590 654 ,
2631 602 2750 642 cum
2780 586 3113 641 annuntiaret
3150 585 3199 638 ei
3244 585 3404 638 ﬁlium

1835 682 2065 736 futurum
2086 721 2102 747 ,
2132 681 2255 751 quia
2282 680 2475 735 sterilis
2514 688 2660 746 erat,
2698 678 2761 732 Et
2797 694 2928 731 nunc
2953 676 3188 743 observa,
3231 684 3275 729 et
3304 691 3405 729 non

1836 774 1972 828 bibas
1991 774 2161 827 vinum
2180 784 2233 827 et-
2245 773 2475 837 siceram,
2496 788 2596 825 non
2618 770 2883 825 mendaces
2903 785 3048 823 omne
3071 768 3403 822 immundum.

1833 865 1970 934 Quid
1996 873 2078 921 est
2100 865 2240 920 enim
2270 862 2640 918 immundum?
2670 862 2771 916 nisi
2793 863 2926 916 forte
2950 860 3224 915 dissolutio
3249 858 3409 914 disci-

1833 957 2015 1029 plinae,
2044 973 2161 1028 qua:
2185 971 2303 1013 esse
2323 965 2556 1026 cmperat
2587 956 2638 1009 in
2664 953 2857 1020 Israel,
2890 955 3047 1008 etiam
3072 952 3139 1007 ad
3166 967 3228 1007 ea
3255 967 3406 1005 man-

1835 1050 2073 1105 dueanda
2102 1064 2194 1105 eos
2233 1048 2588 1113 labefecerat,
2634 1062 2750 1117 qua:
2792 1045 3133 1115 prohibuerat
3174 1044 3315 1098 Deus
3354 1043 3407 1096 in

1834 1144 2116 1214 generibus
2154 1142 2463 1196 animalium
2512 1139 2685 1215 (Deut.
2728 1153 2847 1204 xiv,
2889 1136 3065 1206 5-19).
3114 1135 3221 1190 Gur
3265 1135 3407 1190 enim

1836 1252 1940 1291 non
1969 1235 2216 1292 credatur
2242 1234 2401 1289 etiam
2443 1233 2544 1286 hoc
2586 1245 2681 1286 eos
2721 1229 2887 1284 multo
2931 1227 3211 1297 proclivius
3236 1225 3409 1280 facere

1836 1330 2071 1399 potuisse
2094 1370 2109 1395 ,
2141 1327 2229 1397 qui
2259 1326 2417 1381 etiam
2444 1325 2510 1380 ad
2537 1326 2736 1380 cultum
2765 1323 3024 1378 idolorum
3054 1318 3409 1391 transgredie‘

1834 1422 2026 1476 bantur
2046 1421 2070 1475 Τ

1907 1510 1991 1566 LI.
2023 1509 2123 1583 [Ib.
2155 1524 2273 1576 xm,
2290 1507 2367 1582 6.]
2393 1508 2544 1576 Quod
2566 1516 2733 1563 mater
2756 1507 2978 1563 Samson
3007 1506 3121 1559 viro
3147 1518 3244 1560 suo
3268 1503 3405 1557 indi-

1835 1617 1963 1658 cans
2001 1600 2444 1672 quemadmodum
2472 1599 2549 1655 illi
2578 1598 2796 1669 angelus
2831 1597 3221 1652 annuntiaverit
3246 1596 3409 1649 ﬁlium

1835 1694 2085 1760 futurum,
2118 1692 2270 1761 dixit,
2309 1692 2373 1746 Et
2393 1691 2761 1762 interrogabam
2791 1707 2902 1745 eum
2925 1689 3059 1743 unde
3081 1698 3225 1753 esset,
3250 1696 3295 1757 et
3320 1704 3412 1741 no-

1835 1805 1950 1841 men
1987 1804 2138 1842 suum
2175 1802 2276 1841 non
2314 1785 2630 1840 annuntiavit
2656 1784 2809 1849 mihi,
2840 1782 3006 1853 quaeri
3033 1788 3206 1852 potest
3234 1788 3410 1835 utrum

1834 1895 2019 1935 verum
2043 1879 2265 1945 dixerit;
2298 1878 2547 1950 quoniam
2576 1877 2676 1933 hoc
2707 1892 2811 1931 non
2836 1862 3059 1945 legitur,
3094 1889 3215 1930 cum
3242 1873 3291 1928 ei
3318 1887 3413 1927 an-

1834 1972 1983 2042 gelus
2012 1972 2336 2042 loqueretur.
2367 1969 2479 2025 Sed
2511 1966 2908 2039 intelligendum
2938 1974 3019 2020 est
3044 1964 3144 2018 hoc
3172 1963 3240 2017 ibi
3269 1961 3412 2027 Scri‘

1836 2073 2042 2135 pturam
2080 2061 2341 2129 tacuisse,
2364 2060 2467 2115 hic
2490 2066 2666 2115 autem
2695 2069 3141 2114 commemorasse
3169 2053 3307 2135 quod
3336 2053 3409 2107 ibi

1837 2132 2090 2210 tacuerat.
2129 2152 2261 2209 Illud
2287 2152 2445 2208 etiam
2480 2150 2619 2223 quod
2649 2164 2753 2204 non
2796 2150 2897 2213 ait,
2930 2132 3252 2217 Interrogavi
3288 2160 3410 2199 eum

1836 2245 1962 2316 quid
1981 2252 2277 2310 vocaretur,
2307 2251 2360 2298 et
2378 2256 2570 2297 nomen
2594 2256 2745 2295 suum
2774 2255 2877 2293 non
2903 2236 3233 2293 annuntiavit
3258 2234 3408 2298 mihi,

1837 2337 1929 2392 sed
1955 2338 2053 2401 ait,
2086 2336 2407 2405 Interrogavi
2433 2334 2744 2399 undeessel;
2776 2332 2985 2387 videtur
3026 2332 3414 2400 inconsequens

1838 2428 1975 2498 quod
2015 2427 2248 2492 addidit,
2288 2436 2334 2480 et
2365 2442 2545 2479 nomen
2587 2441 2733 2477 suum
2772 2441 2871 2478 non
2913 2421 3225 2476 annuntiavit
3268 2421 3409 2473 mihi.

1836 2521 1950 2576 Non
1986 2521 2126 2576 enim
2154 2532 2346 2573 nomen
2374 2517 2488 2586 ejus
2514 2517 2961 2585 interrogaverat,
3001 2529 3123 2569 cum
3152 2520 3415 2582 qurererct

1837 2612 1978 2666 unde
2004 2618 2143 2665 esset
2167 2651 2179 2673 ,
2223 2607 2314 2664 sed
2343 2609 2517 2663 locum
2543 2606 2626 2661 vel
2651 2605 2915 2669 civitatem
2938 2646 2951 2669 ,
2991 2618 3111 2658 cum
3144 2602 3411 2657 hominem

1838 2708 2063 2773 putaret.
2097 2700 2227 2755 Nam
2259 2708 2309 2755 et
2340 2699 2605 2753 hominem
2637 2698 2728 2751 Dei
2756 2712 2876 2752 eum
2904 2694 3209 2766 appellavit,
3236 2694 3414 2763 specie

1839 2801 2013 2847 tamen
2037 2791 2119 2847 vel
2155 2790 2336 2845 habitu
2362 2790 2549 2859 angelo
2572 2787 2798 2843 similem
2824 2829 2837 2853 ,
2863 2786 2964 2842 hoc
3007 2795 3089 2841 est
3112 2828 3127 2853 ,
3157 2785 3277 2856 quia
3304 2793 3413 2839 tam

1841 2885 2147 2954 pneclarum
2173 2882 2323 2948 vidit,
2348 2882 2483 2937 sicut
2511 2882 2623 2951 ipsa
2653 2880 2903 2934 narravit.
2930 2876 3035 2933 Sed
3055 2878 3099 2932 si
3122 2876 3192 2931 ita
3220 2874 3413 2930 distino

1836 2984 2055 3045 guatur,
2105 2972 2170 3027 Et
2210 2972 2576 3043 interrogabam
2619 2987 2730 3025 eum
2764 2969 2898 3023 unde
2936 2977 3091 3033 esset,
3142 2974 3189 3021 et
3233 2982 3415 3021 nomen

1837 3083 2001 3130 suum,
2036 3074 2089 3119 ut
2117 3062 2458 3118 subaudiatur
2481 3102 2494 3126 ,
2534 3059 2918 3131 interrogabam
2959 3073 3079 3113 eum
3103 3099 3119 3126 ,
3148 3066 3202 3111 et
3230 3064 3413 3126 postea

1838 3158 2091 3212 inferatur
2115 3198 2128 3222 ,
2160 3172 2259 3209 non
2286 3152 2601 3208 annuntiavit
2627 3150 2783 3217 mihi,
2823 3165 2926 3204 non
2964 3146 3126 3202 habet
3165 3144 3414 3217 qurestio-

1839 3265 1959 3304 nem
1995 3267 2007 3303 :
2034 3248 2101 3302 ad
2126 3258 2407 3316 utrumque
2428 3246 2569 3300 enim
2592 3243 2779 3299 referri
2799 3250 2991 3311 potest,
3021 3239 3161 3311 quod
3184 3240 3279 3306 ait,
3311 3255 3411 3293 non

1839 3341 2152 3393 annuntiavit
2181 3340 2321 3404 mihi,
2364 3338 2412 3405 id
2443 3346 2524 3392 est
2542 3379 2557 3405 ,
2586 3352 2683 3391 nec
2712 3334 2851 3390 unde
2880 3342 3053 3399 esset,
3098 3348 3193 3388 nec
3220 3347 3415 3388 nomen

1840 3447 2013 3485 suum.

1913 3519 2018 3575 LII.
2049 3518 2147 3592 [Ib.
2177 3535 2302 3585 xm,
2325 3522 2355 3573 7
2376 3562 2389 3586 ,
2422 3518 2501 3592 5.]
2531 3518 2660 3573 Item
2700 3517 2839 3599 quq!
2867 3517 2939 3570 ait
2963 3514 3146 3571 eadem
3177 3515 3369 3569 mulier
3395 3558 3408 3579 ,

1840 3615 2038 3668 dictum
2074 3613 2170 3666 sibi
2215 3627 2333 3666 esse
2371 3612 2437 3664 ab
2464 3611 2654 3679 angelo
2680 3652 2693 3675 ,
2736 3609 2983 3678 quoniam
3013 3607 3292 3662 Nazarazus
3317 3606 3414 3661 Dei

1840 3705 1931 3758 erit
1957 3720 2079 3771 puer
2106 3718 2136 3753 a
2166 3710 2329 3754 ventre
2358 3716 2511 3770 usque
2536 3700 2602 3752 ad
2627 3700 2758 3752 diem
2784 3699 2957 3753 mortis
2982 3714 3103 3764 sum,
3136 3714 3241 3753 non
3275 3698 3411 3769 legi-

1842 3802 1926 3847 tur
1966 3793 2031 3846 ab
2061 3791 2246 3861 angelo
2275 3791 2493 3844 dictum.
2534 3790 2600 3843 Et
2637 3788 2774 3859 quod
2816 3789 3007 3860 legitur
3030 3789 3225 3844 dictum
3248 3832 3262 3857 ,
3296 3788 3416 3859 Ipse

1840 3884 2042 3955 incipiet
2069 3883 2261 3937 salvum
2288 3886 2453 3954 facere
2491 3880 2655 3934 Israel
2695 3880 2757 3933 de
2796 3896 2948 3933 manu
2977 3880 3247 3935 Philistiim
3267 3923 3279 3944 ,
3307 3897 3415 3936 non

1841 3986 1920 4031 est
1949 3992 1977 4029 a
2006 3975 2225 4029 muliere
2259 3980 2746 4029 commemoratum.
2780 3969 2960 4042 Itaque
2998 3981 3051 4025 et
3084 3970 3279 4041 aliquid
3308 3986 3411 4026 non

1842 4066 1991 4131 dixit,
2039 4065 2179 4136 quod
2228 4064 2453 4129 audivit;
2507 4071 2560 4118 et
2603 4073 2778 4117 tamen
2829 4060 2958 4116 nihil
3015 4062 3280 4117 credenda
3332 4070 3416 4117 est

1841 4156 2038 4211 dixisse
2063 4154 2201 4225 quod
2233 4170 2334 4208 non
2357 4152 2556 4208 audivit
2588 4171 2600 4207 :
2634 4152 2728 4208 sed
2752 4151 3075 4223 Scripturam
3104 4153 3277 4224 potius
3306 4168 3414 4221 non

1841 4248 2016 4303 omnia
2042 4247 2199 4301 verba
2229 4244 2399 4316 angeli
2424 4245 2663 4315 posuisse
2687 4286 2701 4310 ,
2732 4260 2854 4298 cum
2888 4245 3056 4314 ipsum
3089 4244 3294 4297 mulieri
3333 4243 3417 4297 lo-

1841 4347 2088 4409 quentem
2116 4338 2368 4391 insereret
2402 4335 2711 4390 narrationi.
2736 4335 2857 4388 Ideo
2881 4343 3055 4387 autem
3083 4333 3281 4387 dictum
3312 4342 3414 4397 est,

1842 4446 1872 4482 a
1901 4438 2065 4483 ventre
2099 4444 2255 4497 usque
2280 4426 2347 4481 ad
2376 4427 2507 4479 diem
2549 4427 2721 4479 mortis
2748 4441 2884 4492 suat,
2916 4426 3034 4495 quia
3065 4424 3297 4479 Nazarmi
3336 4425 3419 4479 di-

1842 4520 2096 4575 cebantur
2121 4518 2171 4570 in
2200 4518 2355 4587 Lege,
2383 4516 2448 4570 ad
2470 4524 2676 4585 tempus
2703 4517 2791 4586 qui
2816 4527 2993 4571 votum
3024 4515 3306 4579 habebant.
3332 4531 3418 4571 se-

1842 4610 2073 4665 cundum
2116 4622 2177 4663 ea
2212 4624 2329 4678 qua:
2374 4607 2643 4678 Scriptura
2689 4623 2782 4678 per
2826 4606 3041 4677 Moysen
3092 4615 3418 4678 prmceperat

1843 4700 2028 4770 (Nunt.
2072 4717 2158 4769 vr,
2188 4698 2363 4771 2-2l).
2398 4700 2546 4756 Unde
2577 4710 2658 4755 est
2687 4699 2819 4766 hoc,
2866 4698 3005 4769 quod
3049 4699 3169 4754 huic
3210 4700 3415 4770 jussum

1842 4803 1924 4849 cst
1949 4802 2005 4847 ut
2034 4791 2230 4848 ferrum
2262 4808 2364 4847 non
2392 4791 2698 4847 ascenderet
2730 4791 2782 4845 in
2812 4799 2967 4862 caput
2991 4791 3125 4864 ejus,
3153 4801 3206 4847 et
3236 4793 3418 4859 vinum

1840 4893 1896 4939 et
1917 4884 2138 4939 siceram
2162 4899 2265 4936 non
2291 4882 2511 4937 biberet.
2546 4882 2655 4937 Hoc
2678 4882 2820 4958 enim
2846 4891 2954 4937 tota
2976 4872 3079 4936 vita
3108 4898 3204 4937 sua
3233 4881 3419 4939 obser-

1842 4975 1978 5028 vavit
2008 4974 2254 5039 Samson,
2285 4972 2424 5042 quod
2465 4973 2541 5027 illi
2569 4972 2656 5043 qui
2684 4972 2855 5028 vocati
2882 4979 3008 5027 sunt
3033 4972 3264 5027 Nazarzei
3291 4985 3415 5026 cer-

1842 5068 1907 5121 tis
1933 5066 2119 5121 diebus
2144 5064 2514 5127 observabant,
2536 5073 2789 5121 voventes
2805 5074 3089 5131 votumque
3113 5061 3413 5118 reddentes.

1914 5157 2044 5212 LIII.
2070 5155 2168 5230 [Ib.
2197 5172 2329 5221 xm,
2364 5157 2461 5224 16,
2494 5158 2595 5223 15,
2627 5155 2703 5230 1.]
2746 5156 2895 5223 ρυωά
2935 5157 3060 5209 dicit
3102 5154 3372 5225 Scriptura
3395 5199 3410 5223 ,

1845 5249 2093 5315 Quoniam
2118 5251 2365 5321 ignoravit
2394 5249 2584 5303 Manue
2608 5234 2726 5319 quia
2755 5248 2961 5320 angelus
2996 5248 3085 5301 Dei
3120 5259 3211 5315 est,
3242 5249 3413 5303 mani-

1843 5342 2031 5395 festum
2062 5351 2143 5395 est
2189 5342 2347 5395 etiam
2378 5341 2491 5409 ejus
2534 5355 2750 5393 uxorem
2797 5338 3064 5393 hominem
3103 5338 3411 5394 credidisse.

1842 5432 1991 5501 Quod
2032 5446 2159 5502 ergo
2188 5432 2236 5485 ei
2266 5431 2431 5497 dixit,
2472 5428 2584 5483 Vim
2608 5429 2853 5499 faciamus
2878 5429 2966 5483 tibi
2991 5445 3155 5495 nunc,
3183 5440 3230 5483 et
3258 5430 3417 5499 {acia-

1842 5540 1955 5597 ῃρμδ
1988 5524 2041 5576 in
2072 5530 2334 5590 conspectu
2366 5531 2449 5573 tuo
2478 5519 2678 5574 [nedum
2706 5535 2970 5589 caprarum
2991 5562 3004 5585 ,
3049 5530 3292 5590 tanquam
3322 5521 3417 5574 bo-

1842 5618 2043 5673 minem
2080 5612 2345 5680 invitavit,
2379 5613 2470 5668 sed
2507 5615 2577 5667 ita
2605 5621 2664 5668 ut
2692 5613 2791 5667 hoc
2817 5627 2935 5667 cum
2966 5611 3058 5667 illo
3078 5613 3413 5684 epularetur,

1843 5706 1983 5779 quod
2010 5702 2325 5761 sacriﬁcium
2355 5703 2585 5761 fecisset.
2629 5704 2758 5761 Nam
2790 5704 2961 5761 facere
2989 5703 3195 5760 haedum
3225 5719 3409 5776 capra-
3482 5738 3508 5784 ι
