3874 6360
463 295 566 356 8‘23

465 429 582 470 rum
612 426 718 468 non
749 411 884 468 solet
907 411 1031 476 dici,
1063 412 1162 466 nisi
1191 425 1313 466 cum
1344 410 1401 466 ﬁt
1426 408 1758 465 sacriﬁcium.
1801 405 2037 474 Denique

362 535 372 586 ρ
463 513 521 560 et
540 504 630 558 ille
651 505 721 558 ita
747 503 1050 572 reSpondit,
1081 502 1144 558 Si
1176 503 1283 556 vim.
1298 501 1473 572 feceris
1500 499 1654 564 mihi,
1687 514 1788 552 non
1815 496 2036 550 mandu-

462 594 587 649 cabo
613 594 674 648 de
701 593 913 664 panibus
943 593 1077 659 tuis;
1104 593 1194 647 ubi
1222 590 1452 647 ostendit
1479 604 1538 645 se
1566 588 1727 644 fuisse
1754 585 1822 642 ad
1856 585 2038 656 epulas

369 701 376 720 ί
458 686 763 743 invitatum.
796 685 997 741 Deinde
1025 683 1261 749 addidit,
1294 683 1360 737 Et
1385 685 1428 736 si
1453 683 1627 754 feceris
1652 681 2035 746 holocaustum,

462 777 684 833 Domino
710 776 890 845 offeres
917 777 1064 831 illud.
1096 777 1287 846 Utique
1316 775 1437 830 ideo
1463 773 1630 840 dixit,
1660 772 1722 828 Si
1746 772 1922 842 feceris
1948 771 2039 824 Ιιο-

462 870 777 935 locaustum,
809 868 930 938 quia
964 867 1054 922 ille
1095 866 1329 932 dixerat,
1367 864 1638 919 Faciamus
1673 863 1727 917 in
1771 869 2040 930 conspectu

463 973 552 1018 tuo
581 962 782 1017 [tadum
809 977 1099 1031 caprarum.
1144 958 1258 1013 Non
1302 967 1476 1012 autem
1516 970 1674 1012 omne
1719 953 2038 1010 sacriﬁcium

461 1055 828 1111 holocaustum
863 1060 1008 1117 erat;
1038 1065 1159 1122 nam
1188 1049 1254 1105 de
1279 1048 1590 1104 holocausto
1618 1062 1723 1103 non
1750 1044 2038 1101 manduca-

461 1148 655 1212 batur,
697 1146 820 1217 quia
862 1153 1028 1199 totum
1065 1140 1480 1207 incendebatur,
1519 1148 1573 1195 et
1605 1138 1725 1193 ideo
1753 1135 2040 1192 vocabatur

461 1239 851 1295 holocaustum.
883 1233 989 1292 Sed
1022 1234 1242 1305 angelus
1279 1233 1438 1288 etiam
1465 1245 1569 1287 non
1599 1229 2038 1293 manducaturus,

460 1331 827 1386 holocaustum
855 1328 1029 1400 potius
1056 1327 1169 1382 ﬁeri
1194 1324 1504 1389 admonuit,
1552 1336 1659 1378 non
1703 1330 1878 1374 tamen
1906 1319 2037 1386 sibi,

463 1421 560 1478 sed
589 1421 814 1477 Domino
846 1438 859 1474 :
893 1427 1109 1490 prepter
1137 1418 1239 1473 hoc
1265 1417 1494 1471 maxime
1512 1457 1528 1480 ,
1558 1413 1678 1485 quia
1705 1427 1836 1483 gens
1878 1409 2042 1464 Israel

461 1515 555 1570 illo
580 1523 818 1584 tempore
844 1517 1210 1576 consueverat,
1237 1506 1558 1578 quibuslibet
1581 1503 1685 1559 diis
1710 1503 1853 1558 falsis
1878 1501 2043 1558 sacri-

463 1603 658 1669 ﬁcare;
687 1602 828 1657 unde
865 1610 918 1656 et
944 1609 1067 1656 tunc
1091 1598 1380 1655 offenderat
1413 1597 1578 1652 Deum
1604 1636 1620 1662 ,
1650 1603 1709 1649 ut
1746 1593 2043 1649 traderetur

464 1694 693 1748 inimicis
719 1707 815 1762 per
838 1690 1181 1762 quadraginta
1201 1703 1387 1744 annos.

538 1781 670 1839 LIV.
703 1780 800 1855 [Ib.
820 1797 940 1849 xm,
971 1778 1189 1852 16-25.]
1218 1779 1354 1848 Quid
1381 1779 1481 1834 sibi
1501 1777 1632 1844 vult,
1659 1776 1799 1848 quod
1828 1785 2041 1847 postea-

465 1889 622 1948 quam
649 1871 1015 1929 manifestatus
1053 1883 1134 1927 εει
1161 1871 1350 1926 Manue
1387 1877 1440 1925 ει
1468 1868 1620 1923 uxori
1648 1866 1763 1938 ejus
1785 1867 2038 1937 angelus,

465 1967 554 2038 qui
583 1980 702 2020 cum
729 1964 806 2020 eis
832 1962 1142 2034 loquebatur
1159 2003 1173 2027 ,
1203 1961 1337 2016 dixit
1359 1959 1498 2015 idem
1518 1958 1708 2014 Manue
1732 1957 1881 2012 uxori
1909 1972 2040 2022 suae,

465 2053 635 2110 Morte
655 2052 944 2119 moriemur,
975 2053 1212 2123 quoniam
1237 2051 1400 2104 Deum
1423 2049 1668 2114 uidimus;
1695 2063 1760 2104 ex
1792 2047 1876 2102 illa
1901 2046 2045 2102 scili-

466 2155 555 2203 cet
590 2145 747 2218 Legis
784 2143 1078 2209 sententia,
1111 2143 1196 2198 ubi
1228 2143 1482 2212 scriptum
1523 2150 1639 2208 est,
1678 2139 1842 2194 Nemo
1885 2148 2044 2210 potest

466 2239 649 2308 faciem
675 2253 838 2292 meam
867 2237 1028 2290 videre
1057 2244 1103 2289 et
1131 2235 1291 2289 vivere
1316 2232 1509 2304 (Exod.
1540 2247 1728 2299 χχχιιι,
1754 2231 1890 2300 20)?
1918 2229 2043 2298 Opi-

467 2333 735 2388 nabantur
768 2346 892 2402 ergo
920 2341 978 2385 ut
1005 2329 1247 2384 homines
1271 2370 1286 2394 ,
1329 2327 1496 2382 Deum
1538 2340 1598 2381 se
1635 2324 1829 2379 vidisse
1853 2364 1867 2391 ,
1899 2331 2046 2377 tanto

469 2424 651 2493 utique
677 2421 931 2476 miraculo
960 2420 1097 2475 facto
1121 2462 1136 2486 ,
1177 2417 1316 2489 quod
1358 2417 1410 2472 in
1451 2416 1556 2488 igni
1593 2415 1835 2471 sacriﬁcii
1860 2414 2039 2479 stetit,

468 2513 559 2585 qui
585 2527 705 2568 cum
728 2511 830 2566 illis
856 2510 1003 2582 prius
1021 2510 1172 2580 quasi
1196 2507 1358 2563 homo
1382 2505 1716 2579 loquebatur.
1747 2505 1850 2562 Sed
1877 2505 2044 2560 Deum

468 2605 525 2660 in
553 2602 762 2674 angelo,
793 2617 859 2658 an
887 2602 1052 2657 Deum
1080 2601 1250 2671 ipsum
1280 2599 1527 2669 angelum
1554 2596 1930 2668 appellabant?
1956 2595 2046 2650 Sic

470 2695 612 2750 enim
639 2693 892 2765 scriptum
921 2700 1003 2748 est
1034 2709 1047 2745 :
1081 2690 1147 2744 Et
1174 2690 1384 2761 sumpsit
1410 2689 1600 2742 Manue
1627 2687 1828 2742 haedum
1858 2702 2043 2756 capra-

467 2802 610 2850 rum,
649 2795 697 2839 et
731 2785 1074 2854 sacriﬁcium;
1113 2791 1159 2837 et
1197 2780 1375 2836 obtulit
1403 2796 1554 2852 super
1592 2790 1783 2851 petram
1824 2777 2045 2833 Domino

468 2876 722 2932 mirabilia
749 2875 988 2947 facienti;
1012 2883 1059 2928 et
1089 2872 1278 2927 Manue
1303 2881 1349 2926 et
1381 2888 1507 2926 ua'or
1535 2872 1644 2943 ejus
1672 2872 2042 2943 exspectabant.

469 2969 539 3025 Et
565 2975 756 3042 factum
783 2977 853 3022 est
881 2969 1000 3023 dum
1019 2967 1304 3022 ascenderet
1323 2967 1529 3035 ﬂamma
1557 2965 1773 3035 desuper
1796 2965 1955 3019 altare
1978 2963 2047 3018 ad

468 3062 673 3128 caelum,
701 3069 748 3114 et
773 3060 992 3115 ascendit
1020 3058 1228 3129 angelus
1260 3055 1463 3110 Domini
1494 3057 1545 3108 in
1571 3056 1798 3124 ﬂamma.
1831 3054 1900 3108 Et
1925 3054 2046 3109 Ma-

470 3169 572 3208 nue
611 3167 832 3221 uxorque
868 3150 1006 3205 illius
1050 3133 1434 3219 exspectabant;
1477 3155 1524 3199 et
1570 3145 1853 3198 ceciderunt
1896 3161 2049 3216 super

471 3244 654 3315 faciem
680 3259 824 3297 suam
852 3257 1001 3313 super
1028 3248 1230 3295 terram.
1260 3238 1326 3292 Et
1355 3253 1454 3292 non
1477 3236 1711 3308 apposuit
1734 3236 1868 3290 ultra
1892 3253 2046 3307 ange-

472 3338 552 3390 lus
576 3328 780 3389 Domini
804 3348 1049 3405 apparere
1066 3333 1135 3386 ad
1161 3330 1350 3384 Manus
1367 3338 1414 3384 et
1435 3329 1502 3382 ad
1522 3345 1730 3383 uxorem
1755 3331 1883 3401 ejus.
1910 3327 2048 3382 Tunc

471 3425 700 3497 cognovit
743 3422 934 3478 Manue
961 3423 1199 3493 quoniam
1232 3421 1439 3491 angelus
1467 3419 1674 3474 Domini
1699 3429 1805 3486 est;
1845 3428 1894 3474 et
1923 3419 2048 3494 dicit

473 3516 665 3572 Manue
697 3515 763 3569 ad
801 3530 1006 3569 uxorem
1047 3528 1220 3577 suam,
1265 3510 1431 3564 Morte
1470 3511 1738 3565 moriemur
1762 3553 1776 3578 ,
1814 3510 2050 3582 quoniam

473 3611 636 3667 Deum
655 3609 885 3664 vidimus.
907 3606 964 3662 In
985 3605 1068 3660 his
1086 3595 1214 3675 ergo
1239 3604 1413 3659 verbis
1437 3604 1558 3674 quia
1581 3617 1686 3657 non
1707 3603 1857 3669 dixit,
1884 3602 2052 3657 Morte

474 3700 788 3763 moriemur,
820 3695 1069 3767 quoniam
1099 3693 1344 3765 angelum
1375 3693 1584 3748 Domini
1612 3691 1835 3747 vidimus
1855 3734 1870 3760 ,
1919 3691 2011 3746 sed
2033 3734 2048 3759 ,

474 3791 642 3846 Deum
670 3789 902 3854 vidimus,
935 3787 1103 3842 oritur
1129 3787 1366 3857 quaestio,
1400 3794 1573 3841 utrum
1605 3785 1656 3839 in
1687 3785 1873 3856 angelo
1899 3785 2055 3840 intel-

476 3881 708 3951 Iigebant
736 3879 923 3943 Deum,
941 3890 1010 3931 an
1032 3876 1278 3930 eumdem
1298 3875 1541 3945 angelum
1566 3875 1728 3930 Deum
1769 3876 2051 3932 vocabant.

473 3970 610 4028 Illud
625 3970 769 4025 enim
789 3969 1020 4032 tertium,
1042 3967 1181 4037 quod
1198 3967 1362 4022 Deum
1384 3976 1692 4036 putaverant
1712 3969 1802 4039 qui
1825 3978 1940 4024 erat
1960 3985 2056 4025 an-

476 4061 647 4132 gelus,
675 4059 780 4115 dici
809 4075 914 4114 non
947 4067 1137 4129 potest,
1166 4057 1498 4128 apertissime
1525 4058 1734 4114 dicente
1762 4059 2050 4130 Scriptura,

478 4152 622 4208 Tunc
645 4152 874 4223 cognovit
902 4149 1089 4204 Manue
1110 4149 1345 4221 quoniam
1369 4150 1578 4220 angelus
1602 4149 1806 4204 Domini
1831 4160 1920 4204 est.
1949 4151 2053 4207 Sed

478 4243 620 4301 unde
642 4243 906 4299 metuebat
925 4249 1150 4298 mortem
1170 4241 1194 4295 ?
1213 4239 1329 4296 Non
1348 4241 1490 4296 enim
1511 4239 1780 4310 Scriptura
1800 4244 1851 4296 in
1872 4241 2055 4297 Exodo

478 4336 704 4404 dixerat,
732 4333 898 4390 Nemo
924 4333 1066 4389 videt
1094 4333 1281 4388 faciem
1306 4333 1512 4403 angeli,
1543 4341 1598 4387 et
1628 4332 1787 4397 vivet,
1819 4331 1911 4388 sed
1931 4373 1946 4398 ,
1976 4335 2056 4404 fa-

477 4429 601 4482 ciem
630 4443 789 4481 meam
815 4426 974 4494 dixit,
1006 4441 1128 4480 cum
1154 4425 1294 4482 Deus
1321 4425 1647 4496 loqueretur.
1678 4425 1759 4479 An
1788 4434 1842 4481 et
1876 4427 1928 4480 in
1955 4425 2055 4481 hoc

477 4522 595 4591 ipso
610 4519 749 4590 quod
772 4520 823 4574 in
843 4518 1015 4590 angeli
1036 4517 1316 4589 praesentia
1331 4517 1498 4572 Deum
1514 4508 1832 4587 cognoverat
1846 4517 2051 4586 Manue,

477 4614 552 4667 ita
582 4611 913 4681 perturbatus
936 4617 1037 4677 est,
1075 4618 1133 4663 ut
1166 4619 1389 4665 mortem
1418 4608 1672 4664 timeret?
1700 4609 1850 4676 Quod
1879 4619 2056 4665 autem

481 4701 559 4755 illi
593 4715 722 4754 uxor
747 4715 840 4753 sua
871 4699 1170 4769 respondit,
1215 4699 1276 4754 Si
1311 4699 1451 4754 vellet
1477 4698 1726 4754 Dominus
1759 4701 2058 4768 morti/icore

481 4808 596 4858 nos,
627 4805 726 4844 non
752 4791 1018 4860 accepisset
1042 4791 1105 4844 de
1131 4807 1285 4844 manu
1311 4799 1482 4844 nostra
1505 4789 1878 4844 holocaustoma
1906 4800 1950 4844 et
1973 4808 2056 4845 sae

482 4883 748 4954 eri/icium,
765 4897 852 4935 nec
879 4880 1210 4935 illuminasset
1227 4897 1318 4934 nos
1334 4881 1501 4934 omnia
1517 4882 1623 4934 ha'c
1639 4895 1660 4944 ;
1679 4880 1767 4933 sed
1782 4896 1870 4935 nec
1884 4880 2057 4935 audita

483 4977 681 5048 fecisset
708 4974 848 5029 nobis
872 4973 978 5028 [nec
1004 4988 1023 5027 :
1051 4981 1224 5028 utrum
1252 4973 1422 5043 ipsum
1447 4972 1692 5042 angelum
1721 4973 2060 5029 crediderunt

484 5068 752 5138 accepisse
791 5065 1104 5122 sacriﬁcium
1130 5107 1145 5132 ,
1199 5063 1319 5136 quia
1360 5063 1606 5120 viderunt
1641 5079 1760 5119 eum
1795 5064 1846 5119 in
1877 5064 2058 5121 altaris

484 5161 698 5215 ﬂamma
739 5158 1000 5215 stetisse?
1035 5172 1103 5213 an
1139 5172 1235 5228 per
1259 5156 1359 5211 hoc
1385 5156 1756 5214 intellexerunt
1791 5157 2058 5227 accepisse

485 5251 768 5308 Dominum
789 5292 805 5318 ,
836 5251 960 5323 quia
990 5250 1091 5306 hoc
1117 5249 1242 5306 fecit
1281 5249 1500 5321 angelus
1520 5291 1535 5318 ,
1565 5257 1621 5305 ut
1660 5263 1720 5305 se
1752 5248 2060 5305 ostenderet

486 5344 777 5418 angelum?
803 5344 1086 5413 Quodlibet
1110 5352 1284 5402 autem
1308 5343 1495 5401 horum
1522 5343 1606 5411 sit,
1634 5341 1742 5415 jam
1763 5350 1938 5400 tamen
1964 5356 2060 5397 an-

929 287 1388 363 oumsnonuu
1425 287 1484 346 s.
1525 283 1888 346 AUGUSTINI
1922 281 1990 342 IN
2029 281 2590 348 HEPTATEUCHUM
2625 285 2828 347 LIBER
2865 285 3214 350 SEPTIMUS.
3647 296 3732 359 sn

2143 404 2290 474 gelus
2315 404 2540 472 dixerat,
2579 407 2642 462 Si
2659 417 2826 463 autem
2849 410 2976 480 facis
2999 410 3392 476 holocaustum,
3423 407 3651 464 Domino
3671 420 3731 484 of.

2143 493 2221 564 fer
2247 495 2414 561 illud;
2444 495 2544 552 hoc
2568 506 2669 563 est,
2698 513 2802 553 non
2830 499 2980 565 mihi,
3017 498 3111 554 sed
3141 499 3415 554 Domino.
3448 498 3608 565 Quod
3631 515 3732 573 ergo

2144 587 2290 642 stetit
2313 590 2531 661 angelus
2558 590 2611 644 in
2633 590 2816 646 altaris
2835 591 3067 656 ﬁamma,
3094 592 3264 662 magis
3295 590 3650 660 signiﬁcasse
3673 595 3732 647 in-

2147 680 2464 751 telligendus
2489 690 2572 737 est
2593 682 2740 736 illum
2757 683 2933 752 magni
2960 682 3167 738 consilii
3187 681 3486 753 Angelum
3511 682 3568 737 in
3591 681 3733 748 forms

2145 771 2285 826 servi
2314 770 2464 844 (Isai.
2505 789 2559 828 tx
2581 814 2597 838 ,
2627 775 2682 844 6)
2706 814 2720 838 ,
2753 773 2854 828 hoc
2881 783 2993 839 est,
3024 774 3076 828 in
3103 774 3334 829 homine
3372 789 3550 844 quem
3577 789 3726 831 susce-

2144 871 2328 932 pturus
2353 875 2468 921 erat
2485 907 2500 931 ,
2546 880 2652 921 non
2678 874 3015 934 accepturum
3043 866 3418 929 sacriﬁcium;
3451 866 3556 923 sed
3584 868 3730 938 ipsum

2145 955 2466 1009 sacriﬁcium
2491 954 2744 1011 futurum.

2215 1044 2324 1100 LV.
2354 1044 2452 1118 [1b.
2473 1062 2564 1112 xv,
2596 1046 2782 1120 8,15.]
2808 1047 2943 1115 Quid
2967 1055 3050 1104 est
3067 1048 3206 1118 quod
3225 1048 3458 1104 dictum
3481 1056 3589 1115 est,
3616 1051 3735 1121 quod

2146 1138 2388 1207 percussit
2411 1138 2718 1207 alienigenas
2741 1139 2959 1194 Samson
2987 1139 3156 1193 tibiam
3181 1156 3349 1210 super
3381 1140 3563 1209 femur
3581 1141 3607 1194 1'
3628 1141 3734 1206 Quis

2146 1228 2288 1282 enim
2318 1227 2477 1283 habet
2506 1228 2686 1282 tibiam
2731 1244 2890 1300 super
2914 1229 3118 1297 femur,
3155 1245 3282 1285 cum
3317 1229 3465 1284 tibia
3505 1229 3734 1287 deorsum

2146 1337 2333 1378 versus
2369 1337 2473 1378 non
2500 1323 2588 1390 sit,
2618 1323 2718 1378 nisi
2741 1340 2772 1377 a
2801 1338 2938 1393 genu
2964 1337 3133 1393 usque
3171 1323 3238 1378 ad
3269 1323 3512 1378 talum?
3555 1323 3734 1380 Deinde

2146 1412 2190 1468 si
2235 1413 2410 1468 locum
2451 1414 2690 1484 corporis
2723 1409 3078 1485 Quilicaret,
3128 1415 3219 1470 ubi
3255 1429 3366 1470 eos
3418 1413 3731 1481 vulneravit,

2146 1502 2523 1575 numquidnam
2553 1518 2740 1560 omnes
2763 1520 2895 1576 quos
2921 1505 3211 1576 percussit,
3241 1506 3301 1560 in
3346 1522 3469 1561 uno
3508 1510 3730 1577 corporis

2146 1593 2266 1651 Ioco
2309 1594 2519 1650 fuerant
2540 1595 2838 1650 vulnerati?
2859 1595 3009 1663 Quod
3037 1597 3082 1650 si
3106 1607 3248 1652 esset
3272 1596 3560 1651 credibile
3580 1637 3596 1662 ,
3627 1612 3731 1667 pos-

2145 1701 2326 1742 semus
2350 1686 2568 1743 forsitan
2611 1687 2866 1758 suspicari
2892 1702 3013 1743 eum
3053 1702 3323 1758 pugnasse
3369 1687 3508 1742 tibia
3532 1688 3729 1757 alicujus

2145 1777 2390 1832 animalis
2419 1787 2665 1848 tanquam
2691 1779 2828 1833 fuste
2847 1819 2862 1844 ,
2897 1784 2952 1832 et
2977 1792 3039 1832 ea
3061 1777 3183 1832 illos
3219 1792 3399 1848 super
3425 1776 3606 1832 femur
3628 1793 3730 1846 per-

2147 1867 2376 1922 cussisse
2409 1868 2585 1922 :sicut
2625 1866 2691 1923 de
2725 1867 2816 1921 illo
2861 1867 3117 1937 scriptum
3161 1876 3282 1933 est,
3337 1867 3494 1938 quod
3534 1868 3726 1922 maxilla

2147 1958 2281 2013 asini
2307 1957 2453 2013 mille
2477 1957 2750 2014 occiderit.
2778 1956 2883 2012 Sed
2908 1973 3080 2029 neque
3099 1956 3248 2023 illud,
3288 1967 3358 2012 ut
3385 1957 3543 2021 dixi,
3575 1959 3726 2012 credi-

2147 2049 2252 2105 bile
2278 2060 2379 2117 est,
2411 2051 2552 2120 quod
2581 2065 2819 2122 pugnans
2849 2066 3010 2105 unum
3037 2059 3238 2108 tantum
3269 2049 3467 2104 locum
3498 2049 3724 2104 observa-

2147 2144 2285 2199 verit
2323 2143 2412 2198 ubi
2448 2157 2543 2198 eos
2567 2151 2867 2212 percuteret
2895 2162 2908 2197 :
2938 2151 2992 2198 et
3017 2157 3121 2197 non
3148 2142 3222 2195 ait
3256 2141 3553 2212 Scriptura
3572 2183 3588 2209 ,
3615 2141 3725 2195 Per-

2147 2235 2312 2290 cussit
2343 2249 2436 2290 eos
2466 2235 2591 2290 tibia
2624 2250 2784 2305 super
2817 2234 3008 2302 femur,
3037 2235 3132 2290 sed
3162 2234 3342 2288 tibiam
3371 2250 3535 2305 super
3559 2235 3717 2304 femur.

2146 2327 2404 2383 Nimirum
2433 2343 2560 2399 ergo
2584 2329 2830 2384 inusitata
2856 2327 3050 2382 locutio
3073 2327 3200 2383 facit
3223 2327 3637 2382 obscuritatem.
3663 2325 3721 2380 Ita

2147 2419 2288 2475 enim
2316 2419 2513 2474 dictum
2539 2428 2641 2486 est,
2669 2434 2730 2474 ac
2753 2420 2797 2474 si
2826 2419 3112 2486 diceretur,
3144 2419 3427 2474 Percussit
3463 2431 3558 2473 eos
3591 2415 3717 2471 valde

2148 2511 2477 2576 mirabiliter,
2506 2511 2556 2566 id
2585 2520 2684 2574 est,
2712 2521 2771 2566 ut
2795 2511 3104 2566 admirando
3125 2520 3414 2582 stupentes
3437 2511 3617 2565 tibiam
3642 2525 3718 2564 su-

2147 2618 2244 2672 per
2273 2603 2442 2658 femur
2469 2611 2759 2674 ponerent;
2802 2601 2980 2657 tibiam
3021 2603 3224 2657 scilicet
3252 2603 3422 2657 unius
3463 2601 3607 2672 pedis
3645 2615 3715 2653 su-

2148 2708 2243 2763 per
2270 2693 2439 2747 femur
2459 2693 2707 2757 alterius,
2735 2693 2872 2746 sicut
2902 2692 3074 2747 solent
3096 2692 3281 2748 sedere
3304 2734 3320 2757 ,
3373 2693 3471 2762 qui
3500 2690 3716 2746 mirando

2149 2793 2381 2855 stupent.
2410 2784 2679 2855 Tanquam
2709 2785 2754 2839 si
2787 2784 3070 2852 diceretur,
3102 2784 3378 2841 Percussit
3405 2799 3500 2839 eos
3524 2797 3711 2838 manum
3798 2809 3799 2844 ξ

2148 2875 2214 2930 ad
2244 2877 2546 2940 maxillam;
2575 2875 2626 2930 id
2648 2885 2750 2942 est,
2777 2884 2918 2931 tanta
2937 2875 3103 2941 ctede,
3133 2885 3188 2930 ut
3213 2891 3444 2930 manum
3469 2873 3537 2928 ad
3560 2872 3713 2928 maxil-

2149 2968 2253 3022 lam
2279 2985 2293 3035 ;
2323 2968 2460 3022 tristi
2483 2967 2830 3022 admiratione
2857 2978 3134 3038 ponerent.
3160 2967 3315 3023 Iquc
3339 2982 3558 3023 sensum
3579 2965 3642 3020 ita
3663 2979 3711 3019 se

2149 3060 2346 3116 habere
2371 3061 2527 3116 etiam
2557 3061 2922 3131 interpretatio
2950 3076 3067 3130 qum
3095 3070 3176 3115 est
3209 3075 3276 3114 ex
3315 3060 3541 3116 hebraro
3561 3099 3575 3122 ,
3603 3056 3710 3111 satis

2149 3151 2338 3207 edocet
2375 3167 2496 3206 nam
2540 3152 2608 3205 ita
2634 3151 2844 3222 legitur,
2869 3149 3126 3206 Percussit
3145 3167 3227 3206 eos
3251 3150 3452 3223 ingenti
3474 3148 3632 3218 plaga,
3653 3147 3709 3198 ita
3798 3159 3799 3223 γ

2151 3255 2206 3298 ut
2233 3253 2484 3315 stupentes
2511 3260 2681 3297 suram
2705 3245 2883 3314 femori
2910 3245 3236 3314 imponerent.
3269 3243 3405 3298 Tale
3437 3251 3520 3298 est
3551 3239 3702 3302 enim,
3798 3239 3799 3274 ἒ

2151 3350 2215 3390 ac
2235 3335 2514 3401 sidiceret,
2544 3335 2720 3391 tibiam
2744 3335 2927 3389 femori
2944 3335 3308 3404 imponerent;
3339 3333 3587 3404 quoniam
3605 3341 3703 3384 sura
3777 3377 3799 3410 οη

2152 3428 2334 3497 utique
2361 3437 2622 3482 retrorsus
2642 3442 2761 3482 cum
2787 3426 2910 3482 tibia
2931 3435 3033 3481 est.
3780 3409 3799 3418 Ὗ

2225 3517 2355 3573 LVI.
2386 3517 2483 3590 [lb.
2503 3533 2574 3572 xv
2595 3560 2609 3583 ,
2638 3517 2749 3590 12.]
2773 3518 2907 3585 Quid
2946 3515 3195 3587 estquod
3236 3517 3311 3572 ait
3348 3516 3571 3573 Samson
3601 3510 3702 3565 viris
3798 3539 3799 3590 ἦ

2153 3607 2284 3663 Juda
2307 3649 2322 3674 ,
2349 3605 2530 3662 Jurate
2555 3609 2676 3661 mihi
2704 3624 2766 3661 ne
2792 3608 3106 3678 interficiatis
3129 3624 3209 3662 me
3231 3623 3340 3672 vos,
3375 3617 3423 3661 et
3459 3603 3624 3658 tradite
3640 3615 3700 3652 me

2155 3699 2226 3752 eis
2249 3739 2262 3761 ,
2294 3715 2356 3753 ne
2393 3702 2520 3770 forte
2548 3700 2824 3754 occurratis
2851 3700 2904 3752 in
2945 3715 3023 3752 me
3051 3714 3134 3752 vos
3155 3700 3179 3754 Ρ
3203 3698 3375 3766 Quam
3414 3695 3699 3753 locutionem
3798 3765 3799 3776 χ

2155 3790 2226 3844 ita
2258 3791 2492 3845 nonnulli
2521 3791 2848 3860 interpretati
2873 3801 3022 3856 sunt,
3065 3808 3128 3844 ne
3156 3792 3284 3861 forte
3311 3791 3522 3847 veniatis
3547 3786 3694 3840 adver-

2157 3898 2268 3936 sum
2309 3898 2388 3935 me
2423 3897 2528 3935 vos.
2560 3881 2666 3936 Sed
2713 3882 2812 3938 hoc
2859 3898 2978 3938 eum
3017 3897 3085 3939 ne
3126 3883 3192 3938 ab
3225 3883 3307 3938 his
3345 3882 3698 3939 interﬁceretur

2156 3973 2352 4028 dixisse
2373 4015 2387 4039 ,
2418 3973 2545 4028 illud
2575 3973 2792 4039 indicat,
2820 3973 2959 4044 quod
2987 3976 3038 4028 in
3076 3974 3382 4044 Regnorum
3425 3973 3552 4028 libro
3584 3967 3684 4022 scri-
3798 3957 3799 3962 “

2157 4072 2305 4135 ptum
2331 4073 2431 4132 est,
2455 4063 2675 4134 jubente
2696 4064 2981 4121 Salomone
3010 4074 3067 4118 ut
3097 4067 3255 4120 homo
3282 4066 3630 4124 occideretur,
3653 4064 3694 4110 et

2158 4155 2385 4220 dicente,
2426 4153 2585 4222 Vade,
2615 4171 2817 4210 occurre
2840 4156 2918 4210 illi
2947 4154 3030 4228 (III
3058 4153 3185 4227 Reg.
3211 4172 3267 4221 ιι,
3295 4157 3412 4227 29).
3433 4152 3573 4221 Quod
3597 4148 3690 4203 ideo

2159 4263 2264 4303 non
2287 4247 2615 4319 intelligitur,
2640 4248 2760 4318 quia
2786 4262 2893 4302 non
2931 4256 3014 4303 est
3036 4248 3430 4302 consuetudinis
3456 4243 3581 4316 apud
3615 4251 3691 4294 nos

2158 4339 2230 4394 ita
2255 4339 2378 4394 dici.
2420 4338 2509 4395 Sic
2535 4340 2675 4394 enim
2710 4338 2850 4410 quod
2892 4339 3149 4394 militares
3187 4347 3474 4409 potestates
3510 4335 3683 4390 dicunt.

2163 4429 2323 4496 Vade,
2356 4429 2523 4486 alleva
2552 4430 2720 4496 illum,
2763 4438 2816 4485 et
2858 4429 3144 4500 signiﬁcat,
3176 4429 3369 4486 Occide
3399 4429 3567 4491 illum,
3595 4421 3687 4492 quis

2161 4522 2432 4592 intelligat,
2468 4521 2569 4575 nisi
2589 4521 2676 4591 qui
2704 4520 2846 4577 illius
2871 4521 3152 4576 locutionis
3171 4519 3588 4578 consuetudinem
3612 4527 3684 4564 no-

2157 4613 2273 4668 vit?
2302 4612 2450 4668 Solet
2468 4619 2522 4667 et
2540 4611 2697 4684 vulgo
2717 4612 2853 4682 apud
2877 4627 2972 4668 nos
2993 4612 3117 4678 dici,
3148 4608 3538 4682 Compendiavit
3560 4605 3619 4659 illi
3641 4602 3681 4659 ¹;

2159 4705 2299 4776 quod
2325 4712 2406 4761 est
2425 4748 2440 4773 ,
2469 4704 2664 4760 occidit
2691 4705 2838 4760 illum
2873 4723 2885 4758 :
2929 4714 2982 4759 ει
3011 4705 3111 4760 hoc
3137 4721 3294 4760 nemo
3322 4700 3575 4771 intelligit,
3602 4691 3680 4748 nisi

2160 4798 2250 4867 qui
2291 4795 2476 4851 audire
2519 4796 2812 4850 consuevit.
2857 4795 2980 4850 Ilaec
3026 4803 3108 4850 est
3163 4796 3303 4850 enim
3351 4797 3428 4850 vis
3465 4782 3680 4864 generalis

2161 4887 2396 4942 omnium
2445 4887 2805 4951 locutionum,
2857 4896 2916 4941 ut
2966 4887 3407 4956 quemadmodum
3456 4887 3566 4955 ipsre
3603 4877 3676 4930 lino

2159 4993 2309 5047 guae,
2350 4991 2455 5031 non
2495 4959 2887 5047 intelligantur,
2941 4977 3040 5031 nisi
3085 4976 3345 5033 audiendo
3382 4976 3460 5032 vel
3500 4962 3676 5039 legendo

2161 5070 2450 5125 discantur.

2229 5294 2244 5325 ¹
2271 5299 2323 5341 ιη
2348 5294 2541 5342 excusis
2562 5290 2880 5351 scribebatur,
2898 5289 3211 5351 compediavit
3231 5288 3322 5343 illi.
3341 5296 3394 5341 At
3410 5290 3456 5338 in
3474 5279 3671 5349 ριειυῖειιω

2165 5368 2220 5405 ac
2242 5353 2455 5405 melioris
2476 5362 2603 5403 nota:
2625 5357 2752 5414 Mss,
2777 5351 3139 5417 compendiavit.

2020 5534 2239 5693 ΕΩ
