  <div class='ocr_page' id='page_1' title='image "/cluster/home/n/w/nwhite01/storage/ocr_20150623/34/uva.x000826574/435.png"; bbox 0 0 3874 6312; ppageno 0'>
   <div class='ocr_carea' id='block_1_1' title="bbox 441 291 547 350">
    <p class='ocr_par' dir='ltr' id='par_1_1' title="bbox 441 291 547 350">
     <span class='ocr_line' id='line_1_1' title="bbox 441 291 547 350; baseline 0.019 -2"><span class='ocrx_word' id='word_1_1' title='bbox 441 291 547 350; x_wconf 70' lang='grc'><strong>827</strong></span> 
     </span>
    </p>
   </div>
   <div class='ocr_carea' id='block_1_2' title="bbox 442 395 2030 470">
    <p class='ocr_par' dir='ltr' id='par_1_2' title="bbox 442 395 2030 470">
     <span class='ocr_line' id='line_1_2' title="bbox 442 395 2030 470; baseline -0.006 -10"><span class='ocrx_word' id='word_1_2' title='bbox 442 409 532 461; x_wconf 80' lang='lat' dir='ltr'><strong>tris</strong></span> <span class='ocrx_word' id='word_1_3' title='bbox 559 419 683 458; x_wconf 77' lang='lat' dir='ltr'><strong>mete</strong></span> <span class='ocrx_word' id='word_1_4' title='bbox 716 417 735 458; x_wconf 91' lang='lat'><strong><em>:</em></strong></span> <span class='ocrx_word' id='word_1_5' title='bbox 760 401 1026 459; x_wconf 80' lang='lat' dir='ltr'><strong>civitatem</strong></span> <span class='ocrx_word' id='word_1_6' title='bbox 1055 407 1319 456; x_wconf 86' lang='lat' dir='ltr'><strong>terrenam</strong></span> <span class='ocrx_word' id='word_1_7' title='bbox 1344 438 1360 463; x_wconf 93' lang='lat'><strong>,</strong></span> <span class='ocrx_word' id='word_1_8' title='bbox 1393 413 1550 469; x_wconf 85' lang='lat' dir='ltr'><strong>quam</strong></span> <span class='ocrx_word' id='word_1_9' title='bbox 1577 397 1837 470; x_wconf 74' lang='lat' dir='ltr'><strong>signiﬁcat</strong></span> <span class='ocrx_word' id='word_1_10' title='bbox 1857 395 2030 468; x_wconf 76' lang='lat' dir='ltr'><strong>Baby-</strong></span> 
     </span>
    </p>
   </div>
   <div class='ocr_carea' id='block_1_3' title="bbox 440 487 2034 561">
    <p class='ocr_par' dir='ltr' id='par_1_3' title="bbox 440 487 2034 561">
     <span class='ocr_line' id='line_1_3' title="bbox 440 487 2034 561; baseline -0.006 -8"><span class='ocrx_word' id='word_1_11' title='bbox 440 496 554 554; x_wconf 93' lang='lat' dir='ltr'><strong>lon.</strong></span> <span class='ocrx_word' id='word_1_12' title='bbox 595 492 1046 551; x_wconf 89' lang='lat' dir='ltr'><strong>Concluderentur</strong></span> <span class='ocrx_word' id='word_1_13' title='bbox 1088 493 1231 547; x_wconf 88' lang='lat' dir='ltr'><strong>enim</strong></span> <span class='ocrx_word' id='word_1_14' title='bbox 1275 499 1479 561; x_wconf 78' lang='lat' dir='ltr'><strong>portae,</strong></span> <span class='ocrx_word' id='word_1_15' title='bbox 1516 490 1561 545; x_wconf 90' lang='lat' dir='ltr'><strong>si</strong></span> <span class='ocrx_word' id='word_1_16' title='bbox 1597 504 1703 544; x_wconf 89' lang='lat' dir='ltr'><strong>non</strong></span> <span class='ocrx_word' id='word_1_17' title='bbox 1729 487 2034 544; x_wconf 91' lang='lat' dir='ltr'><strong>laudaretur</strong></span> 
     </span>
    </p>
   </div>
   <div class='ocr_carea' id='block_1_4' title="bbox 438 581 2030 663">
    <p class='ocr_par' dir='ltr' id='par_1_4' title="bbox 438 581 2030 663">
     <span class='ocr_line' id='line_1_4' title="bbox 438 581 2030 663; baseline -0.004 -21"><span class='ocrx_word' id='word_1_18' title='bbox 438 598 689 663; x_wconf 72' lang='lat' dir='ltr'><strong>peccator</strong></span> <span class='ocrx_word' id='word_1_19' title='bbox 731 588 786 643; x_wconf 91' lang='lat' dir='ltr'><strong>in</strong></span> <span class='ocrx_word' id='word_1_20' title='bbox 825 585 1106 641; x_wconf 76' lang='lat' dir='ltr'><strong>desideriis</strong></span> <span class='ocrx_word' id='word_1_21' title='bbox 1140 585 1332 640; x_wconf 68' lang='lat' dir='ltr'><strong>animm</strong></span> <span class='ocrx_word' id='word_1_22' title='bbox 1369 597 1482 639; x_wconf 66' lang='lat' dir='ltr'><strong>sum</strong></span> <span class='ocrx_word' id='word_1_23' title='bbox 1527 581 1697 656; x_wconf 73' lang='lat' dir='ltr'><strong>(Psai.</strong></span> <span class='ocrx_word' id='word_1_24' title='bbox 1737 599 1791 638; x_wconf 76' lang='grc' dir='ltr'><strong>ιι</strong></span> <span class='ocrx_word' id='word_1_25' title='bbox 1813 624 1830 643; x_wconf 88' lang='grc'><strong>.</strong></span> <span class='ocrx_word' id='word_1_26' title='bbox 1857 581 1922 648; x_wconf 70' lang='grc'><strong>2,</strong></span> <span class='ocrx_word' id='word_1_27' title='bbox 1949 581 2030 651; x_wconf 79' lang='grc' dir='ltr'><strong>ι).</strong></span> 
     </span>
    </p>
   </div>
   <div class='ocr_carea' id='block_1_5' title="bbox 443 674 2030 748">
    <p class='ocr_par' dir='ltr' id='par_1_5' title="bbox 443 674 2030 748">
     <span class='ocr_line' id='line_1_5' title="bbox 443 674 2030 748; baseline -0.006 -11"><span class='ocrx_word' id='word_1_28' title='bbox 443 683 610 748; x_wconf 83' lang='lat' dir='ltr'><strong><em>Quare</em></strong></span> <span class='ocrx_word' id='word_1_29' title='bbox 654 681 786 736; x_wconf 87' lang='lat' dir='ltr'><strong>enim</strong></span> <span class='ocrx_word' id='word_1_30' title='bbox 829 680 883 732; x_wconf 89' lang='lat' dir='ltr'><strong>in</strong></span> <span class='ocrx_word' id='word_1_31' title='bbox 926 687 1094 732; x_wconf 82' lang='lat' dir='ltr'><strong>ventre</strong></span> <span class='ocrx_word' id='word_1_32' title='bbox 1133 693 1233 730; x_wconf 89' lang='lat' dir='ltr'><strong>non</strong></span> <span class='ocrx_word' id='word_1_33' title='bbox 1263 677 1408 731; x_wconf 80' lang='lat' dir='ltr'><strong>obii?</strong></span> <span class='ocrx_word' id='word_1_34' title='bbox 1433 685 1714 746; x_wconf 83' lang='lat' dir='ltr'><strong>antequam</strong></span> <span class='ocrx_word' id='word_1_35' title='bbox 1739 674 2030 730; x_wconf 88' lang='lat' dir='ltr'><strong>eminerem</strong></span> 
     </span>
    </p>
   </div>
   <div class='ocr_carea' id='block_1_6' title="bbox 441 766 2029 846">
    <p class='ocr_par' dir='ltr' id='par_1_6' title="bbox 441 766 2029 846">
     <span class='ocr_line' id='line_1_6' title="bbox 441 766 2029 846; baseline -0.008 -14"><span class='ocrx_word' id='word_1_36' title='bbox 441 776 534 833; x_wconf 89' lang='lat' dir='ltr'><strong>tibi</strong></span> <span class='ocrx_word' id='word_1_37' title='bbox 579 790 672 846; x_wconf 88' lang='lat' dir='ltr'><strong>per</strong></span> <span class='ocrx_word' id='word_1_38' title='bbox 710 774 943 844; x_wconf 79' lang='lat' dir='ltr'><strong>aliquam</strong></span> <span class='ocrx_word' id='word_1_39' title='bbox 991 771 1276 828; x_wconf 87' lang='lat' dir='ltr'><strong>actionem.</strong></span> <span class='ocrx_word' id='word_1_40' title='bbox 1303 769 1601 840; x_wconf 82' lang='lat' dir='ltr'><strong>Conceptus</strong></span> <span class='ocrx_word' id='word_1_41' title='bbox 1626 767 1765 828; x_wconf 88' lang='lat' dir='ltr'><strong>enim</strong></span> <span class='ocrx_word' id='word_1_42' title='bbox 1790 766 1856 825; x_wconf 88' lang='lat' dir='ltr'><strong>ad</strong></span> <span class='ocrx_word' id='word_1_43' title='bbox 1880 781 2029 838; x_wconf 85' lang='lat' dir='ltr'><strong>spem</strong></span> 
     </span>
    </p>
   </div>
   <div class='ocr_carea' id='block_1_7' title="bbox 440 858 2030 938">
    <p class='ocr_par' dir='ltr' id='par_1_7' title="bbox 440 858 2030 938">
     <span class='ocr_line' id='line_1_7' title="bbox 440 858 2030 938; baseline -0.004 -17"><span class='ocrx_word' id='word_1_44' title='bbox 440 866 687 938; x_wconf 81' lang='lat' dir='ltr'><strong>pertinet.</strong></span> <span class='ocrx_word' id='word_1_45' title='bbox 739 864 820 919; x_wconf 73' lang='lat' dir='ltr'><strong>Ex</strong></span> <span class='ocrx_word' id='word_1_46' title='bbox 856 873 998 918; x_wconf 83' lang='lat' dir='ltr'><strong>utero</strong></span> <span class='ocrx_word' id='word_1_47' title='bbox 1036 863 1162 928; x_wconf 64' lang='lat' dir='ltr'><strong>exii,</strong></span> <span class='ocrx_word' id='word_1_48' title='bbox 1211 872 1259 915; x_wconf 88' lang='lat' dir='ltr'><strong>et</strong></span> <span class='ocrx_word' id='word_1_49' title='bbox 1283 877 1384 914; x_wconf 81' lang='lat' dir='ltr'><strong>non</strong></span> <span class='ocrx_word' id='word_1_50' title='bbox 1408 861 1636 931; x_wconf 78' lang='lat' dir='ltr'><strong>protinus</strong></span> <span class='ocrx_word' id='word_1_51' title='bbox 1665 859 1831 932; x_wconf 76' lang='lat' dir='ltr'><strong>perii?</strong></span> <span class='ocrx_word' id='word_1_52' title='bbox 1860 858 2030 927; x_wconf 81' lang='lat' dir='ltr'><strong>Hujus</strong></span> 
     </span>
    </p>
   </div>
   <div class='ocr_carea' id='block_1_8' title="bbox 439 948 2029 1029">
    <p class='ocr_par' dir='ltr' id='par_1_8' title="bbox 439 948 2029 1029">
     <span class='ocr_line' id='line_1_8' title="bbox 439 948 2029 1029; baseline -0.005 -17"><span class='ocrx_word' id='word_1_53' title='bbox 439 973 566 1029; x_wconf 90' lang='lat' dir='ltr'><strong>ergo</strong></span> <span class='ocrx_word' id='word_1_54' title='bbox 589 957 752 1028; x_wconf 83' lang='lat' dir='ltr'><strong>ﬁgura</strong></span> <span class='ocrx_word' id='word_1_55' title='bbox 778 953 1116 1024; x_wconf 83' lang='lat' dir='ltr'><strong>intelligenda</strong></span> <span class='ocrx_word' id='word_1_56' title='bbox 1141 961 1223 1008; x_wconf 88' lang='lat' dir='ltr'><strong>est</strong></span> <span class='ocrx_word' id='word_1_57' title='bbox 1250 951 1304 1006; x_wconf 89' lang='lat' dir='ltr'><strong>in</strong></span> <span class='ocrx_word' id='word_1_58' title='bbox 1329 951 1412 1006; x_wconf 89' lang='lat' dir='ltr'><strong>his</strong></span> <span class='ocrx_word' id='word_1_59' title='bbox 1440 951 1635 1017; x_wconf 84' lang='lat' dir='ltr'><strong>verbis,</strong></span> <span class='ocrx_word' id='word_1_60' title='bbox 1659 950 1746 1021; x_wconf 85' lang='lat' dir='ltr'><strong>qui</strong></span> <span class='ocrx_word' id='word_1_61' title='bbox 1767 950 1818 1005; x_wconf 91' lang='lat' dir='ltr'><strong>in</strong></span> <span class='ocrx_word' id='word_1_62' title='bbox 1838 948 2029 1004; x_wconf 78' lang='lat' dir='ltr'><strong>talibus</strong></span> 
     </span>
    </p>
   </div>
   <div class='ocr_carea' id='block_1_9' title="bbox 441 1042 2028 1122">
    <p class='ocr_par' dir='ltr' id='par_1_9' title="bbox 441 1042 2028 1122">
     <span class='ocr_line' id='line_1_9' title="bbox 441 1042 2028 1122; baseline -0.006 -17"><span class='ocrx_word' id='word_1_63' title='bbox 441 1048 882 1122; x_wconf 83' lang='lat' dir='ltr'><strong>concupiscentiis</strong></span> <span class='ocrx_word' id='word_1_64' title='bbox 919 1047 1092 1104; x_wconf 79' lang='lat' dir='ltr'><strong>fuerat</strong></span> <span class='ocrx_word' id='word_1_65' title='bbox 1123 1046 1466 1102; x_wconf 67' lang='lat' dir='ltr'><strong>inveteratas.</strong></span> <span class='ocrx_word' id='word_1_66' title='bbox 1497 1043 1565 1098; x_wconf 77' lang='lat' dir='ltr'><strong>Et</strong></span> <span class='ocrx_word' id='word_1_67' title='bbox 1596 1043 1770 1115; x_wconf 76' lang='lat' dir='ltr'><strong>utquid</strong></span> <span class='ocrx_word' id='word_1_68' title='bbox 1795 1042 2028 1096; x_wconf 78' lang='lat' dir='ltr'><strong>constite-</strong></span> 
     </span>
    </p>
   </div>
   <div class='ocr_carea' id='block_1_10' title="bbox 441 1134 2028 1212">
    <p class='ocr_par' dir='ltr' id='par_1_10' title="bbox 441 1134 2028 1212">
     <span class='ocr_line' id='line_1_10' title="bbox 441 1134 2028 1212; baseline -0.006 -16"><span class='ocrx_word' id='word_1_69' title='bbox 441 1151 555 1196; x_wconf 90' lang='lat' dir='ltr'><strong>runt</strong></span> <span class='ocrx_word' id='word_1_70' title='bbox 597 1142 720 1195; x_wconf 79' lang='lat' dir='ltr'><strong>milii</strong></span> <span class='ocrx_word' id='word_1_71' title='bbox 769 1155 931 1212; x_wconf 84' lang='lat' dir='ltr'><strong>genua</strong></span> <span class='ocrx_word' id='word_1_72' title='bbox 970 1155 986 1192; x_wconf 92' lang='lat'><em>:</em></span> <span class='ocrx_word' id='word_1_73' title='bbox 1034 1147 1092 1193; x_wconf 93' lang='lat' dir='ltr'><strong>ut</strong></span> <span class='ocrx_word' id='word_1_74' title='bbox 1136 1137 1205 1192; x_wconf 87' lang='lat' dir='ltr'><strong>ibi</strong></span> <span class='ocrx_word' id='word_1_75' title='bbox 1250 1135 1635 1191; x_wconf 90' lang='lat' dir='ltr'><strong>conlirmarer?</strong></span> <span class='ocrx_word' id='word_1_76' title='bbox 1682 1134 1849 1201; x_wconf 84' lang='lat' dir='ltr'><strong>Quare</strong></span> <span class='ocrx_word' id='word_1_77' title='bbox 1875 1134 2028 1188; x_wconf 88' lang='lat' dir='ltr'><strong>ubera</strong></span> 
     </span>
    </p>
   </div>
   <div class='ocr_carea' id='block_1_11' title="bbox 440 1225 2026 1301">
    <p class='ocr_par' dir='ltr' id='par_1_11' title="bbox 440 1225 2026 1301">
     <span class='ocr_line' id='line_1_11' title="bbox 440 1225 2026 1301; baseline -0.003 -14"><span class='ocrx_word' id='word_1_78' title='bbox 440 1234 551 1288; x_wconf 75' lang='lat' dir='ltr'><strong>saxi</strong></span> <span class='ocrx_word' id='word_1_79' title='bbox 571 1235 596 1287; x_wconf 86' lang='lat'><strong><em>?</em></strong></span> <span class='ocrx_word' id='word_1_80' title='bbox 623 1231 877 1287; x_wconf 77' lang='lat' dir='ltr'><strong>doctrina:</strong></span> <span class='ocrx_word' id='word_1_81' title='bbox 910 1231 1210 1287; x_wconf 84' lang='lat' dir='ltr'><strong>nutrientes</strong></span> <span class='ocrx_word' id='word_1_82' title='bbox 1233 1227 1302 1288; x_wconf 82' lang='lat' dir='ltr'><strong>ad</strong></span> <span class='ocrx_word' id='word_1_83' title='bbox 1336 1228 1644 1301; x_wconf 75' lang='lat' dir='ltr'><strong>nequitiam.</strong></span> <span class='ocrx_word' id='word_1_84' title='bbox 1681 1225 1831 1282; x_wconf 83' lang='lat' dir='ltr'><strong>Nunc</strong></span> <span class='ocrx_word' id='word_1_85' title='bbox 1859 1227 2026 1296; x_wconf 75' lang='lat' dir='ltr'><strong>utique</strong></span> 
     </span>
    </p>
   </div>
   <div class='ocr_carea' id='block_1_12' title="bbox 439 1317 2028 1396">
    <p class='ocr_par' dir='ltr' id='par_1_12' title="bbox 439 1317 2028 1396">
     <span class='ocr_line' id='line_1_12' title="bbox 439 1317 2028 1396; baseline -0.003 -19"><span class='ocrx_word' id='word_1_86' title='bbox 439 1325 692 1378; x_wconf 85' lang='lat' dir='ltr'><strong>dormiens</strong></span> <span class='ocrx_word' id='word_1_87' title='bbox 713 1325 1014 1396; x_wconf 77' lang='lat' dir='ltr'><strong>quiescerent</strong></span> <span class='ocrx_word' id='word_1_88' title='bbox 1042 1340 1060 1377; x_wconf 89' lang='lat'><em>:</em></span> <span class='ocrx_word' id='word_1_89' title='bbox 1092 1321 1370 1376; x_wconf 75' lang='lat' dir='ltr'><strong>moriendo</strong></span> <span class='ocrx_word' id='word_1_90' title='bbox 1393 1319 1520 1378; x_wconf 75' lang='lat' dir='ltr'><strong>htl&#39;c</strong></span> <span class='ocrx_word' id='word_1_91' title='bbox 1549 1318 1766 1379; x_wconf 74' lang='lat' dir='ltr'><strong>mundo.</strong></span> <span class='ocrx_word' id='word_1_92' title='bbox 1795 1317 1922 1376; x_wconf 74' lang='lat' dir='ltr'><strong>Cum</strong></span> <span class='ocrx_word' id='word_1_93' title='bbox 1943 1333 2028 1374; x_wconf 69' lang='grc' dir='ltr'><strong>ονε-η</strong></span> 
     </span>
    </p>
   </div>
   <div class='ocr_carea' id='block_1_13' title="bbox 436 1409 2026 1484">
    <p class='ocr_par' dir='ltr' id='par_1_13' title="bbox 436 1409 2026 1484">
     <span class='ocr_line' id='line_1_13' title="bbox 436 1409 2026 1484; baseline -0.003 -16"><span class='ocrx_word' id='word_1_94' title='bbox 436 1416 576 1484; x_wconf 81' lang='lat' dir='ltr'><strong>gibus</strong></span> <span class='ocrx_word' id='word_1_95' title='bbox 601 1416 859 1469; x_wconf 76' lang='lat' dir='ltr'><strong>honoratis</strong></span> <span class='ocrx_word' id='word_1_96' title='bbox 889 1425 1034 1468; x_wconf 78' lang='lat' dir='ltr'><strong>terra:</strong></span> <span class='ocrx_word' id='word_1_97' title='bbox 1065 1431 1082 1468; x_wconf 92' lang='lat'><em>:</em></span> <span class='ocrx_word' id='word_1_98' title='bbox 1110 1415 1160 1467; x_wconf 93' lang='lat' dir='ltr'><strong>iu</strong></span> <span class='ocrx_word' id='word_1_99' title='bbox 1193 1412 1451 1467; x_wconf 83' lang='lat' dir='ltr'><strong>Ecclesia.</strong></span> <span class='ocrx_word' id='word_1_100' title='bbox 1488 1411 1588 1478; x_wconf 87' lang='lat' dir='ltr'><strong>Qui</strong></span> <span class='ocrx_word' id='word_1_101' title='bbox 1612 1409 1956 1482; x_wconf 78' lang='lat' dir='ltr'><strong>glariabantur</strong></span> <span class='ocrx_word' id='word_1_102' title='bbox 1973 1410 2026 1464; x_wconf 88' lang='lat' dir='ltr'><strong>in</strong></span> 
     </span>
    </p>
   </div>
   <div class='ocr_carea' id='block_1_14' title="bbox 440 1504 2030 1578">
    <p class='ocr_par' dir='ltr' id='par_1_14' title="bbox 440 1504 2030 1578">
     <span class='ocr_line' id='line_1_14' title="bbox 440 1504 2030 1578; baseline 0 -18"><span class='ocrx_word' id='word_1_103' title='bbox 440 1508 642 1578; x_wconf 76' lang='lat' dir='ltr'><strong>gladiis.</strong></span> <span class='ocrx_word' id='word_1_104' title='bbox 672 1507 823 1563; x_wconf 91' lang='lat' dir='ltr'><strong>Unde</strong></span> <span class='ocrx_word' id='word_1_105' title='bbox 847 1517 929 1562; x_wconf 86' lang='lat' dir='ltr'><strong>est</strong></span> <span class='ocrx_word' id='word_1_106' title='bbox 949 1549 964 1574; x_wconf 94' lang='lat'><strong>,</strong></span> <span class='ocrx_word' id='word_1_107' title='bbox 997 1507 1061 1560; x_wconf 83' lang='lat' dir='ltr'><strong>Et</strong></span> <span class='ocrx_word' id='word_1_108' title='bbox 1077 1506 1302 1577; x_wconf 82' lang='lat' dir='ltr'><strong>gladium</strong></span> <span class='ocrx_word' id='word_1_109' title='bbox 1325 1506 1533 1576; x_wconf 72' lang='lat' dir='ltr'><strong>spiritus</strong></span> <span class='ocrx_word' id='word_1_110' title='bbox 1551 1548 1566 1573; x_wconf 88' lang='lat'><strong>,</strong></span> <span class='ocrx_word' id='word_1_111' title='bbox 1591 1504 1725 1576; x_wconf 82' lang='lat' dir='ltr'><strong>quod</strong></span> <span class='ocrx_word' id='word_1_112' title='bbox 1740 1513 1813 1562; x_wconf 85' lang='lat' dir='ltr'><strong>est</strong></span> <span class='ocrx_word' id='word_1_113' title='bbox 1828 1505 2030 1562; x_wconf 72' lang='lat' dir='ltr'><strong>uerbum</strong></span> 
     </span>
    </p>
   </div>
   <div class='ocr_carea' id='block_1_15' title="bbox 435 1597 2026 1674">
    <p class='ocr_par' dir='ltr' id='par_1_15' title="bbox 435 1597 2026 1674">
     <span class='ocr_line' id='line_1_15' title="bbox 435 1597 2026 1674; baseline -0.003 -20"><span class='ocrx_word' id='word_1_114' title='bbox 435 1601 531 1654; x_wconf 88' lang='lat' dir='ltr'><strong>Dei</strong></span> <span class='ocrx_word' id='word_1_115' title='bbox 558 1600 768 1674; x_wconf 77' lang='lat' dir='ltr'><strong>(Eplies.</strong></span> <span class='ocrx_word' id='word_1_116' title='bbox 798 1617 845 1655; x_wconf 75' lang='lat' dir='ltr'><strong>vn</strong></span> <span class='ocrx_word' id='word_1_117' title='bbox 866 1642 879 1665; x_wconf 94' lang='lat'><strong>,</strong></span> <span class='ocrx_word' id='word_1_118' title='bbox 917 1599 1026 1674; x_wconf 82' lang='lat' dir='ltr'><strong>l7).</strong></span> <span class='ocrx_word' id='word_1_119' title='bbox 1056 1600 1152 1653; x_wconf 82' lang='lat' dir='ltr'><strong>Aut</strong></span> <span class='ocrx_word' id='word_1_120' title='bbox 1179 1617 1293 1653; x_wconf 89' lang='lat' dir='ltr'><strong>cum</strong></span> <span class='ocrx_word' id='word_1_121' title='bbox 1319 1597 1630 1670; x_wconf 71' lang='lat' dir='ltr'><strong>principibus</strong></span> <span class='ocrx_word' id='word_1_122' title='bbox 1648 1640 1663 1665; x_wconf 89' lang='lat'><strong>,</strong></span> <span class='ocrx_word' id='word_1_123' title='bbox 1691 1599 1869 1669; x_wconf 90' lang='lat' dir='ltr'><strong>quibus</strong></span> <span class='ocrx_word' id='word_1_124' title='bbox 1897 1598 2026 1651; x_wconf 90' lang='lat' dir='ltr'><strong>mul-</strong></span> 
     </span>
    </p>
   </div>
   <div class='ocr_carea' id='block_1_16' title="bbox 435 1689 2032 1759">
    <p class='ocr_par' dir='ltr' id='par_1_16' title="bbox 435 1689 2032 1759">
     <span class='ocr_line' id='line_1_16' title="bbox 435 1689 2032 1759; baseline 0.003 -15"><span class='ocrx_word' id='word_1_125' title='bbox 435 1701 542 1744; x_wconf 88' lang='lat' dir='ltr'><strong>tum</strong></span> <span class='ocrx_word' id='word_1_126' title='bbox 579 1691 680 1759; x_wconf 78' lang='lat' dir='ltr'><strong>fuit</strong></span> <span class='ocrx_word' id='word_1_127' title='bbox 713 1705 892 1748; x_wconf 79' lang='lat' dir='ltr'><strong>aurum</strong></span> <span class='ocrx_word' id='word_1_128' title='bbox 934 1707 954 1747; x_wconf 90' lang='lat'><strong><em>:</em></strong></span> <span class='ocrx_word' id='word_1_129' title='bbox 995 1689 1274 1759; x_wconf 79' lang='lat' dir='ltr'><strong>sapientia.</strong></span> <span class='ocrx_word' id='word_1_130' title='bbox 1319 1689 1420 1756; x_wconf 85' lang='lat' dir='ltr'><strong>Qui</strong></span> <span class='ocrx_word' id='word_1_131' title='bbox 1454 1689 1824 1758; x_wconf 70' lang='lat' dir='ltr'><strong>compleverunt</strong></span> <span class='ocrx_word' id='word_1_132' title='bbox 1853 1689 2032 1748; x_wconf 72' lang='lat' dir='ltr'><strong>domu</strong></span> 
     </span>
    </p>
   </div>
   <div class='ocr_carea' id='block_1_17' title="bbox 434 1780 2028 1853">
    <p class='ocr_par' dir='ltr' id='par_1_17' title="bbox 434 1780 2028 1853">
     <span class='ocr_line' id='line_1_17' title="bbox 434 1780 2028 1853; baseline -0.002 -17"><span class='ocrx_word' id='word_1_133' title='bbox 434 1798 553 1837; x_wconf 88' lang='lat' dir='ltr'><strong>suas</strong></span> <span class='ocrx_word' id='word_1_134' title='bbox 597 1789 807 1853; x_wconf 83' lang='lat' dir='ltr'><strong>argento</strong></span> <span class='ocrx_word' id='word_1_135' title='bbox 833 1798 851 1836; x_wconf 90' lang='lat'><em>:</em></span> <span class='ocrx_word' id='word_1_136' title='bbox 877 1780 1088 1850; x_wconf 81' lang='lat' dir='ltr'><strong>eloquio</strong></span> <span class='ocrx_word' id='word_1_137' title='bbox 1115 1780 1348 1834; x_wconf 79' lang='lat' dir='ltr'><strong>Domini.</strong></span> <span class='ocrx_word' id='word_1_138' title='bbox 1373 1781 1472 1834; x_wconf 67' lang='lat' dir='ltr'><strong>Aut</strong></span> <span class='ocrx_word' id='word_1_139' title='bbox 1494 1789 1734 1850; x_wconf 79' lang='lat' dir='ltr'><strong>tanquam</strong></span> <span class='ocrx_word' id='word_1_140' title='bbox 1751 1780 2028 1833; x_wconf 79' lang='lat' dir='ltr'><strong>abortivum</strong></span> 
     </span>
    </p>
   </div>
   <div class='ocr_carea' id='block_1_18' title="bbox 438 1873 2028 1947">
    <p class='ocr_par' dir='ltr' id='par_1_18' title="bbox 438 1873 2028 1947">
     <span class='ocr_line' id='line_1_18' title="bbox 438 1873 2028 1947; baseline -0.002 -18"><span class='ocrx_word' id='word_1_141' title='bbox 438 1877 731 1947; x_wconf 85' lang='lat' dir='ltr'><strong>prolapsum</strong></span> <span class='ocrx_word' id='word_1_142' title='bbox 758 1875 819 1929; x_wconf 88' lang='lat' dir='ltr'><strong>de</strong></span> <span class='ocrx_word' id='word_1_143' title='bbox 847 1874 991 1928; x_wconf 77' lang='lat' dir='ltr'><strong>vulva</strong></span> <span class='ocrx_word' id='word_1_144' title='bbox 1015 1874 1190 1927; x_wconf 89' lang='lat' dir='ltr'><strong>matris</strong></span> <span class='ocrx_word' id='word_1_145' title='bbox 1213 1891 1224 1926; x_wconf 93' lang='lat'>:</span> <span class='ocrx_word' id='word_1_146' title='bbox 1250 1883 1310 1928; x_wconf 91' lang='lat' dir='ltr'><strong>ut</strong></span> <span class='ocrx_word' id='word_1_147' title='bbox 1330 1889 1598 1945; x_wconf 87' lang='lat' dir='ltr'><strong>nunquam</strong></span> <span class='ocrx_word' id='word_1_148' title='bbox 1625 1873 1902 1928; x_wconf 87' lang='lat' dir='ltr'><strong>emineret.</strong></span> <span class='ocrx_word' id='word_1_149' title='bbox 1927 1874 2028 1927; x_wconf 83' lang='lat' dir='ltr'><strong>Aut</strong></span> 
     </span>
    </p>
   </div>
   <div class='ocr_carea' id='block_1_19' title="bbox 435 1965 2029 2039">
    <p class='ocr_par' dir='ltr' id='par_1_19' title="bbox 435 1965 2029 2039">
     <span class='ocr_line' id='line_1_19' title="bbox 435 1965 2029 2039; baseline 0.001 -18"><span class='ocrx_word' id='word_1_150' title='bbox 435 1979 674 2039; x_wconf 87' lang='lat' dir='ltr'><strong>tanquam</strong></span> <span class='ocrx_word' id='word_1_151' title='bbox 699 1967 916 2037; x_wconf 80' lang='lat' dir='ltr'><strong>infantes</strong></span> <span class='ocrx_word' id='word_1_152' title='bbox 942 1969 1028 2038; x_wconf 88' lang='lat' dir='ltr'><strong>qui</strong></span> <span class='ocrx_word' id='word_1_153' title='bbox 1057 1984 1157 2021; x_wconf 91' lang='lat' dir='ltr'><strong>non</strong></span> <span class='ocrx_word' id='word_1_154' title='bbox 1188 1968 1416 2020; x_wconf 84' lang='lat' dir='ltr'><strong>viderunt</strong></span> <span class='ocrx_word' id='word_1_155' title='bbox 1447 1967 1608 2020; x_wconf 85' lang='lat' dir='ltr'><strong>lucem</strong></span> <span class='ocrx_word' id='word_1_156' title='bbox 1639 1983 1657 2020; x_wconf 88' lang='lat'><strong><em>:</em></strong></span> <span class='ocrx_word' id='word_1_157' title='bbox 1687 1965 1754 2024; x_wconf 86' lang='lat' dir='ltr'><strong>ad</strong></span> <span class='ocrx_word' id='word_1_158' title='bbox 1778 1966 2029 2022; x_wconf 76' lang='lat' dir='ltr'><strong>nobilita~</strong></span> 
     </span>
    </p>
   </div>
   <div class='ocr_carea' id='block_1_20' title="bbox 435 2057 2029 2130">
    <p class='ocr_par' dir='ltr' id='par_1_20' title="bbox 435 2057 2029 2130">
     <span class='ocr_line' id='line_1_20' title="bbox 435 2057 2029 2130; baseline -0.003 -14"><span class='ocrx_word' id='word_1_159' title='bbox 435 2069 543 2116; x_wconf 92' lang='lat' dir='ltr'><strong>tem</strong></span> <span class='ocrx_word' id='word_1_160' title='bbox 592 2061 819 2130; x_wconf 84' lang='lat' dir='ltr'><strong>aliquam</strong></span> <span class='ocrx_word' id='word_1_161' title='bbox 867 2075 973 2114; x_wconf 93' lang='lat' dir='ltr'><strong>non</strong></span> <span class='ocrx_word' id='word_1_162' title='bbox 1005 2067 1379 2130; x_wconf 88' lang='lat' dir='ltr'><strong>pervenerunt.</strong></span> <span class='ocrx_word' id='word_1_163' title='bbox 1413 2057 1496 2113; x_wconf 86' lang='lat' dir='ltr'><strong>Ibi</strong></span> <span class='ocrx_word' id='word_1_164' title='bbox 1521 2058 1666 2128; x_wconf 87' lang='lat' dir='ltr'><strong>impii</strong></span> <span class='ocrx_word' id='word_1_165' title='bbox 1694 2058 2029 2128; x_wconf 84' lang='lat' dir='ltr'><strong>deposuerunt</strong></span> 
     </span>
    </p>
   </div>
   <div class='ocr_carea' id='block_1_21' title="bbox 434 2147 2032 2222">
    <p class='ocr_par' dir='ltr' id='par_1_21' title="bbox 434 2147 2032 2222">
     <span class='ocr_line' id='line_1_21' title="bbox 434 2147 2032 2222; baseline -0.001 -17"><span class='ocrx_word' id='word_1_166' title='bbox 434 2152 655 2222; x_wconf 80' lang='lat' dir='ltr'><strong>furorem</strong></span> <span class='ocrx_word' id='word_1_167' title='bbox 687 2168 831 2204; x_wconf 88' lang='lat' dir='ltr'><strong>suum</strong></span> <span class='ocrx_word' id='word_1_168' title='bbox 869 2169 886 2204; x_wconf 89' lang='lat'><strong><em>:</em></strong></span> <span class='ocrx_word' id='word_1_169' title='bbox 925 2151 974 2204; x_wconf 89' lang='lat' dir='ltr'><strong>in</strong></span> <span class='ocrx_word' id='word_1_170' title='bbox 1004 2161 1173 2206; x_wconf 86' lang='lat' dir='ltr'><strong>morte</strong></span> <span class='ocrx_word' id='word_1_171' title='bbox 1201 2151 1269 2206; x_wconf 90' lang='lat' dir='ltr'><strong>ab</strong></span> <span class='ocrx_word' id='word_1_172' title='bbox 1297 2150 1398 2204; x_wconf 87' lang='lat' dir='ltr'><strong>hoc</strong></span> <span class='ocrx_word' id='word_1_173' title='bbox 1425 2148 1645 2204; x_wconf 89' lang='lat' dir='ltr'><strong>mundo.</strong></span> <span class='ocrx_word' id='word_1_174' title='bbox 1675 2147 1757 2202; x_wconf 83' lang='lat' dir='ltr'><strong>Ibi</strong></span> <span class='ocrx_word' id='word_1_175' title='bbox 1780 2150 2032 2219; x_wconf 70' lang='lat' dir='ltr'><strong>requiera-</strong></span> 
     </span>
    </p>
   </div>
   <div class='ocr_carea' id='block_1_22' title="bbox 432 2241 2026 2315">
    <p class='ocr_par' dir='ltr' id='par_1_22' title="bbox 432 2241 2026 2315">
     <span class='ocr_line' id='line_1_22' title="bbox 432 2241 2026 2315; baseline 0 -20"><span class='ocrx_word' id='word_1_176' title='bbox 432 2253 546 2296; x_wconf 88' lang='lat' dir='ltr'><strong>runt</strong></span> <span class='ocrx_word' id='word_1_177' title='bbox 573 2242 771 2314; x_wconf 76' lang='lat' dir='ltr'><strong>fatigati</strong></span> <span class='ocrx_word' id='word_1_178' title='bbox 801 2259 1008 2315; x_wconf 88' lang='lat' dir='ltr'><strong>corpore</strong></span> <span class='ocrx_word' id='word_1_179' title='bbox 1037 2259 1057 2300; x_wconf 87' lang='lat'><strong><em>:</em></strong></span> <span class='ocrx_word' id='word_1_180' title='bbox 1086 2251 1178 2302; x_wconf 81' lang='lat' dir='ltr'><strong>aut</strong></span> <span class='ocrx_word' id='word_1_181' title='bbox 1203 2242 1404 2315; x_wconf 73' lang='lat' dir='ltr'><strong>fatigati</strong></span> <span class='ocrx_word' id='word_1_182' title='bbox 1431 2256 1661 2312; x_wconf 84' lang='lat' dir='ltr'><strong>corpore</strong></span> <span class='ocrx_word' id='word_1_183' title='bbox 1687 2256 1796 2300; x_wconf 85' lang='lat' dir='ltr'><strong>non</strong></span> <span class='ocrx_word' id='word_1_184' title='bbox 1815 2241 2026 2310; x_wconf 82' lang='lat' dir='ltr'><strong>animo,</strong></span> 
     </span>
    </p>
   </div>
   <div class='ocr_carea' id='block_1_23' title="bbox 434 2332 2031 2404">
    <p class='ocr_par' dir='ltr' id='par_1_23' title="bbox 434 2332 2031 2404">
     <span class='ocr_line' id='line_1_23' title="bbox 434 2332 2031 2404; baseline -0.001 -13"><span class='ocrx_word' id='word_1_185' title='bbox 434 2345 526 2391; x_wconf 89' lang='lat' dir='ltr'><strong>aut</strong></span> <span class='ocrx_word' id='word_1_186' title='bbox 549 2335 706 2390; x_wconf 87' lang='lat' dir='ltr'><strong>linem</strong></span> <span class='ocrx_word' id='word_1_187' title='bbox 729 2335 1082 2404; x_wconf 85' lang='lat' dir='ltr'><strong>corporalium</strong></span> <span class='ocrx_word' id='word_1_188' title='bbox 1104 2334 1396 2392; x_wconf 79' lang='lat' dir='ltr'><strong>consecuti.</strong></span> <span class='ocrx_word' id='word_1_189' title='bbox 1431 2332 1556 2390; x_wconf 86' lang='lat' dir='ltr'><strong>Non</strong></span> <span class='ocrx_word' id='word_1_190' title='bbox 1571 2333 1838 2391; x_wconf 83' lang='lat' dir='ltr'><strong>audierunt</strong></span> <span class='ocrx_word' id='word_1_191' title='bbox 1864 2347 2031 2390; x_wconf 75' lang='lat' dir='ltr'><strong>uocem</strong></span> 
     </span>
    </p>
   </div>
   <div class='ocr_carea' id='block_1_24' title="bbox 434 2423 2030 2502">
    <p class='ocr_par' dir='ltr' id='par_1_24' title="bbox 434 2423 2030 2502">
     <span class='ocr_line' id='line_1_24' title="bbox 434 2423 2030 2502; baseline -0.004 -16"><span class='ocrx_word' id='word_1_192' title='bbox 434 2429 702 2486; x_wconf 72' lang='lat' dir='ltr'><strong>exactoris.</strong></span> <span class='ocrx_word' id='word_1_193' title='bbox 729 2427 901 2484; x_wconf 71' lang='lat' dir='ltr'><strong>Iudex</strong></span> <span class='ocrx_word' id='word_1_194' title='bbox 926 2429 1086 2482; x_wconf 87' lang='lat' dir='ltr'><strong>tradet</strong></span> <span class='ocrx_word' id='word_1_195' title='bbox 1115 2436 1161 2482; x_wconf 81' lang='lat' dir='ltr'><strong>te</strong></span> <span class='ocrx_word' id='word_1_196' title='bbox 1185 2428 1405 2484; x_wconf 70' lang='lat' dir='ltr'><strong>eructari</strong></span> <span class='ocrx_word' id='word_1_197' title='bbox 1433 2426 1584 2502; x_wconf 88' lang='lat' dir='ltr'><strong>(Luc.</strong></span> <span class='ocrx_word' id='word_1_198' title='bbox 1610 2441 1722 2493; x_wconf 77' lang='lat' dir='ltr'><strong>xu.</strong></span> <span class='ocrx_word' id='word_1_199' title='bbox 1752 2424 1879 2496; x_wconf 85' lang='lat'><strong>58),</strong></span> <span class='ocrx_word' id='word_1_200' title='bbox 1907 2423 2030 2480; x_wconf 85' lang='lat' dir='ltr'><strong>inde</strong></span> 
     </span>
    </p>
   </div>
   <div class='ocr_carea' id='block_1_25' title="bbox 433 2517 2029 2592">
    <p class='ocr_par' dir='ltr' id='par_1_25' title="bbox 433 2517 2029 2592">
     <span class='ocr_line' id='line_1_25' title="bbox 433 2517 2029 2592; baseline 0 -15"><span class='ocrx_word' id='word_1_201' title='bbox 433 2531 546 2588; x_wconf 81' lang='lat' dir='ltr'><strong>est;</strong></span> <span class='ocrx_word' id='word_1_202' title='bbox 568 2521 670 2576; x_wconf 89' lang='lat' dir='ltr'><strong>hoc</strong></span> <span class='ocrx_word' id='word_1_203' title='bbox 690 2531 787 2583; x_wconf 85' lang='lat' dir='ltr'><strong>est.</strong></span> <span class='ocrx_word' id='word_1_204' title='bbox 813 2520 1008 2576; x_wconf 87' lang='lat' dir='ltr'><strong>donata</strong></span> <span class='ocrx_word' id='word_1_205' title='bbox 1029 2520 1131 2578; x_wconf 88' lang='lat' dir='ltr'><strong>illis</strong></span> <span class='ocrx_word' id='word_1_206' title='bbox 1151 2535 1270 2576; x_wconf 86' lang='lat' dir='ltr'><strong>esse</strong></span> <span class='ocrx_word' id='word_1_207' title='bbox 1292 2527 1536 2591; x_wconf 84' lang='lat' dir='ltr'><strong>peccata:</strong></span> <span class='ocrx_word' id='word_1_208' title='bbox 1559 2519 1628 2576; x_wconf 86' lang='lat' dir='ltr'><strong>de</strong></span> <span class='ocrx_word' id='word_1_209' title='bbox 1647 2518 1822 2588; x_wconf 87' lang='lat' dir='ltr'><strong>impiis</strong></span> <span class='ocrx_word' id='word_1_210' title='bbox 1835 2517 2029 2592; x_wconf 78' lang='lat' dir='ltr'><strong>quippe</strong></span> 
     </span>
    </p>
   </div>
   <div class='ocr_carea' id='block_1_26' title="bbox 433 2609 2030 2683">
    <p class='ocr_par' dir='ltr' id='par_1_26' title="bbox 433 2609 2030 2683">
     <span class='ocr_line' id='line_1_26' title="bbox 433 2609 2030 2683; baseline -0.001 -13"><span class='ocrx_word' id='word_1_211' title='bbox 433 2612 664 2670; x_wconf 88' lang='lat' dir='ltr'><strong>dicebat.</strong></span> <span class='ocrx_word' id='word_1_212' title='bbox 699 2612 929 2668; x_wconf 87' lang='lat' dir='ltr'><strong>Pusillus</strong></span> <span class='ocrx_word' id='word_1_213' title='bbox 958 2623 1002 2667; x_wconf 84' lang='lat' dir='ltr'><strong>et</strong></span> <span class='ocrx_word' id='word_1_214' title='bbox 1024 2629 1236 2683; x_wconf 76' lang='lat' dir='ltr'><strong>inagnus</strong></span> <span class='ocrx_word' id='word_1_215' title='bbox 1258 2613 1324 2668; x_wconf 86' lang='lat' dir='ltr'><strong>ibi</strong></span> <span class='ocrx_word' id='word_1_216' title='bbox 1343 2622 1438 2670; x_wconf 89' lang='lat' dir='ltr'><strong>est.</strong></span> <span class='ocrx_word' id='word_1_217' title='bbox 1462 2611 1536 2672; x_wconf 87' lang='lat' dir='ltr'><strong>De</strong></span> <span class='ocrx_word' id='word_1_218' title='bbox 1558 2626 1663 2668; x_wconf 89' lang='lat' dir='ltr'><strong>uno</strong></span> <span class='ocrx_word' id='word_1_219' title='bbox 1683 2609 1880 2670; x_wconf 85' lang='lat' dir='ltr'><strong>dictum</strong></span> <span class='ocrx_word' id='word_1_220' title='bbox 1903 2618 2030 2678; x_wconf 90' lang='lat' dir='ltr'><strong>puto</strong></span> 
     </span>
    </p>
   </div>
   <div class='ocr_carea' id='block_1_27' title="bbox 431 2702 2024 2778">
    <p class='ocr_par' dir='ltr' id='par_1_27' title="bbox 431 2702 2024 2778">
     <span class='ocr_line' id='line_1_27' title="bbox 431 2702 2024 2778; baseline 0 -19"><span class='ocrx_word' id='word_1_221' title='bbox 431 2703 568 2760; x_wconf 88' lang='lat' dir='ltr'><strong>bene</strong></span> <span class='ocrx_word' id='word_1_222' title='bbox 609 2703 864 2774; x_wconf 81' lang='lat' dir='ltr'><strong>intelligi,</strong></span> <span class='ocrx_word' id='word_1_223' title='bbox 907 2703 1198 2760; x_wconf 85' lang='lat' dir='ltr'><strong>secundum</strong></span> <span class='ocrx_word' id='word_1_224' title='bbox 1236 2703 1364 2761; x_wconf 88' lang='lat' dir='ltr'><strong>illud</strong></span> <span class='ocrx_word' id='word_1_225' title='bbox 1402 2703 1546 2774; x_wconf 77' lang='lat' dir='ltr'><strong>quod</strong></span> <span class='ocrx_word' id='word_1_226' title='bbox 1567 2703 1655 2778; x_wconf 89' lang='lat' dir='ltr'><strong>qui</strong></span> <span class='ocrx_word' id='word_1_227' title='bbox 1678 2718 1732 2758; x_wconf 83' lang='lat' dir='ltr'><strong>se</strong></span> <span class='ocrx_word' id='word_1_228' title='bbox 1755 2702 2024 2759; x_wconf 68' lang='lat' dir='ltr'><strong>humiliat.</strong></span> 
     </span>
    </p>
   </div>
   <div class='ocr_carea' id='block_1_28' title="bbox 431 2791 2028 2867">
    <p class='ocr_par' dir='ltr' id='par_1_28' title="bbox 431 2791 2028 2867">
     <span class='ocr_line' id='line_1_28' title="bbox 431 2791 2028 2867; baseline -0.003 -16"><span class='ocrx_word' id='word_1_229' title='bbox 431 2796 732 2851; x_wconf 67' lang='lat' dir='ltr'><strong>excitabitur</strong></span> <span class='ocrx_word' id='word_1_230' title='bbox 752 2794 862 2867; x_wconf 86' lang='lat' dir='ltr'><strong>(Id.</strong></span> <span class='ocrx_word' id='word_1_231' title='bbox 886 2812 992 2861; x_wconf 76' lang='lat' dir='ltr'><strong>xw,</strong></span> <span class='ocrx_word' id='word_1_232' title='bbox 1024 2796 1137 2865; x_wconf 87' lang='grc'><strong>11).</strong></span> <span class='ocrx_word' id='word_1_233' title='bbox 1160 2793 1228 2849; x_wconf 86' lang='lat' dir='ltr'><strong>Et</strong></span> <span class='ocrx_word' id='word_1_234' title='bbox 1243 2811 1414 2851; x_wconf 83' lang='lat' dir='ltr'><strong>servus</strong></span> <span class='ocrx_word' id='word_1_235' title='bbox 1434 2811 1534 2848; x_wconf 79' lang='lat' dir='ltr'><strong>non</strong></span> <span class='ocrx_word' id='word_1_236' title='bbox 1557 2793 1736 2850; x_wconf 81' lang='lat' dir='ltr'><strong>timens</strong></span> <span class='ocrx_word' id='word_1_237' title='bbox 1753 2791 2028 2847; x_wconf 87' lang='lat' dir='ltr'><strong>Dominum</strong></span> 
     </span>
    </p>
   </div>
   <div class='ocr_carea' id='block_1_29' title="bbox 432 2885 2028 2956">
    <p class='ocr_par' dir='ltr' id='par_1_29' title="bbox 432 2885 2028 2956">
     <span class='ocr_line' id='line_1_29' title="bbox 432 2885 2028 2956; baseline -0.002 -13"><span class='ocrx_word' id='word_1_238' title='bbox 432 2905 599 2943; x_wconf 88' lang='lat' dir='ltr'><strong>suum.</strong></span> <span class='ocrx_word' id='word_1_239' title='bbox 629 2887 754 2944; x_wconf 91' lang='lat' dir='ltr'><strong>Sive</strong></span> <span class='ocrx_word' id='word_1_240' title='bbox 782 2888 1075 2944; x_wconf 86' lang='lat' dir='ltr'><strong>secundum</strong></span> <span class='ocrx_word' id='word_1_241' title='bbox 1105 2887 1256 2953; x_wconf 92' lang='lat' dir='ltr'><strong>illud,</strong></span> <span class='ocrx_word' id='word_1_242' title='bbox 1285 2885 1373 2942; x_wconf 78' lang='lat' dir='ltr'><strong>Vis</strong></span> <span class='ocrx_word' id='word_1_243' title='bbox 1392 2902 1494 2942; x_wconf 89' lang='lat' dir='ltr'><strong>non</strong></span> <span class='ocrx_word' id='word_1_244' title='bbox 1514 2886 1688 2942; x_wconf 84' lang='lat' dir='ltr'><strong>timere</strong></span> <span class='ocrx_word' id='word_1_245' title='bbox 1707 2885 2028 2956; x_wconf 81' lang='lat' dir='ltr'><strong>potestatem?</strong></span> 
     </span>
    </p>
   </div>
   <div class='ocr_carea' id='block_1_30' title="bbox 432 2977 2024 3050">
    <p class='ocr_par' dir='ltr' id='par_1_30' title="bbox 432 2977 2024 3050">
     <span class='ocr_line' id='line_1_30' title="bbox 432 2977 2024 3050; baseline -0.001 -16"><span class='ocrx_word' id='word_1_246' title='bbox 432 2979 631 3034; x_wconf 88' lang='lat' dir='ltr'><strong>Bonum</strong></span> <span class='ocrx_word' id='word_1_247' title='bbox 654 2984 737 3050; x_wconf 75' lang='lat' dir='ltr'><strong>{ac</strong></span> <span class='ocrx_word' id='word_1_248' title='bbox 768 2977 944 3048; x_wconf 81' lang='lat' dir='ltr'><strong>(Rom.</strong></span> <span class='ocrx_word' id='word_1_249' title='bbox 973 2996 1063 3035; x_wconf 75' lang='lat' dir='ltr'><strong>xm</strong></span> <span class='ocrx_word' id='word_1_250' title='bbox 1080 3021 1094 3045; x_wconf 93' lang='lat'><strong>,</strong></span> <span class='ocrx_word' id='word_1_251' title='bbox 1127 2978 1182 3050; x_wconf 76' lang='lat'><strong>3)</strong></span> <span class='ocrx_word' id='word_1_252' title='bbox 1210 2996 1222 3044; x_wconf 89' lang='lat'>;</span> <span class='ocrx_word' id='word_1_253' title='bbox 1251 2979 1364 3034; x_wconf 82' lang='lat' dir='ltr'><strong>sive</strong></span> <span class='ocrx_word' id='word_1_254' title='bbox 1383 2977 1673 3036; x_wconf 82' lang='lat' dir='ltr'><strong>secundum</strong></span> <span class='ocrx_word' id='word_1_255' title='bbox 1698 2977 1827 3032; x_wconf 88' lang='lat' dir='ltr'><strong>illud</strong></span> <span class='ocrx_word' id='word_1_256' title='bbox 1847 3019 1861 3043; x_wconf 90' lang='lat'><strong>,</strong></span> <span class='ocrx_word' id='word_1_257' title='bbox 1886 2979 2024 3034; x_wconf 81' lang='lat' dir='ltr'><strong>Con-</strong></span> 
     </span>
    </p>
   </div>
   <div class='ocr_carea' id='block_1_31' title="bbox 433 3065 2020 3140">
    <p class='ocr_par' dir='ltr' id='par_1_31' title="bbox 433 3065 2020 3140">
     <span class='ocr_line' id='line_1_31' title="bbox 433 3065 2020 3140; baseline -0.001 -16"><span class='ocrx_word' id='word_1_258' title='bbox 433 3078 686 3124; x_wconf 73' lang='lat' dir='ltr'><strong>sumntata</strong></span> <span class='ocrx_word' id='word_1_259' title='bbox 710 3069 910 3123; x_wconf 83' lang='lat' dir='ltr'><strong>dilectio</strong></span> <span class='ocrx_word' id='word_1_260' title='bbox 939 3073 1079 3140; x_wconf 81' lang='lat' dir='ltr'><strong>foras</strong></span> <span class='ocrx_word' id='word_1_261' title='bbox 1106 3069 1256 3122; x_wconf 87' lang='lat' dir='ltr'><strong>mittit</strong></span> <span class='ocrx_word' id='word_1_262' title='bbox 1281 3069 1508 3122; x_wconf 83' lang='lat' dir='ltr'><strong>timorem</strong></span> <span class='ocrx_word' id='word_1_263' title='bbox 1534 3066 1576 3139; x_wconf 93' lang='grc' dir='ltr'><strong>(Ι</strong></span> <span class='ocrx_word' id='word_1_264' title='bbox 1605 3065 1762 3121; x_wconf 78' lang='lat' dir='ltr'><strong>Joan.</strong></span> <span class='ocrx_word' id='word_1_265' title='bbox 1788 3069 1838 3122; x_wconf 97' lang='lat' dir='ltr'><strong>iv</strong></span> <span class='ocrx_word' id='word_1_266' title='bbox 1859 3109 1874 3136; x_wconf 95' lang='lat'><strong>,</strong></span> <span class='ocrx_word' id='word_1_267' title='bbox 1907 3067 2020 3140; x_wconf 79' lang='grc'><strong>18).</strong></span> 
     </span>
    </p>
   </div>
   <div class='ocr_carea' id='block_1_32' title="bbox 433 3157 2024 3232">
    <p class='ocr_par' dir='ltr' id='par_1_32' title="bbox 433 3157 2024 3232">
     <span class='ocr_line' id='line_1_32' title="bbox 433 3157 2024 3232; baseline -0.001 -16"><span class='ocrx_word' id='word_1_268' title='bbox 433 3157 624 3231; x_wconf 81' lang='lat' dir='ltr'><strong>thuid</strong></span> <span class='ocrx_word' id='word_1_269' title='bbox 642 3161 774 3214; x_wconf 86' lang='lat' dir='ltr'><strong>enim</strong></span> <span class='ocrx_word' id='word_1_270' title='bbox 797 3159 948 3213; x_wconf 86' lang='lat' dir='ltr'><strong>datur</strong></span> <span class='ocrx_word' id='word_1_271' title='bbox 965 3160 1037 3214; x_wconf 86' lang='lat' dir='ltr'><strong>eis</strong></span> <span class='ocrx_word' id='word_1_272' title='bbox 1056 3161 1142 3225; x_wconf 88' lang='lat' dir='ltr'><strong>qui</strong></span> <span class='ocrx_word' id='word_1_273' title='bbox 1161 3161 1214 3215; x_wconf 85' lang='lat' dir='ltr'><strong>in</strong></span> <span class='ocrx_word' id='word_1_274' title='bbox 1231 3158 1570 3214; x_wconf 82' lang='lat' dir='ltr'><strong>amaritudine</strong></span> <span class='ocrx_word' id='word_1_275' title='bbox 1588 3168 1727 3223; x_wconf 84' lang='lat' dir='ltr'><strong>sunt,</strong></span> <span class='ocrx_word' id='word_1_276' title='bbox 1751 3159 1843 3216; x_wconf 75' lang='lat' dir='ltr'><strong>lux</strong></span> <span class='ocrx_word' id='word_1_277' title='bbox 1860 3160 1884 3213; x_wconf 87' lang='lat'><strong><em>?</em></strong></span> <span class='ocrx_word' id='word_1_278' title='bbox 1899 3174 2024 3232; x_wconf 88' lang='lat' dir='ltr'><strong>pec-</strong></span> 
     </span>
    </p>
   </div>
   <div class='ocr_carea' id='block_1_33' title="bbox 427 3252 2023 3324">
    <p class='ocr_par' dir='ltr' id='par_1_33' title="bbox 427 3252 2023 3324">
     <span class='ocr_line' id='line_1_33' title="bbox 427 3252 2023 3324; baseline -0.001 -15"><span class='ocrx_word' id='word_1_279' title='bbox 427 3260 667 3309; x_wconf 82' lang='lat' dir='ltr'><strong>catorum</strong></span> <span class='ocrx_word' id='word_1_280' title='bbox 713 3252 902 3308; x_wconf 85' lang='lat' dir='ltr'><strong>honor.</strong></span> <span class='ocrx_word' id='word_1_281' title='bbox 951 3252 1015 3306; x_wconf 86' lang='lat' dir='ltr'><strong>Et</strong></span> <span class='ocrx_word' id='word_1_282' title='bbox 1052 3252 1155 3307; x_wconf 75' lang='lat' dir='ltr'><strong>vita</strong></span> <span class='ocrx_word' id='word_1_283' title='bbox 1181 3252 1446 3308; x_wconf 80' lang='lat' dir='ltr'><strong>animabus</strong></span> <span class='ocrx_word' id='word_1_284' title='bbox 1470 3268 1585 3324; x_wconf 75' lang='lat' dir='ltr'><strong>qua!</strong></span> <span class='ocrx_word' id='word_1_285' title='bbox 1608 3263 1724 3310; x_wconf 84' lang='lat' dir='ltr'><strong>sunt</strong></span> <span class='ocrx_word' id='word_1_286' title='bbox 1752 3254 1805 3309; x_wconf 87' lang='lat' dir='ltr'><strong>in</strong></span> <span class='ocrx_word' id='word_1_287' title='bbox 1829 3253 2023 3310; x_wconf 80' lang='lat' dir='ltr'><strong>dolori-</strong></span> 
     </span>
    </p>
   </div>
   <div class='ocr_carea' id='block_1_34' title="bbox 432 3341 2024 3416">
    <p class='ocr_par' dir='ltr' id='par_1_34' title="bbox 432 3341 2024 3416">
     <span class='ocr_line' id='line_1_34' title="bbox 432 3341 2024 3416; baseline 0.001 -17"><span class='ocrx_word' id='word_1_288' title='bbox 432 3343 570 3399; x_wconf 75' lang='lat' dir='ltr'><strong>but?</strong></span> <span class='ocrx_word' id='word_1_289' title='bbox 609 3341 665 3398; x_wconf 85' lang='lat' dir='ltr'><strong>in</strong></span> <span class='ocrx_word' id='word_1_290' title='bbox 701 3341 944 3407; x_wconf 77' lang='lat' dir='ltr'><strong>dolorum</strong></span> <span class='ocrx_word' id='word_1_291' title='bbox 987 3343 1243 3410; x_wconf 81' lang='lat' dir='ltr'><strong>materia,</strong></span> <span class='ocrx_word' id='word_1_292' title='bbox 1279 3343 1379 3400; x_wconf 81' lang='lat' dir='ltr'><strong>hoc</strong></span> <span class='ocrx_word' id='word_1_293' title='bbox 1415 3353 1500 3403; x_wconf 79' lang='lat' dir='ltr'><strong>est</strong></span> <span class='ocrx_word' id='word_1_294' title='bbox 1531 3345 1584 3403; x_wconf 88' lang='lat' dir='ltr'><strong>in</strong></span> <span class='ocrx_word' id='word_1_295' title='bbox 1612 3344 1862 3416; x_wconf 79' lang='lat' dir='ltr'><strong>peccatis.</strong></span> <span class='ocrx_word' id='word_1_296' title='bbox 1895 3344 2024 3411; x_wconf 72' lang='lat' dir='ltr'><strong>Quia</strong></span> 
     </span>
    </p>
   </div>
   <div class='ocr_carea' id='block_1_35' title="bbox 431 3433 2018 3506">
    <p class='ocr_par' dir='ltr' id='par_1_35' title="bbox 431 3433 2018 3506">
     <span class='ocr_line' id='line_1_35' title="bbox 431 3433 2018 3506; baseline 0.001 -17"><span class='ocrx_word' id='word_1_297' title='bbox 431 3433 720 3490; x_wconf 78' lang='lat' dir='ltr'><strong>desiderant</strong></span> <span class='ocrx_word' id='word_1_298' title='bbox 747 3444 957 3489; x_wconf 86' lang='lat' dir='ltr'><strong>mortem</strong></span> <span class='ocrx_word' id='word_1_299' title='bbox 974 3473 990 3498; x_wconf 87' lang='lat'><strong>,</strong></span> <span class='ocrx_word' id='word_1_300' title='bbox 1020 3444 1068 3490; x_wconf 79' lang='lat' dir='ltr'><strong>et</strong></span> <span class='ocrx_word' id='word_1_301' title='bbox 1091 3449 1194 3490; x_wconf 80' lang='lat' dir='ltr'><strong>non</strong></span> <span class='ocrx_word' id='word_1_302' title='bbox 1210 3435 1452 3506; x_wconf 78' lang='lat' dir='ltr'><strong>contingit</strong></span> <span class='ocrx_word' id='word_1_303' title='bbox 1477 3435 1582 3493; x_wconf 83' lang='lat' dir='ltr'><strong>illis</strong></span> <span class='ocrx_word' id='word_1_304' title='bbox 1605 3451 1626 3494; x_wconf 85' lang='lat'><strong><em>:</em></strong></span> <span class='ocrx_word' id='word_1_305' title='bbox 1645 3435 1978 3506; x_wconf 87' lang='lat' dir='ltr'><strong>adeptionem</strong></span> <span class='ocrx_word' id='word_1_306' title='bbox 2003 3437 2018 3467; x_wconf 76' lang='grc'>⁸</span> 
     </span>
    </p>
   </div>
   <div class='ocr_carea' id='block_1_36' title="bbox 427 3523 2022 3598">
    <p class='ocr_par' dir='ltr' id='par_1_36' title="bbox 427 3523 2022 3598">
     <span class='ocr_line' id='line_1_36' title="bbox 427 3523 2022 3598; baseline 0 -15"><span class='ocrx_word' id='word_1_307' title='bbox 427 3525 630 3584; x_wconf 77' lang='lat' dir='ltr'><strong>fructus</strong></span> <span class='ocrx_word' id='word_1_308' title='bbox 653 3525 876 3596; x_wconf 81' lang='lat' dir='ltr'><strong>peceati.</strong></span> <span class='ocrx_word' id='word_1_309' title='bbox 908 3523 1054 3582; x_wconf 71' lang='lat' dir='ltr'><strong>Hart</strong></span> <span class='ocrx_word' id='word_1_310' title='bbox 1077 3526 1182 3580; x_wconf 85' lang='lat' dir='ltr'><strong>viro</strong></span> <span class='ocrx_word' id='word_1_311' title='bbox 1205 3526 1423 3598; x_wconf 83' lang='lat' dir='ltr'><strong>requies,</strong></span> <span class='ocrx_word' id='word_1_312' title='bbox 1444 3529 1587 3598; x_wconf 78' lang='lat' dir='ltr'><strong>cujus</strong></span> <span class='ocrx_word' id='word_1_313' title='bbox 1615 3528 1715 3584; x_wconf 74' lang='lat' dir='ltr'><strong>vita</strong></span> <span class='ocrx_word' id='word_1_314' title='bbox 1728 3527 2022 3585; x_wconf 75' lang='lat' dir='ltr'><strong>abscondita</strong></span> 
     </span>
    </p>
   </div>
   <div class='ocr_carea' id='block_1_37' title="bbox 429 3618 2020 3690">
    <p class='ocr_par' dir='ltr' id='par_1_37' title="bbox 429 3618 2020 3690">
     <span class='ocr_line' id='line_1_37' title="bbox 429 3618 2020 3690; baseline 0.001 -15"><span class='ocrx_word' id='word_1_315' title='bbox 429 3628 501 3675; x_wconf 83' lang='lat' dir='ltr'><strong>est</strong></span> <span class='ocrx_word' id='word_1_316' title='bbox 527 3636 546 3674; x_wconf 87' lang='lat'><strong><em>:</em></strong></span> <span class='ocrx_word' id='word_1_317' title='bbox 576 3619 656 3674; x_wconf 86' lang='lat' dir='ltr'><strong>vel</strong></span> <span class='ocrx_word' id='word_1_318' title='bbox 695 3619 820 3690; x_wconf 84' lang='lat' dir='ltr'><strong>quia</strong></span> <span class='ocrx_word' id='word_1_319' title='bbox 851 3633 1032 3675; x_wconf 88' lang='lat' dir='ltr'><strong>coram</strong></span> <span class='ocrx_word' id='word_1_320' title='bbox 1069 3619 1180 3676; x_wconf 80' lang='lat' dir='ltr'><strong>Deo</strong></span> <span class='ocrx_word' id='word_1_321' title='bbox 1207 3618 1290 3674; x_wconf 85' lang='lat' dir='ltr'><strong>vel</strong></span> <span class='ocrx_word' id='word_1_322' title='bbox 1318 3618 1444 3688; x_wconf 83' lang='lat' dir='ltr'><strong>quia</strong></span> <span class='ocrx_word' id='word_1_323' title='bbox 1473 3619 1651 3688; x_wconf 82' lang='lat' dir='ltr'><strong>paucis</strong></span> <span class='ocrx_word' id='word_1_324' title='bbox 1681 3627 1826 3674; x_wconf 89' lang='lat' dir='ltr'><strong>uota.</strong></span> <span class='ocrx_word' id='word_1_325' title='bbox 1857 3619 1931 3675; x_wconf 91' lang='lat' dir='ltr'><strong>De</strong></span> <span class='ocrx_word' id='word_1_326' title='bbox 1956 3635 2020 3676; x_wconf 87' lang='lat' dir='ltr'><strong>ea</strong></span> 
     </span>
    </p>
   </div>
   <div class='ocr_carea' id='block_1_38' title="bbox 430 3711 2021 3783">
    <p class='ocr_par' dir='ltr' id='par_1_38' title="bbox 430 3711 2021 3783">
     <span class='ocr_line' id='line_1_38' title="bbox 430 3711 2021 3783; baseline 0 -15"><span class='ocrx_word' id='word_1_327' title='bbox 430 3726 560 3769; x_wconf 83' lang='lat' dir='ltr'><strong>vero</strong></span> <span class='ocrx_word' id='word_1_328' title='bbox 599 3712 711 3783; x_wconf 75' lang='lat' dir='ltr'><strong>iam</strong></span> <span class='ocrx_word' id='word_1_329' title='bbox 755 3721 928 3770; x_wconf 89' lang='lat' dir='ltr'><strong>morte</strong></span> <span class='ocrx_word' id='word_1_330' title='bbox 962 3711 1368 3783; x_wconf 85' lang='lat' dir='ltr'><strong>accipiendum,</strong></span> <span class='ocrx_word' id='word_1_331' title='bbox 1416 3726 1516 3782; x_wconf 86' lang='lat' dir='ltr'><strong>per</strong></span> <span class='ocrx_word' id='word_1_332' title='bbox 1555 3727 1714 3782; x_wconf 82' lang='lat' dir='ltr'><strong>quam</strong></span> <span class='ocrx_word' id='word_1_333' title='bbox 1762 3712 2021 3770; x_wconf 85' lang='lat' dir='ltr'><strong>morimur</strong></span> 
     </span>
    </p>
   </div>
   <div class='ocr_carea' id='block_1_39' title="bbox 425 3802 2020 3874">
    <p class='ocr_par' dir='ltr' id='par_1_39' title="bbox 425 3802 2020 3874">
     <span class='ocr_line' id='line_1_39' title="bbox 425 3802 2020 3874; baseline -0.003 -12"><span class='ocrx_word' id='word_1_334' title='bbox 425 3805 644 3862; x_wconf 90' lang='lat' dir='ltr'><strong>mundo.</strong></span> <span class='ocrx_word' id='word_1_335' title='bbox 689 3804 745 3861; x_wconf 88' lang='lat' dir='ltr'><strong>In</strong></span> <span class='ocrx_word' id='word_1_336' title='bbox 786 3805 874 3862; x_wconf 82' lang='lat' dir='ltr'><strong>illa</strong></span> <span class='ocrx_word' id='word_1_337' title='bbox 915 3805 1058 3861; x_wconf 79' lang='lat' dir='ltr'><strong>enim</strong></span> <span class='ocrx_word' id='word_1_338' title='bbox 1100 3819 1205 3862; x_wconf 91' lang='lat' dir='ltr'><strong>non</strong></span> <span class='ocrx_word' id='word_1_339' title='bbox 1233 3813 1317 3862; x_wconf 83' lang='lat' dir='ltr'><strong>est</strong></span> <span class='ocrx_word' id='word_1_340' title='bbox 1345 3804 1576 3874; x_wconf 81' lang='lat' dir='ltr'><strong>requies.</strong></span> <span class='ocrx_word' id='word_1_341' title='bbox 1602 3802 1861 3862; x_wconf 85' lang='lat' dir='ltr'><strong>Conclusit</strong></span> <span class='ocrx_word' id='word_1_342' title='bbox 1886 3805 2020 3860; x_wconf 85' lang='lat' dir='ltr'><strong>enim</strong></span> 
     </span>
    </p>
   </div>
   <div class='ocr_carea' id='block_1_40' title="bbox 433 3896 2019 3956">
    <p class='ocr_par' dir='ltr' id='par_1_40' title="bbox 433 3896 2019 3956">
     <span class='ocr_line' id='line_1_40' title="bbox 433 3896 2019 3956; baseline 0.001 -4"><span class='ocrx_word' id='word_1_343' title='bbox 433 3897 573 3953; x_wconf 83' lang='lat' dir='ltr'><strong>Deus</strong></span> <span class='ocrx_word' id='word_1_344' title='bbox 601 3899 842 3952; x_wconf 73' lang='lat' dir='ltr'><strong>adversus</strong></span> <span class='ocrx_word' id='word_1_345' title='bbox 860 3913 974 3952; x_wconf 79' lang='lat' dir='ltr'><strong>eum</strong></span> <span class='ocrx_word' id='word_1_346' title='bbox 1001 3915 1019 3952; x_wconf 91' lang='lat'><strong><em>:</em></strong></span> <span class='ocrx_word' id='word_1_347' title='bbox 1049 3913 1154 3953; x_wconf 79' lang='lat' dir='ltr'><strong>non</strong></span> <span class='ocrx_word' id='word_1_348' title='bbox 1178 3912 1302 3954; x_wconf 89' lang='lat' dir='ltr'><strong>eum</strong></span> <span class='ocrx_word' id='word_1_349' title='bbox 1327 3896 1506 3954; x_wconf 83' lang='lat' dir='ltr'><strong>dando</strong></span> <span class='ocrx_word' id='word_1_350' title='bbox 1529 3898 1584 3956; x_wconf 86' lang='lat' dir='ltr'><strong>in</strong></span> <span class='ocrx_word' id='word_1_351' title='bbox 1607 3897 1867 3954; x_wconf 84' lang='lat' dir='ltr'><strong>desideria</strong></span> <span class='ocrx_word' id='word_1_352' title='bbox 1897 3912 2019 3954; x_wconf 91' lang='lat' dir='ltr'><strong>cor-</strong></span> 
     </span>
    </p>
   </div>
   <div class='ocr_carea' id='block_1_41' title="bbox 425 3986 2016 4058">
    <p class='ocr_par' dir='ltr' id='par_1_41' title="bbox 425 3986 2016 4058">
     <span class='ocr_line' id='line_1_41' title="bbox 425 3986 2016 4058; baseline 0.002 -15"><span class='ocrx_word' id='word_1_353' title='bbox 425 3987 508 4044; x_wconf 85' lang='lat' dir='ltr'><strong>dis</strong></span> <span class='ocrx_word' id='word_1_354' title='bbox 547 3988 652 4042; x_wconf 86' lang='lat' dir='ltr'><strong>sui.</strong></span> <span class='ocrx_word' id='word_1_355' title='bbox 698 3986 828 4043; x_wconf 76' lang='lat' dir='ltr'><strong>Ante</strong></span> <span class='ocrx_word' id='word_1_356' title='bbox 860 4003 999 4042; x_wconf 84' lang='lat' dir='ltr'><strong>escas</strong></span> <span class='ocrx_word' id='word_1_357' title='bbox 1036 3989 1222 4058; x_wconf 80' lang='lat' dir='ltr'><strong>quippe</strong></span> <span class='ocrx_word' id='word_1_358' title='bbox 1256 4004 1392 4044; x_wconf 84' lang='lat' dir='ltr'><strong>meas</strong></span> <span class='ocrx_word' id='word_1_359' title='bbox 1429 3989 1642 4058; x_wconf 80' lang='lat' dir='ltr'><strong>gemitus</strong></span> <span class='ocrx_word' id='word_1_360' title='bbox 1679 3988 1866 4044; x_wconf 84' lang='lat' dir='ltr'><strong>adest:</strong></span> <span class='ocrx_word' id='word_1_361' title='bbox 1891 3997 2016 4046; x_wconf 83' lang='lat' dir='ltr'><strong>ante</strong></span> 
     </span>
    </p>
   </div>
   <div class='ocr_carea' id='block_1_42' title="bbox 425 4077 2016 4150">
    <p class='ocr_par' dir='ltr' id='par_1_42' title="bbox 425 4077 2016 4150">
     <span class='ocr_line' id='line_1_42' title="bbox 425 4077 2016 4150; baseline 0.001 -18"><span class='ocrx_word' id='word_1_362' title='bbox 425 4078 678 4150; x_wconf 89' lang='lat' dir='ltr'><strong>gaudium</strong></span> <span class='ocrx_word' id='word_1_363' title='bbox 699 4077 938 4134; x_wconf 83' lang='lat' dir='ltr'><strong>ciborum</strong></span> <span class='ocrx_word' id='word_1_364' title='bbox 967 4078 1061 4134; x_wconf 87' lang='lat' dir='ltr'><strong>Dei</strong></span> <span class='ocrx_word' id='word_1_365' title='bbox 1085 4078 1454 4138; x_wconf 83' lang='lat' dir='ltr'><strong>tribulationcs</strong></span> <span class='ocrx_word' id='word_1_366' title='bbox 1479 4077 1802 4148; x_wconf 72' lang='lat' dir='ltr'><strong>prmcederc.</strong></span> <span class='ocrx_word' id='word_1_367' title='bbox 1831 4078 1897 4134; x_wconf 83' lang='lat' dir='ltr'><strong>Et</strong></span> <span class='ocrx_word' id='word_1_368' title='bbox 1917 4081 2016 4150; x_wconf 74' lang='lat' dir='ltr'><strong>[leo</strong></span> 
     </span>
    </p>
   </div>
   <div class='ocr_carea' id='block_1_43' title="bbox 423 4169 2015 4241">
    <p class='ocr_par' dir='ltr' id='par_1_43' title="bbox 423 4169 2015 4241">
     <span class='ocr_line' id='line_1_43' title="bbox 423 4169 2015 4241; baseline 0.001 -16"><span class='ocrx_word' id='word_1_369' title='bbox 423 4179 709 4225; x_wconf 81' lang='lat' dir='ltr'><strong>coarctatus</strong></span> <span class='ocrx_word' id='word_1_370' title='bbox 729 4170 906 4225; x_wconf 81' lang='lat' dir='ltr'><strong>timore</strong></span> <span class='ocrx_word' id='word_1_371' title='bbox 924 4186 945 4224; x_wconf 87' lang='lat'><strong><em>:</em></strong></span> <span class='ocrx_word' id='word_1_372' title='bbox 967 4169 1153 4226; x_wconf 72' lang='lat' dir='ltr'><strong>ridens</strong></span> <span class='ocrx_word' id='word_1_373' title='bbox 1176 4171 1297 4241; x_wconf 79' lang='lat' dir='ltr'><strong>quia</strong></span> <span class='ocrx_word' id='word_1_374' title='bbox 1315 4171 1516 4226; x_wconf 83' lang='lat' dir='ltr'><strong>evitare</strong></span> <span class='ocrx_word' id='word_1_375' title='bbox 1534 4185 1640 4226; x_wconf 90' lang='lat' dir='ltr'><strong>non</strong></span> <span class='ocrx_word' id='word_1_376' title='bbox 1664 4185 1876 4240; x_wconf 81' lang='lat' dir='ltr'><strong>possum</strong></span> <span class='ocrx_word' id='word_1_377' title='bbox 1895 4186 2015 4240; x_wconf 73' lang='lat' dir='ltr'><strong>quae</strong></span> 
     </span>
    </p>
   </div>
   <div class='ocr_carea' id='block_1_44' title="bbox 425 4259 2044 4332">
    <p class='ocr_par' dir='ltr' id='par_1_44' title="bbox 425 4259 2044 4332">
     <span class='ocr_line' id='line_1_44' title="bbox 425 4259 2044 4332; baseline 0.001 -15"><span class='ocrx_word' id='word_1_378' title='bbox 425 4261 598 4318; x_wconf 83' lang='lat' dir='ltr'><strong>timui.</strong></span> <span class='ocrx_word' id='word_1_379' title='bbox 637 4259 812 4316; x_wconf 87' lang='lat' dir='ltr'><strong>Timor</strong></span> <span class='ocrx_word' id='word_1_380' title='bbox 831 4262 966 4316; x_wconf 68' lang='lat' dir='ltr'><strong>enim</strong></span> <span class='ocrx_word' id='word_1_381' title='bbox 991 4278 1138 4331; x_wconf 81' lang='lat' dir='ltr'><strong>quens</strong></span> <span class='ocrx_word' id='word_1_382' title='bbox 1163 4262 1400 4328; x_wconf 73' lang='lat' dir='ltr'><strong>verebar,</strong></span> <span class='ocrx_word' id='word_1_383' title='bbox 1424 4263 1558 4317; x_wconf 70' lang='lat' dir='ltr'><strong>venit</strong></span> <span class='ocrx_word' id='word_1_384' title='bbox 1583 4262 1708 4319; x_wconf 69' lang='lat' dir='ltr'><strong>mihi</strong></span> <span class='ocrx_word' id='word_1_385' title='bbox 1735 4279 1752 4318; x_wconf 90' lang='lat'><strong><em>:</em></strong></span> <span class='ocrx_word' id='word_1_386' title='bbox 1782 4261 2014 4320; x_wconf 85' lang='lat' dir='ltr'><strong>adversa</strong></span> <span class='ocrx_word' id='word_1_387' title='bbox 2041 4329 2044 4332; x_wconf 27' lang='lat'><strong>,</strong></span> 
     </span>
    </p>
   </div>
   <div class='ocr_carea' id='block_1_45' title="bbox 424 4352 2011 4428">
    <p class='ocr_par' dir='ltr' id='par_1_45' title="bbox 424 4352 2011 4428">
     <span class='ocr_line' id='line_1_45' title="bbox 424 4352 2011 4428; baseline 0 -18"><span class='ocrx_word' id='word_1_388' title='bbox 424 4371 543 4426; x_wconf 68' lang='lat' dir='ltr'><strong>qua:</strong></span> <span class='ocrx_word' id='word_1_389' title='bbox 569 4353 637 4410; x_wconf 90' lang='lat' dir='ltr'><strong>de</strong></span> <span class='ocrx_word' id='word_1_390' title='bbox 654 4354 1014 4410; x_wconf 86' lang='lat' dir='ltr'><strong>misericordia</strong></span> <span class='ocrx_word' id='word_1_391' title='bbox 1037 4354 1130 4410; x_wconf 88' lang='lat' dir='ltr'><strong>Dei</strong></span> <span class='ocrx_word' id='word_1_392' title='bbox 1151 4354 1220 4410; x_wconf 81' lang='lat' dir='ltr'><strong>ad</strong></span> <span class='ocrx_word' id='word_1_393' title='bbox 1237 4356 1633 4425; x_wconf 88' lang='lat' dir='ltr'><strong>correptionem</strong></span> <span class='ocrx_word' id='word_1_394' title='bbox 1657 4355 1806 4411; x_wconf 75' lang='lat' dir='ltr'><strong>(lunt.</strong></span> <span class='ocrx_word' id='word_1_395' title='bbox 1833 4352 2011 4428; x_wconf 80' lang='lat' dir='ltr'><strong>Neque</strong></span> 
     </span>
    </p>
   </div>
   <div class='ocr_carea' id='block_1_46' title="bbox 425 4444 2014 4518">
    <p class='ocr_par' dir='ltr' id='par_1_46' title="bbox 425 4444 2014 4518">
     <span class='ocr_line' id='line_1_46' title="bbox 425 4444 2014 4518; baseline 0.001 -19"><span class='ocrx_word' id='word_1_396' title='bbox 425 4446 480 4499; x_wconf 88' lang='lat' dir='ltr'><strong>in</strong></span> <span class='ocrx_word' id='word_1_397' title='bbox 508 4461 632 4516; x_wconf 85' lang='lat' dir='ltr'><strong>pace</strong></span> <span class='ocrx_word' id='word_1_398' title='bbox 648 4487 663 4512; x_wconf 97' lang='lat'><strong>,</strong></span> <span class='ocrx_word' id='word_1_399' title='bbox 694 4461 852 4516; x_wconf 75' lang='lat' dir='ltr'><strong>neque</strong></span> <span class='ocrx_word' id='word_1_400' title='bbox 877 4446 932 4498; x_wconf 87' lang='lat' dir='ltr'><strong>in</strong></span> <span class='ocrx_word' id='word_1_401' title='bbox 954 4445 1185 4509; x_wconf 74' lang='lat' dir='ltr'><strong>silentio,</strong></span> <span class='ocrx_word' id='word_1_402' title='bbox 1213 4461 1372 4516; x_wconf 72' lang='lat' dir='ltr'><strong>neque</strong></span> <span class='ocrx_word' id='word_1_403' title='bbox 1394 4446 1447 4501; x_wconf 81' lang='lat' dir='ltr'><strong>in</strong></span> <span class='ocrx_word' id='word_1_404' title='bbox 1469 4447 1661 4518; x_wconf 81' lang='lat' dir='ltr'><strong>requie.</strong></span> <span class='ocrx_word' id='word_1_405' title='bbox 1691 4444 1843 4500; x_wconf 88' lang='lat' dir='ltr'><strong>Falsa</strong></span> <span class='ocrx_word' id='word_1_406' title='bbox 1869 4444 2014 4501; x_wconf 85' lang='lat' dir='ltr'><strong>enim</strong></span> 
     </span>
    </p>
   </div>
   <div class='ocr_carea' id='block_1_47' title="bbox 427 4535 2017 4607">
    <p class='ocr_par' dir='ltr' id='par_1_47' title="bbox 427 4535 2017 4607">
     <span class='ocr_line' id='line_1_47' title="bbox 427 4535 2017 4607; baseline 0.003 -17"><span class='ocrx_word' id='word_1_407' title='bbox 427 4537 674 4600; x_wconf 80' lang='lat' dir='ltr'><strong>fuerunt,</strong></span> <span class='ocrx_word' id='word_1_408' title='bbox 712 4544 932 4607; x_wconf 78' lang='lat' dir='ltr'><strong>propter</strong></span> <span class='ocrx_word' id='word_1_409' title='bbox 972 4552 1091 4607; x_wconf 66' lang='lat' dir='ltr'><strong>quia</strong></span> <span class='ocrx_word' id='word_1_410' title='bbox 1132 4537 1372 4595; x_wconf 80' lang='lat' dir='ltr'><strong>timebat.</strong></span> <span class='ocrx_word' id='word_1_411' title='bbox 1414 4535 1558 4594; x_wconf 80' lang='lat' dir='ltr'><strong>Venit</strong></span> <span class='ocrx_word' id='word_1_412' title='bbox 1581 4537 1715 4595; x_wconf 81' lang='lat' dir='ltr'><strong>enim</strong></span> <span class='ocrx_word' id='word_1_413' title='bbox 1736 4537 1864 4594; x_wconf 74' lang='lat' dir='ltr'><strong>mihi</strong></span> <span class='ocrx_word' id='word_1_414' title='bbox 1892 4537 1970 4592; x_wconf 89' lang='lat' dir='ltr'><strong>ira</strong></span> <span class='ocrx_word' id='word_1_415' title='bbox 1995 4551 2017 4595; x_wconf 87' lang='lat'><strong><em>:</em></strong></span> 
     </span>
    </p>
   </div>
   <div class='ocr_carea' id='block_1_48' title="bbox 431 4625 2011 4700">
    <p class='ocr_par' dir='ltr' id='par_1_48' title="bbox 431 4625 2011 4700">
     <span class='ocr_line' id='line_1_48' title="bbox 431 4625 2011 4700; baseline 0.001 -21"><span class='ocrx_word' id='word_1_416' title='bbox 431 4625 684 4691; x_wconf 79' lang='lat' dir='ltr'><strong>vindicta,</strong></span> <span class='ocrx_word' id='word_1_417' title='bbox 703 4625 995 4682; x_wconf 84' lang='lat' dir='ltr'><strong>secundum</strong></span> <span class='ocrx_word' id='word_1_418' title='bbox 1021 4642 1182 4700; x_wconf 76' lang='lat' dir='ltr'><strong>quam</strong></span> <span class='ocrx_word' id='word_1_419' title='bbox 1201 4629 1378 4699; x_wconf 72' lang='lat' dir='ltr'><strong>insitis</strong></span> <span class='ocrx_word' id='word_1_420' title='bbox 1400 4627 1488 4684; x_wconf 76' lang='lat' dir='ltr'><strong>vix</strong></span> <span class='ocrx_word' id='word_1_421' title='bbox 1509 4627 1692 4684; x_wconf 81' lang='lat' dir='ltr'><strong>salvus</strong></span> <span class='ocrx_word' id='word_1_422' title='bbox 1716 4627 1778 4684; x_wconf 85' lang='lat' dir='ltr'><strong>lit</strong></span> <span class='ocrx_word' id='word_1_423' title='bbox 1798 4628 1844 4697; x_wconf 89' lang='lat' dir='ltr'><strong>(l</strong></span> <span class='ocrx_word' id='word_1_424' title='bbox 1869 4626 2011 4684; x_wconf 72' lang='lat' dir='ltr'><strong>Patr.</strong></span> 
     </span>
    </p>
   </div>
   <div class='ocr_carea' id='block_1_49' title="bbox 427 4717 662 4791">
    <p class='ocr_par' dir='ltr' id='par_1_49' title="bbox 427 4717 662 4791">
     <span class='ocr_line' id='line_1_49' title="bbox 427 4717 662 4791; baseline 0.004 -18"><span class='ocrx_word' id='word_1_425' title='bbox 427 4732 512 4785; x_wconf 83' lang='lat' dir='ltr'><strong>iv,</strong></span> <span class='ocrx_word' id='word_1_426' title='bbox 546 4717 662 4791; x_wconf 89' lang='grc'><strong>18).</strong></span> 
     </span>
    </p>
   </div>
   <div class='ocr_carea' id='block_1_50' title="bbox 502 4809 2016 4885">
    <p class='ocr_par' dir='ltr' id='par_1_50' title="bbox 502 4809 2016 4885">
     <span class='ocr_line' id='line_1_50' title="bbox 502 4809 2016 4885; baseline 0.002 -20"><span class='ocrx_word' id='word_1_427' title='bbox 502 4809 602 4884; x_wconf 86' lang='grc'><strong>[11).</strong></span> <span class='ocrx_word' id='word_1_428' title='bbox 623 4809 723 4884; x_wconf 85' lang='lat' dir='ltr'><strong>tv.]</strong></span> <span class='ocrx_word' id='word_1_429' title='bbox 745 4810 916 4868; x_wconf 81' lang='lat' dir='ltr'><strong>Verba</strong></span> <span class='ocrx_word' id='word_1_430' title='bbox 940 4811 1175 4880; x_wconf 80' lang='lat' dir='ltr'><strong>Elipbaz.</strong></span> <span class='ocrx_word' id='word_1_431' title='bbox 1194 4811 1410 4885; x_wconf 70' lang='lat' dir='ltr'><strong>Peridus</strong></span> <span class='ocrx_word' id='word_1_432' title='bbox 1435 4821 1604 4869; x_wconf 72' lang='lat' dir='ltr'><strong>autem</strong></span> <span class='ocrx_word' id='word_1_433' title='bbox 1627 4812 1886 4870; x_wconf 70' lang='lat' dir='ltr'><strong>uerborum</strong></span> <span class='ocrx_word' id='word_1_434' title='bbox 1905 4823 2016 4868; x_wconf 79' lang='lat' dir='ltr'><strong>tuo-</strong></span> 
     </span>
    </p>
   </div>
   <div class='ocr_carea' id='block_1_51' title="bbox 425 4901 2016 4975">
    <p class='ocr_par' dir='ltr' id='par_1_51' title="bbox 425 4901 2016 4975">
     <span class='ocr_line' id='line_1_51' title="bbox 425 4901 2016 4975; baseline 0.001 -16"><span class='ocrx_word' id='word_1_435' title='bbox 425 4919 542 4959; x_wconf 80' lang='lat' dir='ltr'><strong>rum</strong></span> <span class='ocrx_word' id='word_1_436' title='bbox 581 4903 692 4975; x_wconf 78' lang='lat' dir='ltr'><strong>quis</strong></span> <span class='ocrx_word' id='word_1_437' title='bbox 721 4904 981 4960; x_wconf 70' lang='lat' dir='ltr'><strong>sustinebit</strong></span> <span class='ocrx_word' id='word_1_438' title='bbox 1002 4905 1027 4957; x_wconf 72' lang='lat'><strong><em>7</em></strong></span> <span class='ocrx_word' id='word_1_439' title='bbox 1055 4903 1151 4958; x_wconf 82' lang='lat' dir='ltr'><strong>Hic</strong></span> <span class='ocrx_word' id='word_1_440' title='bbox 1177 4917 1306 4973; x_wconf 80' lang='lat' dir='ltr'><strong>ergo</strong></span> <span class='ocrx_word' id='word_1_441' title='bbox 1325 4901 1458 4959; x_wconf 81' lang='lat' dir='ltr'><strong>dicit</strong></span> <span class='ocrx_word' id='word_1_442' title='bbox 1473 4918 1539 4959; x_wconf 82' lang='lat' dir='ltr'><strong>se</strong></span> <span class='ocrx_word' id='word_1_443' title='bbox 1562 4903 1678 4974; x_wconf 84' lang='lat' dir='ltr'><strong>cogi</strong></span> <span class='ocrx_word' id='word_1_444' title='bbox 1704 4902 1772 4960; x_wconf 84' lang='lat' dir='ltr'><strong>ad</strong></span> <span class='ocrx_word' id='word_1_445' title='bbox 1796 4903 2016 4974; x_wconf 85' lang='lat' dir='ltr'><strong>loquen-</strong></span> 
     </span>
    </p>
   </div>
   <div class='ocr_carea' id='block_1_52' title="bbox 424 4992 2014 5067">
    <p class='ocr_par' dir='ltr' id='par_1_52' title="bbox 424 4992 2014 5067">
     <span class='ocr_line' id='line_1_52' title="bbox 424 4992 2014 5067; baseline 0.001 -17"><span class='ocrx_word' id='word_1_446' title='bbox 424 4995 552 5050; x_wconf 88' lang='lat' dir='ltr'><strong>dum</strong></span> <span class='ocrx_word' id='word_1_447' title='bbox 576 5036 591 5061; x_wconf 90' lang='lat'><strong>,</strong></span> <span class='ocrx_word' id='word_1_448' title='bbox 628 4996 752 5067; x_wconf 82' lang='lat' dir='ltr'><strong>quia</strong></span> <span class='ocrx_word' id='word_1_449' title='bbox 781 5011 888 5051; x_wconf 81' lang='lat' dir='ltr'><strong>non</strong></span> <span class='ocrx_word' id='word_1_450' title='bbox 913 4996 1138 5050; x_wconf 82' lang='lat' dir='ltr'><strong>sustinet</strong></span> <span class='ocrx_word' id='word_1_451' title='bbox 1163 4993 1302 5050; x_wconf 77' lang='lat' dir='ltr'><strong>dicta</strong></span> <span class='ocrx_word' id='word_1_452' title='bbox 1331 4994 1472 5064; x_wconf 75' lang='lat' dir='ltr'><strong>eius.</strong></span> <span class='ocrx_word' id='word_1_453' title='bbox 1506 4992 1694 5052; x_wconf 74' lang='lat' dir='ltr'><strong>Nam</strong></span> <span class='ocrx_word' id='word_1_454' title='bbox 1721 4996 1872 5052; x_wconf 79' lang='lat' dir='ltr'><strong>timor</strong></span> <span class='ocrx_word' id='word_1_455' title='bbox 1899 5005 2014 5051; x_wconf 84' lang='lat' dir='ltr'><strong>tuus</strong></span> 
     </span>
    </p>
   </div>
   <div class='ocr_carea' id='block_1_53' title="bbox 425 5086 2015 5154">
    <p class='ocr_par' dir='ltr' id='par_1_53' title="bbox 425 5086 2015 5154">
     <span class='ocr_line' id='line_1_53' title="bbox 425 5086 2015 5154; baseline 0 -11"><span class='ocrx_word' id='word_1_456' title='bbox 425 5090 608 5143; x_wconf 86' lang='lat' dir='ltr'><strong>stultus</strong></span> <span class='ocrx_word' id='word_1_457' title='bbox 632 5090 744 5142; x_wconf 84' lang='lat' dir='ltr'><strong>est?</strong></span> <span class='ocrx_word' id='word_1_458' title='bbox 764 5087 985 5142; x_wconf 88' lang='lat' dir='ltr'><strong>Paratus</strong></span> <span class='ocrx_word' id='word_1_459' title='bbox 1004 5086 1145 5142; x_wconf 91' lang='lat' dir='ltr'><strong>enim</strong></span> <span class='ocrx_word' id='word_1_460' title='bbox 1165 5086 1230 5141; x_wconf 89' lang='lat' dir='ltr'><strong>ad</strong></span> <span class='ocrx_word' id='word_1_461' title='bbox 1251 5087 1366 5141; x_wconf 85' lang='lat' dir='ltr'><strong>haec</strong></span> <span class='ocrx_word' id='word_1_462' title='bbox 1385 5101 1505 5142; x_wconf 91' lang='lat' dir='ltr'><strong>esse</strong></span> <span class='ocrx_word' id='word_1_463' title='bbox 1526 5086 1808 5154; x_wconf 90' lang='lat' dir='ltr'><strong>debueras,</strong></span> <span class='ocrx_word' id='word_1_464' title='bbox 1831 5087 1875 5141; x_wconf 88' lang='lat' dir='ltr'><strong>si</strong></span> <span class='ocrx_word' id='word_1_465' title='bbox 1897 5087 2015 5143; x_wconf 89' lang='lat' dir='ltr'><strong>aliis</strong></span> 
     </span>
    </p>
   </div>
   <div class='ocr_carea' id='block_1_54' title="bbox 426 5177 2014 5246">
    <p class='ocr_par' dir='ltr' id='par_1_54' title="bbox 426 5177 2014 5246">
     <span class='ocr_line' id='line_1_54' title="bbox 426 5177 2014 5246; baseline 0 -12"><span class='ocrx_word' id='word_1_466' title='bbox 426 5179 687 5234; x_wconf 89' lang='lat' dir='ltr'><strong>veraciter</strong></span> <span class='ocrx_word' id='word_1_467' title='bbox 707 5177 985 5234; x_wconf 89' lang='lat' dir='ltr'><strong>suadebas.</strong></span> <span class='ocrx_word' id='word_1_468' title='bbox 1010 5177 1119 5233; x_wconf 80' lang='lat' dir='ltr'><strong>Nec</strong></span> <span class='ocrx_word' id='word_1_469' title='bbox 1145 5177 1267 5234; x_wconf 90' lang='lat' dir='ltr'><strong>talia</strong></span> <span class='ocrx_word' id='word_1_470' title='bbox 1287 5178 1424 5233; x_wconf 89' lang='lat' dir='ltr'><strong>bene</strong></span> <span class='ocrx_word' id='word_1_471' title='bbox 1447 5177 1666 5233; x_wconf 89' lang='lat' dir='ltr'><strong>timuisti</strong></span> <span class='ocrx_word' id='word_1_472' title='bbox 1690 5196 1704 5246; x_wconf 90' lang='lat'><strong>;</strong></span> <span class='ocrx_word' id='word_1_473' title='bbox 1727 5195 1847 5234; x_wconf 90' lang='lat' dir='ltr'><strong>cum</strong></span> <span class='ocrx_word' id='word_1_474' title='bbox 1870 5177 2014 5234; x_wconf 91' lang='lat' dir='ltr'><strong>dice-</strong></span> 
     </span>
    </p>
   </div>
   <div class='ocr_carea' id='block_1_55' title="bbox 425 5269 2012 5343">
    <p class='ocr_par' dir='ltr' id='par_1_55' title="bbox 425 5269 2012 5343">
     <span class='ocr_line' id='line_1_55' title="bbox 425 5269 2012 5343; baseline -0.001 -15"><span class='ocrx_word' id='word_1_475' title='bbox 425 5288 543 5339; x_wconf 89' lang='lat' dir='ltr'><strong>res,</strong></span> <span class='ocrx_word' id='word_1_476' title='bbox 573 5271 744 5326; x_wconf 90' lang='lat' dir='ltr'><strong>Timor</strong></span> <span class='ocrx_word' id='word_1_477' title='bbox 767 5271 900 5327; x_wconf 90' lang='lat' dir='ltr'><strong>enim</strong></span> <span class='ocrx_word' id='word_1_478' title='bbox 923 5288 1069 5343; x_wconf 82' lang='lat' dir='ltr'><strong>quem</strong></span> <span class='ocrx_word' id='word_1_479' title='bbox 1095 5270 1327 5336; x_wconf 83' lang='lat' dir='ltr'><strong>verebar,</strong></span> <span class='ocrx_word' id='word_1_480' title='bbox 1353 5270 1484 5326; x_wconf 75' lang='lat' dir='ltr'><strong>uenit</strong></span> <span class='ocrx_word' id='word_1_481' title='bbox 1509 5269 1636 5327; x_wconf 77' lang='lat' dir='ltr'><strong>mihi</strong></span> <span class='ocrx_word' id='word_1_482' title='bbox 1660 5269 1780 5342; x_wconf 77' lang='lat' dir='ltr'><strong>(Job</strong></span> <span class='ocrx_word' id='word_1_483' title='bbox 1802 5289 1876 5338; x_wconf 89' lang='grc' dir='ltr'><strong>ιιι,</strong></span> <span class='ocrx_word' id='word_1_484' title='bbox 1897 5269 2012 5343; x_wconf 76' lang='lat'><strong>23).</strong></span> 
     </span>
    </p>
   </div>
   <div class='ocr_carea' id='block_1_56' title="bbox 427 5363 2015 5436">
    <p class='ocr_par' dir='ltr' id='par_1_56' title="bbox 427 5363 2015 5436">
     <span class='ocr_line' id='line_1_56' title="bbox 427 5363 2015 5436; baseline -0.001 -16"><span class='ocrx_word' id='word_1_485' title='bbox 427 5363 494 5420; x_wconf 86' lang='lat' dir='ltr'><strong>Et</strong></span> <span class='ocrx_word' id='word_1_486' title='bbox 535 5381 650 5435; x_wconf 84' lang='lat' dir='ltr'><strong>spes</strong></span> <span class='ocrx_word' id='word_1_487' title='bbox 694 5374 783 5420; x_wconf 79' lang='lat' dir='ltr'><strong>tua</strong></span> <span class='ocrx_word' id='word_1_488' title='bbox 807 5376 855 5420; x_wconf 90' lang='lat' dir='ltr'><strong>et</strong></span> <span class='ocrx_word' id='word_1_489' title='bbox 879 5363 1175 5435; x_wconf 83' lang='lat' dir='ltr'><strong>simplicitas</strong></span> <span class='ocrx_word' id='word_1_490' title='bbox 1195 5363 1309 5420; x_wconf 67' lang='lat' dir='ltr'><strong>vita</strong></span> <span class='ocrx_word' id='word_1_491' title='bbox 1329 5371 1430 5418; x_wconf 69' lang='lat' dir='ltr'><strong>tua</strong></span> <span class='ocrx_word' id='word_1_492' title='bbox 1455 5363 1602 5433; x_wconf 80' lang='lat' dir='ltr'><strong>quasi</strong></span> <span class='ocrx_word' id='word_1_493' title='bbox 1627 5364 1838 5422; x_wconf 73' lang='lat' dir='ltr'><strong>stultitia</strong></span> <span class='ocrx_word' id='word_1_494' title='bbox 1867 5381 1885 5420; x_wconf 87' lang='lat'><strong><em>:</em></strong></span> <span class='ocrx_word' id='word_1_495' title='bbox 1911 5380 2015 5436; x_wconf 83' lang='lat' dir='ltr'><strong>qua</strong></span> 
     </span>
    </p>
   </div>
   <div class='ocr_carea' id='block_1_57' title="bbox 427 5453 2015 5527">
    <p class='ocr_par' dir='ltr' id='par_1_57' title="bbox 427 5453 2015 5527">
     <span class='ocr_line' id='line_1_57' title="bbox 427 5453 2015 5527; baseline 0 -16"><span class='ocrx_word' id='word_1_496' title='bbox 427 5456 526 5511; x_wconf 88' lang='lat' dir='ltr'><strong>ista</strong></span> <span class='ocrx_word' id='word_1_497' title='bbox 551 5456 688 5512; x_wconf 88' lang='lat' dir='ltr'><strong>bona</strong></span> <span class='ocrx_word' id='word_1_498' title='bbox 717 5466 986 5527; x_wconf 86' lang='lat' dir='ltr'><strong>putantur.</strong></span> <span class='ocrx_word' id='word_1_499' title='bbox 1013 5454 1269 5510; x_wconf 88' lang='lat' dir='ltr'><strong>Fremitus</strong></span> <span class='ocrx_word' id='word_1_500' title='bbox 1299 5453 1456 5515; x_wconf 66' lang='lat' dir='ltr'><strong>leonis</strong></span> <span class='ocrx_word' id='word_1_501' title='bbox 1479 5464 1526 5514; x_wconf 75' lang='lat' dir='ltr'><strong>et</strong></span> <span class='ocrx_word' id='word_1_502' title='bbox 1548 5471 1647 5512; x_wconf 71' lang='lat' dir='ltr'><strong>uti:</strong></span> <span class='ocrx_word' id='word_1_503' title='bbox 1669 5456 1840 5514; x_wconf 65' lang='lat' dir='ltr'><strong>leone</strong></span> <span class='ocrx_word' id='word_1_504' title='bbox 1859 5472 1878 5510; x_wconf 89' lang='lat'><strong><em>:</em></strong></span> <span class='ocrx_word' id='word_1_505' title='bbox 1902 5456 2015 5526; x_wconf 85' lang='lat' dir='ltr'><strong>ipse</strong></span> 
     </span>
    </p>
   </div>
   <div class='ocr_carea' id='block_1_58' title="bbox 430 5549 2016 5622">
    <p class='ocr_par' dir='ltr' id='par_1_58' title="bbox 430 5549 2016 5622">
     <span class='ocr_line' id='line_1_58' title="bbox 430 5549 2016 5622; baseline 0.001 -18"><span class='ocrx_word' id='word_1_506' title='bbox 430 5550 674 5605; x_wconf 84' lang='lat' dir='ltr'><strong>diabolus</strong></span> <span class='ocrx_word' id='word_1_507' title='bbox 692 5592 706 5616; x_wconf 92' lang='lat'><strong>,</strong></span> <span class='ocrx_word' id='word_1_508' title='bbox 732 5557 787 5606; x_wconf 87' lang='lat' dir='ltr'><strong>et</strong></span> <span class='ocrx_word' id='word_1_509' title='bbox 807 5550 1073 5622; x_wconf 64' lang='lat' dir='ltr'><strong>superbia</strong></span> <span class='ocrx_word' id='word_1_510' title='bbox 1093 5549 1308 5616; x_wconf 78' lang='lat' dir='ltr'><strong>civitas,</strong></span> <span class='ocrx_word' id='word_1_511' title='bbox 1337 5566 1456 5621; x_wconf 73' lang='lat' dir='ltr'><strong>qua:</strong></span> <span class='ocrx_word' id='word_1_512' title='bbox 1485 5564 1628 5622; x_wconf 64' lang='lat' dir='ltr'><strong>sape</strong></span> <span class='ocrx_word' id='word_1_513' title='bbox 1653 5552 1810 5607; x_wconf 82' lang='lat' dir='ltr'><strong>etiam</strong></span> <span class='ocrx_word' id='word_1_514' title='bbox 1831 5551 2016 5608; x_wconf 70' lang='lat' dir='ltr'><strong>bestias</strong></span> 
     </span>
    </p>
   </div>
   <div class='ocr_carea' id='block_1_59' title="bbox 430 5640 2016 5713">
    <p class='ocr_par' dir='ltr' id='par_1_59' title="bbox 430 5640 2016 5713">
     <span class='ocr_line' id='line_1_59' title="bbox 430 5640 2016 5713; baseline 0.003 -18"><span class='ocrx_word' id='word_1_515' title='bbox 430 5655 580 5696; x_wconf 88' lang='lat' dir='ltr'><strong>more</strong></span> <span class='ocrx_word' id='word_1_516' title='bbox 595 5655 624 5694; x_wconf 91' lang='lat' dir='ltr'><strong>a</strong></span> <span class='ocrx_word' id='word_1_517' title='bbox 641 5640 920 5710; x_wconf 85' lang='lat' dir='ltr'><strong>PrOphctis</strong></span> <span class='ocrx_word' id='word_1_518' title='bbox 940 5641 1169 5711; x_wconf 89' lang='lat' dir='ltr'><strong>ponitur.</strong></span> <span class='ocrx_word' id='word_1_519' title='bbox 1197 5641 1262 5696; x_wconf 88' lang='lat' dir='ltr'><strong>Et</strong></span> <span class='ocrx_word' id='word_1_520' title='bbox 1279 5641 1522 5713; x_wconf 79' lang='lat' dir='ltr'><strong>gaudium</strong></span> <span class='ocrx_word' id='word_1_521' title='bbox 1542 5642 1815 5700; x_wconf 85' lang='lat' dir='ltr'><strong>draconum</strong></span> <span class='ocrx_word' id='word_1_522' title='bbox 1828 5645 2016 5700; x_wconf 71' lang='lat' dir='ltr'><strong>exstin-</strong></span> 
     </span>
    </p>
   </div>
   <div class='ocr_carea' id='block_1_60' title="bbox 500 5751 1682 5820">
    <p class='ocr_par' dir='ltr' id='par_1_60' title="bbox 500 5751 1682 5820">
     <span class='ocr_line' id='line_1_60' title="bbox 500 5751 1682 5820; baseline 0.003 -18"><span class='ocrx_word' id='word_1_523' title='bbox 500 5753 520 5787; x_wconf 70' lang='grc' dir='ltr'>ί</span> <span class='ocrx_word' id='word_1_524' title='bbox 543 5757 596 5802; x_wconf 81' lang='grc' dir='ltr'><strong>ιιι</strong></span> <span class='ocrx_word' id='word_1_525' title='bbox 617 5751 778 5815; x_wconf 82' lang='lat' dir='ltr'><strong>editis,</strong></span> <span class='ocrx_word' id='word_1_526' title='bbox 801 5753 1117 5818; x_wconf 83' lang='lat' dir='ltr'><strong>adoptionem.</strong></span> <span class='ocrx_word' id='word_1_527' title='bbox 1143 5761 1196 5805; x_wconf 86' lang='lat' dir='ltr'><strong>tu</strong></span> <span class='ocrx_word' id='word_1_528' title='bbox 1214 5761 1343 5818; x_wconf 71' lang='lat' dir='ltr'><strong>las,</strong></span> <span class='ocrx_word' id='word_1_529' title='bbox 1366 5755 1682 5820; x_wconf 84' lang='lat' dir='ltr'><strong>adeptionem.</strong></span> 
     </span>
    </p>
   </div>
   <div class='ocr_carea' id='block_1_61' title="bbox 1404 279 2730 352">
    <p class='ocr_par' dir='ltr' id='par_1_61' title="bbox 1404 279 2730 352">
     <span class='ocr_line' id='line_1_61' title="bbox 1404 279 2730 352; baseline -0.008 -7"><span class='ocrx_word' id='word_1_530' title='bbox 1404 280 1940 345; x_wconf 73' lang='lat' dir='ltr'><strong>ANNOTATIONUM</strong></span> <span class='ocrx_word' id='word_1_531' title='bbox 1984 280 2045 336; x_wconf 75' lang='lat' dir='ltr'><strong>lN</strong></span> <span class='ocrx_word' id='word_1_532' title='bbox 2085 279 2224 352; x_wconf 75' lang='lat' dir='ltr'><strong>JOB,</strong></span> <span class='ocrx_word' id='word_1_533' title='bbox 2265 279 2324 336; x_wconf 88' lang='lat' dir='ltr'><strong>S.</strong></span> <span class='ocrx_word' id='word_1_534' title='bbox 2367 279 2730 339; x_wconf 83' lang='lat' dir='ltr'><strong>AUGUSTINI</strong></span> 
     </span>
    </p>
   </div>
   <div class='ocr_carea' id='block_1_62' title="bbox 3626 290 3722 356">
    <p class='ocr_par' dir='ltr' id='par_1_62' title="bbox 3626 290 3722 356">
     <span class='ocr_line' id='line_1_62' title="bbox 3626 290 3722 356; baseline 0.104 -10"><span class='ocrx_word' id='word_1_535' title='bbox 3626 290 3722 356; x_wconf 74' lang='lat'><strong>828</strong></span> 
     </span>
    </p>
   </div>
   <div class='ocr_carea' id='block_1_63' title="bbox 2145 395 3723 474">
    <p class='ocr_par' dir='ltr' id='par_1_63' title="bbox 2145 395 3723 474">
     <span class='ocr_line' id='line_1_63' title="bbox 2145 395 3723 474; baseline 0.006 -24"><span class='ocrx_word' id='word_1_536' title='bbox 2145 405 2281 454; x_wconf 86' lang='lat' dir='ltr'><strong>ctum</strong></span> <span class='ocrx_word' id='word_1_537' title='bbox 2323 405 2397 451; x_wconf 82' lang='lat' dir='ltr'><strong>est</strong></span> <span class='ocrx_word' id='word_1_538' title='bbox 2428 413 2446 452; x_wconf 88' lang='lat'><strong><em>:</em></strong></span> <span class='ocrx_word' id='word_1_539' title='bbox 2474 396 2824 467; x_wconf 87' lang='lat' dir='ltr'><strong>superborum</strong></span> <span class='ocrx_word' id='word_1_540' title='bbox 2861 403 2915 451; x_wconf 92' lang='lat' dir='ltr'><strong>et</strong></span> <span class='ocrx_word' id='word_1_541' title='bbox 2941 395 3336 454; x_wconf 85' lang='lat' dir='ltr'><strong>insidiosorum.</strong></span> <span class='ocrx_word' id='word_1_542' title='bbox 3364 398 3723 474; x_wconf 74' lang='lat' dir='ltr'><strong>blyrmicoleon</strong></span> 
     </span>
    </p>
   </div>
   <div class='ocr_carea' id='block_1_64' title="bbox 2143 488 3722 560">
    <p class='ocr_par' dir='ltr' id='par_1_64' title="bbox 2143 488 3722 560">
     <span class='ocr_line' id='line_1_64' title="bbox 2143 488 3722 560; baseline 0.009 -19"><span class='ocrx_word' id='word_1_543' title='bbox 2143 488 2324 560; x_wconf 87' lang='lat' dir='ltr'><strong>periit,</strong></span> <span class='ocrx_word' id='word_1_544' title='bbox 2367 505 2425 543; x_wconf 88' lang='lat' dir='ltr'><strong>eo</strong></span> <span class='ocrx_word' id='word_1_545' title='bbox 2463 488 2598 560; x_wconf 90' lang='lat' dir='ltr'><strong>quod</strong></span> <span class='ocrx_word' id='word_1_546' title='bbox 2625 507 2725 544; x_wconf 89' lang='lat' dir='ltr'><strong>non</strong></span> <span class='ocrx_word' id='word_1_547' title='bbox 2755 491 2954 545; x_wconf 84' lang='lat' dir='ltr'><strong>haberet</strong></span> <span class='ocrx_word' id='word_1_548' title='bbox 2981 506 3166 544; x_wconf 87' lang='lat' dir='ltr'><strong>escam.</strong></span> <span class='ocrx_word' id='word_1_549' title='bbox 3193 490 3326 558; x_wconf 85' lang='lat' dir='ltr'><strong>Quia</strong></span> <span class='ocrx_word' id='word_1_550' title='bbox 3354 492 3406 546; x_wconf 93' lang='lat' dir='ltr'><strong>in</strong></span> <span class='ocrx_word' id='word_1_551' title='bbox 3438 495 3722 556; x_wconf 86' lang='lat' dir='ltr'><strong>novissimo</strong></span> 
     </span>
    </p>
   </div>
   <div class='ocr_carea' id='block_1_65' title="bbox 2141 581 3722 655">
    <p class='ocr_par' dir='ltr' id='par_1_65' title="bbox 2141 581 3722 655">
     <span class='ocr_line' id='line_1_65' title="bbox 2141 581 3722 655; baseline 0.006 -17"><span class='ocrx_word' id='word_1_552' title='bbox 2141 596 2248 641; x_wconf 86' lang='lat' dir='ltr'><strong>non</strong></span> <span class='ocrx_word' id='word_1_553' title='bbox 2269 590 2445 646; x_wconf 80' lang='lat' dir='ltr'><strong>erunt.</strong></span> <span class='ocrx_word' id='word_1_554' title='bbox 2467 597 2602 653; x_wconf 74' lang='lat' dir='ltr'><strong>quos</strong></span> <span class='ocrx_word' id='word_1_555' title='bbox 2620 581 2874 644; x_wconf 79' lang='lat' dir='ltr'><strong>inducens</strong></span> <span class='ocrx_word' id='word_1_556' title='bbox 2893 583 3156 642; x_wconf 79' lang='lat' dir='ltr'><strong>comedat.</strong></span> <span class='ocrx_word' id='word_1_557' title='bbox 3175 581 3579 655; x_wconf 80' lang='lat' dir='ltr'><strong>Separabnutur</strong></span> <span class='ocrx_word' id='word_1_558' title='bbox 3590 590 3722 648; x_wconf 78' lang='lat' dir='ltr'><strong>enim</strong></span> 
     </span>
    </p>
   </div>
   <div class='ocr_carea' id='block_1_66' title="bbox 2139 673 3722 750">
    <p class='ocr_par' dir='ltr' id='par_1_66' title="bbox 2139 673 3722 750">
     <span class='ocr_line' id='line_1_66' title="bbox 2139 673 3722 750; baseline 0.01 -24"><span class='ocrx_word' id='word_1_559' title='bbox 2139 673 2213 744; x_wconf 89' lang='lat' dir='ltr'><strong>pii</strong></span> <span class='ocrx_word' id='word_1_560' title='bbox 2252 673 2322 728; x_wconf 81' lang='lat' dir='ltr'><strong>ab</strong></span> <span class='ocrx_word' id='word_1_561' title='bbox 2361 675 2556 744; x_wconf 84' lang='lat' dir='ltr'><strong>impiis.</strong></span> <span class='ocrx_word' id='word_1_562' title='bbox 2589 675 2684 730; x_wconf 89' lang='lat' dir='ltr'><strong>llic</strong></span> <span class='ocrx_word' id='word_1_563' title='bbox 2709 686 2888 732; x_wconf 87' lang='lat' dir='ltr'><strong>autem</strong></span> <span class='ocrx_word' id='word_1_564' title='bbox 2915 685 3092 741; x_wconf 82' lang='lat' dir='ltr'><strong>errat.</strong></span> <span class='ocrx_word' id='word_1_565' title='bbox 3122 677 3266 748; x_wconf 77' lang='lat' dir='ltr'><strong>quod</strong></span> <span class='ocrx_word' id='word_1_566' title='bbox 3291 694 3354 734; x_wconf 86' lang='lat' dir='ltr'><strong>ea</strong></span> <span class='ocrx_word' id='word_1_567' title='bbox 3377 695 3502 750; x_wconf 74' lang='lat' dir='ltr'><strong>qua:</strong></span> <span class='ocrx_word' id='word_1_568' title='bbox 3529 681 3600 740; x_wconf 84' lang='lat' dir='ltr'><strong>de</strong></span> <span class='ocrx_word' id='word_1_569' title='bbox 3622 683 3722 742; x_wconf 78' lang='lat' dir='ltr'><strong>dia-</strong></span> 
     </span>
    </p>
   </div>
   <div class='ocr_carea' id='block_1_67' title="bbox 2140 762 3722 848">
    <p class='ocr_par' dir='ltr' id='par_1_67' title="bbox 2140 762 3722 848">
     <span class='ocr_line' id='line_1_67' title="bbox 2140 762 3722 848; baseline 0.006 -28"><span class='ocrx_word' id='word_1_570' title='bbox 2140 762 2263 820; x_wconf 89' lang='lat' dir='ltr'><strong>bolo</strong></span> <span class='ocrx_word' id='word_1_571' title='bbox 2307 765 2542 821; x_wconf 89' lang='lat' dir='ltr'><strong>audierat</strong></span> <span class='ocrx_word' id='word_1_572' title='bbox 2588 767 2898 846; x_wconf 82' lang='lat' dir='ltr'><strong>prOphetata</strong></span> <span class='ocrx_word' id='word_1_573' title='bbox 2921 809 2934 833; x_wconf 90' lang='lat'><strong>,</strong></span> <span class='ocrx_word' id='word_1_574' title='bbox 2983 769 3049 824; x_wconf 90' lang='lat' dir='ltr'><strong>de</strong></span> <span class='ocrx_word' id='word_1_575' title='bbox 3085 769 3186 825; x_wconf 83' lang='lat' dir='ltr'><strong>Job</strong></span> <span class='ocrx_word' id='word_1_576' title='bbox 3217 770 3564 842; x_wconf 87' lang='lat' dir='ltr'><strong>intelligebat.</strong></span> <span class='ocrx_word' id='word_1_577' title='bbox 3595 774 3722 848; x_wconf 76' lang='lat' dir='ltr'><strong>Myr-</strong></span> 
     </span>
    </p>
   </div>
   <div class='ocr_carea' id='block_1_68' title="bbox 2138 855 3722 938">
    <p class='ocr_par' dir='ltr' id='par_1_68' title="bbox 2138 855 3722 938">
     <span class='ocr_line' id='line_1_68' title="bbox 2138 855 3722 938; baseline 0.009 -26"><span class='ocrx_word' id='word_1_578' title='bbox 2138 855 2400 917; x_wconf 84' lang='lat' dir='ltr'><strong>micolcon</strong></span> <span class='ocrx_word' id='word_1_579' title='bbox 2437 873 2565 915; x_wconf 89' lang='lat' dir='ltr'><strong>vero</strong></span> <span class='ocrx_word' id='word_1_580' title='bbox 2593 859 2932 930; x_wconf 82' lang='lat' dir='ltr'><strong>accipiendos</strong></span> <span class='ocrx_word' id='word_1_581' title='bbox 2960 873 3042 919; x_wconf 86' lang='lat' dir='ltr'><strong>est</strong></span> <span class='ocrx_word' id='word_1_582' title='bbox 3059 904 3076 930; x_wconf 84' lang='lat'><strong>,</strong></span> <span class='ocrx_word' id='word_1_583' title='bbox 3107 862 3192 920; x_wconf 89' lang='lat' dir='ltr'><strong>vel</strong></span> <span class='ocrx_word' id='word_1_584' title='bbox 3219 863 3341 934; x_wconf 79' lang='lat' dir='ltr'><strong>quia</strong></span> <span class='ocrx_word' id='word_1_585' title='bbox 3367 873 3652 938; x_wconf 79' lang='lat' dir='ltr'><strong>utrumque</strong></span> <span class='ocrx_word' id='word_1_586' title='bbox 3675 871 3722 936; x_wconf 78' lang='lat' dir='ltr'><strong>in</strong></span> 
     </span>
    </p>
   </div>
   <div class='ocr_carea' id='block_1_69' title="bbox 2139 952 3720 1028">
    <p class='ocr_par' dir='ltr' id='par_1_69' title="bbox 2139 952 3720 1028">
     <span class='ocr_line' id='line_1_69' title="bbox 2139 952 3720 1028; baseline 0.008 -26"><span class='ocrx_word' id='word_1_587' title='bbox 2139 961 2204 1003; x_wconf 91' lang='lat' dir='ltr'><strong>eo</strong></span> <span class='ocrx_word' id='word_1_588' title='bbox 2229 957 2310 1003; x_wconf 89' lang='lat' dir='ltr'><strong>est</strong></span> <span class='ocrx_word' id='word_1_589' title='bbox 2332 989 2347 1013; x_wconf 93' lang='lat'><strong>,</strong></span> <span class='ocrx_word' id='word_1_590' title='bbox 2374 963 2493 1003; x_wconf 88' lang='lat' dir='ltr'><strong>cum</strong></span> <span class='ocrx_word' id='word_1_591' title='bbox 2521 957 2573 1004; x_wconf 88' lang='lat' dir='ltr'><strong>et</strong></span> <span class='ocrx_word' id='word_1_592' title='bbox 2599 952 2736 1023; x_wconf 81' lang='lat' dir='ltr'><strong>rapit</strong></span> <span class='ocrx_word' id='word_1_593' title='bbox 2764 961 2818 1007; x_wconf 90' lang='lat' dir='ltr'><strong>et</strong></span> <span class='ocrx_word' id='word_1_594' title='bbox 2844 954 3054 1008; x_wconf 86' lang='lat' dir='ltr'><strong>occulte</strong></span> <span class='ocrx_word' id='word_1_595' title='bbox 3081 956 3418 1024; x_wconf 76' lang='lat' dir='ltr'><strong>persequitur</strong></span> <span class='ocrx_word' id='word_1_596' title='bbox 3439 956 3720 1028; x_wconf 72' lang='lat' dir='ltr'><strong>frumenta,</strong></span> 
     </span>
    </p>
   </div>
   <div class='ocr_carea' id='block_1_70' title="bbox 2137 1041 3722 1120">
    <p class='ocr_par' dir='ltr' id='par_1_70' title="bbox 2137 1041 3722 1120">
     <span class='ocr_line' id='line_1_70' title="bbox 2137 1041 3722 1120; baseline 0.013 -25"><span class='ocrx_word' id='word_1_597' title='bbox 2137 1056 2260 1112; x_wconf 69' lang='lat' dir='ltr'><strong>qua:</strong></span> <span class='ocrx_word' id='word_1_598' title='bbox 2281 1041 2492 1098; x_wconf 85' lang='lat' dir='ltr'><strong>sublato</strong></span> <span class='ocrx_word' id='word_1_599' title='bbox 2511 1042 2666 1099; x_wconf 90' lang='lat' dir='ltr'><strong>oculo</strong></span> <span class='ocrx_word' id='word_1_600' title='bbox 2685 1043 2812 1100; x_wconf 78' lang='lat' dir='ltr'><strong>facit</strong></span> <span class='ocrx_word' id='word_1_601' title='bbox 2831 1059 2938 1102; x_wconf 86' lang='lat' dir='ltr'><strong>non</strong></span> <span class='ocrx_word' id='word_1_602' title='bbox 2960 1046 3296 1117; x_wconf 72' lang='lat' dir='ltr'><strong>germinare;</strong></span> <span class='ocrx_word' id='word_1_603' title='bbox 3314 1049 3400 1110; x_wconf 80' lang='lat' dir='ltr'><strong>vel</strong></span> <span class='ocrx_word' id='word_1_604' title='bbox 3417 1049 3545 1120; x_wconf 74' lang='lat' dir='ltr'><strong>quia</strong></span> <span class='ocrx_word' id='word_1_605' title='bbox 3563 1052 3722 1114; x_wconf 72' lang='lat' dir='ltr'><strong>avaris</strong></span> 
     </span>
    </p>
   </div>
   <div class='ocr_carea' id='block_1_71' title="bbox 2136 1132 3723 1211">
    <p class='ocr_par' dir='ltr' id='par_1_71' title="bbox 2136 1132 3723 1211">
     <span class='ocr_line' id='line_1_71' title="bbox 2136 1132 3723 1211; baseline 0.009 -27"><span class='ocrx_word' id='word_1_606' title='bbox 2136 1132 2262 1185; x_wconf 92' lang='lat' dir='ltr'><strong>etin</strong></span> <span class='ocrx_word' id='word_1_607' title='bbox 2287 1142 2422 1187; x_wconf 81' lang='lat' dir='ltr'><strong>terra</strong></span> <span class='ocrx_word' id='word_1_608' title='bbox 2447 1132 2925 1191; x_wconf 89' lang='lat' dir='ltr'><strong>thesaurizantibus</strong></span> <span class='ocrx_word' id='word_1_609' title='bbox 2949 1136 3290 1205; x_wconf 89' lang='lat' dir='ltr'><strong>dominatur;</strong></span> <span class='ocrx_word' id='word_1_610' title='bbox 3314 1139 3398 1194; x_wconf 90' lang='lat' dir='ltr'><strong>vel</strong></span> <span class='ocrx_word' id='word_1_611' title='bbox 3419 1142 3544 1210; x_wconf 91' lang='lat' dir='ltr'><strong>quia</strong></span> <span class='ocrx_word' id='word_1_612' title='bbox 3563 1141 3723 1211; x_wconf 81' lang='lat' dir='ltr'><strong>justas</strong></span> 
     </span>
    </p>
   </div>
   <div class='ocr_carea' id='block_1_72' title="bbox 2137 1223 3723 1300">
    <p class='ocr_par' dir='ltr' id='par_1_72' title="bbox 2137 1223 3723 1300">
     <span class='ocr_line' id='line_1_72' title="bbox 2137 1223 3723 1300; baseline 0.009 -25"><span class='ocrx_word' id='word_1_613' title='bbox 2137 1223 2512 1292; x_wconf 85' lang='lat' dir='ltr'><strong>persequitur,</strong></span> <span class='ocrx_word' id='word_1_614' title='bbox 2554 1225 2704 1300; x_wconf 81' lang='lat' dir='ltr'><strong>quasi</strong></span> <span class='ocrx_word' id='word_1_615' title='bbox 2750 1225 2997 1284; x_wconf 74' lang='lat' dir='ltr'><strong>formicas</strong></span> <span class='ocrx_word' id='word_1_616' title='bbox 3040 1238 3400 1298; x_wconf 79' lang='lat' dir='ltr'><strong>praeparantcs</strong></span> <span class='ocrx_word' id='word_1_617' title='bbox 3442 1231 3546 1286; x_wconf 91' lang='lat' dir='ltr'><strong>sibi</strong></span> <span class='ocrx_word' id='word_1_618' title='bbox 3585 1247 3723 1290; x_wconf 85' lang='lat' dir='ltr'><strong>escas</strong></span> 
     </span>
    </p>
   </div>
   <div class='ocr_carea' id='block_1_73' title="bbox 2135 1314 3724 1392">
    <p class='ocr_par' dir='ltr' id='par_1_73' title="bbox 2135 1314 3724 1392">
     <span class='ocr_line' id='line_1_73' title="bbox 2135 1314 3724 1392; baseline 0.01 -26"><span class='ocrx_word' id='word_1_619' title='bbox 2135 1321 2318 1372; x_wconf 70' lang='lat' dir='ltr'><strong>aestate</strong></span> <span class='ocrx_word' id='word_1_620' title='bbox 2346 1314 2413 1370; x_wconf 86' lang='lat' dir='ltr'><strong>ad</strong></span> <span class='ocrx_word' id='word_1_621' title='bbox 2439 1315 2686 1384; x_wconf 86' lang='lat' dir='ltr'><strong>hiemem,</strong></span> <span class='ocrx_word' id='word_1_622' title='bbox 2719 1319 2906 1389; x_wconf 84' lang='lat' dir='ltr'><strong>quibus</strong></span> <span class='ocrx_word' id='word_1_623' title='bbox 2932 1334 3040 1382; x_wconf 90' lang='lat' dir='ltr'><strong>non</strong></span> <span class='ocrx_word' id='word_1_624' title='bbox 3066 1331 3313 1392; x_wconf 66' lang='lat' dir='ltr'><strong>pascatur</strong></span> <span class='ocrx_word' id='word_1_625' title='bbox 3331 1364 3346 1389; x_wconf 94' lang='lat'><strong>,</strong></span> <span class='ocrx_word' id='word_1_626' title='bbox 3375 1337 3500 1378; x_wconf 91' lang='lat' dir='ltr'><strong>cum</strong></span> <span class='ocrx_word' id='word_1_627' title='bbox 3525 1324 3645 1380; x_wconf 92' lang='lat' dir='ltr'><strong>boni</strong></span> <span class='ocrx_word' id='word_1_628' title='bbox 3663 1329 3724 1384; x_wconf 86' lang='lat' dir='ltr'><strong>ab</strong></span> 
     </span>
    </p>
   </div>
   <div class='ocr_carea' id='block_1_74' title="bbox 2135 1403 3724 1478">
    <p class='ocr_par' dir='ltr' id='par_1_74' title="bbox 2135 1403 3724 1478">
     <span class='ocr_line' id='line_1_74' title="bbox 2135 1403 3724 1478; baseline 0.009 -21"><span class='ocrx_word' id='word_1_629' title='bbox 2135 1403 2311 1474; x_wconf 89' lang='lat' dir='ltr'><strong>impiis</strong></span> <span class='ocrx_word' id='word_1_630' title='bbox 2357 1405 2551 1462; x_wconf 80' lang='lat' dir='ltr'><strong>iuerint</strong></span> <span class='ocrx_word' id='word_1_631' title='bbox 2590 1410 2833 1478; x_wconf 88' lang='lat' dir='ltr'><strong>separati.</strong></span> <span class='ocrx_word' id='word_1_632' title='bbox 2872 1410 2941 1464; x_wconf 87' lang='lat' dir='ltr'><strong>Et</strong></span> <span class='ocrx_word' id='word_1_633' title='bbox 2963 1413 3117 1466; x_wconf 86' lang='lat' dir='ltr'><strong>catuli</strong></span> <span class='ocrx_word' id='word_1_634' title='bbox 3145 1412 3347 1467; x_wconf 89' lang='lat' dir='ltr'><strong>leonum</strong></span> <span class='ocrx_word' id='word_1_635' title='bbox 3367 1414 3518 1469; x_wconf 85' lang='lat' dir='ltr'><strong>divisi</strong></span> <span class='ocrx_word' id='word_1_636' title='bbox 3538 1419 3724 1472; x_wconf 87' lang='lat' dir='ltr'><strong>suntab</strong></span> 
     </span>
    </p>
   </div>
   <div class='ocr_carea' id='block_1_75' title="bbox 2133 1497 3726 1580">
    <p class='ocr_par' dir='ltr' id='par_1_75' title="bbox 2133 1497 3726 1580">
     <span class='ocr_line' id='line_1_75' title="bbox 2133 1497 3726 1580; baseline 0.01 -29"><span class='ocrx_word' id='word_1_637' title='bbox 2133 1497 2363 1553; x_wconf 76' lang='lat' dir='ltr'><strong>invicem.</strong></span> <span class='ocrx_word' id='word_1_638' title='bbox 2390 1497 2727 1570; x_wconf 83' lang='lat' dir='ltr'><strong>Conspiratio</strong></span> <span class='ocrx_word' id='word_1_639' title='bbox 2761 1503 3057 1574; x_wconf 88' lang='lat' dir='ltr'><strong>principum</strong></span> <span class='ocrx_word' id='word_1_640' title='bbox 3087 1505 3474 1562; x_wconf 82' lang='lat' dir='ltr'><strong>civitatisillius</strong></span> <span class='ocrx_word' id='word_1_641' title='bbox 3486 1508 3726 1580; x_wconf 84' lang='lat' dir='ltr'><strong>dissipata</strong></span> 
     </span>
    </p>
   </div>
   <div class='ocr_carea' id='block_1_76' title="bbox 2135 1591 3722 1668">
    <p class='ocr_par' dir='ltr' id='par_1_76' title="bbox 2135 1591 3722 1668">
     <span class='ocr_line' id='line_1_76' title="bbox 2135 1591 3722 1668; baseline 0.008 -26"><span class='ocrx_word' id='word_1_642' title='bbox 2135 1599 2217 1644; x_wconf 91' lang='lat' dir='ltr'><strong>est</strong></span> <span class='ocrx_word' id='word_1_643' title='bbox 2237 1632 2252 1656; x_wconf 97' lang='lat'><strong>,</strong></span> <span class='ocrx_word' id='word_1_644' title='bbox 2285 1591 2375 1660; x_wconf 88' lang='lat' dir='ltr'><strong>qui</strong></span> <span class='ocrx_word' id='word_1_645' title='bbox 2399 1591 2506 1645; x_wconf 92' lang='lat' dir='ltr'><strong>nati</strong></span> <span class='ocrx_word' id='word_1_646' title='bbox 2535 1602 2658 1646; x_wconf 89' lang='lat' dir='ltr'><strong>sunt</strong></span> <span class='ocrx_word' id='word_1_647' title='bbox 2678 1592 2744 1647; x_wconf 85' lang='lat' dir='ltr'><strong>de</strong></span> <span class='ocrx_word' id='word_1_648' title='bbox 2766 1594 2853 1648; x_wconf 92' lang='lat' dir='ltr'><strong>illa</strong></span> <span class='ocrx_word' id='word_1_649' title='bbox 2877 1595 3149 1651; x_wconf 88' lang='lat' dir='ltr'><strong>societatis</strong></span> <span class='ocrx_word' id='word_1_650' title='bbox 3170 1597 3385 1652; x_wconf 88' lang='lat' dir='ltr'><strong>civitate</strong></span> <span class='ocrx_word' id='word_1_651' title='bbox 3411 1606 3469 1652; x_wconf 91' lang='lat' dir='ltr'><strong>et</strong></span> <span class='ocrx_word' id='word_1_652' title='bbox 3489 1599 3722 1668; x_wconf 88' lang='lat' dir='ltr'><strong>diabolo;</strong></span> 
     </span>
    </p>
   </div>
   <div class='ocr_carea' id='block_1_77' title="bbox 2134 1681 3724 1762">
    <p class='ocr_par' dir='ltr' id='par_1_77' title="bbox 2134 1681 3724 1762">
     <span class='ocr_line' id='line_1_77' title="bbox 2134 1681 3724 1762; baseline 0.007 -26"><span class='ocrx_word' id='word_1_653' title='bbox 2134 1682 2221 1738; x_wconf 85' lang='lat' dir='ltr'><strong>vel</strong></span> <span class='ocrx_word' id='word_1_654' title='bbox 2237 1681 2358 1751; x_wconf 86' lang='lat' dir='ltr'><strong>quia</strong></span> <span class='ocrx_word' id='word_1_655' title='bbox 2380 1695 2440 1738; x_wconf 85' lang='lat' dir='ltr'><strong>se</strong></span> <span class='ocrx_word' id='word_1_656' title='bbox 2458 1682 2681 1740; x_wconf 86' lang='lat' dir='ltr'><strong>invicem</strong></span> <span class='ocrx_word' id='word_1_657' title='bbox 2700 1693 3056 1748; x_wconf 61' lang='lat' dir='ltr'><strong>vastaverunt.</strong></span> <span class='ocrx_word' id='word_1_658' title='bbox 3078 1687 3202 1744; x_wconf 81' lang='lat' dir='ltr'><strong>inde</strong></span> <span class='ocrx_word' id='word_1_659' title='bbox 3214 1698 3314 1754; x_wconf 84' lang='lat' dir='ltr'><strong>est,</strong></span> <span class='ocrx_word' id='word_1_660' title='bbox 3341 1688 3598 1762; x_wconf 54' lang='lat' dir='ltr'><strong>Exsurget</strong></span> <span class='ocrx_word' id='word_1_661' title='bbox 3614 1708 3724 1762; x_wconf 84' lang='lat' dir='ltr'><strong>gens</strong></span> 
     </span>
    </p>
   </div>
   <div class='ocr_carea' id='block_1_78' title="bbox 2134 1774 3727 1856">
    <p class='ocr_par' dir='ltr' id='par_1_78' title="bbox 2134 1774 3727 1856">
     <span class='ocr_line' id='line_1_78' title="bbox 2134 1774 3727 1856; baseline 0.008 -30"><span class='ocrx_word' id='word_1_662' title='bbox 2134 1783 2310 1829; x_wconf 75' lang='lat' dir='ltr'><strong>contra</strong></span> <span class='ocrx_word' id='word_1_663' title='bbox 2323 1781 2516 1843; x_wconf 77' lang='lat' dir='ltr'><strong>gentem</strong></span> <span class='ocrx_word' id='word_1_664' title='bbox 2532 1775 2544 1805; x_wconf 77' lang='lat'>&#39;</span> <span class='ocrx_word' id='word_1_665' title='bbox 2567 1774 2756 1846; x_wconf 78' lang='lat' dir='ltr'><strong>(Marc.</strong></span> <span class='ocrx_word' id='word_1_666' title='bbox 2774 1791 2885 1840; x_wconf 75' lang='lat' dir='ltr'><strong>xui,</strong></span> <span class='ocrx_word' id='word_1_667' title='bbox 2904 1776 3137 1850; x_wconf 81' lang='lat' dir='ltr'><strong>8).Nilu&#39;l</strong></span> <span class='ocrx_word' id='word_1_668' title='bbox 3149 1780 3327 1834; x_wconf 82' lang='lat' dir='ltr'><strong>horum</strong></span> <span class='ocrx_word' id='word_1_669' title='bbox 3344 1780 3439 1840; x_wconf 65' lang='lat' dir='ltr'><strong>tibi</strong></span> <span class='ocrx_word' id='word_1_670' title='bbox 3451 1783 3727 1856; x_wconf 67' lang='lat' dir='ltr'><strong>agcidissel:</strong></span> 
     </span>
    </p>
   </div>
   <div class='ocr_carea' id='block_1_79' title="bbox 2140 1865 3726 1942">
    <p class='ocr_par' dir='ltr' id='par_1_79' title="bbox 2140 1865 3726 1942">
     <span class='ocr_line' id='line_1_79' title="bbox 2140 1865 3726 1942; baseline 0.01 -25"><span class='ocrx_word' id='word_1_671' title='bbox 2140 1865 2222 1919; x_wconf 91' lang='lat' dir='ltr'><strong>vel</strong></span> <span class='ocrx_word' id='word_1_672' title='bbox 2253 1865 2340 1920; x_wconf 88' lang='lat' dir='ltr'><strong>illa</strong></span> <span class='ocrx_word' id='word_1_673' title='bbox 2365 1866 2558 1922; x_wconf 89' lang='lat' dir='ltr'><strong>damna</strong></span> <span class='ocrx_word' id='word_1_674' title='bbox 2583 1877 2637 1922; x_wconf 91' lang='lat' dir='ltr'><strong>et</strong></span> <span class='ocrx_word' id='word_1_675' title='bbox 2663 1868 2864 1924; x_wconf 89' lang='lat' dir='ltr'><strong>orbitas</strong></span> <span class='ocrx_word' id='word_1_676' title='bbox 2901 1881 2955 1926; x_wconf 92' lang='lat' dir='ltr'><strong>et</strong></span> <span class='ocrx_word' id='word_1_677' title='bbox 2975 1872 3123 1942; x_wconf 86' lang='lat' dir='ltr'><strong>plaga</strong></span> <span class='ocrx_word' id='word_1_678' title='bbox 3149 1874 3418 1940; x_wconf 88' lang='lat' dir='ltr'><strong>vulneris;</strong></span> <span class='ocrx_word' id='word_1_679' title='bbox 3449 1876 3534 1931; x_wconf 87' lang='lat' dir='ltr'><strong>vel</strong></span> <span class='ocrx_word' id='word_1_680' title='bbox 3559 1886 3609 1931; x_wconf 91' lang='lat' dir='ltr'><strong>tc</strong></span> <span class='ocrx_word' id='word_1_681' title='bbox 3628 1892 3726 1933; x_wconf 89' lang='lat' dir='ltr'><strong>non</strong></span> 
     </span>
    </p>
   </div>
   <div class='ocr_carea' id='block_1_80' title="bbox 2137 1957 3726 2032">
    <p class='ocr_par' dir='ltr' id='par_1_80' title="bbox 2137 1957 3726 2032">
     <span class='ocr_line' id='line_1_80' title="bbox 2137 1957 3726 2032; baseline 0.009 -23"><span class='ocrx_word' id='word_1_682' title='bbox 2137 1964 2439 2030; x_wconf 87' lang='lat' dir='ltr'><strong>penetraret</strong></span> <span class='ocrx_word' id='word_1_683' title='bbox 2457 1957 2608 2012; x_wconf 88' lang='lat' dir='ltr'><strong>dolor</strong></span> <span class='ocrx_word' id='word_1_684' title='bbox 2626 1960 2809 2025; x_wconf 88' lang='lat' dir='ltr'><strong>animi,</strong></span> <span class='ocrx_word' id='word_1_685' title='bbox 2837 1962 2956 2031; x_wconf 89' lang='lat' dir='ltr'><strong>quia</strong></span> <span class='ocrx_word' id='word_1_686' title='bbox 2984 1970 3038 2017; x_wconf 90' lang='lat' dir='ltr'><strong>et</strong></span> <span class='ocrx_word' id='word_1_687' title='bbox 3063 1971 3113 2018; x_wconf 93' lang='lat' dir='ltr'><strong>te</strong></span> <span class='ocrx_word' id='word_1_688' title='bbox 3139 1966 3520 2032; x_wconf 86' lang='lat' dir='ltr'><strong>consolareris,</strong></span> <span class='ocrx_word' id='word_1_689' title='bbox 3551 1968 3596 2022; x_wconf 88' lang='lat' dir='ltr'><strong>si</strong></span> <span class='ocrx_word' id='word_1_690' title='bbox 3621 1969 3726 2024; x_wconf 86' lang='lat' dir='ltr'><strong>aliis</strong></span> 
     </span>
    </p>
   </div>
   <div class='ocr_carea' id='block_1_81' title="bbox 2137 2049 3725 2126">
    <p class='ocr_par' dir='ltr' id='par_1_81' title="bbox 2137 2049 3725 2126">
     <span class='ocr_line' id='line_1_81' title="bbox 2137 2049 3725 2126; baseline 0.009 -25"><span class='ocrx_word' id='word_1_691' title='bbox 2137 2062 2203 2102; x_wconf 84' lang='lat' dir='ltr'><strong>ex</strong></span> <span class='ocrx_word' id='word_1_692' title='bbox 2237 2049 2397 2104; x_wconf 89' lang='lat' dir='ltr'><strong>corde</strong></span> <span class='ocrx_word' id='word_1_693' title='bbox 2438 2050 2662 2106; x_wconf 81' lang='lat' dir='ltr'><strong>dixisses</strong></span> <span class='ocrx_word' id='word_1_694' title='bbox 2679 2096 2694 2120; x_wconf 85' lang='lat'><strong>,</strong></span> <span class='ocrx_word' id='word_1_695' title='bbox 2723 2052 2990 2126; x_wconf 84' lang='lat' dir='ltr'><strong>Numquid</strong></span> <span class='ocrx_word' id='word_1_696' title='bbox 3013 2073 3112 2110; x_wconf 86' lang='lat' dir='ltr'><strong>non</strong></span> <span class='ocrx_word' id='word_1_697' title='bbox 3135 2059 3268 2126; x_wconf 88' lang='lat' dir='ltr'><strong>capit</strong></span> <span class='ocrx_word' id='word_1_698' title='bbox 3293 2060 3435 2113; x_wconf 86' lang='lat' dir='ltr'><strong>auris</strong></span> <span class='ocrx_word' id='word_1_699' title='bbox 3461 2077 3571 2114; x_wconf 90' lang='lat' dir='ltr'><strong>mea</strong></span> <span class='ocrx_word' id='word_1_700' title='bbox 3593 2062 3652 2114; x_wconf 89' lang='lat' dir='ltr'><strong>ab</strong></span> <span class='ocrx_word' id='word_1_701' title='bbox 3675 2077 3725 2116; x_wconf 91' lang='lat' dir='ltr'><strong>eo</strong></span> 
     </span>
    </p>
   </div>
   <div class='ocr_carea' id='block_1_82' title="bbox 2138 2139 3728 2214">
    <p class='ocr_par' dir='ltr' id='par_1_82' title="bbox 2138 2139 3728 2214">
     <span class='ocr_line' id='line_1_82' title="bbox 2138 2139 3728 2214; baseline 0.011 -24"><span class='ocrx_word' id='word_1_702' title='bbox 2138 2139 2451 2209; x_wconf 72' lang='lat' dir='ltr'><strong>magniﬁca?</strong></span> <span class='ocrx_word' id='word_1_703' title='bbox 2491 2140 2624 2208; x_wconf 86' lang='lat' dir='ltr'><strong>Quia</strong></span> <span class='ocrx_word' id='word_1_704' title='bbox 2648 2144 2744 2197; x_wconf 89' lang='lat' dir='ltr'><strong>ista</strong></span> <span class='ocrx_word' id='word_1_705' title='bbox 2770 2161 2888 2214; x_wconf 80' lang='lat' dir='ltr'><strong>quae</strong></span> <span class='ocrx_word' id='word_1_706' title='bbox 2911 2145 3064 2210; x_wconf 90' lang='lat' dir='ltr'><strong>dicit,</strong></span> <span class='ocrx_word' id='word_1_707' title='bbox 3093 2162 3156 2201; x_wconf 81' lang='lat' dir='ltr'><strong>ex</strong></span> <span class='ocrx_word' id='word_1_708' title='bbox 3179 2149 3508 2205; x_wconf 84' lang='lat' dir='ltr'><strong>revelatione</strong></span> <span class='ocrx_word' id='word_1_709' title='bbox 3535 2166 3592 2207; x_wconf 90' lang='lat' dir='ltr'><strong>se</strong></span> <span class='ocrx_word' id='word_1_710' title='bbox 3612 2151 3728 2208; x_wconf 91' lang='lat' dir='ltr'><strong>dicit</strong></span> 
     </span>
    </p>
   </div>
   <div class='ocr_carea' id='block_1_83' title="bbox 2136 2226 3725 2307">
    <p class='ocr_par' dir='ltr' id='par_1_83' title="bbox 2136 2226 3725 2307">
     <span class='ocr_line' id='line_1_83' title="bbox 2136 2226 3725 2307; baseline 0.011 -26"><span class='ocrx_word' id='word_1_711' title='bbox 2136 2226 2336 2283; x_wconf 86' lang='lat' dir='ltr'><strong>dicere.</strong></span> <span class='ocrx_word' id='word_1_712' title='bbox 2367 2227 2431 2283; x_wconf 87' lang='lat' dir='ltr'><strong>Et</strong></span> <span class='ocrx_word' id='word_1_713' title='bbox 2457 2232 2661 2304; x_wconf 83' lang='lat' dir='ltr'><strong>spiritus</strong></span> <span class='ocrx_word' id='word_1_714' title='bbox 2681 2234 2731 2286; x_wconf 90' lang='lat' dir='ltr'><strong>in</strong></span> <span class='ocrx_word' id='word_1_715' title='bbox 2757 2235 2935 2304; x_wconf 83' lang='lat' dir='ltr'><strong>faciem</strong></span> <span class='ocrx_word' id='word_1_716' title='bbox 2959 2237 3082 2290; x_wconf 85' lang='lat' dir='ltr'><strong>mihi</strong></span> <span class='ocrx_word' id='word_1_717' title='bbox 3103 2240 3338 2292; x_wconf 86' lang='lat' dir='ltr'><strong>occurrit.</strong></span> <span class='ocrx_word' id='word_1_718' title='bbox 3365 2241 3531 2307; x_wconf 82' lang='lat' dir='ltr'><strong>Quasi</strong></span> <span class='ocrx_word' id='word_1_719' title='bbox 3556 2240 3725 2299; x_wconf 84' lang='lat' dir='ltr'><strong>ﬂatum</strong></span> 
     </span>
    </p>
   </div>
   <div class='ocr_carea' id='block_1_84' title="bbox 2137 2323 3726 2404">
    <p class='ocr_par' dir='ltr' id='par_1_84' title="bbox 2137 2323 3726 2404">
     <span class='ocr_line' id='line_1_84' title="bbox 2137 2323 3726 2404; baseline 0.009 -28"><span class='ocrx_word' id='word_1_720' title='bbox 2137 2323 2372 2377; x_wconf 86' lang='lat' dir='ltr'><strong>sensisse</strong></span> <span class='ocrx_word' id='word_1_721' title='bbox 2410 2325 2520 2378; x_wconf 87' lang='lat' dir='ltr'><strong>vult</strong></span> <span class='ocrx_word' id='word_1_722' title='bbox 2559 2325 2778 2400; x_wconf 87' lang='lat' dir='ltr'><strong>intelligi</strong></span> <span class='ocrx_word' id='word_1_723' title='bbox 2816 2347 2828 2382; x_wconf 93' lang='lat'><strong>:</strong></span> <span class='ocrx_word' id='word_1_724' title='bbox 2864 2345 2984 2383; x_wconf 83' lang='lat' dir='ltr'><strong>nam</strong></span> <span class='ocrx_word' id='word_1_725' title='bbox 3018 2340 3175 2401; x_wconf 82' lang='lat' dir='ltr'><strong>negat</strong></span> <span class='ocrx_word' id='word_1_726' title='bbox 3203 2332 3257 2386; x_wconf 91' lang='lat' dir='ltr'><strong>in</strong></span> <span class='ocrx_word' id='word_1_727' title='bbox 3284 2335 3726 2404; x_wconf 87' lang='lat' dir='ltr'><strong>consequentibus</strong></span> 
     </span>
    </p>
   </div>
   <div class='ocr_carea' id='block_1_85' title="bbox 2141 2414 3726 2497">
    <p class='ocr_par' dir='ltr' id='par_1_85' title="bbox 2141 2414 3726 2497">
     <span class='ocr_line' id='line_1_85' title="bbox 2141 2414 3726 2497; baseline 0.008 -27"><span class='ocrx_word' id='word_1_728' title='bbox 2141 2414 2300 2472; x_wconf 89' lang='lat' dir='ltr'><strong>luisse</strong></span> <span class='ocrx_word' id='word_1_729' title='bbox 2327 2417 2566 2490; x_wconf 85' lang='lat' dir='ltr'><strong>ﬁguram.</strong></span> <span class='ocrx_word' id='word_1_730' title='bbox 2601 2420 3065 2479; x_wconf 81' lang='lat' dir='ltr'><strong>Reminisccndum</strong></span> <span class='ocrx_word' id='word_1_731' title='bbox 3099 2424 3168 2478; x_wconf 87' lang='lat' dir='ltr'><strong>ita</strong></span> <span class='ocrx_word' id='word_1_732' title='bbox 3197 2426 3356 2479; x_wconf 90' lang='lat' dir='ltr'><strong>etiam</strong></span> <span class='ocrx_word' id='word_1_733' title='bbox 3387 2426 3648 2497; x_wconf 91' lang='lat' dir='ltr'><strong>Spiritum</strong></span> <span class='ocrx_word' id='word_1_734' title='bbox 3679 2428 3726 2483; x_wconf 94' lang='lat' dir='ltr'><strong>iu</strong></span> 
     </span>
    </p>
   </div>
   <div class='ocr_carea' id='block_1_86' title="bbox 2138 2508 3727 2589">
    <p class='ocr_par' dir='ltr' id='par_1_86' title="bbox 2138 2508 3727 2589">
     <span class='ocr_line' id='line_1_86' title="bbox 2138 2508 3727 2589; baseline 0.009 -29"><span class='ocrx_word' id='word_1_735' title='bbox 2138 2508 2422 2580; x_wconf 90' lang='lat' dir='ltr'><strong>Apostolos</strong></span> <span class='ocrx_word' id='word_1_736' title='bbox 2445 2510 2802 2568; x_wconf 85' lang='lat' dir='ltr'><strong>descendisse.</strong></span> <span class='ocrx_word' id='word_1_737' title='bbox 2841 2513 2975 2582; x_wconf 86' lang='lat' dir='ltr'><strong>Quid</strong></span> <span class='ocrx_word' id='word_1_738' title='bbox 3001 2516 3133 2568; x_wconf 85' lang='lat' dir='ltr'><strong>enim</strong></span> <span class='ocrx_word' id='word_1_739' title='bbox 3151 2516 3176 2568; x_wconf 72' lang='lat'><strong>3’</strong></span> <span class='ocrx_word' id='word_1_740' title='bbox 3206 2519 3455 2589; x_wconf 85' lang='lat' dir='ltr'><strong>numquid</strong></span> <span class='ocrx_word' id='word_1_741' title='bbox 3486 2520 3633 2574; x_wconf 76' lang='lat' dir='ltr'><strong>homo</strong></span> <span class='ocrx_word' id='word_1_742' title='bbox 3652 2535 3727 2574; x_wconf 84' lang='lat' dir='ltr'><strong>co-</strong></span> 
     </span>
    </p>
   </div>
   <div class='ocr_carea' id='block_1_87' title="bbox 2138 2600 3724 2677">
    <p class='ocr_par' dir='ltr' id='par_1_87' title="bbox 2138 2600 3724 2677">
     <span class='ocr_line' id='line_1_87' title="bbox 2138 2600 3724 2677; baseline 0.009 -25"><span class='ocrx_word' id='word_1_743' title='bbox 2138 2616 2247 2654; x_wconf 88' lang='lat' dir='ltr'><strong>ram</strong></span> <span class='ocrx_word' id='word_1_744' title='bbox 2291 2600 2509 2656; x_wconf 87' lang='lat' dir='ltr'><strong>Domino</strong></span> <span class='ocrx_word' id='word_1_745' title='bbox 2549 2603 2766 2658; x_wconf 88' lang='lat' dir='ltr'><strong>mundus</strong></span> <span class='ocrx_word' id='word_1_746' title='bbox 2802 2606 2894 2658; x_wconf 87' lang='lat' dir='ltr'><strong>erit</strong></span> <span class='ocrx_word' id='word_1_747' title='bbox 2915 2605 2940 2660; x_wconf 84' lang='lat'><strong><em>?</em></strong></span> <span class='ocrx_word' id='word_1_748' title='bbox 2964 2607 3068 2662; x_wconf 87' lang='lat' dir='ltr'><strong>Aut</strong></span> <span class='ocrx_word' id='word_1_749' title='bbox 3093 2605 3209 2661; x_wconf 61' lang='lat' dir='ltr'><strong>haec</strong></span> <span class='ocrx_word' id='word_1_750' title='bbox 3235 2608 3456 2664; x_wconf 86' lang='lat' dir='ltr'><strong>audisse</strong></span> <span class='ocrx_word' id='word_1_751' title='bbox 3484 2624 3543 2665; x_wconf 87' lang='lat' dir='ltr'><strong>se</strong></span> <span class='ocrx_word' id='word_1_752' title='bbox 3567 2610 3724 2677; x_wconf 81' lang='lat' dir='ltr'><strong>dicit;</strong></span> 
     </span>
    </p>
   </div>
   <div class='ocr_carea' id='block_1_88' title="bbox 2137 2691 3726 2768">
    <p class='ocr_par' dir='ltr' id='par_1_88' title="bbox 2137 2691 3726 2768">
     <span class='ocr_line' id='line_1_88' title="bbox 2137 2691 3726 2768; baseline 0.007 -23"><span class='ocrx_word' id='word_1_753' title='bbox 2137 2701 2228 2746; x_wconf 90' lang='lat' dir='ltr'><strong>aut</strong></span> <span class='ocrx_word' id='word_1_754' title='bbox 2252 2691 2379 2747; x_wconf 90' lang='lat' dir='ltr'><strong>dicit</strong></span> <span class='ocrx_word' id='word_1_755' title='bbox 2403 2693 2523 2748; x_wconf 88' lang='lat' dir='ltr'><strong>ideo</strong></span> <span class='ocrx_word' id='word_1_756' title='bbox 2548 2710 2606 2750; x_wconf 87' lang='lat' dir='ltr'><strong>se</strong></span> <span class='ocrx_word' id='word_1_757' title='bbox 2634 2694 2904 2751; x_wconf 87' lang='lat' dir='ltr'><strong>horruisse</strong></span> <span class='ocrx_word' id='word_1_758' title='bbox 2925 2739 2940 2763; x_wconf 89' lang='lat'><strong>,</strong></span> <span class='ocrx_word' id='word_1_759' title='bbox 2967 2698 3088 2768; x_wconf 89' lang='lat' dir='ltr'><strong>quia</strong></span> <span class='ocrx_word' id='word_1_760' title='bbox 3116 2713 3274 2752; x_wconf 90' lang='lat' dir='ltr'><strong>nemo</strong></span> <span class='ocrx_word' id='word_1_761' title='bbox 3304 2700 3538 2755; x_wconf 90' lang='lat' dir='ltr'><strong>mundus</strong></span> <span class='ocrx_word' id='word_1_762' title='bbox 3556 2706 3726 2756; x_wconf 85' lang='lat' dir='ltr'><strong>coram</strong></span> 
     </span>
    </p>
   </div>
   <div class='ocr_carea' id='block_1_89' title="bbox 2139 2785 3725 2861">
    <p class='ocr_par' dir='ltr' id='par_1_89' title="bbox 2139 2785 3725 2861">
     <span class='ocr_line' id='line_1_89' title="bbox 2139 2785 3725 2861; baseline 0.004 -19"><span class='ocrx_word' id='word_1_763' title='bbox 2139 2785 2404 2853; x_wconf 88' lang='lat' dir='ltr'><strong>Domino;</strong></span> <span class='ocrx_word' id='word_1_764' title='bbox 2448 2797 2539 2842; x_wconf 91' lang='lat' dir='ltr'><strong>aut</strong></span> <span class='ocrx_word' id='word_1_765' title='bbox 2568 2787 2688 2844; x_wconf 91' lang='lat' dir='ltr'><strong>ideo</strong></span> <span class='ocrx_word' id='word_1_766' title='bbox 2719 2789 2795 2843; x_wconf 91' lang='lat' dir='ltr'><strong>sic</strong></span> <span class='ocrx_word' id='word_1_767' title='bbox 2819 2789 3044 2857; x_wconf 88' lang='lat' dir='ltr'><strong>vidisse,</strong></span> <span class='ocrx_word' id='word_1_768' title='bbox 3074 2791 3196 2861; x_wconf 86' lang='lat' dir='ltr'><strong>quia</strong></span> <span class='ocrx_word' id='word_1_769' title='bbox 3227 2806 3385 2846; x_wconf 87' lang='lat' dir='ltr'><strong>nemo</strong></span> <span class='ocrx_word' id='word_1_770' title='bbox 3415 2809 3599 2848; x_wconf 88' lang='lat' dir='ltr'><strong>coram</strong></span> <span class='ocrx_word' id='word_1_771' title='bbox 3626 2793 3725 2849; x_wconf 88' lang='lat' dir='ltr'><strong>Deo</strong></span> 
     </span>
    </p>
   </div>
   <div class='ocr_carea' id='block_1_90' title="bbox 2138 2877 3725 2948">
    <p class='ocr_par' dir='ltr' id='par_1_90' title="bbox 2138 2877 3725 2948">
     <span class='ocr_line' id='line_1_90' title="bbox 2138 2877 3725 2948; baseline 0.005 -16"><span class='ocrx_word' id='word_1_772' title='bbox 2138 2877 2208 2932; x_wconf 88' lang='lat' dir='ltr'><strong>ita</strong></span> <span class='ocrx_word' id='word_1_773' title='bbox 2233 2877 2464 2933; x_wconf 92' lang='lat' dir='ltr'><strong>mundus</strong></span> <span class='ocrx_word' id='word_1_774' title='bbox 2485 2888 2566 2933; x_wconf 89' lang='lat' dir='ltr'><strong>cst</strong></span> <span class='ocrx_word' id='word_1_775' title='bbox 2585 2881 2627 2948; x_wconf 79' lang='grc'><strong>⁸,</strong></span> <span class='ocrx_word' id='word_1_776' title='bbox 2655 2887 2710 2932; x_wconf 82' lang='grc' dir='ltr'><strong>ιιι</strong></span> <span class='ocrx_word' id='word_1_777' title='bbox 2731 2879 2897 2934; x_wconf 90' lang='lat' dir='ltr'><strong>Deum</strong></span> <span class='ocrx_word' id='word_1_778' title='bbox 2927 2889 2980 2934; x_wconf 90' lang='lat' dir='ltr'><strong>ut</strong></span> <span class='ocrx_word' id='word_1_779' title='bbox 3006 2892 3087 2936; x_wconf 91' lang='lat' dir='ltr'><strong>est</strong></span> <span class='ocrx_word' id='word_1_780' title='bbox 3108 2882 3300 2937; x_wconf 88' lang='lat' dir='ltr'><strong>videat.</strong></span> <span class='ocrx_word' id='word_1_781' title='bbox 3325 2882 3486 2940; x_wconf 83' lang='lat' dir='ltr'><strong>Modo</strong></span> <span class='ocrx_word' id='word_1_782' title='bbox 3509 2885 3725 2941; x_wconf 87' lang='lat' dir='ltr'><strong>mundus</strong></span> 
     </span>
    </p>
   </div>
   <div class='ocr_carea' id='block_1_91' title="bbox 2136 2970 3723 3048">
    <p class='ocr_par' dir='ltr' id='par_1_91' title="bbox 2136 2970 3723 3048">
     <span class='ocr_line' id='line_1_91' title="bbox 2136 2970 3723 3048; baseline 0.004 -22"><span class='ocrx_word' id='word_1_783' title='bbox 2136 2971 2428 3026; x_wconf 85' lang='lat' dir='ltr'><strong>secundum</strong></span> <span class='ocrx_word' id='word_1_784' title='bbox 2451 2970 2831 3042; x_wconf 77' lang='lat' dir='ltr'><strong>perfectionem</strong></span> <span class='ocrx_word' id='word_1_785' title='bbox 2855 2973 3214 3044; x_wconf 89' lang='lat' dir='ltr'><strong>accipiendus,</strong></span> <span class='ocrx_word' id='word_1_786' title='bbox 3242 2984 3298 3032; x_wconf 90' lang='lat' dir='ltr'><strong>ut</strong></span> <span class='ocrx_word' id='word_1_787' title='bbox 3316 2977 3461 3046; x_wconf 91' lang='lat' dir='ltr'><strong>quod</strong></span> <span class='ocrx_word' id='word_1_788' title='bbox 3483 2978 3723 3048; x_wconf 88' lang='lat' dir='ltr'><strong>superius</strong></span> 
     </span>
    </p>
   </div>
   <div class='ocr_carea' id='block_1_92' title="bbox 2135 3063 3723 3142">
    <p class='ocr_par' dir='ltr' id='par_1_92' title="bbox 2135 3063 3723 3142">
     <span class='ocr_line' id='line_1_92' title="bbox 2135 3063 3723 3142; baseline 0.004 -23"><span class='ocrx_word' id='word_1_789' title='bbox 2135 3073 2291 3135; x_wconf 88' lang='lat' dir='ltr'><strong>negat</strong></span> <span class='ocrx_word' id='word_1_790' title='bbox 2315 3063 2568 3118; x_wconf 89' lang='lat' dir='ltr'><strong>mundum</strong></span> <span class='ocrx_word' id='word_1_791' title='bbox 2596 3064 2865 3120; x_wconf 88' lang='lat' dir='ltr'><strong>hominem</strong></span> <span class='ocrx_word' id='word_1_792' title='bbox 2889 3067 3062 3136; x_wconf 89' lang='lat' dir='ltr'><strong>perire</strong></span> <span class='ocrx_word' id='word_1_793' title='bbox 3080 3111 3094 3133; x_wconf 94' lang='lat'><strong>,</strong></span> <span class='ocrx_word' id='word_1_794' title='bbox 3127 3069 3422 3126; x_wconf 90' lang='lat' dir='ltr'><strong>secundum</strong></span> <span class='ocrx_word' id='word_1_795' title='bbox 3448 3070 3723 3142; x_wconf 89' lang='lat' dir='ltr'><strong>quemdam</strong></span> 
     </span>
    </p>
   </div>
   <div class='ocr_carea' id='block_1_93' title="bbox 2134 3154 3722 3226">
    <p class='ocr_par' dir='ltr' id='par_1_93' title="bbox 2134 3154 3722 3226">
     <span class='ocr_line' id='line_1_93' title="bbox 2134 3154 3722 3226; baseline 0.004 -16"><span class='ocrx_word' id='word_1_796' title='bbox 2134 3154 2346 3210; x_wconf 86' lang='lat' dir='ltr'><strong>modum</strong></span> <span class='ocrx_word' id='word_1_797' title='bbox 2388 3155 2766 3226; x_wconf 86' lang='lat' dir='ltr'><strong>intelligamus.</strong></span> <span class='ocrx_word' id='word_1_798' title='bbox 2802 3155 2864 3211; x_wconf 90' lang='lat' dir='ltr'><strong>Si</strong></span> <span class='ocrx_word' id='word_1_799' title='bbox 2889 3168 3064 3212; x_wconf 86' lang='lat' dir='ltr'><strong>contra</strong></span> <span class='ocrx_word' id='word_1_800' title='bbox 3091 3176 3257 3215; x_wconf 85' lang='lat' dir='ltr'><strong>servos</strong></span> <span class='ocrx_word' id='word_1_801' title='bbox 3281 3178 3396 3215; x_wconf 87' lang='lat' dir='ltr'><strong>suos</strong></span> <span class='ocrx_word' id='word_1_802' title='bbox 3421 3179 3524 3216; x_wconf 91' lang='lat' dir='ltr'><strong>non</strong></span> <span class='ocrx_word' id='word_1_803' title='bbox 3554 3161 3722 3216; x_wconf 87' lang='lat' dir='ltr'><strong>credit.</strong></span> 
     </span>
    </p>
   </div>
   <div class='ocr_carea' id='block_1_94' title="bbox 2132 3244 3722 3326">
    <p class='ocr_par' dir='ltr' id='par_1_94' title="bbox 2132 3244 3722 3326">
     <span class='ocr_line' id='line_1_94' title="bbox 2132 3244 3722 3326; baseline 0.006 -30"><span class='ocrx_word' id='word_1_804' title='bbox 2132 3244 2284 3312; x_wconf 82' lang='lat' dir='ltr'><strong>Quod</strong></span> <span class='ocrx_word' id='word_1_805' title='bbox 2323 3246 2500 3300; x_wconf 88' lang='lat' dir='ltr'><strong>evenit</strong></span> <span class='ocrx_word' id='word_1_806' title='bbox 2539 3261 2660 3301; x_wconf 91' lang='lat' dir='ltr'><strong>cum</strong></span> <span class='ocrx_word' id='word_1_807' title='bbox 2695 3246 2898 3302; x_wconf 83' lang='lat' dir='ltr'><strong>diceret</strong></span> <span class='ocrx_word' id='word_1_808' title='bbox 2939 3248 3110 3315; x_wconf 87' lang='lat' dir='ltr'><strong>Elias,</strong></span> <span class='ocrx_word' id='word_1_809' title='bbox 3155 3250 3370 3306; x_wconf 88' lang='lat' dir='ltr'><strong>Domine</strong></span> <span class='ocrx_word' id='word_1_810' title='bbox 3393 3295 3405 3318; x_wconf 91' lang='lat'><strong>,</strong></span> <span class='ocrx_word' id='word_1_811' title='bbox 3449 3253 3722 3326; x_wconf 80' lang='lat' dir='ltr'><strong>Prophetas</strong></span> 
     </span>
    </p>
   </div>
   <div class='ocr_carea' id='block_1_95' title="bbox 2131 3337 3718 3414">
    <p class='ocr_par' dir='ltr' id='par_1_95' title="bbox 2131 3337 3718 3414">
     <span class='ocr_line' id='line_1_95' title="bbox 2131 3337 3718 3414; baseline 0.003 -24"><span class='ocrx_word' id='word_1_812' title='bbox 2131 3344 2242 3390; x_wconf 86' lang='lat' dir='ltr'><strong>tuos</strong></span> <span class='ocrx_word' id='word_1_813' title='bbox 2269 3337 2554 3392; x_wconf 75' lang='lat' dir='ltr'><strong>occiderunt</strong></span> <span class='ocrx_word' id='word_1_814' title='bbox 2587 3353 2604 3391; x_wconf 90' lang='lat'><strong><em>:</em></strong></span> <span class='ocrx_word' id='word_1_815' title='bbox 2631 3347 2685 3392; x_wconf 89' lang='lat' dir='ltr'><strong>et</strong></span> <span class='ocrx_word' id='word_1_816' title='bbox 2708 3338 2835 3392; x_wconf 88' lang='lat' dir='ltr'><strong>dicit</strong></span> <span class='ocrx_word' id='word_1_817' title='bbox 2858 3339 2950 3404; x_wconf 88' lang='lat' dir='ltr'><strong>illi,</strong></span> <span class='ocrx_word' id='word_1_818' title='bbox 2989 3339 3188 3411; x_wconf 86' lang='lat' dir='ltr'><strong>Reliqui</strong></span> <span class='ocrx_word' id='word_1_819' title='bbox 3210 3343 3331 3396; x_wconf 85' lang='lat' dir='ltr'><strong>mihi</strong></span> <span class='ocrx_word' id='word_1_820' title='bbox 3352 3356 3541 3414; x_wconf 89' lang='lat' dir='ltr'><strong>septem</strong></span> <span class='ocrx_word' id='word_1_821' title='bbox 3565 3344 3718 3398; x_wconf 87' lang='lat' dir='ltr'><strong>millia</strong></span> 
     </span>
    </p>
   </div>
   <div class='ocr_carea' id='block_1_96' title="bbox 2130 3425 3722 3505">
    <p class='ocr_par' dir='ltr' id='par_1_96' title="bbox 2130 3425 3722 3505">
     <span class='ocr_line' id='line_1_96' title="bbox 2130 3425 3722 3505; baseline 0.006 -27"><span class='ocrx_word' id='word_1_822' title='bbox 2130 3425 2350 3479; x_wconf 82' lang='lat' dir='ltr'><strong>virorum</strong></span> <span class='ocrx_word' id='word_1_823' title='bbox 2377 3426 2466 3498; x_wconf 91' lang='grc'><strong>(111</strong></span> <span class='ocrx_word' id='word_1_824' title='bbox 2498 3425 2625 3500; x_wconf 85' lang='lat' dir='ltr'><strong>Reg.</strong></span> <span class='ocrx_word' id='word_1_825' title='bbox 2661 3444 2770 3496; x_wconf 72' lang='lat' dir='ltr'><strong>xix,</strong></span> <span class='ocrx_word' id='word_1_826' title='bbox 2806 3431 2886 3496; x_wconf 72' lang='grc'><strong>14,</strong></span> <span class='ocrx_word' id='word_1_827' title='bbox 2920 3431 3031 3499; x_wconf 90' lang='grc'><strong>18).</strong></span> <span class='ocrx_word' id='word_1_828' title='bbox 3063 3431 3173 3486; x_wconf 87' lang='grc' dir='ltr'><strong>Νοιι</strong></span> <span class='ocrx_word' id='word_1_829' title='bbox 3201 3432 3343 3488; x_wconf 86' lang='lat' dir='ltr'><strong>enim</strong></span> <span class='ocrx_word' id='word_1_830' title='bbox 3377 3434 3498 3488; x_wconf 89' lang='lat' dir='ltr'><strong>inde</strong></span> <span class='ocrx_word' id='word_1_831' title='bbox 3523 3443 3722 3505; x_wconf 88' lang='lat' dir='ltr'><strong>septem</strong></span> 
     </span>
    </p>
   </div>
   <div class='ocr_carea' id='block_1_97' title="bbox 2131 3517 3717 3596">
    <p class='ocr_par' dir='ltr' id='par_1_97' title="bbox 2131 3517 3717 3596">
     <span class='ocr_line' id='line_1_97' title="bbox 2131 3517 3717 3596; baseline 0.004 -25"><span class='ocrx_word' id='word_1_832' title='bbox 2131 3517 2295 3574; x_wconf 86' lang='lat' dir='ltr'><strong>millia</strong></span> <span class='ocrx_word' id='word_1_833' title='bbox 2335 3519 2570 3574; x_wconf 88' lang='lat' dir='ltr'><strong>virorum</strong></span> <span class='ocrx_word' id='word_1_834' title='bbox 2606 3521 2714 3590; x_wconf 88' lang='lat' dir='ltr'><strong>jam</strong></span> <span class='ocrx_word' id='word_1_835' title='bbox 2757 3521 2951 3575; x_wconf 90' lang='lat' dir='ltr'><strong>munda</strong></span> <span class='ocrx_word' id='word_1_836' title='bbox 2998 3532 3170 3577; x_wconf 87' lang='lat' dir='ltr'><strong>erant.</strong></span> <span class='ocrx_word' id='word_1_837' title='bbox 3217 3523 3346 3578; x_wconf 87' lang='lat' dir='ltr'><strong>Nam</strong></span> <span class='ocrx_word' id='word_1_838' title='bbox 3388 3526 3568 3596; x_wconf 83' lang='lat' dir='ltr'><strong>angeli</strong></span> <span class='ocrx_word' id='word_1_839' title='bbox 3597 3525 3717 3581; x_wconf 90' lang='lat' dir='ltr'><strong>dicti</strong></span> 
     </span>
    </p>
   </div>
   <div class='ocr_carea' id='block_1_98' title="bbox 2129 3608 3723 3685">
    <p class='ocr_par' dir='ltr' id='par_1_98' title="bbox 2129 3608 3723 3685">
     <span class='ocr_line' id='line_1_98' title="bbox 2129 3608 3723 3685; baseline 0.004 -23"><span class='ocrx_word' id='word_1_840' title='bbox 2129 3616 2255 3663; x_wconf 88' lang='lat' dir='ltr'><strong>sunt</strong></span> <span class='ocrx_word' id='word_1_841' title='bbox 2298 3617 2352 3663; x_wconf 90' lang='lat' dir='ltr'><strong>et</strong></span> <span class='ocrx_word' id='word_1_842' title='bbox 2392 3608 2691 3681; x_wconf 62' lang='lat' dir='ltr'><strong>Prophetas.</strong></span> <span class='ocrx_word' id='word_1_843' title='bbox 2736 3608 2805 3663; x_wconf 85' lang='lat' dir='ltr'><strong>Et</strong></span> <span class='ocrx_word' id='word_1_844' title='bbox 2846 3613 3085 3665; x_wconf 84' lang='lat' dir='ltr'><strong>adversus</strong></span> <span class='ocrx_word' id='word_1_845' title='bbox 3129 3613 3344 3683; x_wconf 81' lang='lat' dir='ltr'><strong>Angelos</strong></span> <span class='ocrx_word' id='word_1_846' title='bbox 3369 3631 3486 3668; x_wconf 84' lang='lat' dir='ltr'><strong>suos</strong></span> <span class='ocrx_word' id='word_1_847' title='bbox 3517 3630 3723 3685; x_wconf 76' lang='lat' dir='ltr'><strong>prauum</strong></span> 
     </span>
    </p>
   </div>
   <div class='ocr_carea' id='block_1_99' title="bbox 2127 3699 3723 3776">
    <p class='ocr_par' dir='ltr' id='par_1_99' title="bbox 2127 3699 3723 3776">
     <span class='ocr_line' id='line_1_99' title="bbox 2127 3699 3723 3776; baseline 0.006 -25"><span class='ocrx_word' id='word_1_848' title='bbox 2127 3699 2250 3770; x_wconf 88' lang='lat' dir='ltr'><strong>quid</strong></span> <span class='ocrx_word' id='word_1_849' title='bbox 2290 3701 2489 3771; x_wconf 85' lang='lat' dir='ltr'><strong>reperit.</strong></span> <span class='ocrx_word' id='word_1_850' title='bbox 2530 3699 2622 3754; x_wconf 89' lang='lat' dir='ltr'><strong>Vel</strong></span> <span class='ocrx_word' id='word_1_851' title='bbox 2651 3700 2788 3770; x_wconf 90' lang='lat' dir='ltr'><strong>quod</strong></span> <span class='ocrx_word' id='word_1_852' title='bbox 2816 3701 3074 3755; x_wconf 90' lang='lat' dir='ltr'><strong>adversus</strong></span> <span class='ocrx_word' id='word_1_853' title='bbox 3104 3717 3196 3756; x_wconf 90' lang='lat' dir='ltr'><strong>eos</strong></span> <span class='ocrx_word' id='word_1_854' title='bbox 3217 3703 3408 3757; x_wconf 89' lang='lat' dir='ltr'><strong>dicitur</strong></span> <span class='ocrx_word' id='word_1_855' title='bbox 3427 3745 3439 3767; x_wconf 93' lang='lat'><strong>,</strong></span> <span class='ocrx_word' id='word_1_856' title='bbox 3474 3707 3561 3758; x_wconf 90' lang='lat' dir='ltr'><strong>vel</strong></span> <span class='ocrx_word' id='word_1_857' title='bbox 3589 3705 3723 3776; x_wconf 90' lang='lat' dir='ltr'><strong>quod</strong></span> 
     </span>
    </p>
   </div>
   <div class='ocr_carea' id='block_1_100' title="bbox 2129 3788 3722 3866">
    <p class='ocr_par' dir='ltr' id='par_1_100' title="bbox 2129 3788 3722 3866">
     <span class='ocr_line' id='line_1_100' title="bbox 2129 3788 3722 3866; baseline 0.004 -23"><span class='ocrx_word' id='word_1_858' title='bbox 2129 3789 2228 3862; x_wconf 88' lang='lat' dir='ltr'><strong>ipsi</strong></span> <span class='ocrx_word' id='word_1_859' title='bbox 2267 3788 2470 3844; x_wconf 90' lang='lat' dir='ltr'><strong>dicunt.</strong></span> <span class='ocrx_word' id='word_1_860' title='bbox 2511 3789 2620 3843; x_wconf 82' lang='lat' dir='ltr'><strong>Hoc</strong></span> <span class='ocrx_word' id='word_1_861' title='bbox 2651 3799 2826 3844; x_wconf 92' lang='lat' dir='ltr'><strong>tamen</strong></span> <span class='ocrx_word' id='word_1_862' title='bbox 2857 3799 3030 3860; x_wconf 88' lang='lat' dir='ltr'><strong>potest</strong></span> <span class='ocrx_word' id='word_1_863' title='bbox 3057 3791 3216 3845; x_wconf 91' lang='lat' dir='ltr'><strong>etiam</strong></span> <span class='ocrx_word' id='word_1_864' title='bbox 3243 3792 3310 3847; x_wconf 88' lang='lat' dir='ltr'><strong>de</strong></span> <span class='ocrx_word' id='word_1_865' title='bbox 3337 3794 3476 3848; x_wconf 84' lang='lat' dir='ltr'><strong>veris</strong></span> <span class='ocrx_word' id='word_1_866' title='bbox 3505 3795 3722 3866; x_wconf 84' lang='lat' dir='ltr'><strong>Angelis</strong></span> 
     </span>
    </p>
   </div>
   <div class='ocr_carea' id='block_1_101' title="bbox 2127 3879 3722 3954">
    <p class='ocr_par' dir='ltr' id='par_1_101' title="bbox 2127 3879 3722 3954">
     <span class='ocr_line' id='line_1_101' title="bbox 2127 3879 3722 3954; baseline 0.004 -20"><span class='ocrx_word' id='word_1_867' title='bbox 2127 3881 2312 3950; x_wconf 87' lang='lat' dir='ltr'><strong>accipi.</strong></span> <span class='ocrx_word' id='word_1_868' title='bbox 2341 3879 2638 3932; x_wconf 82' lang='lat' dir='ltr'><strong>Habitantes</strong></span> <span class='ocrx_word' id='word_1_869' title='bbox 2660 3890 2828 3933; x_wconf 89' lang='lat' dir='ltr'><strong>autem</strong></span> <span class='ocrx_word' id='word_1_870' title='bbox 2845 3882 3020 3934; x_wconf 86' lang='lat' dir='ltr'><strong>domos</strong></span> <span class='ocrx_word' id='word_1_871' title='bbox 3039 3879 3198 3936; x_wconf 89' lang='lat' dir='ltr'><strong>luteas</strong></span> <span class='ocrx_word' id='word_1_872' title='bbox 3223 3899 3240 3935; x_wconf 93' lang='lat'><em>:</em></span> <span class='ocrx_word' id='word_1_873' title='bbox 3263 3898 3484 3954; x_wconf 91' lang='lat' dir='ltr'><strong>quorum</strong></span> <span class='ocrx_word' id='word_1_874' title='bbox 3512 3900 3722 3947; x_wconf 86' lang='lat' dir='ltr'><strong>convcr.</strong></span> 
     </span>
    </p>
   </div>
   <div class='ocr_carea' id='block_1_102' title="bbox 2127 3969 3713 4046">
    <p class='ocr_par' dir='ltr' id='par_1_102' title="bbox 2127 3969 3713 4046">
     <span class='ocr_line' id='line_1_102' title="bbox 2127 3969 3713 4046; baseline 0.004 -24"><span class='ocrx_word' id='word_1_875' title='bbox 2127 3970 2261 4023; x_wconf 89' lang='lat' dir='ltr'><strong>satio</strong></span> <span class='ocrx_word' id='word_1_876' title='bbox 2299 3984 2405 4023; x_wconf 90' lang='lat' dir='ltr'><strong>non</strong></span> <span class='ocrx_word' id='word_1_877' title='bbox 2448 3977 2530 4024; x_wconf 87' lang='lat' dir='ltr'><strong>est</strong></span> <span class='ocrx_word' id='word_1_878' title='bbox 2566 3969 2615 4023; x_wconf 89' lang='lat' dir='ltr'><strong>in</strong></span> <span class='ocrx_word' id='word_1_879' title='bbox 2655 3969 2826 4025; x_wconf 70' lang='lat' dir='ltr'><strong>cmlis.</strong></span> <span class='ocrx_word' id='word_1_880' title='bbox 2875 3969 3131 4024; x_wconf 84' lang='lat' dir='ltr'><strong>Percussit</strong></span> <span class='ocrx_word' id='word_1_881' title='bbox 3156 3972 3271 4026; x_wconf 87' lang='lat' dir='ltr'><strong>illos</strong></span> <span class='ocrx_word' id='word_1_882' title='bbox 3297 3983 3538 4046; x_wconf 87' lang='lat' dir='ltr'><strong>tanquam</strong></span> <span class='ocrx_word' id='word_1_883' title='bbox 3569 3977 3713 4031; x_wconf 83' lang='lat' dir='ltr'><strong>tinea.</strong></span> 
     </span>
    </p>
   </div>
   <div class='ocr_carea' id='block_1_103' title="bbox 2126 4060 3717 4133">
    <p class='ocr_par' dir='ltr' id='par_1_103' title="bbox 2126 4060 3717 4133">
     <span class='ocr_line' id='line_1_103' title="bbox 2126 4060 3717 4133; baseline 0.003 -17"><span class='ocrx_word' id='word_1_884' title='bbox 2126 4061 2232 4117; x_wconf 90' lang='lat' dir='ltr'><strong>Aut</strong></span> <span class='ocrx_word' id='word_1_885' title='bbox 2251 4060 2424 4132; x_wconf 89' lang='lat' dir='ltr'><strong>aliqua</strong></span> <span class='ocrx_word' id='word_1_886' title='bbox 2448 4061 2720 4132; x_wconf 88' lang='lat' dir='ltr'><strong>corruptio</strong></span> <span class='ocrx_word' id='word_1_887' title='bbox 2741 4062 3003 4132; x_wconf 91' lang='lat' dir='ltr'><strong>percussit</strong></span> <span class='ocrx_word' id='word_1_888' title='bbox 3048 4077 3142 4117; x_wconf 90' lang='lat' dir='ltr'><strong>eos</strong></span> <span class='ocrx_word' id='word_1_889' title='bbox 3162 4071 3409 4133; x_wconf 89' lang='lat' dir='ltr'><strong>tanquam</strong></span> <span class='ocrx_word' id='word_1_890' title='bbox 3435 4067 3573 4122; x_wconf 86' lang='lat' dir='ltr'><strong>tinea</strong></span> <span class='ocrx_word' id='word_1_891' title='bbox 3591 4107 3604 4133; x_wconf 89' lang='lat'><strong>,</strong></span> <span class='ocrx_word' id='word_1_892' title='bbox 3634 4075 3717 4120; x_wconf 90' lang='lat' dir='ltr'><strong>aut</strong></span> 
     </span>
    </p>
   </div>
   <div class='ocr_carea' id='block_1_104' title="bbox 2131 4152 3713 4232">
    <p class='ocr_par' dir='ltr' id='par_1_104' title="bbox 2131 4152 3713 4232">
     <span class='ocr_line' id='line_1_104' title="bbox 2131 4152 3713 4232; baseline 0.003 -24"><span class='ocrx_word' id='word_1_893' title='bbox 2131 4152 2268 4209; x_wconf 91' lang='lat' dir='ltr'><strong>Deus</strong></span> <span class='ocrx_word' id='word_1_894' title='bbox 2308 4168 2401 4208; x_wconf 91' lang='lat' dir='ltr'><strong>eos</strong></span> <span class='ocrx_word' id='word_1_895' title='bbox 2439 4153 2699 4224; x_wconf 90' lang='lat' dir='ltr'><strong>percussit</strong></span> <span class='ocrx_word' id='word_1_896' title='bbox 2728 4173 2740 4208; x_wconf 92' lang='lat'>:</span> <span class='ocrx_word' id='word_1_897' title='bbox 2767 4154 2848 4209; x_wconf 89' lang='lat' dir='ltr'><strong>vel</strong></span> <span class='ocrx_word' id='word_1_898' title='bbox 2895 4154 2994 4209; x_wconf 88' lang='lat' dir='ltr'><strong>hac</strong></span> <span class='ocrx_word' id='word_1_899' title='bbox 3018 4155 3161 4210; x_wconf 90' lang='lat' dir='ltr'><strong>tinea</strong></span> <span class='ocrx_word' id='word_1_900' title='bbox 3186 4198 3200 4224; x_wconf 94' lang='lat'><strong>,</strong></span> <span class='ocrx_word' id='word_1_901' title='bbox 3234 4156 3315 4212; x_wconf 80' lang='lat' dir='ltr'><strong>vel</strong></span> <span class='ocrx_word' id='word_1_902' title='bbox 3339 4158 3472 4214; x_wconf 90' lang='lat' dir='ltr'><strong>sicut</strong></span> <span class='ocrx_word' id='word_1_903' title='bbox 3496 4159 3713 4232; x_wconf 81' lang='lat' dir='ltr'><strong>percutit</strong></span> 
     </span>
    </p>
   </div>
   <div class='ocr_carea' id='block_1_105' title="bbox 2127 4242 3712 4320">
    <p class='ocr_par' dir='ltr' id='par_1_105' title="bbox 2127 4242 3712 4320">
     <span class='ocr_line' id='line_1_105' title="bbox 2127 4242 3712 4320; baseline 0.004 -22"><span class='ocrx_word' id='word_1_904' title='bbox 2127 4243 2266 4300; x_wconf 90' lang='lat' dir='ltr'><strong>tinea</strong></span> <span class='ocrx_word' id='word_1_905' title='bbox 2282 4285 2298 4313; x_wconf 90' lang='lat'><strong>,</strong></span> <span class='ocrx_word' id='word_1_906' title='bbox 2330 4242 2432 4300; x_wconf 89' lang='lat' dir='ltr'><strong>hoc</strong></span> <span class='ocrx_word' id='word_1_907' title='bbox 2455 4254 2535 4299; x_wconf 85' lang='lat' dir='ltr'><strong>est</strong></span> <span class='ocrx_word' id='word_1_908' title='bbox 2557 4285 2571 4311; x_wconf 94' lang='lat'><strong>,</strong></span> <span class='ocrx_word' id='word_1_909' title='bbox 2601 4245 2827 4300; x_wconf 87' lang='lat' dir='ltr'><strong>latenter</strong></span> <span class='ocrx_word' id='word_1_910' title='bbox 2851 4245 3172 4303; x_wconf 88' lang='lat' dir='ltr'><strong>intrinsecus</strong></span> <span class='ocrx_word' id='word_1_911' title='bbox 3191 4251 3533 4320; x_wconf 86' lang='lat' dir='ltr'><strong>corruptione</strong></span> <span class='ocrx_word' id='word_1_912' title='bbox 3558 4251 3622 4304; x_wconf 88' lang='lat' dir='ltr'><strong>ab</strong></span> <span class='ocrx_word' id='word_1_913' title='bbox 3641 4250 3712 4305; x_wconf 86' lang='lat' dir='ltr'><strong>eis</strong></span> 
     </span>
    </p>
   </div>
   <div class='ocr_carea' id='block_1_106' title="bbox 2127 4334 3711 4408">
    <p class='ocr_par' dir='ltr' id='par_1_106' title="bbox 2127 4334 3711 4408">
     <span class='ocr_line' id='line_1_106' title="bbox 2127 4334 3711 4408; baseline 0.002 -19"><span class='ocrx_word' id='word_1_914' title='bbox 2127 4334 2257 4407; x_wconf 89' lang='lat' dir='ltr'><strong>ipsis</strong></span> <span class='ocrx_word' id='word_1_915' title='bbox 2285 4346 2467 4391; x_wconf 83' lang='lat' dir='ltr'><strong>exorta</strong></span> <span class='ocrx_word' id='word_1_916' title='bbox 2498 4351 2594 4406; x_wconf 92' lang='lat' dir='ltr'><strong>per</strong></span> <span class='ocrx_word' id='word_1_917' title='bbox 2615 4337 3072 4408; x_wconf 86' lang='lat' dir='ltr'><strong>concupiscentias</strong></span> <span class='ocrx_word' id='word_1_918' title='bbox 3093 4340 3336 4395; x_wconf 91' lang='lat' dir='ltr'><strong>carnales</strong></span> <span class='ocrx_word' id='word_1_919' title='bbox 3356 4383 3371 4408; x_wconf 89' lang='lat'><strong>,</strong></span> <span class='ocrx_word' id='word_1_920' title='bbox 3403 4341 3502 4396; x_wconf 90' lang='lat' dir='ltr'><strong>hoc</strong></span> <span class='ocrx_word' id='word_1_921' title='bbox 3525 4350 3606 4397; x_wconf 90' lang='lat' dir='ltr'><strong>est</strong></span> <span class='ocrx_word' id='word_1_922' title='bbox 3627 4341 3711 4400; x_wconf 81' lang='lat' dir='ltr'><strong>lia-</strong></span> 
     </span>
    </p>
   </div>
   <div class='ocr_carea' id='block_1_107' title="bbox 2126 4424 3707 4502">
    <p class='ocr_par' dir='ltr' id='par_1_107' title="bbox 2126 4424 3707 4502">
     <span class='ocr_line' id='line_1_107' title="bbox 2126 4424 3707 4502; baseline -0.001 -18"><span class='ocrx_word' id='word_1_923' title='bbox 2126 4424 2385 4484; x_wconf 86' lang='lat' dir='ltr'><strong>bitatione</strong></span> <span class='ocrx_word' id='word_1_924' title='bbox 2406 4426 2458 4480; x_wconf 92' lang='lat' dir='ltr'><strong>in</strong></span> <span class='ocrx_word' id='word_1_925' title='bbox 2483 4424 2727 4481; x_wconf 85' lang='lat' dir='ltr'><strong>domibus</strong></span> <span class='ocrx_word' id='word_1_926' title='bbox 2747 4426 2921 4483; x_wconf 89' lang='lat' dir='ltr'><strong>luteis.</strong></span> <span class='ocrx_word' id='word_1_927' title='bbox 2953 4427 3018 4482; x_wconf 88' lang='lat' dir='ltr'><strong>Et</strong></span> <span class='ocrx_word' id='word_1_928' title='bbox 3045 4444 3078 4481; x_wconf 94' lang='lat' dir='ltr'><strong>a</strong></span> <span class='ocrx_word' id='word_1_929' title='bbox 3104 4445 3251 4483; x_wconf 86' lang='lat' dir='ltr'><strong>mane</strong></span> <span class='ocrx_word' id='word_1_930' title='bbox 3277 4447 3432 4502; x_wconf 87' lang='lat' dir='ltr'><strong>usque</strong></span> <span class='ocrx_word' id='word_1_931' title='bbox 3458 4431 3525 4484; x_wconf 88' lang='lat' dir='ltr'><strong>ad</strong></span> <span class='ocrx_word' id='word_1_932' title='bbox 3545 4446 3707 4502; x_wconf 84' lang='lat' dir='ltr'><strong>vespe-</strong></span> 
     </span>
    </p>
   </div>
   <div class='ocr_carea' id='block_1_108' title="bbox 2125 4515 3702 4584">
    <p class='ocr_par' dir='ltr' id='par_1_108' title="bbox 2125 4515 3702 4584">
     <span class='ocr_line' id='line_1_108' title="bbox 2125 4515 3702 4584; baseline 0.002 -15"><span class='ocrx_word' id='word_1_933' title='bbox 2125 4531 2234 4569; x_wconf 89' lang='lat' dir='ltr'><strong>ram</strong></span> <span class='ocrx_word' id='word_1_934' title='bbox 2263 4515 2399 4570; x_wconf 89' lang='lat' dir='ltr'><strong>ultra</strong></span> <span class='ocrx_word' id='word_1_935' title='bbox 2427 4532 2528 4569; x_wconf 89' lang='lat' dir='ltr'><strong>non</strong></span> <span class='ocrx_word' id='word_1_936' title='bbox 2558 4526 2695 4570; x_wconf 85' lang='lat' dir='ltr'><strong>sunt.</strong></span> <span class='ocrx_word' id='word_1_937' title='bbox 2723 4518 2827 4572; x_wconf 88' lang='lat' dir='ltr'><strong>Aut</strong></span> <span class='ocrx_word' id='word_1_938' title='bbox 2851 4517 2988 4572; x_wconf 89' lang='lat' dir='ltr'><strong>ultra</strong></span> <span class='ocrx_word' id='word_1_939' title='bbox 3019 4521 3273 4576; x_wconf 69' lang='lat' dir='ltr'><strong>smculum</strong></span> <span class='ocrx_word' id='word_1_940' title='bbox 3300 4519 3401 4576; x_wconf 92' lang='lat' dir='ltr'><strong>hoc</strong></span> <span class='ocrx_word' id='word_1_941' title='bbox 3428 4538 3533 4575; x_wconf 90' lang='lat' dir='ltr'><strong>non</strong></span> <span class='ocrx_word' id='word_1_942' title='bbox 3560 4525 3702 4584; x_wconf 83' lang='lat' dir='ltr'><strong>sunt,</strong></span> 
     </span>
    </p>
   </div>
   <div class='ocr_carea' id='block_1_109' title="bbox 2126 4606 3704 4682">
    <p class='ocr_par' dir='ltr' id='par_1_109' title="bbox 2126 4606 3704 4682">
     <span class='ocr_line' id='line_1_109' title="bbox 2126 4606 3704 4682; baseline 0.001 -22"><span class='ocrx_word' id='word_1_943' title='bbox 2126 4614 2220 4661; x_wconf 85' lang='lat' dir='ltr'><strong>aut</strong></span> <span class='ocrx_word' id='word_1_944' title='bbox 2240 4621 2268 4660; x_wconf 88' lang='lat' dir='ltr'><strong>a</strong></span> <span class='ocrx_word' id='word_1_945' title='bbox 2293 4606 2564 4677; x_wconf 87' lang='lat' dir='ltr'><strong>prosperis</strong></span> <span class='ocrx_word' id='word_1_946' title='bbox 2584 4607 2744 4662; x_wconf 89' lang='lat' dir='ltr'><strong>rebus</strong></span> <span class='ocrx_word' id='word_1_947' title='bbox 2767 4623 2934 4678; x_wconf 86' lang='lat' dir='ltr'><strong>usque</strong></span> <span class='ocrx_word' id='word_1_948' title='bbox 2959 4607 3024 4662; x_wconf 87' lang='lat' dir='ltr'><strong>ad</strong></span> <span class='ocrx_word' id='word_1_949' title='bbox 3047 4608 3438 4666; x_wconf 87' lang='lat' dir='ltr'><strong>tribulationem</strong></span> <span class='ocrx_word' id='word_1_950' title='bbox 3464 4628 3477 4663; x_wconf 88' lang='lat'>:</span> <span class='ocrx_word' id='word_1_951' title='bbox 3508 4623 3704 4682; x_wconf 64' lang='lat' dir='ltr'><strong>pennam</strong></span> 
     </span>
    </p>
   </div>
   <div class='ocr_carea' id='block_1_110' title="bbox 2124 4696 3704 4772">
    <p class='ocr_par' dir='ltr' id='par_1_110' title="bbox 2124 4696 3704 4772">
     <span class='ocr_line' id='line_1_110' title="bbox 2124 4696 3704 4772; baseline 0 -21"><span class='ocrx_word' id='word_1_952' title='bbox 2124 4696 2264 4752; x_wconf 88' lang='lat' dir='ltr'><strong>enim</strong></span> <span class='ocrx_word' id='word_1_953' title='bbox 2281 4697 2552 4752; x_wconf 90' lang='lat' dir='ltr'><strong>consecuti</strong></span> <span class='ocrx_word' id='word_1_954' title='bbox 2576 4705 2717 4754; x_wconf 89' lang='lat' dir='ltr'><strong>sunt.</strong></span> <span class='ocrx_word' id='word_1_955' title='bbox 2743 4696 2818 4750; x_wconf 87' lang='lat' dir='ltr'><strong>Eo</strong></span> <span class='ocrx_word' id='word_1_956' title='bbox 2843 4699 2976 4768; x_wconf 89' lang='lat' dir='ltr'><strong>quod</strong></span> <span class='ocrx_word' id='word_1_957' title='bbox 2997 4715 3096 4752; x_wconf 90' lang='lat' dir='ltr'><strong>non</strong></span> <span class='ocrx_word' id='word_1_958' title='bbox 3123 4708 3324 4768; x_wconf 85' lang='lat' dir='ltr'><strong>possent</strong></span> <span class='ocrx_word' id='word_1_959' title='bbox 3347 4701 3442 4754; x_wconf 85' lang='lat' dir='ltr'><strong>sibi</strong></span> <span class='ocrx_word' id='word_1_960' title='bbox 3459 4701 3577 4772; x_wconf 86' lang='lat' dir='ltr'><strong>ipsis</strong></span> <span class='ocrx_word' id='word_1_961' title='bbox 3595 4699 3704 4754; x_wconf 53' lang='lat' dir='ltr'><strong>sub‘</strong></span> 
     </span>
    </p>
   </div>
   <div class='ocr_carea' id='block_1_111' title="bbox 2123 4787 3698 4860">
    <p class='ocr_par' dir='ltr' id='par_1_111' title="bbox 2123 4787 3698 4860">
     <span class='ocr_line' id='line_1_111' title="bbox 2123 4787 3698 4860; baseline -0.001 -19"><span class='ocrx_word' id='word_1_962' title='bbox 2123 4788 2321 4853; x_wconf 75' lang='lat' dir='ltr'><strong>venire,</strong></span> <span class='ocrx_word' id='word_1_963' title='bbox 2351 4788 2603 4856; x_wconf 87' lang='lat' dir='ltr'><strong>perierunt</strong></span> <span class='ocrx_word' id='word_1_964' title='bbox 2630 4804 2647 4840; x_wconf 91' lang='lat'><strong><em>:</em></strong></span> <span class='ocrx_word' id='word_1_965' title='bbox 2676 4803 2795 4841; x_wconf 91' lang='lat' dir='ltr'><strong>cum</strong></span> <span class='ocrx_word' id='word_1_966' title='bbox 2819 4788 2869 4841; x_wconf 92' lang='lat' dir='ltr'><strong>in</strong></span> <span class='ocrx_word' id='word_1_967' title='bbox 2892 4802 2950 4842; x_wconf 89' lang='lat' dir='ltr'><strong>se</strong></span> <span class='ocrx_word' id='word_1_968' title='bbox 2972 4787 3167 4844; x_wconf 86' lang='lat' dir='ltr'><strong>habent</strong></span> <span class='ocrx_word' id='word_1_969' title='bbox 3185 4804 3354 4860; x_wconf 88' lang='lat' dir='ltr'><strong>spem.</strong></span> <span class='ocrx_word' id='word_1_970' title='bbox 3379 4791 3698 4854; x_wconf 76' lang='lat' dir='ltr'><strong>lnterierttnt,</strong></span> 
     </span>
    </p>
   </div>
   <div class='ocr_carea' id='block_1_112' title="bbox 2123 4877 3633 4951">
    <p class='ocr_par' dir='ltr' id='par_1_112' title="bbox 2123 4877 3633 4951">
     <span class='ocr_line' id='line_1_112' title="bbox 2123 4877 3633 4951; baseline 0 -20"><span class='ocrx_word' id='word_1_971' title='bbox 2123 4879 2241 4950; x_wconf 89' lang='lat' dir='ltr'><strong>quia</strong></span> <span class='ocrx_word' id='word_1_972' title='bbox 2270 4894 2369 4931; x_wconf 89' lang='lat' dir='ltr'><strong>non</strong></span> <span class='ocrx_word' id='word_1_973' title='bbox 2402 4877 2646 4934; x_wconf 82' lang='lat' dir='ltr'><strong>habebant</strong></span> <span class='ocrx_word' id='word_1_974' title='bbox 2674 4877 2970 4947; x_wconf 88' lang='lat' dir='ltr'><strong>sapientiam</strong></span> <span class='ocrx_word' id='word_1_975' title='bbox 3002 4895 3022 4932; x_wconf 89' lang='lat'><strong><em>:</em></strong></span> <span class='ocrx_word' id='word_1_976' title='bbox 3047 4894 3151 4934; x_wconf 94' lang='lat' dir='ltr'><strong>non</strong></span> <span class='ocrx_word' id='word_1_977' title='bbox 3175 4879 3226 4933; x_wconf 91' lang='lat' dir='ltr'><strong>iu</strong></span> <span class='ocrx_word' id='word_1_978' title='bbox 3249 4895 3307 4938; x_wconf 87' lang='lat' dir='ltr'><strong>se</strong></span> <span class='ocrx_word' id='word_1_979' title='bbox 3328 4879 3572 4951; x_wconf 89' lang='lat' dir='ltr'><strong>sperandi</strong></span> <span class='ocrx_word' id='word_1_980' title='bbox 3596 4879 3633 4931; x_wconf 90' lang='grc'><strong>³.</strong></span> 
     </span>
    </p>
   </div>
   <div class='ocr_carea' id='block_1_113' title="bbox 2195 4967 3699 5043">
    <p class='ocr_par' dir='ltr' id='par_1_113' title="bbox 2195 4967 3699 5043">
     <span class='ocr_line' id='line_1_113' title="bbox 2195 4967 3699 5043; baseline -0.001 -21"><span class='ocrx_word' id='word_1_981' title='bbox 2195 4967 2294 5043; x_wconf 84' lang='grc'><strong>[11).</strong></span> <span class='ocrx_word' id='word_1_982' title='bbox 2325 4968 2402 5043; x_wconf 87' lang='lat' dir='ltr'><strong>v.]</strong></span> <span class='ocrx_word' id='word_1_983' title='bbox 2428 4969 2614 5023; x_wconf 82' lang='lat' dir='ltr'><strong>lnvoca</strong></span> <span class='ocrx_word' id='word_1_984' title='bbox 2656 4979 2844 5035; x_wconf 84' lang='lat' dir='ltr'><strong>autem,</strong></span> <span class='ocrx_word' id='word_1_985' title='bbox 2889 4972 2934 5025; x_wconf 87' lang='lat' dir='ltr'><strong>si</strong></span> <span class='ocrx_word' id='word_1_986' title='bbox 2975 4971 3088 5042; x_wconf 90' lang='lat' dir='ltr'><strong>quis</strong></span> <span class='ocrx_word' id='word_1_987' title='bbox 3125 4973 3212 5026; x_wconf 88' lang='lat' dir='ltr'><strong>tibi</strong></span> <span class='ocrx_word' id='word_1_988' title='bbox 3245 4974 3558 5042; x_wconf 86' lang='lat' dir='ltr'><strong>respondeat.</strong></span> <span class='ocrx_word' id='word_1_989' title='bbox 3606 4968 3699 5023; x_wconf 89' lang='lat' dir='ltr'><strong>Illis</strong></span> 
     </span>
    </p>
   </div>
   <div class='ocr_carea' id='block_1_114' title="bbox 2125 5059 3694 5130">
    <p class='ocr_par' dir='ltr' id='par_1_114' title="bbox 2125 5059 3694 5130">
     <span class='ocr_line' id='line_1_114' title="bbox 2125 5059 3694 5130; baseline -0.004 -14"><span class='ocrx_word' id='word_1_990' title='bbox 2125 5060 2266 5116; x_wconf 90' lang='lat' dir='ltr'><strong>enim</strong></span> <span class='ocrx_word' id='word_1_991' title='bbox 2293 5059 2662 5128; x_wconf 86' lang='lat' dir='ltr'><strong>respondetur,</strong></span> <span class='ocrx_word' id='word_1_992' title='bbox 2690 5060 2779 5130; x_wconf 91' lang='lat' dir='ltr'><strong>qui</strong></span> <span class='ocrx_word' id='word_1_993' title='bbox 2807 5061 2989 5115; x_wconf 89' lang='lat' dir='ltr'><strong>mundi</strong></span> <span class='ocrx_word' id='word_1_994' title='bbox 3011 5071 3134 5117; x_wconf 90' lang='lat' dir='ltr'><strong>sunt</strong></span> <span class='ocrx_word' id='word_1_995' title='bbox 3153 5078 3332 5118; x_wconf 87' lang='lat' dir='ltr'><strong>coram</strong></span> <span class='ocrx_word' id='word_1_996' title='bbox 3354 5064 3482 5119; x_wconf 88' lang='lat' dir='ltr'><strong>Deo.</strong></span> <span class='ocrx_word' id='word_1_997' title='bbox 3508 5060 3694 5116; x_wconf 83' lang='lat' dir='ltr'><strong>Etenim</strong></span> 
     </span>
    </p>
   </div>
   <div class='ocr_carea' id='block_1_115' title="bbox 2123 5152 3692 5225">
    <p class='ocr_par' dir='ltr' id='par_1_115' title="bbox 2123 5152 3692 5225">
     <span class='ocr_line' id='line_1_115' title="bbox 2123 5152 3692 5225; baseline -0.003 -18"><span class='ocrx_word' id='word_1_998' title='bbox 2123 5152 2332 5207; x_wconf 82' lang='lat' dir='ltr'><strong>stultum</strong></span> <span class='ocrx_word' id='word_1_999' title='bbox 2361 5152 2556 5222; x_wconf 81' lang='lat' dir='ltr'><strong>perimit</strong></span> <span class='ocrx_word' id='word_1_1000' title='bbox 2585 5152 2663 5206; x_wconf 90' lang='lat' dir='ltr'><strong>ira</strong></span> <span class='ocrx_word' id='word_1_1001' title='bbox 2695 5168 2712 5206; x_wconf 91' lang='lat'><strong><em>:</em></strong></span> <span class='ocrx_word' id='word_1_1002' title='bbox 2740 5152 3049 5222; x_wconf 83' lang='lat' dir='ltr'><strong>indignatio,</strong></span> <span class='ocrx_word' id='word_1_1003' title='bbox 3082 5170 3183 5225; x_wconf 89' lang='lat' dir='ltr'><strong>qua</strong></span> <span class='ocrx_word' id='word_1_1004' title='bbox 3215 5155 3437 5225; x_wconf 88' lang='lat' dir='ltr'><strong>quisque</strong></span> <span class='ocrx_word' id='word_1_1005' title='bbox 3476 5153 3692 5223; x_wconf 86' lang='lat' dir='ltr'><strong>angitur,</strong></span> 
     </span>
    </p>
   </div>
   <div class='ocr_carea' id='block_1_116' title="bbox 2125 5241 3690 5316">
    <p class='ocr_par' dir='ltr' id='par_1_116' title="bbox 2125 5241 3690 5316">
     <span class='ocr_line' id='line_1_116' title="bbox 2125 5241 3690 5316; baseline -0.003 -18"><span class='ocrx_word' id='word_1_1006' title='bbox 2125 5252 2372 5314; x_wconf 81' lang='lat' dir='ltr'><strong>tanquam</strong></span> <span class='ocrx_word' id='word_1_1007' title='bbox 2402 5241 2580 5313; x_wconf 82' lang='lat' dir='ltr'><strong>inique</strong></span> <span class='ocrx_word' id='word_1_1008' title='bbox 2605 5242 2707 5298; x_wconf 84' lang='lat' dir='ltr'><strong>sibi</strong></span> <span class='ocrx_word' id='word_1_1009' title='bbox 2736 5243 2932 5316; x_wconf 79' lang='lat' dir='ltr'><strong>aliquid</strong></span> <span class='ocrx_word' id='word_1_1010' title='bbox 2965 5245 3236 5310; x_wconf 79' lang='lat' dir='ltr'><strong>acciderit,</strong></span> <span class='ocrx_word' id='word_1_1011' title='bbox 3263 5245 3388 5300; x_wconf 89' lang='lat' dir='ltr'><strong>dum</strong></span> <span class='ocrx_word' id='word_1_1012' title='bbox 3419 5261 3522 5301; x_wconf 87' lang='lat' dir='ltr'><strong>non</strong></span> <span class='ocrx_word' id='word_1_1013' title='bbox 3548 5241 3690 5313; x_wconf 82' lang='lat' dir='ltr'><strong>cogi-</strong></span> 
     </span>
    </p>
   </div>
   <div class='ocr_carea' id='block_1_117' title="bbox 2125 5333 3686 5406">
    <p class='ocr_par' dir='ltr' id='par_1_117' title="bbox 2125 5333 3686 5406">
     <span class='ocr_line' id='line_1_117' title="bbox 2125 5333 3686 5406; baseline 0.004 -16"><span class='ocrx_word' id='word_1_1014' title='bbox 2125 5345 2202 5390; x_wconf 90' lang='lat' dir='ltr'><strong>tat</strong></span> <span class='ocrx_word' id='word_1_1015' title='bbox 2223 5350 2390 5405; x_wconf 90' lang='lat' dir='ltr'><strong>usque</strong></span> <span class='ocrx_word' id='word_1_1016' title='bbox 2413 5333 2549 5390; x_wconf 87' lang='lat' dir='ltr'><strong>adeo</strong></span> <span class='ocrx_word' id='word_1_1017' title='bbox 2575 5350 2632 5390; x_wconf 92' lang='lat' dir='ltr'><strong>se</strong></span> <span class='ocrx_word' id='word_1_1018' title='bbox 2659 5335 2988 5391; x_wconf 90' lang='lat' dir='ltr'><strong>immundum</strong></span> <span class='ocrx_word' id='word_1_1019' title='bbox 3009 5351 3131 5392; x_wconf 89' lang='lat' dir='ltr'><strong>esse</strong></span> <span class='ocrx_word' id='word_1_1020' title='bbox 3156 5353 3333 5392; x_wconf 90' lang='lat' dir='ltr'><strong>coram</strong></span> <span class='ocrx_word' id='word_1_1021' title='bbox 3365 5338 3471 5394; x_wconf 89' lang='lat' dir='ltr'><strong>Deo</strong></span> <span class='ocrx_word' id='word_1_1022' title='bbox 3489 5381 3502 5406; x_wconf 89' lang='lat'><strong>,</strong></span> <span class='ocrx_word' id='word_1_1023' title='bbox 3530 5345 3582 5398; x_wconf 81' lang='lat' dir='ltr'><strong>ut</strong></span> <span class='ocrx_word' id='word_1_1024' title='bbox 3615 5334 3686 5387; x_wconf 81' lang='grc' dir='ltr'><strong>ῖιι·</strong></span> 
     </span>
    </p>
   </div>
   <div class='ocr_carea' id='block_1_118' title="bbox 2188 5442 3701 5514">
    <p class='ocr_par' dir='ltr' id='par_1_118' title="bbox 2188 5442 3701 5514">
     <span class='ocr_line' id='line_1_118' title="bbox 2188 5442 3701 5514; baseline 0.001 -18"><span class='ocrx_word' id='word_1_1025' title='bbox 2188 5448 2206 5480; x_wconf 72' lang='grc' dir='ltr'><strong><em>ι</em></strong></span> <span class='ocrx_word' id='word_1_1026' title='bbox 2227 5455 2326 5496; x_wconf 80' lang='lat' dir='ltr'><strong>Am.</strong></span> <span class='ocrx_word' id='word_1_1027' title='bbox 2344 5453 2415 5497; x_wconf 81' lang='lat' dir='ltr'><strong>Er.</strong></span> <span class='ocrx_word' id='word_1_1028' title='bbox 2436 5453 2486 5498; x_wconf 90' lang='lat' dir='ltr'><strong>et</strong></span> <span class='ocrx_word' id='word_1_1029' title='bbox 2504 5445 2726 5514; x_wconf 74' lang='lat' dir='ltr'><strong>plerique</strong></span> <span class='ocrx_word' id='word_1_1030' title='bbox 2751 5454 2875 5499; x_wconf 55' lang='lat' dir='ltr'><strong>Mssa</strong></span> <span class='ocrx_word' id='word_1_1031' title='bbox 2897 5454 3132 5514; x_wconf 74' lang='lat' dir='ltr'><strong>Exsurqet</strong></span> <span class='ocrx_word' id='word_1_1032' title='bbox 3152 5461 3266 5514; x_wconf 82' lang='lat' dir='ltr'><strong>gens</strong></span> <span class='ocrx_word' id='word_1_1033' title='bbox 3287 5463 3433 5514; x_wconf 74' lang='lat' dir='ltr'><strong>supra</strong></span> <span class='ocrx_word' id='word_1_1034' title='bbox 3451 5448 3520 5501; x_wconf 72' lang='lat' dir='ltr'><strong>uel</strong></span> <span class='ocrx_word' id='word_1_1035' title='bbox 3540 5442 3701 5498; x_wconf 51' lang='lat' dir='ltr'><strong>contra</strong></span> 
     </span>
    </p>
   </div>
   <div class='ocr_carea' id='block_1_119' title="bbox 2123 5507 3710 5602">
    <p class='ocr_par' dir='ltr' id='par_1_119' title="bbox 2123 5507 3710 5602">
     <span class='ocr_line' id='line_1_119' title="bbox 2123 5507 3710 5602; baseline 0.004 -47"><span class='ocrx_word' id='word_1_1036' title='bbox 2123 5514 2325 5576; x_wconf 78' lang='lat' dir='ltr'><strong>gentem.</strong></span> <span class='ocrx_word' id='word_1_1037' title='bbox 2352 5507 2663 5581; x_wconf 74' lang='lat' dir='ltr'><strong>Evangeliuui</strong></span> <span class='ocrx_word' id='word_1_1038' title='bbox 2683 5509 2731 5562; x_wconf 82' lang='lat' dir='ltr'><strong>in</strong></span> <span class='ocrx_word' id='word_1_1039' title='bbox 2749 5521 2927 5582; x_wconf 67' lang='lat' dir='ltr'><strong>graeco,</strong></span> <span class='ocrx_word' id='word_1_1040' title='bbox 2954 5507 3116 5562; x_wconf 71' lang='lat' dir='ltr'><strong>etlmbs</strong></span> <span class='ocrx_word' id='word_1_1041' title='bbox 3139 5507 3217 5575; x_wconf 66' lang='lat' dir='ltr'><strong>ép&#39;t</strong></span> <span class='ocrx_word' id='word_1_1042' title='bbox 3247 5507 3428 5583; x_wconf 59' lang='lat' dir='ltr'><strong>etlu&#39;tos.</strong></span> <span class='ocrx_word' id='word_1_1043' title='bbox 3455 5571 3466 5582; x_wconf 48' lang='lat'><em>.</em></span> <span class='ocrx_word' id='word_1_1044' title='bbox 3543 5569 3553 5580; x_wconf 46' lang='lat'><em>.</em></span> <span class='ocrx_word' id='word_1_1045' title='bbox 3594 5567 3604 5578; x_wconf 38' lang='grc' dir='ltr'><strong>ε</strong></span> <span class='ocrx_word' id='word_1_1046' title='bbox 3692 5522 3710 5602; x_wconf 53' lang='grc' dir='ltr'><strong>ι</strong></span> 
     </span>
     <span class='ocr_line' id='line_1_120' title="bbox 2189 5569 3670 5602; baseline 0 0"><span class='ocrx_word' id='word_1_1047' title='bbox 2189 5573 2208 5602; x_wconf 71' lang='grc'><strong>1</strong></span> <span class='ocrx_word' id='word_1_1048' title='bbox 2234 5576 2280 5602; x_wconf 89' lang='lat' dir='ltr'><strong>In</strong></span> <span class='ocrx_word' id='word_1_1049' title='bbox 2305 5583 2495 5602; x_wconf 70' lang='lat' dir='ltr'><strong>nvnncvc</strong></span> <span class='ocrx_word' id='word_1_1050' title='bbox 2521 5569 2798 5602; x_wconf 67' lang='lat' dir='ltr'><strong>n&#39;nulnmnr</strong></span> <span class='ocrx_word' id='word_1_1051' title='bbox 2826 5572 2989 5602; x_wconf 69' lang='lat' dir='ltr'><strong>mih-nn</strong></span> <span class='ocrx_word' id='word_1_1052' title='bbox 3005 5574 3151 5602; x_wconf 68' lang='grc' dir='ltr'><strong>νην-ιω</strong></span> <span class='ocrx_word' id='word_1_1053' title='bbox 3198 5579 3278 5602; x_wconf 75' lang='lat' dir='ltr'><strong>nus</strong></span> <span class='ocrx_word' id='word_1_1054' title='bbox 3300 5573 3409 5602; x_wconf 62' lang='lat' dir='ltr'><strong>&quot;Lm</strong></span> <span class='ocrx_word' id='word_1_1055' title='bbox 3428 5585 3491 5602; x_wconf 70' lang='grc' dir='ltr'><strong>..ρ</strong></span> <span class='ocrx_word' id='word_1_1056' title='bbox 3511 5569 3670 5602; x_wconf 58' lang='grc' dir='ltr'><strong>..ἥσω</strong></span> 
     </span>
    </p>
   </div>
   <div class='ocr_carea' id='block_1_120' title="bbox 2189 5569 3712 5632">
    <p class='ocr_par' dir='ltr' id='par_1_120' title="bbox 2189 5569 3712 5632">
     <span class='ocr_line' id='line_1_121' title="bbox 2189 5569 3712 5632; baseline 0.006 -15"><span class='ocrx_word' id='word_1_1057' title='bbox 2189 5573 2208 5632; x_wconf 54' lang='grc' dir='ltr'><strong>ε</strong></span> <span class='ocrx_word' id='word_1_1058' title='bbox 2233 5576 2282 5619; x_wconf 88' lang='grc' dir='ltr'><strong>ιιι</strong></span> <span class='ocrx_word' id='word_1_1059' title='bbox 2305 5569 2499 5619; x_wconf 74' lang='lat' dir='ltr'><strong>excusis</strong></span> <span class='ocrx_word' id='word_1_1060' title='bbox 2521 5569 2801 5632; x_wconf 77' lang='lat' dir='ltr'><strong>exciderant</strong></span> <span class='ocrx_word' id='word_1_1061' title='bbox 2826 5569 2990 5632; x_wconf 55' lang='lat' dir='ltr'><strong>isthaic</strong></span> <span class='ocrx_word' id='word_1_1062' title='bbox 3005 5569 3178 5632; x_wconf 68' lang='lat' dir='ltr'><strong>verba,</strong></span> <span class='ocrx_word' id='word_1_1063' title='bbox 3196 5579 3278 5623; x_wconf 84' lang='lat' dir='ltr'><strong>aut</strong></span> <span class='ocrx_word' id='word_1_1064' title='bbox 3299 5573 3409 5624; x_wconf 86' lang='lat' dir='ltr'><strong>ideo</strong></span> <span class='ocrx_word' id='word_1_1065' title='bbox 3424 5571 3491 5625; x_wconf 84' lang='lat' dir='ltr'><strong>sic</strong></span> <span class='ocrx_word' id='word_1_1066' title='bbox 3511 5569 3712 5626; x_wconf 52' lang='lat' dir='ltr'><strong>vidisse.)</strong></span> 
     </span>
    </p>
   </div>
   <div class='ocr_carea' id='block_1_121' title="bbox 2125 5630 3720 5697">
    <p class='ocr_par' dir='ltr' id='par_1_121' title="bbox 2125 5630 3720 5697">
     <span class='ocr_line' id='line_1_122' title="bbox 2125 5630 3720 5697; baseline 0.003 -16"><span class='ocrx_word' id='word_1_1067' title='bbox 2125 5631 2239 5697; x_wconf 87' lang='lat' dir='ltr'><strong>quia</strong></span> <span class='ocrx_word' id='word_1_1068' title='bbox 2261 5644 2399 5697; x_wconf 80' lang='lat' dir='ltr'><strong>nemo</strong></span> <span class='ocrx_word' id='word_1_1069' title='bbox 2421 5642 2582 5697; x_wconf 77' lang='lat' dir='ltr'><strong>comm</strong></span> <span class='ocrx_word' id='word_1_1070' title='bbox 2609 5639 2702 5697; x_wconf 74' lang='lat' dir='ltr'><strong>[)eo</strong></span> <span class='ocrx_word' id='word_1_1071' title='bbox 2727 5630 2793 5680; x_wconf 88' lang='lat' dir='ltr'><strong>ita</strong></span> <span class='ocrx_word' id='word_1_1072' title='bbox 2815 5630 3023 5697; x_wconf 81' lang='lat' dir='ltr'><strong>mundus</strong></span> <span class='ocrx_word' id='word_1_1073' title='bbox 3041 5640 3109 5684; x_wconf 90' lang='lat' dir='ltr'><strong>est</strong></span> <span class='ocrx_word' id='word_1_1074' title='bbox 3133 5630 3283 5697; x_wconf 52' lang='lat' dir='ltr'><strong>nunc</strong></span> <span class='ocrx_word' id='word_1_1075' title='bbox 3306 5635 3399 5685; x_wconf 85' lang='lat' dir='ltr'><strong>huc</strong></span> <span class='ocrx_word' id='word_1_1076' title='bbox 3419 5633 3720 5686; x_wconf 60' lang='lat' dir='ltr'><strong>revocantum</strong></span> 
     </span>
    </p>
   </div>
   <div class='ocr_carea' id='block_1_122' title="bbox 2129 5693 2967 5744">
    <p class='ocr_par' dir='ltr' id='par_1_122' title="bbox 2129 5693 2967 5744">
     <span class='ocr_line' id='line_1_123' title="bbox 2129 5693 2967 5744; baseline -0.001 0"><span class='ocrx_word' id='word_1_1077' title='bbox 2129 5693 2191 5744; x_wconf 76' lang='lat' dir='ltr'><strong>ex</strong></span> <span class='ocrx_word' id='word_1_1078' title='bbox 2219 5701 2322 5742; x_wconf 75' lang='lat' dir='ltr'><strong>Mss.</strong></span> <span class='ocrx_word' id='word_1_1079' title='bbox 2347 5693 2630 5742; x_wconf 77' lang='lat' dir='ltr'><strong>Floriacensi</strong></span> <span class='ocrx_word' id='word_1_1080' title='bbox 2653 5698 2704 5741; x_wconf 84' lang='lat' dir='ltr'><strong>et</strong></span> <span class='ocrx_word' id='word_1_1081' title='bbox 2725 5695 2967 5743; x_wconf 78' lang='lat' dir='ltr'><strong>Beocensi.</strong></span> 
     </span>
    </p>
   </div>
   <div class='ocr_carea' id='block_1_123' title="bbox 2192 5751 2840 5817">
    <p class='ocr_par' dir='ltr' id='par_1_123' title="bbox 2192 5751 2840 5817">
     <span class='ocr_line' id='line_1_124' title="bbox 2192 5751 2840 5817; baseline -0.005 -13"><span class='ocrx_word' id='word_1_1082' title='bbox 2192 5757 2212 5787; x_wconf 82' lang='grc'><strong><em>³</em></strong></span> <span class='ocrx_word' id='word_1_1083' title='bbox 2230 5761 2303 5804; x_wconf 75' lang='lat' dir='ltr'><strong>Er.</strong></span> <span class='ocrx_word' id='word_1_1084' title='bbox 2330 5753 2469 5817; x_wconf 87' lang='lat' dir='ltr'><strong>legit,</strong></span> <span class='ocrx_word' id='word_1_1085' title='bbox 2491 5751 2746 5816; x_wconf 83' lang='lat' dir='ltr'><strong>sperando.</strong></span> <span class='ocrx_word' id='word_1_1086' title='bbox 2785 5759 2840 5801; x_wconf 72' lang='grc' dir='ltr'><strong>Μ.</strong></span> 
     </span>
    </p>
   </div>
  </div>
