3874 6318
131 351 242 411 829

126 471 349 529 vocanti
377 486 507 529 non
531 471 718 545 Angeli
761 459 1114 544 respondere,
1144 477 1236 526 aut
1276 483 1334 527 se
1371 469 1742 525 demonstrare

128 563 341 636 dignati
367 564 512 620 sint.
542 563 641 633 Qui
670 565 811 620 enim
838 562 940 620 hoc
966 579 1071 619 non
1100 561 1316 634 cogitat,
1344 562 1538 617 stultus
1564 567 1666 625 est,
1689 569 1744 616 et

135 655 215 710 ira
245 653 614 710 irrationabili
643 655 983 711 interimitur.
1018 656 1122 710 Aut
1149 653 1348 710 ideirco
1373 653 1606 724 Angelos
1634 665 1743 708 non

133 745 352 814 audire,
380 762 492 803 non
514 745 693 804 videre
714 757 890 818 potest
909 747 1119 812 stultus,
1143 745 1263 818 quia
1294 746 1372 801 ira
1392 743 1742 814 interemptus

133 845 220 892 est
244 878 261 905 ,
295 845 356 892 et
385 853 417 892 a
452 837 566 893 zelo
594 838 824 893 occisus.
858 835 1128 892 Errantem
1160 844 1325 890 autem
1354 835 1534 890 occidit
1558 834 1694 888 zelus
1723 849 1744 890 :

133 929 202 984 ad
253 929 589 986 imitandum
641 941 968 1003 peccatores.
1015 927 1338 1012 Ego\autem
1385 929 1491 984 vidi
1539 927 1736 994 stultos,

129 1021 371 1076 radicem
394 1024 666 1078 mittentes.
683 1023 884 1079 Stultos
901 1038 1040 1078 nunc
1057 1022 1248 1093 impios
1272 1017 1659 1091 accipiendum,
1681 1027 1742 1075 ut

132 1128 165 1170 e
191 1113 484 1170 contrario
513 1115 767 1186 sapientia
799 1114 1028 1170 hominis
1056 1115 1222 1186 pietas
1246 1113 1332 1180 sit,
1367 1114 1503 1170 sicut
1531 1114 1584 1168 in
1607 1127 1739 1168 con-

131 1207 499 1277 sequentibus
537 1206 746 1261 dicitur.
787 1204 855 1261 Et
900 1215 1225 1262 conterantur
1253 1221 1404 1278 super
1429 1208 1620 1276 januas
1653 1205 1738 1259 in-

132 1299 414 1366 ﬁrmorum
463 1315 482 1353 :
514 1298 811 1364 humilium,
857 1313 975 1354 cum
1019 1297 1219 1369 recepti
1257 1297 1446 1352 fuerint
1495 1295 1546 1352 in
1586 1296 1738 1351 cubi-

130 1387 316 1444 culum
360 1405 394 1444 a
437 1405 639 1459 sponso
661 1433 674 1455 ,
703 1397 759 1446 et
795 1389 937 1445 stulti
965 1389 1096 1445 foris
1143 1389 1495 1444 remanserint
1524 1384 1733 1459 (Matth.

130 1480 308 1558 sxv)?
337 1481 478 1548 Quce
503 1484 634 1537 enim
660 1481 738 1537 illi
764 1491 1205 1556 congregaverant,
1221 1481 1348 1554 justi
1368 1481 1640 1536 comedent.
1673 1481 1739 1535 Et

129 1573 198 1631 de
224 1573 443 1631 Judaeis
473 1584 645 1645 potest
669 1574 913 1647 intelligi,
941 1573 1384 1648 congregantibus
1409 1573 1732 1645 prophetias,

129 1681 267 1736 quas
307 1665 565 1722 Gentiles
607 1669 780 1737 potius
821 1667 1199 1732 comederunt;
1232 1673 1287 1721 et
1314 1666 1379 1720 de
1416 1665 1498 1721 his
1539 1666 1628 1736 qui
1660 1662 1737 1719 fa-

127 1759 338 1815 cientes
370 1759 666 1815 comednnt
695 1776 812 1832 quae
849 1761 936 1814 alii
969 1758 1280 1831 praecipiunt
1304 1768 1356 1812 et
1382 1773 1484 1813 non
1512 1755 1729 1812 faciunt.

129 1848 244 1921 Ipsi
264 1868 389 1906 vero
413 1853 482 1906 de
503 1851 649 1906 malis
666 1867 765 1906 non
785 1851 1122 1905 liberabuntur
1144 1865 1162 1904 :
1185 1850 1423 1920 quamvis
1449 1848 1736 1919 praedicent

127 1957 236 1997 non
268 1957 397 1998 esse
436 1941 698 1997 facienda.
732 1941 1081 1996 Exttauriatur
1111 1941 1354 2013 fortitudo
1379 1955 1549 1994 eorum
1581 1959 1598 1994 :
1629 1955 1731 2009 qua

129 2033 465 2103 superbiunt
493 2031 748 2089 adversus
774 2029 1032 2088 infirmos.
1067 2031 1420 2087 Exltauriatur
1452 2040 1649 2096 autent,
1674 2039 1733 2085 ut

125 2123 233 2194 jam
283 2125 517 2196 incipiat
551 2124 812 2180 laborare.
855 2119 977 2178 Non
1015 2125 1146 2180 enim
1186 2125 1378 2194 prodiet
1406 2125 1468 2178 de
1500 2133 1630 2177 terra
1652 2123 1729 2177 la-

128 2218 217 2272 bar
248 2235 266 2273 :
293 2217 348 2273 id
381 2225 472 2274 est
496 2215 562 2275 de
589 2227 833 2274 creatura
858 2232 965 2272 non
992 2230 1402 2288 conquerantur,
1436 2217 1530 2272 sed
1561 2216 1626 2271 de
1650 2231 1728 2272 se.

131 2311 235 2367 Sed
261 2313 424 2367 homo
448 2312 500 2365 in
528 2312 696 2366 labore
725 2313 966 2366 nascitur.
993 2311 1292 2368 Secundum
1323 2309 1374 2365 id
1400 2310 1596 2366 dictum
1626 2319 1728 2376 est,

127 2406 396 2470 nascitur,
453 2403 744 2460 secundum
785 2402 926 2474 quod
975 2403 1027 2457 in
1083 2403 1400 2457 laboriosam
1453 2401 1609 2455 vitam
1664 2415 1730 2456 ex

128 2497 308 2566 quieta
349 2497 582 2568 quisque
606 2497 951 2551 convertitur.
990 2494 1127 2548 Pulli
1154 2504 1321 2547 autem
1350 2494 1556 2547 vulturis
1583 2493 1728 2546 altis-

128 2591 252 2643 sime
293 2589 537 2642 volitant.
569 2586 758 2642 Vultur
785 2585 921 2641 bene
961 2584 1269 2654 intelligitur
1295 2584 1576 2651 Dominus,
1608 2585 1728 2653 quia

130 2679 418 2734 altitudine
451 2677 741 2750 prophetia:
773 2677 904 2732 vidit
933 2676 1312 2732 mortalitatem
1346 2686 1601 2740 nostram,
1625 2691 1726 2746 qua

130 2770 473 2828 descendens
522 2780 861 2843 pasceretur,
917 2779 1235 2826 convertens
1289 2785 1387 2825 nos
1437 2770 1488 2824 in
1535 2785 1728 2842 corpus

130 2877 305 2918 suum.
356 2863 500 2919 Pulli
532 2878 658 2934 ergo
684 2861 910 2918 vulturis
933 2904 947 2930 ,
981 2861 1072 2916 lilii
1099 2861 1278 2933 sponsi
1308 2861 1432 2916 dicti
1455 2869 1578 2916 sunt
1609 2862 1723 2916 :al-

129 2953 336 3010 tissime
393 2963 573 3009 autem
625 2952 927 3019 volitantes,
975 2953 1431 3008 conversationem
1476 2952 1526 3006 in
1573 2952 1725 3008 ctelis

129 3046 396 3104 habentes
422 3045 678 3122 (Philipp.
710 3061 765 3101 Ill
787 3087 802 3113 ,
830 3043 923 3120 20)
947 3089 960 3113 ,
984 3053 1041 3101 ut
1073 3060 1104 3099 a
1141 3045 1324 3100 labore
1353 3043 1644 3100 liberentur
1672 3045 1725 3099 in

128 3155 235 3209 quo
265 3141 437 3196 homo
479 3140 734 3194 nascitur.
780 3137 961 3195 Secuti
1002 3147 1127 3192 sunt
1172 3138 1367 3208 quippe
1407 3151 1590 3192 vocem
1637 3135 1722 3192 di-

129 3233 300 3288 centis
330 3276 346 3301 ,
395 3230 570 3286 Venite
617 3231 685 3284 ad
727 3247 823 3298 me,
868 3247 1036 3286 omnes
1082 3231 1168 3301 qui
1217 3231 1457 3284 laboratis
1511 3230 1719 3301 (Matth.

129 3338 202 3391 ιι,
245 3323 372 3394 28).
409 3323 638 3378 Possunt
681 3331 734 3378 et
782 3321 908 3393 pulli
951 3323 1175 3377 vulturis
1227 3323 1278 3376 in
1323 3322 1462 3377 malo
1503 3324 1722 3393 intelligi

127 3418 290 3473 aeria)
339 3424 660 3487 potestates,
702 3431 820 3486 quae
863 3415 1148 3484 mortibus,
1195 3414 1296 3470 hoc
1338 3423 1419 3470 est
1470 3417 1719 3485 peccatis,

128 3515 446 3579 pascuntur.
476 3505 734 3574 Quoniam
764 3505 1065 3577 huiusmodi
1089 3508 1518 3576 praevaricatores
1548 3509 1722 3578 angeli

127 3614 236 3654 non
269 3607 400 3654 sunt
419 3596 656 3670 perducti
675 3593 740 3652 ad
763 3596 1112 3652 humilitatem
1141 3598 1475 3652 mortalitatis
1497 3601 1720 3654 multum

127 3688 491 3754 laboriosam,
525 3688 576 3743 in
603 3703 704 3759 qua
748 3686 909 3742 homo
953 3687 1204 3752 nascitur,
1247 3689 1395 3744 valde
1433 3689 1507 3744 illi
1537 3703 1722 3761 super-

127 3780 301 3846 biant,
326 3780 429 3836 hoc
451 3789 528 3838 est
546 3779 803 3836 altissime
829 3780 1062 3834 volitant.
1098 3779 1199 3846 Qui
1217 3782 1304 3834 dat
1327 3782 1546 3852 pluviam
1571 3801 1722 3854 super

128 3873 312 3942 faciem
354 3881 500 3926 teme
541 3889 559 3926 :
601 3879 851 3942 tanquam
897 3871 1272 3928 confitentibus
1310 3872 1464 3929 faciat
1508 3877 1716 3931 miseri-

130 3964 392 4020 cordiam.
420 3963 485 4020 Ut
510 3981 608 4018 non
638 3965 996 4045 faciatmauus
1018 3981 1190 4018 eorum
1211 3967 1484 4020 veritatem.
1506 3966 1622 4022 Non
1645 3968 1719 4022 fa-

129 4057 273 4112 ciant
314 4057 458 4130 quod
499 4057 834 4127 promittunt,
870 4057 1132 4114 minantes
1170 4058 1430 4116 dominari
1470 4062 1716 4119 infirmis.

131 4147 198 4203 In
222 4150 305 4205 die
342 4158 606 4205 occurrent
634 4149 736 4204 illis
765 4149 978 4204 tenebraz
1022 4165 1040 4204 :
1081 4159 1136 4205 ut
1174 4149 1391 4221 Judmis,
1425 4154 1513 4225 qui
1541 4153 1718 4211 Domi-

133 4255 257 4296 num
283 4257 390 4296 non
412 4247 773 4312 cognoverunt
787 4241 906 4312 quis
926 4251 1088 4297 esset.
1113 4243 1211 4296 Aut
1235 4251 1474 4313 tanquam
1502 4245 1554 4298 in
1572 4256 1716 4302 nocte

135 4331 415 4401 palpabunt
445 4333 497 4387 in
519 4332 724 4387 meridie
749 4348 766 4386 :
792 4331 927 4388 sicut
956 4333 1192 4388 videntes
1222 4336 1387 4404 signa,
1413 4345 1588 4392 tamen
1619 4337 1717 4393 du—

132 4420 302 4479 bitant
325 4421 564 4479 dicentes
590 4466 606 4491 ,
641 4423 901 4494 PrOpheta
935 4433 1007 4477 est
1018 4442 1038 4490 ;
1064 4425 1149 4478 alii
1176 4466 1190 4490 ,
1227 4423 1437 4479 Seducit
1472 4429 1716 4498 populum

136 4510 309 4583 (Joan.
338 4529 434 4580 vn,
474 4514 543 4569 40
583 4512 674 4586 12)
705 4531 720 4567 τ
749 4512 962 4584 quando
1001 4528 1098 4569 nec
1127 4514 1192 4568 ad
1222 4515 1488 4571 lucernam
1537 4518 1716 4575 videre

135 4605 434 4661 voluerunt.
467 4603 530 4659 Et
568 4613 774 4676 pereant
809 4605 862 4658 in
908 4603 1034 4658 bello
1065 4621 1083 4658 :
1121 4605 1173 4658 in
1215 4607 1611 4664 tentationibus.
1645 4608 1716 4664 Et

135 4698 417 4767 egrediatur
462 4699 525 4750 de
569 4712 722 4750 manu
767 4695 981 4767 potentis
1027 4696 1258 4763 inﬁrmus
1301 4712 1318 4751 :
1360 4696 1576 4752 diaboli.
1632 4697 1715 4754 Sit

136 4801 296 4845 autem
317 4791 524 4860 inﬁrmo
553 4806 688 4860 spes.
718 4788 796 4844 illi
824 4791 966 4844 enim
998 4786 1164 4843 fortes
1189 4804 1304 4844 rem
1335 4787 1422 4846 hic
1445 4800 1710 4862 quzerunt.

138 4877 314 4938 Beatus
343 4892 512 4936 autem
549 4883 624 4936 vir
647 4896 792 4952 quem
823 4881 988 4952 arguit
1027 4879 1289 4936 Dominus.
1332 4881 1388 4936 In
1431 4881 1532 4938 hoc
1569 4884 1711 4940 enim

137 4983 295 5038 errat,
338 4975 461 5045 quia
485 4973 696 5029 videtur
718 4973 815 5028 sibi
846 4971 946 5028 Job
973 4974 988 5004 ¹
1007 5015 1022 5037 ,
1054 4974 1174 5044 quia
1212 4974 1572 5045 iniquitatibus
1601 4978 1712 5035 suis

138 5061 248 5120 lucc
276 5067 526 5136 patiatur,
554 5079 674 5120 cum
701 5079 766 5120 ex
795 5063 896 5119 hoc
924 5063 1110 5119 beatus
1139 5065 1224 5129 sit,
1255 5067 1375 5136 quia
1404 5067 1454 5122 in
1481 5065 1583 5126 hac
1607 5069 1712 5128 vita

139 5169 250 5228 cum
282 5159 537 5230 arguitur,
564 5157 723 5213 habet
760 5157 1056 5227 corrigendi
1091 5157 1513 5228 possibilitatem.
1557 5159 1624 5215 Et
1659 5163 1711 5217 in

139 5250 340 5317 septimo
377 5267 478 5306 non
508 5261 555 5305 te
592 5258 758 5320 tanget
799 5248 1010 5304 malum.
1051 5249 1450 5306 Sacramentum
1486 5252 1708 5308 sabbati.

141 5331 205 5392 In
232 5341 363 5409 [ante
387 5352 433 5397 te
460 5343 690 5398 liberabit
711 5359 742 5396 a
767 5350 938 5396 morte.
975 5339 1149 5396 Verbo
1172 5343 1314 5398 enim
1343 5345 1473 5409 alit,
1503 5355 1558 5400 et
1587 5346 1710 5403 facit

140 5425 344 5488 ﬁrmum
373 5434 437 5488 ad
467 5434 810 5489 tentationes.
852 5431 917 5486 In
957 5432 1132 5503 prtelio
1157 5447 1272 5487 vero
1308 5434 1370 5488 de
1409 5450 1563 5488 manu
1589 5437 1712 5510 ferri

141 5522 290 5577 solvet
323 5532 368 5578 te
400 5522 504 5579 :de
529 5532 794 5594 potestate
832 5522 1185 5580 vinculorum.
1230 5525 1270 5579 Α
1299 5526 1504 5602 ﬂagello
1524 5528 1710 5600 lingula

143 5746 428 5862 agitus.
451 5747 652 5803 habent.
663 5746 788 5803 me
799 5759 940 5811 vero,
957 5747 1146 5804 videtur
1162 5751 1253 5806 sibi
1271 5751 1400 5820 quod
1423 5751 1510 5804 Job
1529 5750 1707 5820 iniqui-

1585 351 1791 408 LIBER
1828 349 2025 411 UNUS.

3333 358 3437 417 850

1852 466 2121 524 abscondet
2134 477 2296 526 teme
2322 472 2517 528 sentias
2533 471 2912 538 contumelias;
2932 487 3035 528 non
3065 486 3130 528 ne
3155 471 3368 543 patiaris
3386 474 3431 531 ί.

1849 557 2079 633 Iniustos
2106 571 2152 618 et
2170 563 2367 636 iniquos
2397 564 2644 619 deridebis
2668 581 2687 619 :
2714 573 2770 620 ut
2797 564 3052 635 sapientia
3077 563 3429 637 perditionem

1849 649 2150 723 iniquorum
2187 654 2428 710 irridebit
2470 651 2649 727 (Prov.
2687 668 2723 721 ι,
2761 653 2878 729 26).
2925 656 2989 712 Et
3020 660 3208 730 feroces
3247 657 3428 714 bestias

1849 758 1949 797 non
1978 743 2167 800 timebis
2200 761 2218 799 :
2246 744 2296 800 id
2336 756 2414 801 est
2437 788 2450 810 ,
2495 745 2711 802 Judteos
2755 763 2861 803 non
2907 748 3150 817 timebis;
3179 749 3302 821 quia
3335 749 3430 808 tibi

1848 834 2047 893 Gentes
2070 833 2374 892 obaudient.
2409 837 2534 894 lltcc
2569 848 2744 894 autem
2773 839 2841 895 de
2870 840 3093 896 Domino
3122 839 3430 911 accipienda

1847 936 1988 985 sunt.
2008 927 2226 1001 Ellphaz
2247 930 2333 984 hic
2349 939 2511 998 errat,
2535 931 2655 1002 quia
2679 939 2826 1002 putat
2849 931 2916 988 de
2941 931 3041 989 Job
3062 933 3424 1005 intelligenda,

1846 1033 1963 1090 quae
1989 1020 2038 1076 ei
2067 1020 2296 1076 revelata
2339 1031 2482 1086 sunt,
2521 1037 2641 1076 cum
2682 1029 2848 1097 totum
2878 1021 3104 1079 Domino
3138 1034 3427 1097 competat.

1848 1113 1982 1180 Quia
2010 1129 2125 1169 cum
2157 1113 2409 1186 lapidibus
2436 1115 2545 1186 agri
2585 1095 2786 1170 habebis
2812 1115 2994 1186 fadus.
3024 1116 3248 1188 Lapides
3262 1095 3387 1188 agri
3407 1159 3425 1187 ,

1845 1207 1965 1276 quia
1997 1207 2050 1261 in
2078 1205 2334 1263 Gentibus
2371 1207 2513 1263 nulla
2543 1207 2806 1264 ordinatio
2836 1207 2989 1280 Legis
3018 1208 3118 1265 fuit
3145 1251 3159 1276 ,
3189 1220 3246 1266 ut
3271 1213 3423 1282 quasi

1844 1297 1911 1354 de
1945 1298 2168 1356 aediﬁcio
2208 1299 2414 1373 lapides
2453 1309 2654 1360 essent.
2688 1299 2871 1357 Bestia:
2910 1301 3042 1357 enim
3081 1305 3201 1375 [erat
3236 1311 3428 1374 pacatte

1844 1401 1987 1447 erunt
2007 1391 2115 1450 tibi.
2153 1393 2276 1450 Sive
2305 1393 2371 1450 de
2412 1393 2633 1463 Judaeis,
2668 1394 2780 1451 sive
2820 1393 2886 1450 de
2918 1394 3193 1451 Gentibus.
3233 1395 3428 1452 Deinde
3458 1438 3460 1441 -

1842 1487 1966 1541 scies
1995 1486 2130 1560 quod
2157 1488 2209 1542 in
2237 1504 2362 1558 pace
2382 1488 2474 1544 erit
2504 1488 2682 1542 domus
2705 1497 2790 1542 tua
2819 1503 2836 1541 :
2862 1485 2912 1543 id
2938 1499 3038 1553 est,
3074 1487 3327 1544 Ecclesia.
3357 1487 3426 1544 Et

1841 1578 1939 1650 ﬁlii
1953 1581 2027 1635 tui
2054 1590 2197 1635 erunt
2225 1590 2461 1652 tanquam
2487 1582 2648 1636 omnis
2669 1580 2830 1636 herba
2845 1582 2895 1634 in
2925 1598 3102 1653 campo
3131 1597 3149 1635 .'
3175 1581 3292 1636 sine
3319 1582 3426 1636 ari-

1841 1669 2025 1728 ditate.
2050 1671 2116 1726 Et
2137 1672 2300 1726 venies
2324 1674 2377 1728 in
2398 1675 2684 1746 sepulcrum
2711 1681 2950 1744 tanquam
2979 1677 3286 1746 frumentum
3307 1692 3420 1727 ma-

1841 1771 2010 1815 turant
2034 1778 2052 1816 :
2079 1770 2196 1832 post
2219 1763 2540 1834 passionem.
2565 1761 2694 1817 Ecce
2719 1762 2825 1817 [nec
2845 1764 2916 1817 ita
2936 1763 3306 1831 exquisivimus.
3329 1762 3424 1820 Hic

1839 1853 2129 1909 auctoritas
2165 1854 2322 1925 hujus
2353 1854 2646 1926 prOphetiae
2670 1855 3034 1910 confirmatur.
3061 1853 3134 1908 Tu
3158 1870 3272 1909 vero
3297 1855 3421 1909 scito

1839 1947 2185 2016 temetipsum,
2231 1946 2352 2017 quid
2378 1947 2556 2018 egeris.
2602 1945 2717 2001 Non
2757 1947 2899 2001 enim
2943 1945 3136 2016 injuste
3178 1945 3293 2002 Ι]ωο
3328 1946 3421 2002 tibi

1839 2037 1977 2092 Deus
2003 2039 2246 2110 permisit
2271 2039 2532 2094 accidere.

1907 2127 2005 2202 [1b.
2037 2128 2135 2204 vn]
2165 2131 2329 2186 Verba
2360 2129 2605 2201 Job.{Sed
2629 2139 2680 2183 ut
2706 2129 2919 2196 videtur,
2949 2129 3095 2184 verba
3122 2137 3238 2184 sunt
3263 2129 3416 2183 mala.

1835 2217 1949 2274 Non
1975 2219 2115 2276 enim
2145 2219 2304 2276 verba
2343 2217 2442 2276 Job
2467 2222 2534 2276 de
2564 2221 2888 2292 impatientia
2916 2230 3035 2276 sunt
3063 2220 3416 2292 flagellorum,

1836 2325 1955 2367 eum
1999 2311 2300 2384 significent
2345 2312 2617 2381 dolorem,
2647 2312 2767 2368 non~
2789 2311 3108 2383 peculiarem
3152 2311 3273 2378 Job,
3320 2314 3415 2368 sed

1834 2420 1992 2474 quem
2025 2405 2207 2459 habuit
2241 2405 2306 2459 de
2343 2405 2486 2458 omni
2516 2420 2712 2475 genere
2749 2405 3000 2461 humano.
3043 2403 3256 2476 Sagitta:
3282 2405 3414 2458 enim

1835 2496 2041 2551 Domini
2068 2495 2122 2550 in
2159 2513 2367 2568 corpore
2393 2514 2499 2550 meo
2521 2506 2654 2551 sunt.
2682 2495 2854 2551 Verba
2886 2495 3000 2562 Dei,
3027 2495 3215 2567 quibus
3239 2493 3416 2551 anima

1835 2586 2192 2658 transiigitur,
2230 2602 2348 2641 eum
2390 2589 2595 2658 cogitur
2629 2587 2695 2642 ad
2732 2587 3143 2643 confessionem.
3189 2587 3414 2654 Quarum

1834 2681 1978 2752 {uror
2005 2678 2122 2732 bibit
2155 2678 2451 2752 sanguinem
2480 2695 2663 2733 meum.
2695 2678 2909 2734 Tollunt
2935 2678 3075 2735 enim
3111 2686 3412 2752 peccatum.

1833 2769 1958 2824 Cum
1991 2770 2122 2824 enim
2149 2769 2336 2840 incipio
2367 2770 2539 2840 loqui,
2571 2770 2828 2824 stimulant
2855 2787 2950 2824 me.
2980 2768 3132 2837 Quod
3158 2770 3297 2826 enim
3328 2769 3410 2824 lo-

1829 2877 1986 2933 quor,
2013 2862 2116 2917 illae
2145 2869 2360 2932 cogunt.
2393 2859 2528 2926 Quid
2548 2860 2720 2915 enim?
2747 2859 2990 2933 numquid
3011 2859 3200 2932 frustra
3226 2877 3412 2932 onager

1831 2951 2086 3018 clamabit,
2114 2951 2384 3005 nisiescam
2405 2951 2662 3021 requirens
2682 2951 2706 3004 ?
2725 2961 2783 3004 ut
2798 2951 2919 3005 inde
2941 2948 3134 3006 famem
3159 2949 3405 3020 patiatur,

1828 3043 1950 3113 quia
1980 3041 2113 3098 liber
2143 3055 2262 3096 esse
2297 3039 2484 3095 voluit.
2525 3040 2625 3093 Aut
2651 3041 2736 3094 bos
2765 3040 2986 3110 mugiet,
3010 3056 3125 3093 cum
3153 3039 3330 3094 habeat
3358 3040 3409 3094 in

1830 3133 2042 3204 praesepi
2066 3133 2238 3188 cibos?
2264 3133 2425 3187 Asino
2436 3131 2633 3187 cibaria
2651 3131 2832 3187 labore
2851 3129 2998 3186 bovis
3021 3141 3406 3202 praeparantur,

1827 3227 1963 3281 sicut
1987 3225 2247 3281 Gentibus
2285 3224 2466 3280 labore
2510 3221 2896 3295 Prophetarum
2924 3231 2978 3279 et
3008 3223 3406 3295 Apostolorum,

1827 3319 1917 3390 qui
1963 3319 2143 3390 utique
2187 3317 2354 3373 Judaei
2393 3318 2622 3374 fuerunt.
2668 3317 2849 3389 itaque
2883 3317 3001 3374 lucc
3039 3315 3198 3375 verba
3230 3319 3406 3374 cibum

1826 3409 2176 3466 desiderantis
2211 3420 2368 3475 sunt,
2410 3409 2461 3464 id
2498 3418 2579 3465 est
2610 3410 2888 3475 auxilium,
2935 3423 3042 3464 non
3086 3409 3409 3480 impatientia

1825 3501 1890 3557 ad
1921 3500 2179 3556 dolorem.
2201 3497 2465 3570 Numquid
2487 3509 2642 3570 potest
2671 3499 2778 3554 sine
2803 3500 2908 3554 sale
2928 3499 3008 3553 edi
3033 3500 3178 3570 panis
3201 3501 3226 3554 ἲ
3249 3499 3410 3568 Quasi

1825 3597 1875 3651 ei
1902 3595 2190 3662 diceretur,
2222 3594 2326 3650 Cur
2353 3593 2430 3648 sic
2472 3608 2534 3648 ea
2567 3609 2660 3663 per
2683 3592 2872 3664 figuras
2901 3591 3072 3648 dicis?
3101 3592 3404 3664 respondet,

1824 3688 1946 3756 quia
1968 3688 2010 3742 si
2039 3703 2102 3742 ex
2125 3700 2350 3758 persona
2381 3700 2474 3739 sua
2504 3698 2565 3739 ea
2595 3683 2828 3748 diceret,
2857 3683 3054 3739 insulsa
3080 3691 3278 3739 essent.
3306 3683 3408 3740 Aut

1825 3791 1897 3834 est
1917 3796 2071 3845 sapor
2099 3779 2152 3833 in
2175 3777 2484 3833 sermonibus
2514 3777 2694 3831 vanis?
2715 3775 2891 3831 Vanos
2924 3792 3202 3832 sermones
3230 3776 3408 3832 homi-

1825 3889 1950 3927 num
1980 3871 2142 3937 dicit;
2176 3870 2295 3942 quia
2318 3869 2470 3942 panis
2494 3868 2652 3924 verba
2682 3867 2781 3936 Dei
2806 3876 2947 3935 sunt,
2979 3868 3074 3924 sed
3115 3869 3266 3939 panis
3291 3885 3404 3926 cm-

1821 3961 1991 4017 lestis.
2024 3960 2112 4018 Sic
2137 3978 2225 4016 nec
2254 3961 2423 4014 anima
2452 3975 2560 4013 mea
2582 3968 2738 4031 potest
2758 3976 2967 4015 cessare.
2996 3958 3272 4027 Quomodo
3300 3975 3405 4015 non

1822 4063 1999 4130 potest
2023 4053 2139 4108 sine
2167 4053 2280 4107 sale
2309 4050 2392 4106 edi
2423 4052 2589 4122 panis,
2621 4052 2697 4106 sic
2729 4063 2867 4106 nunc
2892 4052 3238 4110 ministerium
3269 4068 3406 4124 pra}—

1821 4143 1924 4200 beo
1951 4143 2114 4200 verbo
2154 4142 2281 4209 Dei;
2322 4151 2536 4213 propter
2563 4139 2693 4196 illttd
2717 4182 2732 4208 ,
2766 4139 3028 4206 Quomodo
3058 4142 3260 4196 audient
3299 4141 3410 4197 sine

1822 4237 2128 4310 praedicante
2157 4233 2331 4310 (Rom.
2364 4251 2418 4306 x,
2455 4232 2577 4306 lli)?
2605 4229 2816 4288 Fetidas
2843 4235 2975 4288 enim
3005 4251 3141 4289 escas
3171 4252 3304 4288 meas
3327 4238 3404 4288 vi-

1822 4329 1916 4384 deo
1941 4329 2070 4383 sicut
2095 4338 2166 4382 est
2209 4327 2336 4381 odor
2365 4326 2544 4380 leonis.
2582 4323 2714 4379 Nam
2744 4325 2903 4380 verba
2938 4341 3055 4380 mea
3087 4325 3247 4380 fetida
3280 4335 3406 4382 sunt

1822 4420 1958 4474 sicut
1975 4420 2062 4474 leo
2091 4437 2102 4471 :
2139 4419 2220 4472 vel
2248 4425 2471 4488 prOpter
2493 4416 2816 4487 superbiam,
2849 4431 2944 4486 per
2963 4432 3118 4487 quam
3141 4416 3406 4487 jactantes

1819 4519 2036 4583 putent;
2065 4509 2148 4564 vel
2192 4517 2410 4579 propter
2437 4506 2578 4577 quod
2621 4507 2984 4578 amplexantes
3023 4509 3286 4577 carnalia,
3325 4508 3400 4565 fc-

1822 4609 1993 4656 torem
2033 4599 2206 4655 leonis
2247 4597 2464 4662 habent,
2515 4597 2606 4668 qui
2662 4599 2891 4670 propriis
2935 4598 3112 4654 verbis
3147 4599 3398 4672 gaudent.

1824 4691 1972 4760 Quod
1999 4693 2043 4746 si
2071 4691 2172 4758 det,
2199 4701 2245 4746 et
2278 4691 2301 4722 ¹
2332 4689 2494 4744 veniat
2524 4690 2798 4762 postulatio
2826 4706 2958 4746 mea.
2985 4689 3397 4750 Postulationetn

1818 4783 1967 4852 dicit,
1986 4797 2098 4838 rem
2129 4796 2286 4853 quam
2313 4779 2543 4853 petebat.
2576 4775 2642 4834 Et
2667 4798 2807 4855 spem
2836 4799 2996 4835 meam
3023 4783 3103 4837 det
3125 4781 3374 4838 Dominus

1819 4876 1908 4933 Sic
1935 4877 2077 4932 enim
2102 4873 2378 4932 confidens
2405 4874 2474 4930 ob
2501 4890 2651 4944 spem
2687 4883 2808 4947 post
2847 4874 3239 4932 tribulationem
3271 4892 3402 4931 ven-

1819 4978 1952 5025 tura:
1979 4965 2388 5034 consolationis,
2431 4975 2728 5040 Opportune
2767 4977 3019 5022 tentatur.
3048 4963 3192 5022 Bene
3221 4975 3398 5021 autem

1817 5077 1966 5133 spem
1996 5060 2151 5124 dicit;
2185 5060 2306 5136 quia
2347 5074 2467 5117 cum
2499 5075 2584 5115 res
2623 5060 2866 5126 venerit,
2889 5059 2997 5129 jam
3030 5057 3250 5116 tentatio
3288 5074 3396 5114 non

1817 5154 1919 5208 erit
1945 5152 2262 5220 necessaria,
2293 5151 2374 5208 Sit
2398 5153 2518 5207 mihi
2539 5153 2713 5207 civitas
2738 5153 3046 5222 sepulcrum,
3079 5167 3228 5222 super
3253 5154 3399 5224 cujus

1817 5259 1987 5298 muros
2013 5241 2272 5298 saliebam.
2307 5241 2625 5300 Societatem
2657 5241 2798 5296 illam
2823 5241 3126 5313 Babyloniae
3155 5241 3266 5295 vult
3297 5240 3400 5297 sibi

1816 5335 2121 5408 sepulcrum
2168 5354 2180 5393 ;
2220 5350 2326 5390 non
2365 5344 2421 5390 ut
2465 5349 2586 5390 eum
2631 5333 2840 5401 obruat,
2869 5332 2962 5387 sed
3005 5316 3064 5388 ut
3105 5333 3237 5392 sciat
3277 5335 3397 5407 quia

1817 5436 2056 5485 mortuos
2081 5426 2209 5502 tegit
2235 5427 2555 5499 quicumque
2580 5426 2632 5479 in
2660 5425 2746 5480 illa
2775 5422 2986 5489 fuerint,
3009 5423 3075 5480 de
3103 5425 3254 5500 cujus
3283 5435 3399 5481 tan-

1814 5534 1973 5592 quam
2019 5518 2351 5574 firmamento
2403 5524 2456 5570 et
2508 5515 2800 5569 munimine
2857 5514 3216 5585 superbiebat.
3272 5515 3398 5573 Non

1874 5630 2249 5704 amittamus;
2267 5625 2466 5694 patieris
2486 5624 2791 5691 iniustasetc.
2815 5623 2917 5681 tu
2937 5633 3229 5694 mm
3243 5629 3380 5697 palis

1812 5691 2170 5818 ἥδε-’φιτἘῶ
2185 5698 2385 5818 sit.in
2410 5765 2422 5801 :
2447 5750 2650 5816 Quisdet
2670 5756 2721 5804 ut
2737 5749 2762 5804 l
2781 5759 2839 5804 At
2851 5757 2978 5805 Issa
3003 5750 3139 5818 Μ
3157 5753 3204 5808 si
3221 5751 3305 5808 del
3325 5763 3392 5810 st.

1816 5814 2492 5876 ApudLXLst'cm'ﬁtdetet.
