3874 6344
492 333 592 394 851

496 457 724 521 parcam.
765 436 886 496 Non
922 434 1054 492 enim
1091 432 1324 488 mentitus
1368 445 1480 484 sum
1518 442 1536 483 :
1575 424 1724 481 verba
1759 432 1874 479 sunt
1902 430 2079 477 sancta

498 512 592 590 Dei
620 535 738 589 mei.
767 530 899 600 Quia
927 544 1035 584 non
1069 525 1171 581 alia
1200 522 1334 578 dixit
1370 533 1527 591 quam
1567 516 1770 572 audivit
1797 531 1827 570 a
1855 514 1985 569 Deo.
2019 512 2079 568 Id

499 634 583 681 est
619 626 688 680 de
718 620 933 679 homine
961 617 1279 690 generaliter
1314 609 1701 683 prOphctantis,
1729 607 1853 678 quia
1880 605 2080 660 auxilio

501 717 702 788 indiget
717 716 768 770 in
786 712 1140 770 confessione.
1164 708 1291 774 Quae
1309 715 1380 759 est
1392 704 1523 758 enim
1538 702 1695 756 virtus
1713 717 1838 766 mea,
1859 708 1912 754 ut
1924 697 2081 766 suffe-

500 809 651 863 ram?
681 805 832 875 Quod
862 801 1188 876 signiﬁcabat
1211 798 1404 852 vulnus
1431 795 1565 865 ejus.
1595 794 1695 848 Aut
1723 791 1858 865 quod
1885 800 2080 859 tempus

500 917 683 966 meum,
708 908 761 953 ut
790 898 1029 952 sustineat
1052 895 1221 947 anima
1241 890 1391 945 mea?
1415 887 1550 956 Quia
1577 886 1887 941 imminente
1907 889 2078 937 morte

502 1000 766 1047 terrentur
802 989 1064 1051 homines,
1111 992 1169 1037 nt
1211 988 1608 1044 convertantur,
1637 987 1691 1032 et
1729 975 2082 1032 conﬁteantur

505 1083 613 1139 Deo
642 1080 971 1154 putredinetn
1001 1086 1336 1148 peccatorum
1356 1115 1370 1138 ,
1397 1072 1548 1142 cujus
1575 1069 2002 1126 consideratione
2023 1081 2082 1122 se

501 1173 630 1228 dicit
657 1172 773 1242 cogi
805 1170 871 1225 ad
905 1167 1316 1223 confessionem.
1350 1162 1614 1233 Numquid
1654 1163 1811 1214 uirtus
1853 1158 2082 1230 lapidum

502 1265 659 1318 uirtus
684 1262 836 1317 mea?
864 1260 1034 1315 Duros
1060 1267 1115 1313 et
1145 1252 1770 1328 impenetrabilcsjaculis
1800 1250 2083 1306 verborum

504 1353 621 1423 Dei,
651 1353 740 1425 qui
787 1366 892 1407 non
936 1357 1216 1406 moventur
1243 1347 1311 1403 ad
1340 1344 1718 1402 conﬁtendum.
1761 1343 1858 1397 Aut
1897 1358 1996 1396 non
2030 1341 2084 1395 in

503 1446 614 1516 ipso
653 1442 984 1514 conﬁdebam,
1029 1457 1140 1495 cum
1188 1439 1310 1494 mihi
1351 1439 1471 1492 bene
1513 1445 1637 1491 esset
1682 1451 1700 1490 :
1741 1435 1795 1489 id
1831 1443 1934 1499 est,
1962 1447 2084 1488 cum

507 1552 680 1593 essem
710 1533 1023 1591 immortalis
1051 1531 1120 1586 ad
1158 1530 1440 1600 imaginem
1484 1528 1597 1582 Dei.
1639 1525 1744 1581 Sed
1772 1524 2085 1594 adjutorium

509 1645 542 1683 a
567 1643 646 1682 me
668 1627 886 1681 recessit.
910 1624 1103 1679 Factus
1129 1622 1370 1676 mortalis
1389 1619 1573 1675 volens
1598 1619 1650 1672 iu
1681 1632 1767 1672 me
1791 1614 2082 1672 conﬁdere.

510 1719 578 1773 Et
610 1719 825 1774 visitatio
864 1715 1069 1770 Domini
1106 1730 1186 1768 me
1207 1713 1454 1783 despexit.
1491 1709 1791 1767 Secundum
1832 1707 1972 1778 quod
1999 1705 2084 1761 di-

509 1821 654 1867 ctum
693 1819 796 1877 est,
843 1810 943 1862 Aut
989 1808 1128 1878 filius
1174 1805 1429 1870 hominis,
1472 1803 1706 1874 quoniam
1749 1800 1920 1853 visitas
1972 1813 2086 1851 eum

511 1904 684 1978 (Psal.
730 1919 842 1968 vtu,
886 1901 964 1974 5).
1007 1899 1288 1971 Propinqui
1338 1897 1434 1952 mei
1482 1912 1581 1950 non
1627 1901 1949 1964 respexerunt
1986 1907 2083 1945 me.

510 1998 704 2055 Hormi
749 1994 983 2066 Angelis.
1031 1991 1295 2062 Tanquam
1337 1999 1528 2043 torrens
1570 1985 1824 2055 deﬁciens.
1878 1983 2086 2038 Miseri-

510 2089 690 2145 cordia
730 2088 872 2143 enim
903 2083 1188 2156 aliquando
1225 2081 1497 2137 inundavit
1535 2093 1652 2146 me;
1693 2085 1748 2131 et
1777 2075 2005 2145 siccavi,
2037 2084 2092 2131 et

512 2199 617 2239 non
657 2181 732 2236 l‘ui
786 2180 917 2234 mihi
946 2178 1082 2233 lous.
1121 2177 1220 2230 Ant
1260 2176 1386 2229 sicut
1417 2175 1597 2244 ﬂuctus
1633 2171 1939 2227 transierunt
1966 2186 2043 2224 me
2071 2184 2090 2222 :

513 2283 764 2343 tanquam
792 2271 899 2326 sint
923 2267 1316 2324 consolationes
1345 2275 1522 2335 potus.
1553 2262 1652 2330 Qui
1685 2280 1765 2318 me
1785 2263 2086 2326 metuebant,

518 2379 651 2418 nunc
684 2363 937 2416 irruerunt
962 2375 1112 2430 super
1139 2373 1216 2411 me
1251 2354 1534 2410 :diabolus
1562 2369 1684 2409 cum
1722 2353 1924 2424 angelis
1959 2351 2088 2406 suis.

517 2451 680 2518 Perii,
709 2461 756 2506 et
780 2449 922 2505 exsul
950 2455 1013 2504 de
1031 2449 1177 2502 domo
1203 2463 1314 2500 mea
1332 2449 1496 2519 factus
1515 2460 1628 2500 sum
1657 2452 1786 2498 :aut
1812 2444 2094 2498 (1011011110-

517 2545 663 2601 tione
692 2542 916 2606 caalesti,
945 2549 1036 2595 aut
1063 2540 1129 2594 de
1158 2538 1504 2595 conscientia.
1536 2535 1741 2590 Idcirco
1777 2536 1917 2590 foras
1944 2543 2093 2588 extra

522 2635 738 2690 domum
767 2647 914 2686 suam
942 2630 1177 2686 sedebat.
1193 2628 1313 2682 Vias
1343 2627 1719 2682 Tltemanorum
1744 2625 1924 2690 videte,
1947 2623 2096 2676 semi-

517 2736 594 2781 tas
619 2726 913 2782 Sabteorum
932 2721 1215 2777 intuemini.
1244 2720 1369 2774 Illos
1392 2719 1674 2789 signilicat,
1701 2717 1858 2788 quiin
1884 2725 2091 2784 tempo-

516 2816 714 2872 talibus
725 2814 1017 2880 conﬁdunt,
1038 2811 1106 2867 de
1131 2810 1324 2881 quibus
1349 2825 1426 2875 se,
1453 2809 1502 2864 id
1529 2818 1630 2876 est,
1654 2807 1922 2862 hominem
1940 2820 2096 2876 quem

522 2907 802 2979 signiﬁcat,
840 2907 967 2961 dicit
995 2921 1099 2959 non
1148 2918 1492 2974 praesumere.
1534 2901 1688 2955 Nunc
1726 2911 1894 2954 autem
1931 2909 1977 2952 et
2012 2915 2097 2954 vos

521 2998 862 3052 insui-resistis
901 3000 954 3050 in
988 3012 1068 3050 me
1099 2996 1208 3050 sine
1234 2995 1578 3050 misericordia
1610 3009 1627 3046 :
1655 3001 1898 3062 putantes
1932 2991 2098 3046 beati-

523 3074 760 3144 tudiitem
790 3088 1096 3156 hominum,
1129 3088 1174 3143 si
1204 3086 1502 3141 carnalibus
1528 3084 1813 3138 abundent.
1843 3084 1976 3151 Quia
2014 3083 2098 3138 iu-

523 3179 807 3243 sultabant,
841 3178 1018 3247 potius
1044 3192 1201 3247 quam
1229 3175 1701 3246 compatiebantur.
1742 3174 1847 3229 Sed
1880 3174 2099 3229 videntes

523 3271 702 3325 uulnus
727 3286 924 3335 meum,
951 3269 1136 3323 timete.
1177 3267 1534 3336 Iutelligentes
1561 3265 1686 3335 quid
1712 3265 2000 3335 signiﬁcet,
2032 3267 2101 3320 ti-

523 3371 666 3416 mete
691 3361 889 3416 futuras
927 3373 1131 3429 poenas.
1171 3357 1306 3424 Quid
1332 3357 1501 3410 enim?
1525 3355 1765 3425 numquid
1797 3355 1992 3425 aliquid
2018 3371 2102 3410 vos

525 3454 685 3526 petii?
721 3462 808 3508 aut
844 3453 1137 3524 fortitudine
1173 3459 1335 3504 vestra
1371 3449 1606 3519 indigeo?
1644 3447 1776 3514 Quia
1823 3462 2004 3502 coram
2036 3463 2103 3504 eo

528 3545 772 3600 inﬁrmus
809 3555 914 3610 est,
951 3544 1040 3613 qui
1069 3557 1190 3597 eum
1232 3549 1406 3611 potest
1445 3540 1667 3594 salvare.
1701 3539 1890 3595 Docete
1925 3557 2025 3608 me,
2056 3550 2104 3597 et

527 3655 618 3711 ego
638 3638 987 3693 obmutescam.
1012 3635 1213 3690 Idcirco
1232 3633 1375 3689 enim
1396 3635 1652 3703 patientes
1673 3632 1969 3689 debuerunt
1983 3649 2105 3691 esse

527 3729 596 3785 ad
636 3730 929 3785 doctrinam
975 3727 1111 3799 ejus,
1143 3727 1266 3796 quia
1312 3727 1410 3796 ipsi
1454 3741 1574 3780 eum
1620 3725 1813 3780 docere
1859 3741 1962 3780 non
2005 3740 2103 3796 po-

528 3830 722 3877 terant.
754 3820 877 3888 Sed,
909 3829 962 3873 ut
992 3820 1161 3883 uideo,
1188 3834 1343 3888 parva
1371 3819 1470 3871 ueri
1500 3817 1715 3872 hominis
1744 3817 1890 3871 verba
1917 3818 2100 3873 dicitis.

530 3916 663 3971 Eum
690 3915 817 3971 dicit
845 3929 1025 3970 verum
1063 3914 1330 3968 hominem
1355 3955 1370 3980 ,
1399 3913 1486 3982 qui
1525 3927 1805 3982 personam
1844 3909 2106 3980 signiﬁcat

528 4006 734 4075 agentis
769 4005 1128 4076 paenitentiam
1151 4047 1165 4071 ,
1205 4004 1554 4058 conversione
1591 4003 1658 4056 ad
1701 4003 1866 4056 Deum
1889 4044 1904 4066 ,
1952 4001 2104 4070 cujus

530 4110 692 4166 parva
713 4096 870 4151 verba
895 4095 1162 4150 dicebant.
1188 4093 1308 4148 Non
1330 4095 1463 4148 enim
1483 4110 1512 4146 a
1537 4094 1672 4146 vobis
1698 4094 1941 4147 auxilium
1969 4102 2101 4162 peto.

532 4185 704 4243 Verus
742 4187 883 4242 enim
927 4187 1086 4242 homo
1125 4200 1156 4240 a
1194 4185 1306 4241 Deo
1346 4185 1478 4254 petit
1516 4185 1790 4239 auxilium.
1831 4184 1922 4238 Ille
1960 4184 2103 4238 cnim

528 4294 688 4336 verus
709 4279 897 4350 estqui
927 4279 1225 4334 conﬁtetur.
1249 4277 1401 4334 Unde
1425 4285 1526 4338 est,
1553 4276 1652 4342 Qui
1677 4277 1797 4348 facit
1824 4277 2102 4342 veritatem,

529 4374 662 4428 venit
698 4373 766 4426 ad
804 4373 962 4427 lucem
1001 4370 1175 4442 (Joan.
1217 4387 1303 4434 III,
1331 4369 1444 4442 21).
1477 4368 1652 4441 Neque
1686 4369 1821 4422 enim
1861 4369 2102 4422 elocutio-

532 4479 644 4517 nem
669 4463 910 4517 sermonis
938 4462 1086 4516 uestri
1108 4459 1377 4516 sustinebo.
1407 4459 1501 4515 Dei
1529 4459 1668 4515 enim
1697 4474 1756 4514 se
1779 4458 2102 4514 locutionem

531 4553 668 4608 dixit
693 4552 975 4618 sustinere,
998 4568 1098 4623 qua
1123 4553 1434 4607 instruatur.
1474 4550 1818 4604 Verumtamen
1833 4565 1984 4618 super
2005 4565 2102 4620 pu-

534 4641 713 4712 pillum
741 4642 757 4672 ¹
781 4641 1018 4695 irruistis.
1043 4641 1194 4707 Quod
1219 4640 1284 4696 ad
1302 4655 1395 4696 vos
1424 4641 1674 4710 pertinet,
1703 4639 1955 4695 insultare
1976 4639 2104 4694 mihi

537 4730 780 4785 voluistis
803 4773 818 4799 ,
849 4731 1088 4802 quamvis
1121 4747 1227 4786 non
1264 4731 1632 4786 intellexeritis
1656 4731 1782 4802 quid
1823 4730 2102 4802 signiﬁcet.

534 4823 667 4893 Quia
693 4838 862 4894 neque
885 4823 1004 4890 Job,
1026 4839 1183 4894 quem
1202 4823 1473 4890 videbant,
1497 4823 1752 4878 insultare
1775 4822 2103 4889 debuerant;

533 4915 684 4983 ideo,
724 4913 1075 4970 Verumtamen
1112 4916 1155 4968 ².
1196 4913 1349 4969 Nunc
1382 4923 1546 4968 autem
1581 4913 1897 4985 inspicientes
1936 4923 2108 4966 uacate

532 5008 658 5064 mihi
686 5025 705 5064 :
746 5022 852 5063 non
896 5006 1150 5064 habentes
1191 5007 1332 5079 quod
1369 5023 1455 5063 me
1497 5005 1753 5062 doceatis.
1791 5002 1861 5057 Et
1903 5020 2106 5058 rursum

529 5103 744 5177 iustitia
776 5101 1015 5156 adestote.
1051 5101 1183 5171 Quia
1219 5100 1390 5172 primo
1425 5099 1737 5155 videbantur
1777 5096 1876 5151 sibi
1903 5097 2106 5167 justitia

530 5196 648 5267 cogi
673 5194 739 5251 ad
766 5193 1107 5268 loquendum.
1141 5192 1262 5247 Non
1287 5201 1358 5248 est
1377 5193 1506 5246 enim
1526 5191 1578 5244 in
1599 5206 1684 5243 ore
1709 5205 1814 5243 meo
1834 5190 2106 5260 iniquitas;

530 5297 580 5343 et
606 5288 778 5359 fauces
806 5302 930 5343 mete
952 5302 1116 5341 nonne
1137 5283 1434 5355 sapientiam
1457 5281 1862 5335 meditabantur?
1891 5281 2023 5336 Dicit
2052 5296 2110 5337 se

531 5393 640 5435 non
675 5378 841 5434 Deum
873 5390 1150 5434 accusasse
1170 5416 1184 5442 ,
1221 5374 1316 5429 sed
1358 5373 1626 5428 hominem
1657 5372 1927 5427 induxisse
1956 5388 2110 5427 accu-

530 5478 738 5528 santem
764 5470 1069 5542 iniquitates
1095 5481 1236 5534 suas,
1261 5467 1398 5522 sicut
1423 5464 1667 5538 superius
1687 5477 1866 5519 sermo
1892 5463 2008 5532 ejus
2030 5464 2110 5517 in-

595 5587 614 5620 ⁸
637 5593 779 5650 _l_.ov.,
808 5598 953 5650 super
982 5591 1226 5650 pustttum.
1249 5587 1348 5631 Am.
1393 5587 1465 5631 Er.
1511 5587 1561 5629 et
1606 5579 1772 5644 plures
1807 5583 1945 5640 Mss,
1967 5589 2110 5642 super

529 5645 953 5722 illi“
967 5645 1323 5722 milii}-
1347 5714 1373 5722 η
1393 5720 1403 5722 _
1552 5704 1696 5722 μμ-
1759 5701 1777 5722 _.

598 5702 618 5742 δ
642 5702 907 5767 Εὐίιὶζίὶιεο
1146 5713 1320 5756 tamen.
1347 5706 1523 5769 Regius
1543 5704 1697 5769 codex
1713 5702 1868 5769 ,_ideo
1887 5706 2140 5769 W-

533 5776 708 5820 tamen.
731 5766 816 5818 Alii
840 5775 968 5827 uss,
990 5767 1101 5818 ideo
1121 5766 1442 5816 uerumtamen
1462 5780 1478 5816 :
1496 5766 1682 5831 supple,
1702 5767 1815 5815 dicit
1839 5766 1940 5815 Job.

1432 309 1964 372 ANNOTATIONUM
2001 307 2067 366 IN
2105 307 2245 379 JOB,
2283 309 2343 368 S.
2381 306 2744 368 AUGUSTINI

3718 301 3800 364 832

2187 423 2426 479 tellectus
2449 431 2551 479 est.
2584 421 2728 477 Hanc
2755 419 2883 475 dicit
2908 418 3328 476 meditationem
3359 417 3688 488 sapientia.

2257 513 2478 587 [lb.vu.]
2505 512 2765 584 Numquid
2789 527 2888 566 non
2913 511 3120 566 tentatio
3139 521 3209 566 est
3244 510 3369 565 vita
3396 510 3645 565 Itumana
3670 529 3796 584 super

2186 607 2410 661 terram?
2438 605 2533 660 Hic
2555 605 2665 674 jam
2689 603 2925 674 apertius
2951 603 3181 658 ostendit
3218 617 3300 659 ex
3348 601 3528 670 cujus
3563 603 3800 673 signiﬁca-

2186 701 2331 757 tione
2351 701 2593 771 superius
2614 700 2938 770 loqueretur.
2963 698 3359 754 'l‘cntationem
3385 711 3535 753 vero
3557 696 3690 753 dicit
3709 708 3800 756 tan-

2186 812 2344 867 quam
2361 795 2585 850 stadium
2603 793 2928 861 certaminis,
2942 792 3031 846 ubi
3043 792 3205 847 vincit
3219 791 3443 857 homo,
3459 790 3557 846 vel
3573 792 3800 849 vincitur.

2186 886 2254 942 Et
2294 888 2418 942 sicut
2457 885 2735 956 quotidiani
2764 885 3058 939 mercenarii
3094 884 3192 937 vita
3235 884 3370 954 ejus
3408 898 3431 937 :
3464 884 3801 954 temporaietn

2187 976 2487 1033 mercedem
2530 974 2914 1045 exspectantis,
2944 982 3001 1028 ut
3039 973 3150 1042 jam
3190 987 3406 1027 eorum
3458 973 3563 1042 qui
3603 973 3804 1043 justiti:

2188 1083 2298 1122 sua:
2325 1067 2552 1122 fructum
2573 1067 2625 1120 in
2647 1065 2882 1120 futurum
2909 1073 3239 1135 exspectant,
3270 1079 3402 1119 non
3427 1065 3508 1120 sit
3533 1065 3647 1120 vita
3666 1079 3803 1136 super

2188 1167 2405 1214 terram.
2445 1157 2548 1210 Aut
2589 1164 2823 1226 tanquam
2856 1171 3028 1209 servus
3071 1164 3306 1211 metuens
3333 1155 3630 1211 dominum
3657 1174 3803 1225 sum,

2189 1257 2233 1304 et
2253 1256 2545 1304 consecutus
2565 1247 2811 1300 umbram.
2830 1244 2983 1313 Quod
3005 1245 3268 1314 signiﬁcat
3299 1246 3675 1304 absconditio
3692 1247 3802 1306 Ada

2189 1355 2218 1396 a
2245 1340 2377 1396 facie
2402 1339 2631 1402 Domini,
2656 1347 2708 1393 et
2730 1337 2887 1393 lectio
2912 1337 3157 1391 foliorum
3177 1336 3246 1392 de
3273 1337 3502 1408 quibus
3531 1338 3720 1394 umbra
3735 1343 3800 1409 lit,

2189 1449 2346 1506 quam
2373 1432 2561 1489 relicto
2588 1433 2698 1487 Deo
2725 1438 3044 1486 consecutus
3071 1439 3155 1485 est
3182 1429 3390 1486 homo.
3441 1431 3555 1486 Aut
3586 1440 3802 1503 tanquam

2190 1526 2528 1582 mercenarius
2567 1525 2653 1596 qui
2685 1531 2936 1593 exspectat
2983 1523 3261 1577 mercedem
3308 1525 3506 1594 operis
3561 1525 3664 1578 sui.
3715 1524 3803 1580 iste

2190 1633 2220 1672 a
2268 1617 2530 1688 superiori
2571 1616 2672 1670 hoc
2715 1614 2928 1677 differt,
2968 1613 3109 1684 quod
3155 1614 3428 1684 superior
3473 1613 3698 1684 habuit,
3732 1614 3802 1672 hic

2190 1721 2367 1768 autem
2410 1711 2606 1766 habere
2646 1708 2915 1765 desiderat
2955 1707 3068 1778 ipsa
3107 1708 3475 1778 temporalia.
3524 1707 3620 1763 Sic
3649 1718 3695 1763 et
3729 1725 3804 1780 ego

2192 1804 2470 1874 exspectavi
2509 1817 2698 1856 menses
2731 1816 2903 1854 vanos.
2950 1799 3067 1855 Jam
3108 1799 3176 1854 ad
3224 1799 3504 1854 umbram
3545 1799 3683 1854 dixit
3729 1815 3803 1855 va-

2193 1913 2324 1964 nos,
2354 1897 2406 1952 id
2441 1905 2522 1952 est
2548 1894 2854 1965 temporalia
2881 1894 3038 1948 bona.
3085 1891 3151 1947 Et
3185 1902 3369 1950 noctes
3413 1893 3665 1947 dolorum
3692 1895 3805 1946 dato:

2193 1999 2310 2045 sunt
2339 1988 2462 2042 milii
2502 1987 2601 2040 :in
2645 1985 2836 2055 quibus
2879 1992 2932 2039 et
2973 1983 3061 2039 lux
3105 1983 3383 2039 amittitur
3426 1983 3805 2054 sapientitc,et

2194 2081 2443 2137 materies
2485 2087 2567 2134 est
2605 2091 2902 2148 poenarum.
2953 2077 3015 2132 Si
3059 2077 3316 2131 dormiero
3339 2119 3356 2142 ,
3402 2077 3562 2142 dico,
3611 2076 3803 2142 Quando

2196 2175 2336 2229 dies?
2363 2182 2410 2226 et
2447 2173 2490 2226 si
2521 2186 2782 2226 συντετενο
2801 2210 2816 2234 ,
2842 2186 3042 2224 rursum
3073 2210 3088 2237 ,
3128 2169 3360 2234 Quando
3388 2171 3626 2242 vesper?
3653 2169 3803 2237 Quan-

2194 2266 2265 2321 do
2297 2264 2636 2334 cupiditatem
2676 2261 2871 2332 negotii
2907 2263 3103 2331 patitur
3141 2259 3305 2314 homo
3349 2260 3412 2320 in
3454 2261 3611 2326 otio,
3642 2269 3695 2316 et
3728 2260 3802 2319 otii

2197 2357 2251 2412 in
2295 2355 2524 2426 negotio.
2566 2352 2789 2424 Repleor
2831 2362 2999 2406 autem
3037 2351 3292 2406 doloribus
3334 2368 3370 2404 a
3412 2367 3634 2422 uespere
3672 2366 3803 2420 usque

2198 2449 2265 2503 ad
2291 2465 2434 2502 mane
2459 2463 2476 2501 :
2499 2459 2606 2517 quo
2627 2444 2820 2499 occidit
2840 2460 2868 2498 a
2891 2443 3018 2498 Deo.
3061 2443 3210 2498 Unde
3238 2452 3292 2498 et
3317 2443 3394 2498 ad
3425 2457 3714 2514 vesperam
3728 2442 3801 2498 de-

2199 2540 2476 2594 ambulans
2509 2539 2646 2593 Deus
2683 2552 2776 2622 eos
2805 2536 3002 2590 dimisit
3029 2534 3048 2608 (
3068 2533 3198 2589 Gen.
3223 2551 3299 2599 III,
3329 2537 3392 2601 7,
3426 2536 3492 2607 8)
3525 2554 3540 2590 :
3572 2535 3714 2608 quod
3748 2537 3802 2591 si-

2199 2633 2412 2703 gnilicat
2458 2630 2733 2694 dolentes,
2782 2627 2972 2697 quibus
3022 2625 3164 2681 nulla
3207 2629 3568 2698 exspectatio
3608 2637 3689 2683 est
3729 2641 3799 2681 re-

2199 2723 2393 2787 medii,
2424 2723 2525 2776 nisi
2568 2735 2742 2776 mane.
2786 2719 2859 2774 De
2905 2733 3008 2788 quo
3051 2717 3274 2784 dicitur,
3306 2719 3486 2775 Mane
3513 2720 3691 2775 astabo
3731 2718 3799 2772 tibi

2206 2813 2373 2887 (Psal.
2397 2830 2450 2878 v,
2479 2811 2532 2883 5)
2556 2829 2570 2876 ;
2604 2812 2653 2865 id
2685 2820 2786 2875 est,
2809 2809 3023 2880 quando
3049 2820 3170 2880 post
3188 2809 3472 2880 judicium
3501 2826 3661 2866 mane
3683 2809 3796 2865 Deut

2202 2903 2713 2973 revelabiturjustis.
2743 2901 2891 2957 Unde
2919 2909 2974 2956 et
2996 2902 3249 2956 Dominus
3270 2918 3517 2974 vespere
3542 2901 3796 2972 sepelitur,

2202 3006 2257 3053 et
2282 3011 2434 3052 mane
2461 2995 2686 3064 resurgit
2714 2993 2892 3064 (Joan.
2916 3009 3003 3048 xtx
3043 3002 3090 3048 et
3123 2994 3234 3062 xx).
3277 2994 3438 3050 llanc
3489 3010 3623 3066 ergo
3653 2995 3793 3048 vitam

2205 3097 2452 3157 tanquam
2483 3085 2701 3140 lucifero
2732 3092 2907 3153 potest
2930 3099 3262 3155 comparare.
3296 3085 3364 3141 Et
3387 3086 3677 3141 concrescit
3697 3099 3795 3137 cor-

2205 3195 2301 3251 pus
2325 3193 2490 3232 meum
2522 3175 2784 3246 putredine
2810 3177 3052 3230 vermium
3080 3193 3098 3231 :
3133 3177 3401 3233 vermium
3443 3176 3789 3234 multitudine.

2206 3270 2434 3342 Infando
2457 3267 2624 3340 glebas
2650 3277 2795 3322 terra:
2819 3268 2837 3299 ¹
2860 3309 2874 3333 ,
2904 3269 3087 3322 radens
3117 3269 3325 3322 saniem.
3373 3267 3681 3338 Expressio
3711 3280 3792 3319 cu-

2206 3363 2484 3433 piditatum
2511 3360 2593 3415 vel
2632 3373 2881 3414 curarum
2918 3359 3296 3428 confessionis,
3330 3360 3385 3415 in
3425 3375 3536 3431 qua
3581 3356 3787 3429 gaudent

2207 3452 2374 3524 iniqui
2400 3468 2415 3518 ;
2446 3449 2586 3522 quod
2616 3450 2682 3505 ad
2711 3451 3044 3506 occasionem
3085 3451 3330 3522 redigunt
3373 3451 3663 3523 peccandi,
3691 3461 3788 3519 qua:

2208 3549 2294 3603 alii
2343 3563 2440 3619 per
2483 3549 2843 3620 paenitentiam
2886 3549 3246 3605 conﬁtentur:
3279 3550 3424 3606 unde
3454 3557 3588 3604 sunt
3628 3559 3783 3608 canes.

2207 3640 2296 3710 qui
2326 3640 2509 3694 Lazari
2537 3640 2755 3694 vulnera
2797 3641 3064 3711 ﬁngebant
3106 3640 3256 3710 (Luc.
3286 3656 3394 3707 xvt,
3427 3640 3552 3713 2|).
3600 3637 3664 3693 Et
3704 3635 3785 3690 rita

2208 3749 2318 3786 mea
2338 3733 2517 3786 επὶιὶον
2547 3741 2619 3786 est
2654 3748 2805 3802 quam
2835 3732 3049 3802 loquela.
3091 3732 3262 3787 Minus
3300 3733 3448 3786 enim
3480 3733 3621 3787 l’acio
3644 3740 3777 3800 quam

2208 3823 2414 3894 loquor.
2457 3823 2742 3877 Recordare
2786 3840 2903 3894 ergo
2939 3824 3058 3892 quia
3086 3825 3296 3894 spiritus
3325 3834 3396 3878 est
3427 3826 3540 3878 vita
3567 3839 3676 3877 mea
3705 3816 3780 3873 :id

2208 3925 2316 3982 est,
2345 3917 2396 3970 in
2442 3915 2579 3970 fame
2615 3917 2635 3947 ²
2663 3915 2944 3986 spirituali.
2988 3914 3052 3969 Et
3074 3931 3173 3970 non
3197 3926 3416 3971 revertar
3445 3918 3524 3970 ad
3565 3913 3770 3972 visibilia.

2211 4005 2332 4060 Non
2354 4022 2431 4059 me
2455 4015 2713 4077 cognoscet
2734 4006 2905 4060 oculus
2926 4005 3132 4060 videntis
3152 4025 3170 4060 :
3187 4007 3309 4076 quia
3336 4006 3628 4071 mutabor;
3653 4014 3702 4058 ttt
3722 4002 3776 4054 ri-

2210 4099 2405 4152 dentem
2427 4098 2532 4163 bic,
2555 4097 2822 4152 diabolum
2843 4098 3161 4168 accipiamus
3183 4097 3534 4154 invidentem.
3561 4095 3704 4151 Oculi
3717 4091 3776 4145 tui

2208 4189 2262 4244 in
2286 4205 2382 4257 me,
2408 4197 2452 4244 et
2473 4205 2572 4242 non
2593 4188 2823 4242 subsisto.
2851 4187 3109 4243 lnterﬁcis
3128 4188 3269 4243 enim
3293 4188 3344 4243 in
3369 4203 3460 4243 me
3487 4189 3653 4243 vitam
3674 4197 3773 4239 car-

2209 4281 2383 4336 nalem
2414 4282 2465 4336 iu
2489 4296 2590 4350 qua
2618 4279 2732 4335 fuit.
2773 4279 3037 4350 Tanquam
3064 4281 3218 4336 nubes
3247 4290 3530 4352 expurgatu
3554 4281 3619 4336 de
3636 4278 3774 4334 calo:

2209 4383 2300 4428 aut
2329 4389 2424 4444 per
2465 4375 2658 4429 ccelum
2698 4384 2956 4443 purgata;
2985 4373 3252 4444 quomodo
3281 4374 3508 4430 dicimus
3543 4374 3609 4428 de
3649 4372 3773 4426 ferro

2209 4475 2467 4536 purgata:
2495 4465 2661 4520 uthic
2687 4466 3060 4536 signiﬁcaverit
3098 4467 3351 4522 auxilium
3387 4467 3489 4522 sibi
3521 4465 3680 4521 fuisse
3717 4458 3771 4513 de

2210 4557 2347 4613 00310
2371 4601 2385 4625 ,
2412 4567 2468 4612 ut
2515 4566 2825 4628 purgaretur
2852 4577 2865 4611 :
2895 4567 2985 4614 aut
3028 4567 3173 4614 certe
3188 4568 3261 4614 θυι
3297 4560 3406 4630 jam
3444 4575 3549 4615 non
3588 4557 3653 4613 sit
3687 4567 3768 4609 nu-

2208 4647 2326 4715 bes,
2358 4648 2451 4704 sed
2479 4649 2530 4703 in
2567 4664 2742 4704 aerem
2770 4663 2955 4720 purum
2998 4659 3331 4715 extenuetur,
3360 4659 3606 4722 tanquam
3629 4643 3768 4701 radiis

2211 4740 2338 4796 solis
2364 4750 2672 4811 expurgata,
2704 4749 2760 4794 ut
2783 4741 3076 4797 obscuritas
3105 4743 3283 4798 carnis
3309 4751 3364 4798 et
3389 4739 3654 4812 sanguinis
3675 4748 3764 4790 non

2210 4833 2280 4887 sit
2317 4833 2368 4888 in
2413 4833 2569 4889 coelo.
2610 4833 2723 4887 Non
2753 4834 2892 4887 enim
2936 4849 3061 4888 caro
3105 4843 3159 4890 et
3200 4836 3410 4905 sanguis
3448 4846 3659 4904 regnum
3687 4823 3766 4881 Dei

2210 4922 2572 4993 possidebunt,
2587 4937 2705 4978 cum
2721 4923 3060 4992 corruptibile
3077 4924 3176 4980 hoc
3197 4925 3425 4982 induerit
3440 4916 3763 4990 incorruptio-

2212 5031 2356 5079 nem,
2378 5023 2432 5070 et
2452 5014 2818 5070 absorbebitur
2836 5031 2982 5072 mors
3005 5017 3057 5072 iu
3079 5018 3356 5073 victoriam
3391 5017 3576 5091 (lCor.
3593 5027 3672 5076 xv,
3685 5007 3762 5069 50.

2213 5104 2302 5172 53,
2321 5103 2433 5176 54).
2467 5103 2529 5160 Si
2554 5104 2685 5159 enim
2711 5105 2860 5160 homo
2883 5107 3190 5162 descenderit
3213 5109 3282 5162 ad
3306 5109 3512 5178 inferos,
3527 5106 3650 5160 ultra
3673 5111 3758 5152 non

2213 5199 2460 5253 ascendet.
2502 5198 2582 5253 Ad
2609 5199 2707 5255 hoc
2723 5214 2850 5271 ergo
2867 5201 3168 5269 recordare,
3190 5211 3247 5257 ut
3265 5218 3370 5258 non
3385 5197 3679 5258 descendas.
3701 5187 3759 5244 Et

2214 5305 2315 5344 non
2335 5299 2604 5344 revertetur
2630 5291 2846 5360 amplius
2877 5292 2931 5345 in
2953 5292 3156 5346 domum
3180 5309 3326 5348 suam
3352 5309 3371 5347 :
3395 5293 3446 5348 id
3475 5299 3568 5356 est,
3597 5282 3654 5340 ad
3679 5293 3751 5336 re-

2214 5382 2390 5452 quiem
2417 5398 2589 5438 suam.
2631 5381 2908 5454 Propterea
2943 5384 3111 5454 itaque
3147 5394 3193 5440 et
3230 5402 3319 5456 ego
3349 5401 3448 5440 non
3483 5391 3670 5451 parcam
3689 5367 3752 5424 οτί

2216 5491 2325 5530 meo
2351 5473 2688 5530 :conﬁtendo
2705 5517 2720 5541 ,
2747 5489 2866 5530 cum
2889 5485 3095 5547 tempus
3113 5485 3214 5533 est.
3243 5476 3486 5531 Utrumne
3511 5481 3634 5526 mare
3659 5471 3747 5517 αντι

2217 5583 2333 5639 ego,
2366 5575 2452 5620 aut
2488 5567 2640 5620 draco
2661 5567 2686 5621 .’
2711 5565 2826 5622 Non
2854 5566 2997 5623 enim
3021 5569 3159 5626 sicut
3197 5567 3386 5640 impios
3413 5573 3502 5623 aut
3521 5555 3749 5620 diabolum

2283 5705 2300 5769 ξ
2326 5706 2399 5754 sic
2417 5711 2523 5754 Mss.
2547 5705 2684 5769 juxta
2705 5711 2832 5769 t.x_x.
2858 5712 2911 5756 at
2934 5705 3076 5767 editi,
3105 5715 3160 5757 In
3187 5705 3336 5769 [tardo
3355 5703 3512 5768 globos
3531 5701 3672 5751 terra.

2283 5767 2304 5799 ³
2337 5772 2407 5814 Er.
2432 5774 2480 5814 et
2503 5764 2629 5823 Lota,
2659 5764 2706 5815 in
2730 5765 2838 5816 rita.
2870 5776 2965 5816 Aut.
2997 5764 3198 5827 etlllss,
3217 5765 3267 5819 in
3293 5764 3430 5828 1⁵ηὴιο
