3874 6344
112 320 256 379 εδδ
1606 317 1740 374 LIB!

1848 316 2045 376 UNUS.

114 431 423 504 repnlisti.
468 431 599 497 Quia
626 430 841 487 statuisti
884 447 1037 503 super
1078 446 1156 487 me
1196 430 1474 486 custodiam
1505 439 1600 485 :ut
1629 446 1734 485 non

119 544 241 584 me
269 541 515 583 moveam
536 524 599 580 ad
622 526 1090 596 perturbationem,
1111 535 1167 582 ut
1186 536 1309 583 sunt
1328 526 1487 581 maris
1510 528 1738 581 termini.

128 621 302 687 Quia
330 619 438 674 dixi
458 661 473 686 ,
502 600 852 675 Consolabitur
892 638 969 675 me
1004 621 1159 675 lectus
1194 636 1333 675 meus
1354 639 1372 674 :
1399 620 1625 675 carnalia
1648 661 1662 686 ,
1690 620 1744 675 in

3315 337 3422 396 854

1849 433 1925 487 vit
1982 433 2374 491 revelationem.
2418 436 2681 509 Numquid
2716 442 2837 497 viret
2875 442 3070 515 scirpus
3106 448 3214 503 sine
3250 456 3423 520 aqua?

1848 525 1921 579 Ita
1948 541 2074 595 ergo
2102 536 2155 581 et
2183 528 2324 596 impii
2353 541 2594 586 arescent
2623 533 2735 589 sine
2771 536 3128 594 misericordia
3166 540 3278 596 Dei.
3309 545 3418 597 Ad-

1849 615 1944 667 huc
1982 616 2033 669 in
2075 634 2168 669 sua
2204 618 2371 672 radice
2407 622 2649 690 consistit,
2670 635 2716 677 et
2754 642 2853 679 non
2887 638 3093 683 metetur
3115 647 3132 684 :
3153 632 3195 685 si
3232 647 3420 703 aquam

130 711 363 782 quibus
387 710 767 780 requiescebat.
808 710 875 766 Et
904 712 1118 782 referam
1151 713 1218 766 ad
1243 713 1483 782 meipsum
1504 712 1737 765 consola-

134 804 357 860 tionem
376 804 428 857 in
449 812 557 858 toro
582 820 710 859 meo.
742 804 821 860 Ad
848 813 899 861 te
918 805 1059 860 enim
1083 805 1248 861 debeo
1274 805 1472 860 referre
1499 806 1743 860 consola-

133 896 371 951 tionem
398 910 589 950 meam.
629 894 866 951 Exterres
891 914 966 951 me
996 914 1084 966 per
1107 897 1319 963 somnia,
1338 906 1384 950 et
1405 915 1491 968 per
1511 897 1747 951 visionem

147 1003 250 1041 me
283 986 620 1056 obstupefacis
645 1003 663 1041 :
691 1003 784 1057 per
811 988 1169 1043 tribulationes
1195 988 1316 1043 vitae
1333 987 1509 1057 hujus,
1532 1004 1647 1058 quae
1674 988 1747 1042 ita

148 1081 381 1136 somnia
409 1090 563 1147 sunt,
590 1080 853 1150 quomodo
896 1089 950 1135 et
993 1081 1127 1135 bona
1159 1081 1279 1135 vita:
1321 1080 1477 1150 hujus
1519 1080 1742 1135 somnia.

142 1172 407 1228 Absolues
434 1190 466 1227 a
494 1173 670 1244 spiritu
694 1190 799 1228 meo
815 1174 1034 1227 animam
1057 1190 1217 1228 meam
1234 1191 1253 1228 :
1278 1184 1490 1244 propter
1515 1174 1746 1229 visibiles

148 1272 425 1326 terrores,
458 1281 488 1320 a
530 1266 719 1336 quibus
750 1266 1059 1322 liberabitur
1094 1267 1269 1321 anima
1298 1276 1539 1322 metuens
1569 1267 1748 1323 venire

147 1354 231 1410 ad
255 1370 372 1411 eos.
400 1354 469 1409 Et
493 1374 523 1409 a
553 1366 710 1411 morte
730 1374 840 1412 ossa
856 1374 965 1411 mea
984 1357 1167 1428 repuli.
1194 1357 1324 1412 Nam
1349 1357 1519 1413 ierant
1536 1359 1585 1413 in
1608 1373 1749 1412 mor-

152 1455 280 1504 tem
308 1463 430 1503 ossa
459 1465 573 1504 mea
593 1491 607 1513 ,
629 1449 726 1504 nisi
758 1449 839 1505 his
859 1451 1139 1505 exterritus
1165 1449 1350 1505 fortior
1384 1466 1553 1507 essem
1579 1460 1633 1507 et
1659 1467 1745 1522 pa-

151 1536 333 1602 tiens,
355 1538 491 1609 quod
508 1548 590 1595 est
615 1541 812 1596 ossium
840 1540 1077 1595 ﬁrmitas.
1104 1540 1222 1595 Non
1253 1543 1382 1596 enim
1412 1542 1464 1596 in
1488 1544 1747 1613 sempiter-

153 1648 291 1687 num
314 1634 492 1701 vivam,
519 1644 572 1688 ut
596 1637 837 1706 patienter
864 1636 1042 1705 feram.
1072 1636 1333 1691 Brevitate
1361 1638 1501 1704 vitm,
1526 1646 1577 1692 et
1606 1646 1749 1693 metu

155 1725 362 1780 mortis
382 1741 467 1781 me
492 1727 719 1782 correxi.
744 1726 896 1783 Unde
916 1728 1331 1782 inconvertibilis
1348 1728 1608 1796 diabolus,
1627 1728 1748 1798 quia

157 1830 281 1870 non
320 1817 560 1881 moritur,
590 1818 681 1873 sed
710 1819 1011 1873 damnatur.
1054 1818 1263 1873 Initium
1305 1821 1563 1890 sapientia
1602 1822 1749 1874 timor

158 1905 360 1975 (Eccli.
392 1925 430 1975 ι,
460 1910 579 1980 16),
608 1910 729 1966 inde
754 1921 853 1966 est.
898 1911 1106 1966 Discede
1129 1930 1160 1966 a
1198 1930 1275 1968 me
1302 1930 1321 1977 ;
1348 1930 1474 1967 vana
1506 1925 1579 1968 est
1617 1915 1748 1968 enim

159 2002 272 2055 vita
294 2018 403 2056 mea
424 2019 442 2056 :
468 2003 587 2073 quia
614 2020 720 2059 non
746 2006 939 2061 suﬂero
961 2007 1295 2062 tentationes.
1338 2007 1435 2060 Aut
1458 2008 1576 2077 quia
1601 2024 1747 2062 sensu

160 2100 256 2145 tuo
278 2092 533 2148 intendisti
550 2096 600 2149 in
622 2113 767 2150 eum:
790 2107 1002 2166 promer
1021 2097 1162 2167 quod
1184 2098 1452 2153 rationalis
1473 2108 1572 2154 est.
1596 2098 1748 2155 Unde

158 2182 322 2249 illud,
349 2183 458 2239 Nos
478 2196 643 2240 autem
663 2205 863 2242 sensum
882 2189 1084 2243 Domini
1104 2190 1341 2245 habemus
1360 2190 1379 2262 (
1395 2190 1410 2243 l
1424 2190 1539 2244 Cor.
1556 2209 1609 2253 ιι,
1630 2192 1745 2260 16).

159 2269 412 2328 Rationis
437 2292 564 2331 vero
594 2293 785 2333 munus
809 2279 933 2334 dicit
954 2282 1315 2336 extensionem
1345 2282 1657 2337 intellectus.
1680 2282 1747 2337 Et

158 2362 219 2417 in
243 2367 412 2434 requie
429 2369 683 2437 judicabis
709 2388 821 2425 eum
847 2390 865 2425 :
885 2372 1099 2442 dignum
1129 2374 1331 2443 requie.
1376 2374 1643 2445 Usquequo
1669 2392 1748 2431 me

160 2470 271 2509 non
300 2456 506 2513 dimittis
531 2462 554 2513 ?
581 2462 809 2517 vinctum
839 2463 1281 2520 tribulationibus.
1332 2465 1508 2537 Neque
1535 2467 1741 2537 deseris,

161 2545 327 2601 donec
353 2549 625 2619 deglutiam
666 2553 875 2606 salivam
914 2556 1114 2608 meam?
1140 2556 1190 2609 in
1217 2555 1403 2611 dolore
1435 2572 1497 2612 ac
1528 2557 1745 2628 ﬂagellis

159 2637 468 2692 contineant
496 2650 549 2694 et
587 2640 898 2697 obsorbeam
934 2644 1258 2712 voluptatum
1294 2644 1484 2711 ﬂuxus,
1506 2662 1600 2716 per
1648 2648 1744 2702 tri-

161 2723 463 2783 bulationes
486 2730 806 2787 admonitus.
851 2733 910 2788 Si
935 2750 1023 2804 ego
1052 2736 1269 2803 peccavi,
1292 2736 1411 2807 quid
1433 2753 1635 2807 possunt
1657 2737 1746 2790 tibi

161 2816 373 2885 facere?
408 2821 606 2877 Sensus
635 2823 721 2879 hic
749 2835 848 2891 est,
880 2826 936 2882 Si
966 2827 1213 2896 peccavi,
1246 2828 1374 2882 nihil
1405 2844 1616 2899 possunt
1651 2830 1741 2885 tibi

160 2907 360 2965 facere.
399 2912 479 2966 An
511 2912 643 2968 forte
665 2915 929 2986 loquendo
953 2919 1161 2973 molesti
1194 2919 1284 2973 tibi
1314 2930 1436 2974 sunt
1464 2921 1744 2977 homines?

162 2996 248 3053 Tu
272 3014 396 3071 ergo
415 3003 503 3071 qui
529 3004 633 3059 scis
657 3019 892 3074 sensum,
916 3023 1079 3078 quare
1107 3011 1425 3065 constituisti
1448 3011 1739 3080 hominem,

161 3099 226 3145 ut
254 3091 554 3162 loqueretur
581 3098 836 3154 adversus
866 3109 937 3165 te,
967 3110 1025 3155 ut
1051 3112 1193 3157 esset
1220 3103 1311 3157 tibi
1342 3105 1536 3159 oneri?
1574 3105 1629 3160 Si
1650 3122 1743 3160 au—

164 3190 272 3237 tem
293 3196 559 3254 peccatum
590 3190 840 3257 hominis,
864 3208 959 3247 nec
986 3191 1124 3247 iacto
1155 3209 1253 3249 nec
1276 3194 1419 3250 dicto
1447 3195 1537 3249 tibi
1564 3206 1738 3263 nocet,

163 3290 332 3343 quare
360 3292 464 3331 non
492 3278 818 3335 Oblivisceris
858 3292 1132 3350 peccatum
1158 3285 1300 3353 ejus,
1328 3286 1420 3340 sed
1452 3302 1642 3356 purgas
1678 3289 1743 3342 il-

164 3364 259 3420 lud
296 3369 498 3436 potius;
531 3371 628 3425 nisi
672 3374 792 3441 quia
839 3373 926 3427 illa
965 3390 1083 3443 quae
1120 3390 1279 3445 supra
1324 3378 1459 3432 dicta
1492 3389 1643 3444 sunt,
1675 3380 1740 3435 ad

162 3455 457 3512 bonitatem
485 3470 621 3514 tuam
651 3460 985 3518 referuntur?
1016 3464 1151 3529 Quid
1172 3476 1241 3518 est
1262 3468 1391 3519 enim
1418 3468 1585 3534 homo,
1609 3472 1743 3538 quod

166 3549 402 3604 exaltasti
424 3553 571 3606 eum?
608 3552 735 3619 Quae
766 3568 869 3608 non
900 3555 1248 3626 intelligentes
1282 3559 1436 3612 amici
1474 3560 1607 3629 ejus,
1640 3578 1740 3630 pu-

168 3649 416 3698 taverunt
447 3644 513 3699 ab
544 3660 608 3699 eo
639 3644 801 3699 Deum
830 3646 1163 3715 reprehendi.
1206 3649 1261 3704 Si
1309 3650 1448 3704 enim
1482 3666 1586 3705 non
1620 3668 1741 3721 pro-

171 3740 348 3803 pterea
376 3734 501 3791 lacis
522 3736 651 3791 mihi
674 3739 988 3793 tcntationes
1010 3749 1064 3793 ut
1083 3740 1355 3795 cohibeam
1377 3741 1547 3797 ﬂuxos
1564 3753 1740 3801 motus

118 3848 129 3855 -
174 3839 339 3893 meos,
366 3828 427 3881 ut
452 3827 580 3881 mihi
600 3829 670 3883 ita
692 3830 973 3894 consulas;
1002 3846 1120 3902 qua:
1146 3832 1248 3885 alia
1268 3848 1426 3887 causa
1446 3843 1528 3890 est
1545 3844 1600 3890 ut
1618 3850 1738 3891 cor-

172 3914 331 3985 ripias
366 3916 677 3975 hominem?
714 3918 829 3976 Non
871 3922 1010 3976 enim
1040 3938 1233 3978 nocere
1276 3924 1369 3978 tibi
1410 3934 1583 3994 potest
1619 3927 1739 3998 quia

174 4018 392 4077 peccat;
423 4018 513 4064 aut
548 4010 713 4066 sentis
745 4012 896 4081 quasi
933 4011 1306 4069 adversitatem
1342 4015 1564 4087 loquela:
1600 4018 1735 4088 ejus,

174 4114 293 4155 cum
320 4099 455 4155 scias
491 4115 704 4156 sensum
748 4101 1067 4170 humanum,
1094 4113 1148 4159 et
1176 4105 1352 4175 utique
1392 4122 1575 4175 posses
1598 4109 1739 4178 quod

176 4188 268 4246 tibi
302 4189 663 4246 adversarium
707 4200 789 4248 est
829 4209 934 4248 non
978 4194 1318 4250 constituere.
1358 4195 1427 4249 Et
1459 4214 1611 4267 quare
1639 4217 1740 4254 non

176 4298 227 4338 es
241 4281 413 4338 oblitus
431 4270 703 4353 iniquitatis
720 4301 841 4340 mea:
856 4302 874 4339 :
892 4286 937 4341 si
958 4301 1060 4341 non
1088 4302 1150 4342 ea
1167 4303 1324 4343 causa
1346 4299 1401 4344 ut
1422 4289 1549 4344 mihi
1571 4292 1736 4360 prod-

177 4385 349 4435 essent
385 4378 699 4435 tentationes
727 4379 861 4443 istae,
886 4388 943 4433 ut
966 4379 1213 4435 bonitatis
1243 4389 1344 4436 tua:
1373 4381 1441 4437 sit
1467 4390 1652 4448 totum,
1686 4392 1740 4439 et

177 4470 311 4540 quod
339 4486 422 4526 me
445 4469 705 4540 corripis?
742 4468 893 4525 Nune
932 4480 1096 4524 autem
1134 4471 1187 4525 in
1230 4482 1412 4527 terram
1454 4473 1555 4528 ibo.
1604 4474 1737 4530 Cum

177 4562 312 4616 enim
346 4576 539 4633 purges
567 4568 839 4632 peccatum
869 4576 1065 4628 meum,
1093 4570 1257 4618 restat
1285 4564 1414 4618 mihi
1444 4574 1617 4620 tamen
1638 4566 1735 4620 ad-

177 4652 275 4709 buc
311 4652 361 4708 in
414 4662 607 4711 terram
667 4654 746 4710 ire
790 4670 884 4725 per
936 4665 1159 4711 mortem
1208 4656 1556 4727 corporalem.
1600 4657 1738 4713 Nam

176 4746 423 4819 evigilabo,
448 4758 495 4801 et
518 4748 652 4802 ultra
676 4764 775 4802 non
804 4764 887 4803 ero
907 4765 928 4803 :
957 4748 1007 4805 in
1038 4748 1137 4805 hac
1167 4760 1323 4805 terra.

244 4836 336 4910 [1b.
358 4837 494 4911 vm.]
534 4838 703 4895 Verba
722 4838 918 4895 Baldad
946 4839 1229 4896 Saucbitis.
1273 4840 1413 4895 Misit
1452 4843 1505 4895 in
1536 4860 1686 4899 manu
1718 4846 1732 4876 ¹

174 4931 443 5000 iniquitates
470 4949 659 4987 eorum.
716 4931 772 4987 In
802 4949 960 4989 manu
986 4934 1149 5001 misit,
1176 4943 1268 4990 aut
1290 4936 1343 4990 in
1371 4934 1619 5000 vindicta,
1647 4946 1736 4992 aut

176 5026 533 5095 supputatione
560 5025 826 5082 debitores
852 5041 965 5092 eos,
992 5026 1047 5081 id
1071 5034 1153 5082 est
1177 5037 1483 5098 peccatores
1509 5026 1732 5084 demon-

174 5120 367 5176 stravit.
409 5120 475 5175 Et
496 5121 715 5175 restituet
752 5119 838 5174 tibi
882 5120 1032 5173 vitam
1067 5120 1279 5189 justitite
1305 5137 1324 5174 :
1353 5136 1470 5190 quae
1513 5121 1735 5177 debetur

171 5210 396 5282 justitiat,
427 5211 479 5266 id
506 5221 589 5267 est
622 5211 850 5267 beatam.
892 5208 959 5263 Et
994 5220 1140 5264 erunt
1173 5210 1343 5281 priora
1372 5219 1457 5265 tua
1485 5212 1691 5266 minima
1712 5230 1731 5267 .'

176 5304 227 5360 in
249 5304 632 5375 comparatione
664 5304 1035 5374 posteriorum,
1064 5317 1181 5371 qua:
1208 5303 1408 5358 inﬁnita
1433 5312 1608 5359 erunt.
1632 5305 1731 5359 Aut

177 5396 401 5464 numquid
428 5412 529 5451 non
558 5396 608 5450 hi
635 5395 876 5450 docebunt
902 5404 967 5461 te,
989 5404 1037 5448 et
1062 5395 1273 5464 referent
1308 5396 1435 5451 tibi?
1470 5395 1729 5463 Quoniam

174 5488 529 5543 nonnullorum
552 5486 722 5556 major
743 5495 824 5542 est
841 5486 1146 5542 auctoritas.
1172 5487 1287 5541 Jam
1308 5496 1356 5541 et
1382 5487 1466 5542 hic
1489 5487 1555 5543 de
1578 5488 1730 5544 Chri-

175 5588 253 5633 sto
285 5578 516 5634 dicturus
549 5579 723 5634 audita
766 5588 965 5644 narrat,
995 5578 1260 5649 quomodo
1289 5577 1503 5648 Eliphaz
1542 5595 1727 5636 narra-

232 5694 249 5725 ι
265 5692 394 5752 mliti,
409 5694 460 5764 in
691 5705 950 5764 :moxque,
968 5698 1051 5742 aut
1064 5690 1506 5764 supplantationem.
1524 5700 1581 5748 At
1596 5702 1723 5759 Mss,

174 5760 225 5809 tn
239 5767 389 5815 manu,
410 5758 544 5819 juxta
569 5761 674 5805 LXX
696 5768 707 5803 :
732 5762 783 5805 et
804 5762 988 5819 postea,
1013 5761 1094 5807 aut
1111 5758 1453 5821 supputatione.

1849 720 1954 760 non
1984 706 2189 763 habent.
2231 710 2508 777 Antequam
2546 712 2678 767 bibat
2706 718 2865 771 omnis
2904 719 3055 773 herba
3075 762 3089 786 ,
3122 739 3285 778 nonne
3312 742 3399 780 are

1848 799 1984 852 scit?
2022 800 2121 852 nisi
2160 800 2303 855 bibat
2333 820 2343 853 :
2372 819 2474 856 non
2522 805 2660 857 enim
2698 807 2979 876 aliquando
3006 812 3163 865 viruit
3209 815 3415 885 impius.

1849 887 2007 957 Atque
2032 892 2229 945 araneis
2254 894 2575 963 complebitur
2603 899 2974 954 tabernaculum
2995 904 3102 971 ejus
3122 921 3140 957 :
3163 920 3320 974 opera
3345 908 3420 962 in-

1850 981 2015 1035 utilia.
2055 981 2170 1036 Jam
2202 998 2325 1037 vero
2349 984 2415 1039 de
2441 983 2636 1039 Judaeis
2661 995 2712 1042 et
2743 987 2963 1045 Domino
2991 993 3197 1048 videtur
3217 995 3419 1053 dicere.

1854 1072 2004 1138 Quod
2042 1075 2083 1128 si
2114 1084 2158 1127 et
2199 1075 2474 1141 su/fulserit
2513 1079 2715 1132 dontum
2750 1098 2925 1149 suam,
2968 1100 3069 1139 non
3109 1088 3304 1143 stabit:
3332 1098 3426 1147 aut

1851 1165 2137 1234 Scriptnris
2166 1167 2361 1223 sanctis
2381 1209 2395 1230 ,
2418 1179 2508 1225 aut
2543 1186 2637 1240 spe
2670 1174 3037 1243 promissionis
3068 1179 3307 1249 Domini,
3334 1193 3425 1239 aut

1851 1274 2070 1328 regnum
2092 1259 2282 1328 ipsum.
2310 1260 2378 1315 Et
2403 1280 2516 1316 cum
2536 1267 2757 1335 coeperit,
2781 1285 2879 1322 non
2904 1274 3210 1339 permanebit
3232 1294 3251 1327 :
3277 1279 3422 1349 sequi

1854 1348 2053 1416 Deum;
2084 1351 2223 1421 quod
2252 1352 2446 1408 Judteis
2477 1357 2669 1420 evenit,
2702 1359 2792 1428 qni
2819 1362 2982 1416 secuti
3011 1377 3114 1417 non
3144 1376 3267 1420 suttt
3295 1348 3426 1423 inci-

1854 1444 2074 1512 pientes.
2107 1442 2359 1498 Humidus
2382 1447 2510 1500 enim
2532 1458 2603 1502 est
2624 1458 2738 1502 ante
2756 1452 2912 1505 solem
2935 1469 2953 1506 :
2974 1456 3259 1513 carnalium
3283 1459 3425 1515 ﬂuxu

1852 1542 2217 1601 putrescentes
2247 1537 2284 1589 ¹.
2325 1534 2451 1591 Ante
2475 1539 2629 1591 solem
2659 1555 2785 1594 vero
2804 1583 2817 1606 ,
2846 1542 2944 1599 sub
2972 1545 3422 1618 tribulationibus,

1854 1632 1910 1676 ut
1937 1633 2071 1689 ante,
2092 1625 2189 1679 sub
2214 1625 2489 1695 signiﬁcet,
2514 1629 2650 1682 sicut
2676 1628 2914 1697 dicimus,
2940 1635 3079 1690 Ante
3106 1652 3190 1691 me
3220 1636 3321 1694 l‘ac.
3354 1639 3423 1694 Et

1853 1715 1915 1768 de
1948 1716 2207 1782 putredine
2246 1718 2354 1787 ejus
2376 1734 2575 1789 germen
2603 1721 2713 1790 ejus
2738 1722 2986 1777 ascendet.
3025 1724 3138 1780 Nisi
3164 1729 3305 1785 enim
3348 1730 3422 1787 illi

1853 1814 1957 1861 tam
1985 1808 2106 1862 mali
2136 1818 2342 1874 essent,
2372 1825 2475 1864 non
2518 1827 2611 1880 per
2648 1814 2944 1882 passionem
2974 1818 3294 1876 exaltaretur
3316 1821 3423 1877 Do-

1852 1901 2045 1965 minus,
2079 1902 2165 1970 qui
2196 1901 2262 1957 de
2291 1903 2391 1957 illis
2419 1903 2707 1960 secundum
2730 1921 2943 1962 carnem
2969 1918 3122 1966 natus
3148 1922 3229 1967 est
3249 1911 3421 1983 (Rom.

1852 2008 1935 2058 lx,
1965 1994 2055 2063 5).
2096 1993 2161 2048 In
2205 1998 2668 2067 congregationibus
2708 2000 2934 2069 lapidum
2961 2002 3162 2059 dormit.
3202 2004 3425 2077 Majores

1852 2084 1991 2138 enim
2023 2085 2167 2139 illum
2197 2085 2521 2156 cruciﬁgent.
2564 2088 2629 2141 Et
2670 2089 2723 2143 in
2750 2090 2911 2146 medio
2940 2091 3230 2162 lapillorum
3258 2099 3421 2153 vivet:

1853 2174 2150 2242 humilium,
2178 2176 2243 2231 de
2273 2178 2462 2246 quibus
2493 2178 2702 2234 fuerunt
2732 2183 2986 2251 Apostoli.
3020 2183 3418 2257 Sideglutietur,

1853 2267 1990 2320 locus
2019 2268 2281 2321 mentietur
2318 2286 2447 2323 eum.
2488 2268 2541 2325 Si
2583 2270 2916 2328 absconderit
2956 2276 3094 2345 quod
3126 2277 3287 2333 Filius
3328 2281 3420 2339 Dei

1852 2357 1941 2422 sit,
1970 2358 2175 2412 dicetur
2203 2360 2321 2428 quia
2350 2376 2451 2415 non
2482 2370 2565 2416 est
2589 2361 2754 2417 Filius
2784 2363 2895 2420 Dei.
2936 2364 3080 2435 Opus
3107 2376 3189 2423 est
3213 2386 3338 2440 ergo
3367 2382 3423 2427 ut

1851 2448 1965 2518 ipse
1990 2463 2109 2503 sese
2138 2450 2365 2505 indicet:
2399 2452 2449 2506 in
2490 2452 2592 2507 hoc
2638 2454 2778 2509 enim
2809 2455 2926 2509 loco
2956 2471 3059 2511 non
3089 2470 3309 2527 possunt
3336 2461 3421 2516 di-

1850 2542 1971 2596 vina
1999 2543 2264 2612 cognosci.
2290 2543 2367 2596 De
2395 2553 2527 2597 terra
2551 2554 2718 2599 autem
2743 2546 2954 2601 alterum
2982 2552 3274 2618 germinabit
3298 2568 3316 2606 :
3338 2555 3422 2611 vel

1851 2630 2106 2687 Dominus
2156 2635 2506 2705 resurgendo,
2537 2636 2619 2692 vel
2648 2637 2868 2692 alterum
2907 2654 3072 2709 genus
3102 2642 3306 2711 piorutu
3329 2686 3343 2710 ,
3368 2645 3423 2702 id

1850 2732 1931 2777 est
1955 2724 2395 2780 Christianorum.
2436 2724 2683 2781 Dominus
2724 2730 2853 2783 enint
2883 2747 2981 2784 non
3010 2732 3234 2802 probabit
3270 2736 3421 2790 inno-

1850 2824 2056 2869 centem.
2097 2816 2199 2883 An,
2231 2832 2334 2870 non
2366 2818 2709 2886 reprohabit?
2736 2821 2815 2875 vel
2856 2821 2982 2876 illud
3004 2864 3017 2889 ,
3049 2822 3271 2895 lmpium
3316 2842 3421 2884 non

1850 2908 2091 2977 probabit
2123 2908 2453 2963 innocentem
2480 2909 2503 2961 ?
2548 2909 2652 2964 Nec
2680 2911 2838 2965 ullum
2864 2929 3043 2968 munus
3072 2933 3089 2967 :
3114 2915 3167 2970 id
3194 2926 3303 2984 est,
3331 2933 3421 2975 εδε-

1848 2997 2043 3053 criﬁcia
2075 3015 2191 3069 qua:
2220 2999 2481 3056 habebant
2514 3001 2702 3056 Judaei.
2754 3002 3016 3059 Veracium
3046 3016 3209 3063 autem
3238 3026 3294 3064 os
3322 3011 3421 3065 im-

1849 3086 1999 3156 plebit
2034 3090 2177 3143 risu:
2207 3091 2587 3146 conﬁtentium.
2632 3093 2697 3146 Et
2729 3094 3100 3152 tabernaculum
3144 3100 3286 3171 impii
3321 3118 3421 3159 non

1848 3181 2152 3249 permanebit
2175 3198 2193 3234 :
2214 3182 2295 3235 vel
2326 3182 2495 3251 ipsum
2528 3185 2811 3254 templum,
2843 3187 2927 3243 vel
2956 3205 3192 3258 regnum.

1918 3268 2015 3340 [lb.
2028 3286 2075 3323 lx
2087 3270 2306 3342 .]_Verha
2323 3272 2441 3327 Job.
2459 3273 2581 3328 Vere
2592 3275 2692 3329 scio
2712 3277 2798 3347 qui
2812 3277 2881 3330 ita
2894 3287 3001 3343 est;
3023 3280 3073 3333 id
3086 3288 3186 3348 est,
3204 3282 3321 3354 quia
3337 3300 3422 3341 se-

1847 3360 2074 3413 cundum
2088 3362 2386 3430 iniquitates
2397 3379 2542 3419 meas
2554 3364 2668 3420 haec
2683 3367 2810 3421 mihi
2823 3370 3050 3425 restituit
3064 3388 3075 3423 :
3091 3372 3186 3429 sed
3200 3390 3303 3431 non
3320 3376 3421 3433 sic-

1847 3459 2009 3505 utvos
2029 3452 2383 3521 arbitramini;
2402 3458 2494 3512 sed
2516 3458 2635 3527 quia
2657 3474 2812 3515 nemo
2832 3469 2914 3516 est
2934 3461 2985 3517 in
3007 3478 3288 3537 conspectu
3306 3470 3421 3541 ejus

1843 3542 2037 3613 justus.
2062 3543 2181 3598 Non
2204 3548 2569 3615 respondebunt
2584 3552 2629 3603 ei
2653 3567 2809 3605 unum
2835 3554 2897 3607 de
2917 3554 3070 3610 mille.
3094 3556 3152 3611 ln
3176 3560 3422 3618 omnibus

1847 3637 2040 3706 quippe
2066 3638 2361 3693 convincet.
2408 3640 2508 3705 Qui
2536 3642 2589 3695 in
2619 3652 2905 3699 vetustatem
2933 3647 3158 3716 perducit
3193 3664 3381 3705 montes
3399 3695 3417 3718 ,

1850 3736 1897 3781 et
1922 3729 2146 3782 nesciunt
2171 3745 2189 3782 :
2214 3730 2265 3783 id
2296 3740 2375 3785 est
2403 3732 2468 3785 ad
2495 3733 2887 3803 inﬁrmitatem;
2921 3747 2977 3793 ut
3000 3748 3110 3805 est,
3141 3739 3421 3799 Inveterari

1844 3818 1897 3872 in
1917 3818 2144 3874 omnibus
2170 3821 2384 3878 inimicis
2410 3824 2531 3879 meis
2556 3824 2723 3896 (Psal.
2750 3842 2804 3882 vt
2822 3870 2835 3895 ,
2862 3829 2937 3899 8).
2973 3831 3072 3896 Qui
3101 3832 3242 3887 vertit
3267 3850 3348 3889 eos
3366 3835 3421 3890 in

1846 3911 1941 3965 ira.
1996 3912 2275 3969 lrascendo
2302 3929 2396 3970 eos
2424 3917 2609 3983 vertit,
2635 3918 2685 3972 id
2718 3928 2834 3989 est,
2864 3931 2923 3976 ut
2974 3923 3114 3979 aliud
3155 3924 3421 3985 inveniant

1845 4019 2002 4073 quam
2051 4006 2411 4076 appetierant,
2466 4024 2587 4063 cum
2642 4011 2729 4080 qui
2795 4027 2854 4068 se
2901 4014 3129 4084 exaltat,
3177 4015 3420 4075 humilia-

1844 4095 1986 4152 bitur
2027 4096 2173 4169 (Luc.
2210 4114 2334 4165 xw,
2363 4100 2475 4169 11).
2524 4100 2623 4165 Qui
2668 4114 2937 4159 commovet
2984 4107 3149 4162 orbant
3177 4125 3208 4162 a
3230 4110 3418 4181 funda-

1845 4190 2020 4244 mentis
2044 4206 2062 4243 :
2110 4206 2203 4262 per
2244 4193 2610 4261 vocationem,
2652 4211 2769 4267 qua:
2807 4198 2941 4253 facta
2984 4208 3095 4266 est,
3136 4216 3231 4270 per
3260 4217 3416 4272 quam

1842 4282 2092 4338 commoti
2124 4293 2245 4339 sunt
2269 4285 2590 4340 excellentes
2616 4287 2669 4341 in
2694 4288 2910 4343 mundo.
2942 4289 3012 4343 Et
3039 4292 3283 4347 columna:
3309 4295 3417 4364 ejus

1843 4373 2185 4427 movebuntur.
2235 4374 2335 4440 Qui
2375 4376 2601 4445 prcecipit
2630 4377 2754 4445 soli,
2795 4388 2842 4431 et
2882 4396 2981 4433 non
3011 4382 3207 4435 oritur:
3246 4392 3303 4439 ut
3328 4394 3419 4441 aut

1845 4464 2103 4534 sapientia
2129 4479 2237 4519 non
2261 4465 2599 4536 intelligatur,
2621 4476 2711 4521 aut
2739 4470 2826 4538 qui
2855 4471 3212 4541 scripserunt;
3235 4484 3291 4529 ut
3310 4486 3412 4545 est,

1843 4554 2008 4625 Signa
2033 4555 2214 4611 librum
2242 4554 2400 4627 (Dan.
2431 4573 2534 4625 xu,
2566 4557 2642 4629 4).
2680 4559 2779 4626 Qui
2805 4563 3023 4616 extendit
3042 4564 3221 4618 caelum
3239 4566 3373 4622 solus
3397 4583 3415 4622 :

1843 4647 2134 4704 Ecclesiam
2152 4689 2165 4714 ,
2197 4665 2314 4720 qua:
2340 4653 2551 4721 proprie
2580 4651 2672 4707 Dei
2702 4655 2855 4709 sedes
2887 4662 3000 4721 est,
3047 4671 3204 4727 quam
3230 4667 3416 4715 exten~

1841 4739 1917 4796 dit
1944 4756 2040 4812 per
2069 4749 2234 4796 totum
2265 4742 2482 4809 orbem;
2516 4744 2653 4798 solus
2672 4786 2687 4812 ,
2716 4743 2783 4799 ad
2807 4746 3203 4817 signiﬁcandam
3240 4751 3413 4807 unita-

1839 4845 1947 4892 tem
1977 4835 2268 4893 Trinitatis.
2321 4835 2450 4891 Nam
2497 4838 2676 4908 utique
2722 4854 2818 4908 per
2867 4838 3056 4896 Filium
3111 4841 3166 4898 in
3216 4841 3413 4913 Spiritu

1840 4938 2022 4985 sancto
2047 4928 2223 4983 omnia
2245 4927 2383 4984 facta
2406 4938 2546 4985 sunt.
2590 4929 2658 4983 Et
2696 4930 2920 4985 ambulat
2958 4948 3109 5004 super
3134 4948 3272 4986 mare
3294 4944 3409 4986 tan-

1838 5040 1988 5093 quam
2006 5040 2157 5094 super
2177 5033 2380 5078 terram.
2405 5022 2571 5093 Super
2598 5032 2799 5089 terram,
2830 5022 2882 5078 id
2907 5032 3017 5091 est,
3046 5022 3266 5077 ﬁrmiter
3284 5038 3413 5078 con-

1838 5117 2054 5173 ﬁrmans
2097 5116 2389 5172 Ecclesiam
2435 5116 2489 5171 in
2537 5115 2767 5181 saeculo,
2812 5113 2897 5170 vel
2940 5112 3271 5183 subjiciendo
3310 5114 3410 5170 sibi

1836 5220 2172 5283 peccatores,
2214 5211 2270 5265 in
2313 5210 2502 5280 quibus
2546 5224 2651 5264 non
2698 5207 2978 5278 mergitur,
3028 5220 3131 5261 non
3172 5205 3410 5261 cedendo

1837 5302 2213 5358 tentationibus
2237 5317 2443 5357 eorum.
2474 5300 2534 5357 Si
2557 5308 2893 5370 transgressus
2910 5314 2989 5352 me
3006 5297 3185 5369 fuerit,
3208 5315 3309 5354 non
3337 5300 3411 5353 vi-

1836 5397 1977 5451 debo.
2006 5397 2069 5452 Si
2088 5397 2237 5452 altior
2261 5412 2340 5450 me
2363 5395 2515 5464 fuerit
2534 5434 2548 5457 ,
2571 5405 2658 5447 aut
2677 5390 2926 5446 celeritate
2946 5390 3289 5461 perstrinxerit
3307 5407 3405 5457 me,

1834 5506 1933 5544 non
1955 5506 2068 5543 eum
2087 5504 2374 5559 agnoscam.
2406 5486 2550 5556 Opus
2570 5494 2649 5540 est
2674 5498 2801 5553 ergo
2828 5492 2885 5538 ut
2909 5492 2965 5541 et
2981 5491 3236 5553 congruat
3262 5481 3409 5537 inﬁr-

1832 5581 2003 5635 mitati
2029 5595 2192 5647 mete,
2225 5587 2277 5634 et
2306 5593 2413 5633 non
2443 5592 2529 5631 me
2553 5575 2783 5632 deserat.
2816 5574 2876 5631 Si
2904 5575 3036 5632 enim
3065 5576 3214 5630 morti
3243 5574 3403 5629 tradi-

1831 5692 2209 5809 .dtntﬁggusis
2225 5726 2239 5755 ,
2263 5697 2552 5757 putresceret.
2578 5697 2629 5743 In
2651 5698 2753 5745 uss.
2773 5725 2788 5755 ,
2811 5696 3131 5757 puth
3153 5701 3172 5743 :
3194 5690 3407 5746 refertur
