3874 6308
527 347 690 414 derit,
721 348 832 417 quis
859 351 1080 404 avertet?
1105 350 1257 408 Morti
1281 352 1423 408 enim
1453 354 1639 420 tradit,
1669 369 1788 411 cum
1825 355 1907 410 vel
1936 363 2110 410 trans-

527 437 786 509 greditur,
815 441 898 496 vel
925 443 1113 498 transit
1142 453 1199 499 ut
1230 445 1517 500 nesciatur.
1548 445 1675 502 Hmc
1708 455 1790 502 est
1819 462 1964 502 mors
1991 445 2110 500 aui-

528 548 664 599 mae,
717 541 773 588 ut
811 534 975 590 Deum
1018 537 1238 592 nesciat.
1286 534 1458 607 Ipsius
1499 537 1632 590 enim
1658 537 1982 593 inavertibilis
2009 538 2107 593 ira.

527 621 763 679 Aliorum
789 626 928 680 enim
959 635 1134 698 potest
1152 627 1318 684 averti
1347 643 1376 683 a
1406 629 1722 698 potentiore.
1756 630 1830 684 Ab
1854 630 1964 701 ipso
1992 628 2108 685 sub—

527 715 635 769 dita
659 726 774 771 sunt
799 727 979 773 caetera
1002 719 1096 774 sub
1120 720 1242 776 caelo
1263 721 1278 752 ⁸
1306 739 1318 773 :
1352 730 1572 791 excepto
1605 721 1719 791 ipso
1747 721 1886 778 caelo
1902 761 1916 790 ,
1945 722 1996 777 id
2025 732 2108 779 est

464 826 470 831 ι
526 806 769 863 rationali
803 818 1074 876 creatura;
1104 811 1224 883 quia
1251 811 1295 866 si
1326 811 1437 881 ipsa
1477 811 1577 867 sibi
1603 822 1798 869 caetera
1835 813 2105 870 subdidis-

526 911 635 970 set,
684 917 950 973 nunquam
1006 918 1100 974 per
1138 919 1229 970 ea,
1281 919 1398 974 qua!
1437 904 1538 959 sibi
1579 903 1917 974 subdiderat,
1947 905 2105 976 puni-

523 1000 708 1048 retur:
747 993 866 1064 quia
917 1009 1046 1050 vero
1093 994 1231 1050 Deus
1271 995 1322 1050 ei
1366 995 1452 1049 illa
1481 994 1743 1063 subdidit,
1768 1000 1984 1067 punitur
2008 1011 2105 1067 per

524 1097 584 1139 ea
603 1125 617 1151 ,
640 1082 848 1154 quando
869 1083 1148 1140 oii’enderit
1169 1100 1293 1140 eum
1313 1086 1401 1155 qui
1423 1085 1677 1142 subdidit.
1713 1086 1861 1153 Quod
1880 1088 1926 1144 si
1953 1088 2104 1142 etiam

517 1175 684 1247 justus
725 1180 900 1247 fuero,
933 1193 1033 1231 non
1072 1177 1303 1232 exaudiet
1332 1195 1410 1232 me
1434 1195 1452 1231 :
1492 1194 1682 1249 rogans
1711 1195 1831 1235 eum
1851 1219 1868 1248 ,
1903 1195 2106 1252 praesu-

521 1280 673 1323 mens
713 1265 780 1322 de
819 1283 934 1324 mea
960 1269 1181 1338 iustitia.
1208 1271 1533 1339 Comparans
1579 1271 1720 1326 enim
1764 1287 1828 1327 ea
1867 1271 1950 1326 his
1983 1287 2100 1342 qua:

518 1354 654 1429 apud
685 1375 743 1415 se
771 1368 893 1414 sunt
920 1357 1435 1416 incommutabiiibus
1453 1368 1508 1415 et
1525 1360 1825 1431 perpetuis,
1851 1369 2099 1431 tanquam

518 1451 772 1522 injustum
794 1467 880 1508 me
903 1467 1010 1508 non
1035 1453 1297 1508 exaudiet.
1335 1451 1476 1524 Ergo
1501 1453 1618 1525 ejus
1639 1455 1767 1509 mihi
1797 1455 2100 1510 misericor-

516 1543 602 1601 dia
640 1547 937 1604 necessaria
976 1555 1078 1602 est.
1125 1545 1386 1602 Iudicium
1430 1551 1540 1616 ejus
1583 1547 1769 1619 rogabo
1792 1564 1812 1604 .'
1852 1549 1973 1619 quia
2002 1563 2101 1617 ego

514 1637 750 1708 judicare
771 1653 876 1693 non
904 1652 1124 1706 possum
1154 1653 1240 1693 me
1268 1638 1468 1708 justum
1511 1653 1647 1694 esse.
1679 1637 1830 1695 Unde
1852 1649 1963 1706 est,
1994 1639 2101 1695 Sed

517 1744 674 1799 neque
696 1729 936 1799 meipsum
949 1729 1158 1799 judico;
1187 1729 1273 1799 qui
1303 1737 1467 1784 autem
1483 1729 1684 1801 judicat
1710 1746 1817 1798 me,
1849 1728 2100 1786 Dominus

515 1828 587 1872 est
614 1817 656 1890 (1
684 1816 800 1874 Cor.
829 1835 902 1882 tv,
933 1820 996 1886 3,
1024 1819 1101 1891 4).
1135 1820 1194 1875 Si
1217 1836 1331 1874 vero
1363 1820 1686 1887 invocavero,
1726 1829 1775 1874 et
1814 1837 1915 1876 non
1942 1838 2102 1878 exau-

514 1911 683 1976 dierit;
703 1927 801 1965 non
826 1911 1025 1966 credam
1045 1910 1279 1982 quoniam
1299 1911 1550 1965 exaudivit
1574 1928 1740 1967 vocem
1760 1930 1941 1967 meam.
1965 1912 2097 1969 Cum

512 2001 762 2071 judicium
803 2001 918 2073 ejus
956 2017 1119 2072 rogo,
1158 2003 1202 2056 si
1243 2017 1350 2057 non
1388 1999 1716 2071 exaudierit,
1748 2019 1852 2059 non
1881 2003 2096 2059 credam

512 2097 651 2168 quod
673 2096 754 2151 vel
777 2095 1060 2166 aliquando
1085 2094 1381 2151 exaudierit
1406 2109 1492 2150 tne
1517 2112 1529 2148 :
1563 2096 1784 2151 occultis
1803 2096 1944 2151 enim
1966 2112 2095 2151 cau-

512 2189 586 2243 sis
609 2203 698 2243 me
737 2187 971 2252 audivit,
1009 2202 1116 2242 non
1151 2187 1341 2243 merito
1375 2185 1763 2256 deprecationis
1802 2202 1954 2242 mete.
1993 2188 2097 2243 Aut

511 2290 688 2346 certe,
735 2293 839 2334 non
884 2277 1097 2334 credam
1147 2293 1254 2333 non
1301 2293 1386 2333 me
1433 2275 1738 2332 exauditum
1779 2293 1956 2333 nunc:
1997 2275 2096 2331 ali-

512 2369 721 2440 quando
756 2370 899 2425 enim
933 2368 1210 2426 exauditus
1241 2383 1377 2424 sum.
1418 2373 1524 2422 Aut
1561 2369 1662 2435 ita,
1693 2368 1823 2436 Quia
1862 2369 1905 2422 si
1933 2384 2094 2424 exau-

511 2462 667 2517 dierit
691 2462 832 2532 quod
859 2470 1011 2532 peto,
1039 2460 1252 2516 credam
1276 2460 1438 2516 etiam
1475 2459 1782 2516 exauditum
1814 2477 1898 2516 me
1923 2479 1936 2515 :
1968 2477 2089 2516 nam

509 2553 552 2607 si
583 2568 690 2608 non
720 2552 1024 2619 credidero,
1049 2552 1290 2623 quamvis
1315 2552 1405 2606 tiat
1424 2551 1564 2621 quod
1597 2560 1749 2621 peto,
1782 2561 1954 2607 tamen
1985 2569 2088 2607 non

508 2644 784 2700 exauditus
825 2635 982 2710 sum;
1039 2655 1096 2698 ut
1141 2644 1348 2714 signum
1403 2641 1756 2698 exauditionis
1806 2643 2090 2700 credulitas

507 2736 819 2805 postulantis
848 2736 934 2789 sit.
987 2733 1068 2788 Ne
1094 2739 1223 2806 forte
1267 2735 1318 2788 in
1348 2735 1542 2788 turbine
1571 2752 1648 2790 me
1673 2744 1911 2789 conterat.
1953 2733 2088 2790 Pro-

506 2835 685 2898 pterea
715 2842 894 2898 quacro
921 2826 1178 2896 judicium
1203 2826 1350 2896 ejus,
1381 2843 1449 2882 ne
1476 2828 1526 2880 in
1559 2828 1767 2882 turbine
1795 2843 1877 2883 me
1906 2838 2090 2883 conte-

505 2925 606 2972 rat.
650 2916 838 2971 Multas
868 2918 999 2970 enim
1039 2917 1381 2970 tribulationes
1422 2934 1554 2970 meas
1594 2918 1708 2987 fecit
1747 2919 1854 2971 sine
1892 2935 2088 2975 causa:

505 3024 731 3080 quorum
755 3024 911 3063 causa
935 3023 1020 3062 me
1043 3007 1211 3062 latuit.
1244 3009 1350 3061 Aut
1369 3017 1515 3063 certe
1539 3008 1839 3068 conﬁtentis
1859 3016 1961 3065 Vox
1980 3021 2083 3079 est,

505 3086 728 3170 ﬂagellis
758 3100 849 3154 Dei
881 3099 1182 3154 conﬁtentis
1209 3112 1312 3152 non
1340 3113 1397 3152 se
1418 3113 1537 3154 esse
1565 3109 1892 3165 correctum,
1916 3111 1970 3156 et
2001 3101 2083 3158 id-

447 3239 449 3243 .
505 3191 652 3247 circo
682 3205 844 3261 posse
871 3189 1082 3246 turbine
1110 3190 1344 3255 conteri,
1386 3191 1535 3260 quasi
1571 3191 1759 3262 majori
1799 3193 2082 3264 supplicio.

511 3283 631 3340 Non
653 3285 783 3338 enim
804 3283 920 3338 sinit
952 3299 1029 3337 me
1056 3283 1343 3352 respirare:
1365 3291 1477 3336 tam
1508 3284 1688 3339 multae
1714 3293 1837 3340 sunt
1863 3283 2082 3344 tribula-

505 3377 675 3432 tiones
717 3391 867 3431 mete.
909 3374 1106 3430 Etenim
1155 3376 1272 3446 quia
1325 3386 1514 3446 potest,
1549 3379 1752 3432 obtinet.
1787 3379 1994 3448 Vincit,
2028 3391 2084 3438 ut

508 3463 832 3525 voluntatem
851 3469 966 3538 ejus
985 3469 1192 3535 faciam,
1217 3485 1323 3524 non
1351 3485 1544 3525 meam.
1571 3470 1717 3535 Quod
1733 3474 1824 3527 etsi
1835 3476 1982 3544 fuero
1992 3475 2083 3544 ju-

502 3569 630 3628 stus,
649 3578 704 3615 os
731 3577 892 3618 meum
921 3561 1074 3630 impia
1104 3559 1334 3630 loquetur
1353 3578 1371 3615 :
1400 3562 1443 3615 si
1474 3578 1557 3618 me
1577 3562 1775 3632 justum
1801 3575 2077 3633 putavero.

509 3639 863 3709 Verumtamen
895 3657 1150 3724 auferetur
1189 3654 1288 3709 vita
1319 3671 1447 3710 mea.
1492 3656 1745 3721 Quamvis
1776 3660 2007 3715 nesciam
2031 3660 2078 3715 si

501 3747 661 3818 impie
679 3747 780 3818 egi,
795 3755 972 3802 tamen
989 3746 1258 3802 auferetur
1276 3747 1382 3803 vita
1395 3764 1536 3813 mea,
1552 3751 1792 3821 utpatiar
1803 3768 1920 3822 qua:
1931 3754 2075 3823 nolo,

500 3848 590 3896 aut
605 3854 709 3894 non
733 3837 918 3893 iaciam
935 3853 1052 3906 qua:
1067 3838 1207 3893 volo.
1229 3837 1395 3894 Unum
1413 3848 1482 3894 est
1495 3841 1629 3909 quod
1643 3841 1768 3909 dixi,
1785 3859 2021 3915 magnum
2032 3853 2079 3902 et

500 3939 749 4000 potentem
767 3929 1009 3999 dispertiit
1040 3930 1136 3984 ira.
1169 3929 1222 3984 id
1241 3938 1321 3985 est
1339 3971 1354 3998 ,
1374 3941 1592 4001 propter
1617 3932 1720 3988 hoc
1757 3949 1919 3992 unum
1944 3936 2077 3992 iiunt

499 4022 689 4077 tribuis
697 4023 865 4077 tiones
877 4020 1198 4090 hominibus,
1212 4029 1268 4077 ut
1281 4023 1602 4092 magnussibi
1617 4034 1908 4096 potensque
1919 4043 2077 4085 nemo

499 4114 759 4182 videatur,
784 4130 1108 4184 praesumens
1129 4114 1195 4170 de
1214 4115 1413 4171 viribus
1440 4118 1571 4172 suis.
1595 4117 1728 4183 Quia
1754 4137 1968 4192 nequam
1993 4122 2078 4177 lto-

498 4207 656 4261 miues
683 4207 736 4260 in
761 4222 945 4276 magna
973 4216 1128 4260 morte
1154 4216 1297 4262 erunt
1323 4222 1342 4260 :
1370 4222 1474 4262 non
1501 4208 1554 4262 in
1585 4209 1858 4278 mediocri,
1891 4213 1941 4266 in
1972 4229 2073 4284 qua

495 4308 622 4355 sunt
643 4298 801 4354 etiam
821 4297 1101 4367 justi,cum
1129 4299 1462 4365 tribulautur,
1480 4299 1615 4356 etab
1637 4301 1717 4356 eis
1742 4302 2071 4361 deridentur.

500 4387 656 4444 Terra
684 4389 868 4443 tradita
887 4397 959 4444 est
982 4390 1034 4444 in
1059 4405 1236 4444 manus
1264 4389 1445 4460 impii:
1469 4402 1559 4446 aut
1579 4407 1770 4464 corpus
1783 4394 2071 4467 iustorum,

497 4496 606 4537 non
635 4481 965 4549 annua,ch
995 4495 1088 4536 eos
1111 4491 1518 4552 persequuntur,
1537 4493 1628 4540 aut
1641 4486 1852 4557 quando
1877 4487 2074 4558 impius

497 4574 757 4634 dominari
776 4573 1119 4644 permittitur.
1151 4573 1328 4632 Potest
1351 4583 1405 4631 et
1431 4575 1598 4646 accipi
1631 4576 1795 4636 homo
1827 4589 2075 4650 peccator

498 4667 553 4724 in
579 4682 766 4722 manus
793 4664 984 4720 diaboli
1015 4665 1304 4722 secundum
1331 4669 1707 4726 mortalitatem
1746 4684 1917 4726 suam.
1959 4669 2073 4725 Fa-

497 4760 889 4833 cieusjstdicium
902 4756 978 4830 (α)
996 4759 1106 4830 ejus
1122 4761 1281 4830 operit
1301 4780 1320 4816 :
1338 4771 1435 4816 aut
1454 4762 1618 4832 ipsius
1634 4763 2068 4834 impiijudieium,
2095 4780 2104 4804 ι

495 4851 764 4923 autjusti;
785 4849 959 4920 in_hoc
977 4850 1117 4907 enim
1151 4859 1387 4921 tempore
1412 4863 1653 4922 opertum
1681 4863 1780 4910 est.
1799 4855 1908 4912 Aut
1925 4865 2072 4914 certe

491 4947 598 5002 hoc
633 4946 747 5016 ipso
775 4944 900 5000 facit
921 4943 1174 5014 judicium
1225 4943 1371 5015 ejus,
1403 4945 1454 5000 id
1477 4955 1588 5014 est,
1621 4963 1686 5004 eo
1711 4948 1856 5006 illum
1879 4952 2068 5022 punit,

493 5052 601 5107 quo
627 5037 857 5092 occultat
874 5037 925 5092 ei
943 5034 1334 5106 providentiam
1361 5051 1510 5094 suam
1537 5057 1549 5092 :
1582 5046 1639 5093 ut
1665 5048 1745 5096 est
1762 5078 1777 5105 ,
1813 5035 1931 5096 Prw
1958 5059 2069 5098 ma.-

491 5128 757 5200 gm'tttdine
795 5127 888 5182 ira
923 5142 1030 5183 sua:
1067 5142 1166 5181 non
1195 5125 1407 5197 requiret
1429 5126 1600 5198 (Psal.
1627 5145 1690 5198 tt,
1721 5129 1834 5203 25).
1881 5131 1976 5188 Vel
2005 5150 2071 5190 eo

486 5221 690 5292 justum
728 5218 993 5287 vindicat,
1033 5233 1140 5292 quo
1173 5219 1402 5277 occultat
1435 5224 1759 5290 persecutori
1787 5225 1901 5297 ejus
1922 5227 2069 5299 judi-

557 5333 576 5364 ι
592 5337 652 5398 _t_n
674 5337 786 5398 LXX.
811 5344 828 5398 :_
854 5330 963 5382 sae
983 5328 1423 5398 jé-bup’manon,
1447 5332 1540 5398 ceti
1565 5333 1650 5398 qui
1679 5335 1771 5398 sub
1801 5337 1938 5389 casto.
1978 5340 2070 5391 sed

489 5393 734 5461 credimus
953 5387 1146 5461 allatam
1171 5406 1340 5461 eorum
1351 5387 1608 5461 ‘versioni',
1628 5387 1738 5461 qua:
1763 5387 1886 5451 forte
1899 5387 2068 5451 ihabe:

486 5456 590 5526 ttat,
778 5454 846 5526 tés
861 5453 1260 5526 httperéphau'as,
1275 5455 1519 5520 armis
1541 5453 1779 5523 uipérm
1795 5463 1954 5526 :quod
1977 5463 2067 5512 be-

489 5518 624 5567 lli-eo
637 5520 805 5568 te!“
817 5518 1071 5568 permanat.

523 5600 626 5672 ,(αὶ
645 5599 1124 5672 υιβιιοωτ.ωεηε¹οερ
1145 5600 1308 5672 «dies
1331 5613 1344 5650 =
1367 5602 1620 5672 φημι)υά

551 5603 626 5670 (αὶ
645 5603 872 5667 utebatur
895 5603 1124 5652 mendoso
1145 5603 1308 5651 codice
1331 5613 1344 5650 :
1367 5613 1475 5651 nam
1497 5603 1620 5668 apud
1644 5610 1752 5654 LXX
1774 5603 1970 5672 legitur,
1988 5608 2065 5673 fa-

487 5659 585 5714 cies
598 5661 822 5723 Judaeum
832 5673 851 5721 ;
873 5661 923 5711 in
944 5655 1160 5724 vulgata,
1179 5661 1361 5712 vultum
1371 5662 1611 5725 furtim.

2218 355 2357 411 cium
2383 372 2536 413 suum
2554 401 2567 424 ,
2590 359 2643 414 id
2665 370 2747 416 est
2765 362 3148 431 providentiam
3171 384 3319 427 suam
3343 414 3358 441 ,
3381 383 3434 430 ut
3453 381 3623 438 arctius
3637 401 3725 455 pec.

2218 456 2456 503 catorum
2491 449 2694 522 laqueis
2738 467 2833 522 per
2875 453 3242 526 impunitatem
3279 465 3522 535 capiatur.
3565 449 3725 538 Quod...

2217 554 2318 592 non
2363 549 2469 608 est,
2522 539 2632 613 quis
2663 559 2780 615 ergo
2825 543 2932 600 est?
2962 546 3144 605 Potest
3185 549 3287 608 hoc
3328 554 3393 611 de
3439 557 3633 619 Domino
3669 567 3724 624 in-
3808 609 3809 624 ἢ

2215 627 2408 702 telligi,
2455 627 2555 729 qui.
2587 642 2641 688 et
2682 631 2893 729 derisus
2927 648 3036 706 est,
3074 650 3129 729 et
3165 641 3318 715 cujus
3347 655 3507 719 terra,
3541 651 3625 711 hoc
3645 670 3723 729 est,

2213 735 2406 820 corpus
2424 723 2671 780 traditum
2691 733 2773 782 est
2793 725 2846 783 in
2872 745 3059 787 manus
3089 727 3388 793 Iudaeorum
3411 782 3425 809 ,
3455 749 3505 797 et
3529 745 3650 815 cujus
3668 723 3724 820 ju:

2212 811 2408 868 dicium
2437 813 2636 870 faciens
2662 817 2945 875 occultavit
2993 823 3324 894 majestatem
3354 827 3526 900 ipsius.
3697 843 3725 896 si

2210 900 2320 972 ipse
2339 920 2439 958 non
2463 916 2565 974 est,
2589 908 2699 978 quis
2725 925 2841 981 ergo
2861 917 2934 965 est
2952 953 2966 979 ,
2989 911 3078 985 qui
3101 915 3299 986 majora
3326 919 3498 987 faciat,
3521 939 3648 996 quam
3671 927 3724 986 {e-

2210 994 2292 1090 cit.
2316 995 2464 1090 ipse?
2490 996 2582 1053 Vel
2606 999 2702 1063 sic,
2723 999 2874 1068 Quod
2896 1003 2938 1057 si
2962 1021 3065 1059 non
3094 1006 3218 1062 facit
3245 1007 3381 1068 Deus
3401 994 3625 1081 judicium
3634 1019 3725 1090 justi

2209 1081 2292 1138 vel
2323 1084 2506 1158 impii,
2538 1087 2655 1158 quis
2687 1095 2862 1160 potest
2890 1089 3103 1151 facere?
3147 1093 3260 1153 Vita
3298 1111 3457 1158 autem
3495 1124 3589 1162 mea
3617 1081 3725 1166 terior

2209 1183 2281 1227 est
2300 1191 2520 1230 cursore.
2554 1175 2825 1250 Tanquam
2851 1181 3098 1254 fugitivos
3118 1181 3244 1244 dicit
3272 1190 3507 1250 homines
3529 1213 3555 1251 a
3573 1197 3726 1268 justiti:
3808 1201 3809 1222 ³

2208 1265 2577 1361 discedentes;
2606 1281 2660 1326 ut
2683 1273 2770 1330 ille
2796 1275 2934 1332 iilius
2955 1278 3128 1334 minor
3149 1281 3416 1352 profectus
3439 1288 3487 1342 in
3515 1265 3724 1361 regionem
3808 1285 3809 1361 ἒ

2207 1355 2548 1453 longinquam
2577 1361 2724 1435 (Luc.
2752 1381 2847 1435 xv,
2879 1367 2990 1442 l5).
3017 1369 3119 1426 Aut
3137 1379 3475 1448 quatioquin
3492 1355 3725 1453 solamina

2205 1451 2470 1540 querentis
2496 1467 2676 1508 escam.
2726 1455 2799 1512 De
2839 1461 3232 1530 superioribus,
3277 1466 3328 1521 in
3363 1468 3538 1540 quibus
3556 1451 3722 1530 natura-

2204 1536 2328 1593 liter
2357 1539 2550 1596 anima:
2583 1543 2870 1603 rationales
2895 1547 3062 1607 beatae
3083 1561 3232 1622 sunt,
3259 1555 3309 1611 id
3339 1536 3418 1614 est
3443 1563 3655 1631 operibus
3666 1566 3723 1634 ju-

2205 1629 2389 1697 stitiaz,
2415 1630 2799 1693 inclinaverunt
2835 1652 2892 1694 se
2929 1639 2996 1697 ad
3026 1649 3268 1702 terrenas
3295 1629 3587 1719 voluptates.
3614 1629 3722 1719 Quod
3808 1669 3809 1710 ι

2203 1722 2248 1774 si
2291 1733 2336 1776 et
2375 1725 2568 1780 locutus
2610 1728 2786 1798 fuero,
2823 1731 3084 1789 obliviscor
3123 1735 3242 1792 dum
3290 1741 3480 1812 loquor.
3519 1741 3720 1812 Locutio;

2204 1813 2646 1882 quemadmodum
2674 1821 2920 1880 allectum
2944 1825 3126 1883 habuit
3154 1831 3220 1885 ad
3255 1835 3534 1903 exteriora,
3557 1839 3622 1893 sic
3639 1839 3722 1894 ani-

2201 1918 2285 1998 tua
2313 1905 2437 1998 dum
2465 1909 2801 1981 progreditur
2830 1914 2897 1970 ad
2922 1932 2982 1972 ea
3018 1934 3136 1989 quae
3163 1919 3292 1978 foris
3316 1934 3460 1990 sunt,
3493 1928 3723 1998 cupiditate

2201 1993 2408 2052 fruendi
2438 2011 2711 2071 creatura,
2755 2003 3085 2064 obliviscitur
3123 2011 3424 2070 interiorem
3451 1993 3719 2074 Creatorem.

2201 2083 2476 2146 Dectinans
2501 2093 2554 2146 in
2579 2093 2757 2164 faciem
2779 2097 3120 2169 ingemiscam.
3148 2101 3295 2159 illam
3320 2106 3455 2162 enim
3475 2107 3722 2165 declinatio-

2200 2191 2324 2233 nem
2349 2179 2560 2238 dolores
2579 2194 2893 2255 sequuntur.
2919 2188 3248 2249 Commoveor
3267 2199 3485 2254 omnibus
3506 2201 3721 2256 membris:

2199 2268 2378 2336 timor,
2405 2286 2510 2342 quo
2529 2273 2713 2345 incipit
2733 2293 3025 2336 recurrere.
3058 2281 3120 2338 Et
3142 2287 3261 2357 quia
3278 2305 3385 2343 sum
3405 2291 3588 2361 impius,
3605 2308 3722 2362 quan

2198 2377 2300 2417 non
2328 2379 2440 2418 sum
2466 2378 2722 2438 mortuus,
2755 2381 2800 2426 et
2827 2371 3040 2430 laboro?
3064 2376 3210 2448 Scio,
3241 2381 3500 2439 subaudis.
3522 2385 3613 2439 Aut
3629 2383 3721 2439 dicit

2197 2467 2257 2508 se
2279 2453 2521 2512 iaborane
2540 2498 2554 2525 ,
2581 2460 2700 2528 quia
2731 2461 2985 2533 impietati
3011 2478 3257 2528 mortuus
3282 2488 3384 2528 non
3411 2483 3506 2530 est.
3529 2471 3586 2528 Et
3608 2491 3718 2530 mutt-

2195 2543 2347 2599 datus
2383 2548 2527 2617 fuero
2566 2552 2766 2607 mundis
2808 2556 3074 2612 manibus:
3118 2569 3215 2616 aut
3251 2561 3344 2618 Dei
3385 2565 3629 2631 manibus,
3656 2573 3720 2619 aut

2194 2633 2338 2700 Suis;
2371 2636 2422 2690 id
2448 2647 2530 2692 est
2549 2681 2563 2707 ,
2590 2640 2740 2698 bonis
2762 2643 3010 2714 operibus
3028 2663 3122 2720 per
3141 2657 3595 2723 regenerationem.
3615 2655 3719 2712 Satis

2193 2727 2247 2820 in
2272 2728 2422 2785 sorde
2441 2747 2519 2786 me
2537 2735 2767 2791 tinxisti:
2795 2739 2849 2792 in
2871 2739 3024 2796 istam
3047 2747 3418 2805 mortalitatem
3441 2747 3717 2820 perductum.

2193 2819 2264 2874 Et
2286 2833 2592 2879 exsecratum
2613 2839 2692 2881 me
2711 2839 2782 2883 est
2801 2833 3145 2890 uestimentum
3167 2853 3368 2894 meum:
3389 2819 3716 2906 immortalitas,

2192 2928 2294 2984 qua
2320 2913 2562 2986 cupimus
2583 2921 2923 2990 supervestiri
2955 2924 3024 2996 (ll
3051 2922 3168 2982 Cor.
3201 2946 3255 2998 v,
3283 2929 3335 3003 4)
3359 2949 3373 2998 ;
3404 2932 3490 2988 sed
3515 2932 3616 3003 quia
3638 2947 3717 2986 non

2193 3020 2476 3075 possumus
2502 3008 2554 3063 in
2582 3008 2681 3065 hac
2709 3015 3079 3085 corruptione,
3106 3019 3235 3077 ideo
3261 3021 3419 3090 dicit,
3449 3021 3718 3078 Exsecratm

2191 3112 2271 3150 me
2297 3107 2368 3151 est
2396 3099 2738 3156 vestimentum
2762 3119 2945 3161 meum.
2987 3107 3187 3166 Nones
3218 3117 3347 3168 enim
3372 3116 3536 3179 homo,
3560 3115 3663 3169 sicut
3682 3121 3718 3167 et

2190 3203 2302 3259 ego,
2316 3190 2399 3243 cui
2412 3193 2770 3249 contradicunt.
2794 3195 3002 3255 Homini
3017 3203 3158 3259 enim
3179 3220 3394 3275 possem
3409 3207 3716 3263 demonstrare

2185 3278 2443 3349 justitiam
2478 3297 2686 3352 meam;
2728 3287 2781 3342 in
2820 3295 2912 3345 tuo
2937 3298 3112 3347 autem
3147 3295 3349 3365 judicio
3373 3297 3714 3368 inveniorinju-

2188 3379 2322 3427 stus.
2345 3371 2554 3429 Utinam
2573 3388 2698 3432 esset
2716 3379 2860 3436 nobis
2888 3381 3110 3441 arbiter!
3134 3383 3359 3445 Videtur
3382 3391 3710 3461 blasphemare,
3808 3375 3809 3398 ³

2187 3464 2290 3518 nisi
2315 3465 2464 3522 illum
2493 3465 2834 3528 Mediatorem
2871 3474 2964 3530 Del
2991 3486 3044 3532 et
3073 3475 3348 3537 hominum
3387 3483 3426 3555 (l
3454 3480 3572 3536 Tim.
3595 3497 3646 3545 ιι,
3670 3479 3709 3552 5)

2187 3566 2371 3645 optare
2408 3560 2758 3632 intelligatur,
2800 3574 2859 3621 ut
2887 3579 2983 3637 per
3025 3585 3148 3624 eum
3189 3573 3382 3645 alleget
3418 3588 3583 3645 preces
3604 3587 3710 3626 suas.

2185 3643 2301 3701 Hoc
2329 3646 2488 3703 modo
2512 3650 2655 3706 enim
2683 3652 2773 3708 ille
2812 3653 2958 3711 audit
2982 3657 3121 3714 inter
3151 3643 3433 3734 utrumque
3451 3663 3650 3732 positus,
3675 3666 3712 3712 ei

2184 3740 2358 3808 arguit
2379 3740 2668 3797 hominem.
2705 3742 2842 3808 Filio
2872 3748 3012 3803 enim
3037 3765 3196 3807 omne
3220 3752 3465 3824 judicium
3492 3754 3626 3809 Pater
3640 3750 3710 3805 deo

2184 3829 2263 3884 dit
2294 3825 2467 3901 (Joan.
2496 3843 2549 3899 ν,
2575 3831 2692 3906 22).
2720 3833 2786 3890 Et
2818 3839 2904 3908 qui
2939 3849 3198 3912 argueret,
3229 3855 3277 3900 et
3310 3847 3394 3917 qui
3421 3841 3594 3900 autﬁret
3615 3843 3711 3896 inter

2182 3929 2467 3992 atrumque.
2516 3925 2718 3979 Avertat
2749 3941 2779 3980 a
2814 3939 2892 3983 nte
2923 3931 3115 4002 virgam
3135 3947 3304 3988 suam.
3330 3929 3568 3990 Transeat
3585 3933 3709 3986 timor

2183 4011 2342 4083 Legi‘s
2361 4055 2374 4080 ,
2405 4024 2465 4069 ut
2489 4015 2787 4086 adeptionis
2811 4018 3061 4078 libertate
3087 4031 3140 4079 et
3161 4025 3417 4082 cha‘ritate
3439 4025 3506 4080 iiii
3530 4023 3708 4091 conjun-

2179 4115 2298 4173 gar.
2330 4101 2450 4159 Non
2478 4107 2608 4160 enim
2636 4123 2746 4162 sum
2771 4123 2965 4166 mecum
2989 4128 3007 4166 :
3040 4113 3161 4186 quia
3188 4115 3273 4174 his
3295 4116 3466 4173 haereo
3488 4127 3589 4186 qum
3605 4105 3709 4166 foris

2181 4203 2327 4251 Sunt.

2247 4281 2455 4363 [ltum]
2481 4289 2745 4360 Proferam
2771 4301 2946 4349 contra
2972 4311 3050 4352 me
3073 4311 3343 4358 sermones.
3359 4297 3478 4357 Haec
3499 4297 3706 4355 counten-

2175 4380 2252 4434 tis
2281 4388 2424 4457 sunt.
2466 4377 2536 4435 Et
2565 4383 2730 4438 dicam
2768 4387 2837 4440 ad
2873 4383 3148 4445 Dominum
3166 4433 3180 4458 ,
3214 4391 3340 4448 Noti
3367 4405 3442 4448 me
3462 4386 3706 4446 detersit!-

2177 4469 2321 4540 pium
2345 4481 2468 4526 esse.
2501 4467 2622 4528 Noli
2643 4489 2734 4531 me
2762 4485 2969 4536 tentare
3004 4481 3140 4539 ultra
3173 4495 3330 4555 quam
3351 4495 3547 4557 possum
3570 4477 3703 4538 rem.

2178 4575 2278 4620 nec
2301 4563 2435 4620 mihi
2455 4565 2602 4623 “sinas
2626 4569 2866 4627 accidere
2884 4613 2901 4639 ,
2925 4573 3113 4644 quibus
3129 4570 3265 4633 mihi
3282 4574 3515 4648 impietas
3527 4581 3704 4644 persua-

2173 4653 2386 4714 deatur.
2411 4651 2509 4714 Aut
2535 4661 2714 4716 bonum
2735 4669 2805 4719 est
2830 4665 2946 4734 tibi,
2975 4669 3022 4722 si
3039 4665 3212 4741 inique
3229 4671 3408 4743 egero?
3425 4667 3532 4726 Non
3548 4674 3616 4723 est
3633 4674 3705 4718 au-

2178 4755 2284 4802 tem
2314 4748 2408 4804 tibi
2434 4748 2630 4806 bonum
2646 4795 2660 4820 ,
2676 4750 2728 4808 si
2757 4749 2933 4825 inique
2952 4765 3113 4828 egero
3134 4773 3150 4813 :
3177 4769 3290 4816 non
3309 4754 3622 4832 ergo'iniust'e
3634 4763 3704 4806 me

2175 4831 2250 4895 ita
2276 4841 2617 4898 constituisti.
2644 4844 2777 4911 Quia
2805 4849 3018 4921 despicis
3051 4859 3180 4922 opus
3198 4849 3330 4925 quod
3343 4831 3516 4907 manu
3539 4858 3622 4903 Μ
3639 4846 3702 4914 Ῐε·

2171 4929 2382 4985 "cerurtt?
2426 4931 2482 4988 Si
2523 4929 2663 5004 quod
2693 4933 2921 5009 despicis
2957 4951 3091 5012 opus
3133 4952 3386 5000 manuum
3409 4949 3614 4999 tuarum.
3639 4929 3701 4989 Μ

2177 5017 2444 5078 consilium
2466 5026 2738 5097 impiorum
2768 5032 3199 5091 animadvertisti!
3237 5031 3330 5092 sed
3366 5047 3466 5090 non
3501 5031 3600 5101 ejus
3613 5025 3698 5080 im-

2176 5115 2388 5186 pietatis
2413 5131 2531 5188 qua:
2559 5119 3118 5196 hominibusa'ppare‘t.
3150 5128 3245 5198 Et,
3276 5125 3356 5182 Ad
3372 5125 3609 5183 consilium
3625 5117 3700 5170 im-

2175 5209 2375 5281 piorum
2399 5210 2832 5270 animadvertisti?
2856 5230 2962 5274 non
2997 5215 3122 5291 quia
3155 5219 3340 5293 placet
3361 5217 3436 5277 illi
3471 5228 3521 5272 ut
3551 5209 3698 5279 ἱπὶτῐσο

2170 5307 2354 5370 agant.
2399 5301 2497 5356 Aut
2532 5304 2659 5359 sicut
2693 5308 2840 5363 Itonia
2864 5309 3122 5384 perspicit,
3136 5312 3536 5385 perspicistquil
3551 5303 3699 5372 utique

2170 5403 2280 5448 non
2299 5391 2444 5450 sicut
2469 5393 2630 5452 homo
2665 5402 2950 5471 perspicis;
2973 5403 3101 5461 ideo
3125 5403 3185 5462 in
3207 5403 3424 5463 consilio
3459 5399 3696 5472 impiorum

2176 5487 2614 5544 animadvertisti.
2650 5487 2750 5546 Est
2790 5494 2932 5549 enim
2963 5495 3212 5568 intpietas
3234 5511 3387 5571 quam
3413 5503 3467 5550 tu
3491 5491 3618 5548 solus
3635 5482 3698 5537 νὶ-

2173 5578 2302 5641 des,
2329 5587 2386 5635 et
2413 5579 2478 5634 ab
2505 5581 2808 5640 hominibus
2829 5598 2932 5642 non
2951 5583 3180 5647 videtur.
3204 5591 3303 5647 Aut
3318 5589 3528 5644 taumatia
3543 5590 3606 5638 est
3621 5575 3697 5633 vi"

2169 5671 2296 5722 mi
2329 5669 2383 5725 id
2404 5679 2525 5736 est,
2553 5672 2765 5742 brevis,
2786 5675 2851 5731 ’It
2877 5685 2986 5735 mn
3007 5683 3184 5751 passis
3208 5684 3274 5740 de
3301 5669 3694 5752 punietuitateju-

1523 235 2054 298 ANNOTATIONUM

2193 235 2330 312 ton,
2369 245 2429 301 s.
2470 233 2831 308 sponsum
3656 268 3726 340 εδδ
3808 233 3809 312 Γ
