3874 6312
517 325 622 385 839

517 446 714 494 terram
729 449 858 490 vero
881 433 1170 491 hominem.
1202 435 1349 502 Quod
1374 434 1416 490 si
1436 445 1481 488 et
1493 437 1730 503 emiserit,
1761 436 1932 506 perdet
1956 453 2094 490 ever-

519 539 628 583 tens
654 537 858 582 terram.
880 526 1056 582 Multis
1084 527 1226 582 enim
1270 527 1592 596 sapientibus
1621 527 1769 582 lactis
1817 527 2101 582 turbabun-

521 629 609 678 tur
637 630 962 692 peccatores.
990 621 1088 688 Qui
1113 620 1251 674 ducit
1278 620 1585 675 consultores
1613 621 1852 689 captivos.
1903 620 2100 690 Subju-

517 721 607 784 gat
631 712 771 769 enim
797 711 898 767 sibi
921 726 1014 768 eos
1029 712 1118 783 qui
1140 726 1197 767 se
1212 713 1507 767 consulunt.
1535 711 1746 766 Iudices
1765 723 1932 766 autent
1956 723 2101 767 terra

521 802 576 858 in
606 803 1023 876 pauoremmisit:
1049 813 1140 859 aut
1164 803 1396 869 Judaaos,
1420 813 1510 860 aut
1546 803 1795 872 Pilatum,
1823 815 1915 860 aut
1937 821 2100 861 sensu

519 903 733 952 terreno
756 895 1069 966 iudicantes.
1101 896 1199 963 Qui
1219 895 1431 950 collocat
1470 914 1609 968 reges
1651 915 1804 968 super
1829 899 1972 953 sedes
2002 915 2020 953 :
2045 897 2098 953 id

518 1000 623 1058 est,
665 991 970 1061 Apostolos.
1000 990 1067 1044 Et
1091 991 1416 1045 circumdedit
1437 990 1598 1046 balteo
1647 992 1841 1047 lumbos
1880 1008 2076 1048 eorum:

518 1081 573 1138 id
611 1092 711 1149 est,
745 1083 1088 1139 continentia.
1123 1083 1222 1148 Qui
1246 1083 1422 1138 emittit
1449 1084 1730 1139 sacerdotes
1757 1085 1978 1154 captivos
2001 1103 2019 1138 :
2045 1093 2102 1139 ut

517 1176 586 1233 ab
615 1176 916 1232 hominibus
964 1176 1258 1243 ducantur;
1287 1185 1342 1231 et
1383 1177 1749 1248 signiﬁcantur
1775 1177 1967 1232 Judmi.
1999 1177 2100 1242 Qui

519 1277 766 1340 permutat
795 1269 929 1324 labia
961 1270 1210 1339 ﬁdelium.
1240 1270 1510 1326 Permutat
1551 1271 1606 1325 in
1639 1271 1858 1339 bonum,
1889 1281 1949 1328 ut
1992 1288 2098 1328 non

517 1360 585 1416 de
594 1360 797 1432 justitia
819 1376 932 1426 sua,
959 1360 1053 1417 sed
1073 1361 1140 1416 de
1155 1362 1323 1432 gratia
1349 1362 1464 1432 ejus
1491 1374 1832 1433 praesumant.
1857 1364 1924 1418 Et
1949 1363 2096 1418 intel-

517 1452 775 1523 ligentiam
820 1469 993 1506 senum
1023 1453 1270 1522 cognovit.
1299 1452 1397 1507 Cui
1427 1454 1598 1524 placet
1641 1455 1986 1525 intelligentia
2013 1469 2100 1510 se-

516 1559 664 1600 num.
695 1541 847 1599 Unde
861 1551 965 1607 est,
997 1542 1193 1614 Cogniti
1213 1545 1375 1599 estisa
1406 1543 1544 1614 Deo(
1573 1545 1740 1600 Galat.
1764 1562 1835 1613 ιν,
1865 1546 1936 1617 9)
1966 1563 1980 1600 :
2014 1547 2100 1602 cui

516 1632 879 1689 adversarium
909 1641 1012 1699 est,
1047 1632 1166 1687 Non
1185 1636 1300 1688 novi
1323 1635 1450 1706 vos(
1487 1635 1676 1690 Matth.
1725 1653 1849 1703 xxv,
1878 1637 2001 1708 12).
2029 1637 2099 1692 Et

517 1723 656 1778 bene
677 1723 839 1792 coepit
861 1739 891 1778 a
918 1723 1040 1788 lide,
1074 1732 1127 1778 et
1147 1726 1386 1794 pervenit
1407 1725 1473 1779 ad
1512 1727 1874 1796 intelligentia:
1910 1743 2092 1784 canos.

521 1813 621 1880 Qui
640 1815 1086 1886 reuelatprofunda
1112 1815 1174 1869 de
1194 1817 1403 1870 tenebris
1425 1835 1443 1870 :
1461 1819 1746 1888 aperiendo
1769 1819 2092 1889 praphetias.

519 1903 590 1962 Et
617 1907 855 1977 produxit
891 1907 943 1960 in
966 1907 1128 1961 lucem
1169 1907 1397 1962 umbram
1426 1909 1599 1963 mortis
1623 1926 1641 1960 :
1673 1909 1724 1964 id
1749 1920 1850 1974 est,
1891 1910 2019 1966 fecit
2043 1921 2099 1966 ut

517 2009 928 2073 cognosceretur
953 2001 1063 2056 vita
1100 2001 1222 2066 ista,
1253 2001 1379 2071 quia
1408 2001 1593 2057 umbra
1629 2004 1815 2058 mortis
1858 2012 1959 2059 est.
1987 2003 2096 2060 De-

516 2093 707 2164 cipiens
725 2101 916 2164 gentes,
945 2101 992 2148 et
1022 2092 1234 2163 perdens
1253 2109 1337 2147 eas
1362 2109 1380 2147 :
1406 2102 1650 2163 putantes
1674 2093 1815 2164 quod
1846 2108 2097 2151 nocerent

521 2182 780 2239 Ecclesiae
809 2182 924 2249 Dei,
956 2197 1077 2238 cum
1106 2182 1206 2238 sibi
1235 2192 1489 2239 nocerent
1513 2200 1527 2250 ;
1555 2183 1698 2254 quod
1721 2185 1788 2240 de
1809 2185 1985 2255 impiis
2014 2187 2096 2241 in-

516 2271 859 2344 telligendum
882 2280 984 2328 est.
1011 2273 1252 2330 Sternens
1271 2283 1458 2345 gentes,
1473 2286 1518 2329 et
1539 2276 1592 2329 in
1611 2277 1743 2330 uiam
1763 2278 1950 2333 ducens
1971 2296 2054 2333 eas
2077 2297 2094 2335 ε

520 2363 588 2419 ad
614 2363 986 2431 humilitatem,
1024 2373 1272 2436 tanquam
1301 2367 1448 2422 illum
1475 2368 1700 2424 asinum.
1745 2369 2096 2428 Reconcilians

519 2454 673 2510 corda
722 2455 1008 2527 principum
1051 2458 1227 2527 populi
1255 2467 1441 2514 terrae:
1471 2460 1572 2516 sibi
1621 2465 1971 2519 reconcilians
2010 2467 2094 2521 vel

518 2544 734 2602 Judasos
773 2548 858 2602 vel
904 2562 1056 2618 reges
1087 2557 1262 2614 terrae,
1287 2550 1379 2620 qui
1420 2552 1592 2622 primo
1644 2556 2096 2625 persequebantur

517 2634 831 2692 Ecclesiam.
859 2636 1072 2694 Seduxit
1091 2640 1107 2670 ¹
1137 2649 1303 2694 autem
1323 2657 1403 2695 eos
1421 2642 1476 2696 in
1501 2643 1631 2697 viam
1649 2661 1800 2715 quam
1826 2661 1927 2701 non
1947 2663 2096 2702 nove-

518 2736 674 2782 rant:
703 2727 1004 2784 subruendo
1033 2729 1190 2800 Legis
1219 2746 1400 2801 opera,
1447 2742 1508 2787 ut
1547 2734 1857 2804 simpliciter
1896 2737 2093 2793 intelli-

515 2828 801 2891 gerentur;
825 2819 950 2875 hinc
964 2821 1042 2876 eis
1057 2821 1202 2876 visus
1222 2832 1305 2878 est
1334 2833 1598 2893 peccator.
1629 2824 1739 2891 Quo
1761 2843 1929 2882 errore
1952 2838 2093 2883 tene-

521 2912 648 2966 brati
677 2922 792 2966 sunt
818 2921 1054 2982 tanquam
1075 2913 1259 2968 ebrius.

613 3003 734 3078 [11).
765 3002 904 3076 mn]
925 3001 992 3057 Et
1016 3020 1226 3075 arguam
1243 3005 1296 3059 in
1325 3015 1588 3076 conspectu
1607 3007 1732 3076 ejus,
1762 3009 1806 3062 si
1846 3009 2052 3064 voluerit
2077 3027 2095 3065 :

521 3104 580 3152 ut
601 3105 788 3167 arguat
803 3095 1074 3165 seipsum;
1104 3095 1246 3165 quod
1281 3105 1362 3150 est
1384 3096 1753 3152 confessionis.
1790 3099 1856 3154 Et
1896 3109 2098 3155 curato-

521 3204 600 3244 res
619 3187 865 3242 malorum
885 3203 1054 3242 omnes
1078 3203 1185 3242 vos.
1207 3187 1382 3244 Bonos
1402 3190 1543 3244 enim
1585 3206 1691 3244 non
1721 3194 1941 3260 potestis
1969 3209 2098 3250 con-

516 3278 778 3337 solatione
802 3292 1008 3333 curare.
1041 3277 1222 3332 Audite
1247 3295 1362 3349 ergo
1393 3281 1794 3352 objurgationem
1825 3285 1926 3339 oris
1948 3286 2046 3340 mei
2073 3303 2090 3341 :

525 3371 579 3425 in
601 3384 716 3423 vos.
748 3366 815 3422 Et
835 3378 950 3422 ante
979 3378 1295 3439 conspectum
1332 3371 1438 3439 ejus
1472 3373 1708 3443 profertis
1735 3373 1946 3430 dolum:
1973 3393 2094 3432 cum

519 3460 678 3515 vultis
704 3475 798 3515 vos
827 3459 990 3514 videri
1015 3460 1209 3529 justos,
1236 3461 1377 3532 quod
1403 3477 1510 3517 non
1548 3465 1694 3519 estis.
1721 3465 1802 3518 An
1838 3467 2095 3522 subtrahi-

521 3554 583 3608 tis
602 3569 687 3606 vos
715 3551 1062 3622 ipsosjudices
1097 3552 1207 3620 ﬁeri
1230 3554 1256 3606 ?
1278 3552 1543 3624 Numquid
1576 3557 1798 3624 potestis
1836 3557 2093 3612 dissimu-

523 3643 658 3712 lare,
686 3651 741 3699 et
774 3660 877 3698 non
901 3643 1160 3713 judicare,
1201 3645 1324 3714 quia
1361 3645 1426 3701 dc
1452 3648 1598 3702 vobis
1631 3664 1812 3703 verum
1852 3649 2006 3706 dico?
2034 3652 2096 3707 Si

520 3737 652 3792 enim
686 3729 869 3791 omnia
909 3735 1139 3808 facietis,
1182 3738 1489 3808 adjiciemini
1539 3741 1620 3794 ei:
1654 3741 1702 3795 id
1733 3750 1837 3807 est,
1880 3745 2090 3799 etiamsi

520 3829 699 3884 omnia
721 3835 981 3898 praecepta
997 3827 1221 3893 faciatis,
1237 3828 1466 3884 inveniet
1483 3831 1535 3883 in
1558 3831 1706 3886 vobis
1725 3832 1868 3902 quod
1885 3842 2093 3903 arguat.

522 3916 691 3990 Nemo
707 3917 848 3973 enim
868 3916 1046 3986 justus
1070 3918 1122 3971 in
1151 3926 1438 3986 conspectu
1463 3918 1596 3989 eius.
1624 3921 1771 3986 Quod
1793 3923 1837 3976 si
1860 3932 1905 3977 et
1925 3926 2098 3978 occul-

523 4017 827 4079 tepersonas
865 4006 1034 4060 mirati
1075 4007 1303 4076 fueritis:
1324 4023 1468 4088 suas,
1500 4010 1702 4078 seipsos
1735 4012 2095 4082 justiﬁcando,

525 4112 633 4154 non
676 4095 848 4150 solum
888 4095 955 4150 ad
1000 4095 1263 4162 homines,
1295 4098 1388 4153 sed
1418 4100 1580 4154 etiam
1617 4101 1684 4156 ad
1714 4103 1934 4172 seipsos.
1969 4104 2097 4161 Cor-

526 4204 622 4261 pus
649 4196 814 4241 autem
840 4186 1030 4241 luteum
1055 4203 1074 4241 :
1102 4195 1158 4242 ut
1199 4187 1496 4258 fragilitatis
1525 4190 1711 4246 saltem
1749 4203 1940 4250 vestra:
1963 4211 2098 4252 cou-

522 4277 843 4336 sideratione
871 4277 1118 4333 timeatis.
1154 4277 1542 4350 Apprehendens
1565 4298 1700 4336 meas
1727 4299 1900 4338 carnes
1928 4287 2098 4342 denti-

525 4371 616 4427 bus
636 4370 776 4426 meis.
806 4368 921 4425 Non
942 4369 1072 4424 mihi
1093 4385 1324 4441 parcam,
1347 4380 1405 4426 ut
1425 4388 1530 4427 non
1554 4375 1725 4429 solum
1739 4391 1833 4432 vos
1852 4393 2092 4449 arguam,

433 4517 438 4520 .
525 4462 620 4519 sed
651 4462 808 4518 etiam
833 4476 940 4517 me.
971 4459 1039 4514 Et
1064 4461 1286 4515 animant
1316 4479 1474 4517 meam
1506 4482 1688 4534 ponam
1717 4467 1770 4522 in
1794 4485 1949 4524 manu
1972 4487 1990 4524 :
2013 4473 2098 4526 in-

521 4551 866 4624 spiciendam,
895 4558 954 4605 ut
975 4551 1105 4605 nihil
1128 4551 1315 4618 celem,
1347 4553 1459 4608 sive
1490 4563 1544 4608 ut
1572 4567 1876 4628 compotem
1908 4576 2097 4631 pecca-

524 4652 578 4700 ta
600 4659 736 4699 mea.
763 4641 900 4697 Licet
921 4642 1115 4697 occidat
1139 4659 1218 4698 me
1231 4644 1317 4698 ille
1337 4645 1423 4715 qui
1447 4655 1618 4716 potens
1639 4658 1731 4716 est,
1748 4652 1834 4720 qui
1851 4661 1896 4706 et
1913 4655 2060 4723 ccepit
2079 4671 2098 4708 :

525 4735 766 4806 quamvis
788 4732 993 4790 occidat
1016 4741 1230 4805 peccata
1257 4751 1392 4790 mea.
1424 4734 1613 4792 Tamen
1643 4740 1839 4810 loquar,
1860 4754 1906 4797 et
1926 4760 2098 4799 coram

527 4842 586 4882 eo
618 4842 828 4898 arguam
849 4842 960 4882 me:
987 4840 1093 4882 non
1129 4841 1216 4881 me
1257 4827 1576 4898 justilicabo,
1620 4831 1949 4890 abscondens
1977 4853 2098 4906 pec-

525 4926 642 4976 cata
669 4935 805 4975 mea.
838 4918 968 4974 Ecce
1011 4937 1100 4992 ego
1129 4922 1477 4992 appropinquo
1493 4922 1690 4992 judicio
1714 4943 1821 4980 meo
1847 4944 1864 4982 :
1893 4936 1948 4982 ut
1961 4930 2102 4997 judi-

523 5027 642 5069 cem
667 5010 734 5067 de
759 5027 873 5078 me;
903 5011 1052 5083 quasi
1077 5011 1189 5082 ipsa
1205 5011 1517 5066 sithominis
1547 5012 1772 5082 justitia,
1813 5017 1865 5071 in
1884 5018 2098 5076 confes-

525 5102 676 5159 sione
693 5101 791 5158 sibi
811 5117 916 5157 non
934 5116 1171 5172 parcere.
1196 5099 1338 5156 Tunc
1357 5118 1389 5155 a
1409 5102 1537 5173 facie
1557 5113 1643 5157 tua
1658 5122 1759 5160 non
1777 5108 2053 5166 abscondar
2081 5130 2101 5168 :

525 5191 969 5266 quemadmodum
999 5192 1396 5249 absconduntur
1427 5204 1752 5263 peccatores.
1781 5198 1993 5257 Manum
2013 5222 2102 5259 au-

526 5288 603 5359 [er
622 5304 653 5340 a
673 5303 750 5340 me
777 5296 873 5341 :ut
897 5284 1026 5340 nihil
1053 5286 1105 5340 in
1147 5300 1234 5341 me
1261 5285 1330 5340 sit
1363 5287 1747 5358 castigandum,
1767 5302 1820 5347 et
1839 5293 1909 5349 sit
1934 5296 1986 5350 in
2013 5314 2101 5355 me

526 5377 779 5434 Charitas.
809 5375 876 5431 Et
897 5376 1046 5430 timor
1068 5384 1182 5430 tuus
1222 5393 1324 5430 non
1353 5393 1431 5430 me
1455 5387 1650 5434 terreat.
1701 5381 1832 5447 Quot
1859 5396 1974 5440 sunt
1999 5391 2100 5442 ini-

527 5470 740 5541 quitates
753 5485 876 5524 mea:
896 5469 922 5523 ?
947 5468 1080 5523 Hinc
1098 5477 1268 5538 potest
1286 5469 1450 5524 videri
1479 5469 1608 5526 illud
1627 5472 1844 5542 dixisse,
1870 5477 2102 5538 Animam

531 5576 694 5616 meum
715 5577 900 5632 ponam
918 5559 971 5616 in
993 5575 1145 5613 manu
1162 5577 1271 5615 mea
1288 5577 1307 5615 :
1331 5560 1398 5616 ad
1419 5566 1850 5633 computandum.
1878 5569 1978 5626 Aut
2004 5591 2100 5642 pu-

534 5691 773 5814 έρέαξεύωειέ,
810 5689 998 5744 θάνωσι.
1029 5693 1329 5758 musa-ipa
1371 5705 1518 5758 vero,
1552 5697 1922 5768 seduxit.pr
1957 5712 2101 5772 LXX,

1500 322 2029 380 ANNO'I‘A'l‘IONUM
2067 321 2133 378 lN
2169 322 2307 388 JOB,
2348 323 2405 382 S.
2445 321 2811 382 AUGUSTINI

3665 338 3739 396 8l0

2207 446 2284 491 tas
2308 453 2386 491 me
2410 454 2514 492 esse
2555 438 2860 492 contrarium
2878 436 2965 492 tibi
2983 439 3009 494 .9
3029 427 3163 495 Cum
3195 440 3380 512 utique
3403 442 3621 504 inllrmus
3635 465 3736 524 sum,

2206 538 2262 583 ct
2287 534 2434 598 quasi
2454 529 2558 586 hoc
2585 531 2798 597 metuis,
2839 545 2906 586 ne
2935 531 2978 584 si
3004 531 3333 600 justilicatus
3367 532 3535 604 fuero,
3566 547 3734 610 partibi

2206 619 2345 684 sim;
2373 635 2491 674 cum
2535 619 2716 674 lolium
2757 621 2880 674 sim.
2912 620 3052 690 Ergo
3092 633 3181 677 est
3209 622 3389 695 aliqua
3416 626 3578 684 latens
3596 646 3732 701 causa,

2208 709 2420 778 quando
2445 709 2558 766 haec
2585 726 2692 766 non
2720 720 2819 767 est.
2850 710 2919 766 Et
2938 712 3227 783 imposuisti
3247 715 3376 770 mihi
3395 732 3589 787 peccata
3595 723 3717 794 jussu

2205 804 2343 858 tutis.
2370 803 2439 860 Ut
2454 803 2568 860 lucc
2587 805 2655 860 sit
2679 820 2858 873 causa,
2889 821 3052 876 quare
3074 807 3223 864 dicat
3243 809 3498 867 abscondi
3521 829 3549 869 a
3573 829 3624 870 se
3639 833 3730 886 pec.

2203 904 2320 950 cata
2347 911 2464 960 sua,
2495 898 2618 966 quia
2648 897 2990 967 snperbierit,
3020 899 3162 968 quod
3191 910 3279 956 est
3300 906 3728 977 peccatumjuven-

2209 988 2355 1042 tutis.
2385 986 2453 1041 Et
2474 988 2686 1058 posuisti
2711 989 2764 1043 in
2787 991 3025 1060 compede
3050 991 3232 1061 pedem
3271 1009 3438 1048 meum
3461 1012 3480 1050 :
3503 997 3550 1053 in
3573 999 3732 1058 vinculo

2204 1078 2564 1135 mortalitatis.
2608 1079 2678 1134 Et
2707 1081 2901 1137 radices
2929 1081 3114 1152 pedum
3141 1099 3375 1140 meorum
3419 1092 3729 1160 contemplatus

2205 1184 2256 1222 es
2277 1185 2297 1222 :
2322 1168 2636 1238 cupiditates
2663 1186 2828 1228 meas.
2879 1170 2978 1239 Qui
3018 1183 3272 1230 veterasco
3299 1176 3426 1230 sicut
3448 1190 3552 1234 uter
3576 1197 3593 1234 :
3615 1193 3660 1236 ut
3678 1185 3733 1238 vi-

2204 1273 2332 1313 num
2378 1275 2570 1316 novum
2621 1271 2833 1331 portare
2885 1277 2992 1318 non
3036 1265 3242 1334 possim
3277 1267 3444 1339 :aut(
3473 1278 3528 1324 ut
3557 1271 3572 1302 ¹
3598 1287 3732 1342 panno

2205 1363 2343 1404 novo
2371 1351 2554 1406 censui
2589 1350 2609 1423 )
2641 1351 2778 1406 velut
2823 1354 3167 1410 vestimentum
3213 1357 3353 1426 quod
3389 1374 3421 1413 a
3460 1360 3592 1416 tineis
3627 1380 3732 1418 cou-

2204 1448 2368 1494 estum
2393 1450 2486 1495 881.

2291 1530 2389 1604 [11).
2419 1531 2553 1606 χιι]
2580 1531 2748 1589 Homo
2773 1535 2904 1589 enim
2928 1546 3076 1592 natus
3118 1553 3185 1592 ea:
3210 1538 3441 1607 muliere,
3463 1540 3605 1598 brevis
3633 1552 3731 1613 vita,

2203 1632 2251 1678 et
2289 1624 2468 1693 plenus
2493 1625 2811 1680 iracundias:
2842 1629 3034 1694 pinna?
3066 1666 3080 1681 .
3108 1627 3179 1682 Et
3205 1629 3342 1684 hunc
3361 1633 3518 1702 fecisti
3539 1636 3676 1689 venire
3695 1637 3731 1690 is

2195 1716 2451 1785 judicium
2499 1733 2670 1772 coram
2703 1727 2770 1772 te.
2798 1720 3051 1786 Quamvis
3088 1721 3161 1777 ita
3188 1723 3436 1779 mortalis
3472 1727 3556 1794 sit,
3577 1735 3625 1783 et
3648 1729 3731 1798 ipse

2203 1804 2363 1860 habet
2386 1815 2558 1862 tamen
2587 1807 2728 1863 unde
2746 1808 3002 1864 rationem
3019 1810 3208 1867 reddat
3239 1831 3251 1867 :
3285 1813 3510 1884 exigitur
3533 1816 3654 1871 enim
3676 1816 3727 1873 de

2204 1893 2296 1950 illo
2315 1896 2454 1966 quod
2479 1905 2674 1967 potest,
2717 1901 2956 1969 quamvis
2983 1916 3273 1973 perparnm
3307 1905 3490 1974 possit.
3537 1905 3730 1961 Dinum-

2203 1988 2302 2041 rati
2317 1989 2446 2042 enim
2470 2000 2586 2044 sunt
2611 2007 2803 2046 menses
2831 1993 2939 2062 ejus
2961 1994 3101 2062 apud
3129 2005 3198 2050 te.
3222 1997 3302 2052 Eo
3326 1998 3465 2052 enim
3490 1998 3614 2068 quod
3631 2007 3730 2056 tem-

2204 2081 2402 2149 poralis
2433 2090 2532 2149 est,
2579 2082 2645 2138 de
2687 2094 2906 2154 peccato
2939 2088 3276 2144 convincitur
3307 2109 3320 2145 :
3350 2106 3470 2146 nam
3510 2101 3724 2148 :eternum
3810 2089 3811 2094 “

2202 2169 2348 2224 illum
2376 2179 2431 2226 tu
2455 2172 2676 2228 feceras.
2712 2172 2923 2230 Discede
2963 2177 3026 2231 ab
3063 2193 3164 2244 eo;
3191 2179 3321 2247 sine,
3362 2181 3730 2250 requiescat:se-

2205 2264 2434 2319 cundum
2456 2265 2757 2336 Opinionem
2783 2269 3012 2324 carnalis
3037 2279 3093 2324 et
3135 2271 3380 2327 animalis
3407 2272 3632 2339 hominis,
3665 2273 3726 2328 cui

2203 2364 2369 2411 totum
2391 2357 2587 2413 bonum
2618 2358 2732 2414 haec
2755 2361 2860 2415 vita
2890 2371 2990 2416 est.
3016 2361 3085 2416 Et
3113 2361 3240 2418 ideo
3265 2363 3367 2418 sibi
3396 2364 3502 2418 vult
3521 2363 3662 2434 parci,
3688 2372 3726 2417 ut

2201 2446 2410 2502 fruatur
2439 2448 2539 2503 hac
2565 2449 2690 2503 vita.
2719 2449 2810 2504 Est
2837 2452 2968 2505 enim
2984 2452 3154 2506 arbori
3181 2469 3316 2524 spes.
3343 2453 3610 2510 Irridenter
3635 2454 3719 2508 huc

2201 2538 2609 2606 pronuntianda.
2641 2540 2832 2610 Utique
2875 2543 3016 2598 enim
3067 2545 3239 2615 magis
3271 2552 3357 2602 est
3392 2560 3509 2616 spes
3531 2544 3724 2599 homini:

2203 2629 2341 2698 quod
2370 2632 2609 2686 carnales
2636 2633 2824 2688 nolunt
2847 2634 3086 2691 credere.
3126 2635 3215 2689 Vir
3258 2652 3372 2692 vero
3417 2653 3523 2691 cum
3545 2645 3722 2691 mortus

2204 2717 2376 2787 fuerit,
2417 2720 2557 2776 abiit.
2602 2722 2669 2777 Et
2709 2723 2794 2778 hic
2838 2724 3055 2780 ironicé.
3099 2724 3350 2798 Tempore
3388 2728 3512 2782 enim
3527 2727 3726 2780 minuetur

2203 2826 2382 2876 mare;
2409 2829 2527 2867 nam
2556 2823 2666 2884 post
2691 2815 2948 2886 impletur.
2995 2817 3129 2872 Dicit
3176 2827 3355 2874 autem
3393 2819 3459 2874 de
3486 2819 3562 2874 his
3601 2815 3720 2877 locis.

2203 2901 2294 2956 ubi
2321 2918 2567 2960 accessus
2589 2913 2644 2960 et
2661 2920 2904 2962 recessus
2931 2907 3006 2973 lit,
3038 2908 3122 2963 vel
3148 2909 3292 2980 quod
3313 2909 3648 2964 omnialittora
3668 2905 3722 2960 la-
3810 2927 3811 2980 n

2206 2998 2380 3048 tenter
2404 2994 2713 3050 minuuntur
2731 3006 2785 3052 et
2807 3005 3086 3068 augentur,
3102 2999 3256 3056 horis
3274 3000 3530 3056 lunaribus
3543 2998 3720 3059 scilicet,

2205 3097 2326 3137 cum
2352 3084 2517 3140 oritur
2540 3085 2683 3152 luna,
2714 3088 2800 3144 vel
2829 3088 2980 3144 nobis
3003 3089 3088 3144 vel
3106 3091 3245 3145 aliis
3272 3106 3436 3162 usque
3459 3090 3520 3145 ad
3536 3087 3722 3144 medium

2204 3174 2399 3228 caelum
2447 3175 2468 3206 ³
2494 3177 2718 3244 crescit,
2745 3187 2798 3233 et
2849 3178 2972 3234 inde
2996 3180 3273 3237 minuitur.
3317 3181 3563 3254 Usquequo
3585 3177 3722 3232 calum

2204 3275 2298 3332 est,
2331 3283 2429 3320 non
2454 3277 2720 3323 consuetur
2744 3286 2764 3323 :
2789 3269 2853 3324 ad
2873 3286 3063 3327 novum
3078 3270 3120 3336 ⁸,
3155 3273 3208 3328 id
3235 3283 3318 3328 est
3336 3273 3430 3342 ipsi
3454 3266 3723 3334 οωιο.Αιφιε

2205 3359 2402 3412 utinam
2431 3359 2569 3429 apud
2610 3361 2798 3430 inferos
2823 3378 2902 3416 me
2937 3364 3264 3418 custodisses.
3316 3362 3484 3432 Usque
3526 3359 3638 3413 adeo
3660 3361 3719 3408 est

2205 3463 2329 3518 spes
2358 3448 2783 3518 resurrectionis,
2811 3459 2868 3506 ut
2883 3451 2992 3521 jam
3009 3461 3062 3507 et
3089 3451 3176 3507 his
3203 3468 3434 3509 carerem
3455 3452 3564 3505 vita:
3583 3450 3716 3502 incer-

2207 3541 2293 3595 tis.
2318 3541 2385 3594 Et
2405 3542 2746 3596 abscondisses
2770 3559 2867 3606 me,
2891 3543 3048 3597 donec
3063 3547 3390 3616 requiesceret
3413 3545 3485 3597 ira
3505 3553 3596 3596 tua.
3614 3537 3714 3593 Hinc

2205 3642 2304 3696 est,
2335 3631 2648 3686 Abscondere
2678 3633 2938 3700 pusillum,
2967 3635 3125 3689 donec
3179 3645 3399 3690 trmtseat
3449 3635 3520 3686 ira
3560 3625 3718 3682 Domini

2206 3723 2225 3792 (
2251 3722 2380 3776 Isai.
2413 3737 2556 3790 χχιιι,
2578 3722 2648 3776 20
2669 3719 2728 3791 );
2761 3723 2811 3776 id
2831 3731 2931 3788 est,
2963 3724 3131 3780 donec
3154 3735 3383 3782 transeat
3416 3726 3503 3778 ista
3528 3716 3718 3776 mortali-

2205 3821 2307 3878 tas,
2337 3821 2391 3867 et
2435 3811 2501 3865 ad
2535 3813 2980 3869 resurrectionem
3021 3817 3284 3872 veniatur.
3317 3815 3377 3871 Si
3402 3814 3524 3868 enim
3545 3817 3718 3864 moer

2206 3904 2359 3974 fuerit
2389 3904 2557 3970 homo,
2586 3905 2730 3957 vivet.
2758 3903 2890 3958 Nam
2923 3905 3036 3961 haec
3060 3923 3167 3962 non
3185 3919 3269 3963 est
3297 3909 3416 3961 vita.
3445 3904 3716 3959 Consumma-

2207 3994 2269 4047 tis
2305 3993 2476 4047 diebus
2495 3993 2606 4047 vitae
2641 4010 2781 4048 suaz:
2805 4003 2927 4049 tunc
2956 3996 3112 4052 vivet.
3149 3998 3341 4051 Deinde
3365 3993 3560 4056 vocabis,
3592 3997 3630 4042 et
3651 3999 3717 4054 ego

2205 4082 2514 4152 respondebo
2541 4082 2658 4138 tibi:
2683 4082 2940 4139 obcdiens
2960 4083 3074 4150 tibi,
3099 4087 3217 4142 sine
3245 4085 3593 4154 impedimento
3613 4088 3717 4130 mor-

2207 4175 2441 4230 talitatis.
2470 4174 2696 4246 Signasti
2721 4181 2771 4230 in
2788 4177 2989 4231 sacculo
3014 4178 3300 4244 iniquitates
3327 4190 3486 4230 meas:
3509 4165 3719 4225 utredde-

2207 4281 2293 4321 res
2322 4267 2470 4322 mihi.
2499 4268 2765 4321 Annotasti
2790 4269 2835 4322 si
2882 4268 3004 4338 quid
3048 4269 3232 4326 invitus
3279 4268 3435 4324 erravi
3456 4263 3624 4320 :etiam
3643 4258 3718 4310 hoc

2206 4355 2492 4411 annotasti.
2517 4355 2742 4410 Invitum
2773 4366 2952 4412 autem
2982 4374 3165 4415 errare
3191 4376 3343 4430 poena
3369 4354 3552 4429 peccati
3574 4341 3716 4404 esti}!
3810 4357 3811 4362 ‘

2207 4445 2404 4514 quidem
2420 4461 2561 4499 mons
2594 4446 2776 4500 cadens
2802 4446 2996 4515 deﬂuit.
3027 4446 3102 4503 Ita
3133 4459 3186 4504 ct
3214 4450 3369 4505 homo
3411 4461 3470 4502 ex
3495 4433 3716 4496 altitudine

2207 4543 2262 4590 et
2292 4536 2538 4590 lirmitale
2559 4551 2653 4590 sua
2673 4536 2881 4592 cecidit.
2911 4537 2978 4592 Et
3005 4549 3146 4608 petra
3166 4542 3417 4595 veterascit
3437 4537 3485 4590 in
3511 4533 3604 4586 loco
3621 4535 3714 4578 suo:

2207 4635 2267 4681 ut
2285 4627 2442 4682 homo
2463 4627 2514 4680 in
2541 4643 2734 4698 genere
2759 4643 2856 4683 suo
2885 4638 2938 4684 et
2986 4631 3287 4687 conditione
3307 4645 3417 4685 sua.
3445 4623 3505 4678 Et
3519 4615 3715 4674 alluvione

2207 4716 2535 4787 frequentium
2554 4718 2807 4789 gurgitum
2831 4735 2849 4772 :
2876 4719 3027 4790 quasi
3050 4729 3104 4775 et
3131 4722 3289 4777 homo
3313 4720 3381 4774 ita
3407 4714 3469 4770 ad
3483 4707 3712 4768 exilitatetn

2210 4807 2493 4879 perductus
2523 4808 2610 4877 sit,
2639 4825 2759 4864 cum
2809 4810 3009 4865 crebris
3047 4815 3388 4884 cupiditatum
3427 4795 3713 4875 alluvionibus

2204 4900 2466 4956 atteritur.
2490 4899 2646 4970 Spem
2671 4917 2784 4954 vero
2805 4902 3022 4959 hominis
3038 4906 3316 4974 perdidisti.
3339 4899 3525 4960 Gradus
3544 4891 3643 4949 fecit
3660 4885 3710 4974 de

2207 4999 2386 5046 monte
2406 4991 2468 5045 ad
2511 5000 2736 5061 petram,
2766 5009 2796 5046 a
2835 5003 2981 5064 petra
3005 4972 3070 5050 ad
3099 4997 3318 5068 lapides,
3362 5009 3391 5049 a
3417 4985 3641 5062 lapidibus
3660 4972 3708 5068 ad

2207 5093 2421 5135 arenam
2447 5096 2461 5147 ;
2494 5081 2617 5152 quia
2641 5081 2738 5138 has
2778 5063 3102 5142 minutiones
3128 5087 3367 5143 carnales
3389 5081 3636 5154 patiuntur.
3660 5063 3708 5167 ξέῑ

2207 5171 2345 5227 bene
2368 5175 2477 5240 jam
2529 5174 2789 5244 perdidisti
2815 5175 2971 5232 dixit.
3005 5177 3260 5249 Impulisti
3285 5177 3411 5232 enim
3430 5174 3476 5227 in
3494 5170 3618 5240 ﬁnem
3637 5176 3650 5211 -'
3669 5170 3707 5209 ιιι

2207 5263 2681 5331 consumptionem.
2707 5264 2772 5320 Ut
2800 5275 2983 5335 pereat
2998 5284 3121 5339 spes
3146 5271 3241 5324 ista
3261 5282 3360 5339 qua
3380 5258 3590 5320 carnales
3608 5262 3704 5320 8³η·

2208 5351 2353 5407 dent.
2379 5352 2586 5408 Mutasti
2629 5356 2807 5426 faciem
2831 5358 2963 5428 ejus,
2985 5359 3221 5416 dimisisti
3246 5375 3355 5414 eum
3377 5366 3520 5410 :cum
3556 5347 3690 5408 inlati"

2273 5464 2930 5534 fer.liov_..nonhabentut.
2984 5475 3140 5534 nt.
3201 5530 3212 5534 _
3309 5526 3321 5534 _
3386 5523 3396 5534 ,

2270 5525 2292 5556 ³
2313 5525 2386 5574 sic
2405 5525 2633 5596 .melior‘is
2661 5515 2784 5596 notae
2795 5515 3026 5582 itis—sliat"
3026 5515 3169 5594 editi,
3195 5526 3321 5582 brevi
3351 5523 3494 5578 vivens
3513 5515 3700 5577 ιεπιρθην

2272 5598 2376 5636 mus
2397 5587 2666 5638 iracuudice
2686 5587 2855 5652 plena.
3155 5587 3167 5594 '
3363 5651 3373 5662 ι
3579 5648 3588 5658 1
3678 5619 3704 5672 d

2272 5647 2365 5713 ³19
2405 5650 2600 5713 ⁸³611⁸⁵8
2621 5683 2638 5710 ν
2672 5648 2985 5713 “dimdium
3018 5666 3239 5709 mensem.
3269 5659 3431 5702 Verius
3459 5645 3506 5695 in
3535 5638 3678 5691 las,”

2208 5708 2420 5761 medium
2439 5708 2628 5762 ctelmn.

2275 5752 2628 5837 ῖέἷῗθῖῗᾶῖξ
2644 5785 2738 5827 non
2752 5783 3002 5832 comuemr
3021 5779 3089 5832 ad
3108 5789 3293 5842 nomn,
3309 5775 3412 5830 sine
3430 5763 3645 5823 mal"
3664 5752 3704 5796 ³³
