3874 6306
133 251 242 310 εει
1569 244 1752 301 LIBEF

1857 244 2007 305 NUS.

133 362 236 419 Dei
270 361 328 416 in
362 375 432 417 eo
457 356 805 416 exterminata
829 365 930 414 est.
959 356 1028 412 Et
1073 370 1191 411 cum
1226 354 1371 411 multi
1401 361 1607 428 fuerunt
1650 359 1746 427 ﬁlii

132 455 274 524 ejus,
330 451 535 506 nescit:
561 449 682 520 quia
713 431 956 512 moritur,
977 449 1219 519 quamvis
1240 456 1560 518 propagetur
1582 447 1746 503 sobo-

133 545 242 600 les.
289 543 407 599 Sed
433 557 608 596 carnes
639 542 750 612 ejus
777 557 932 611 super
963 556 1077 595 eum
1096 540 1367 594 doluerunt
1391 555 1412 592 :
1442 538 1499 594 id
1528 548 1629 607 est,
1665 549 1745 594 la-

133 635 247 690 lem
279 632 652 688 conditionem
677 645 830 686 suam
858 631 1018 686 homo
1046 629 1334 686 carnaliter
1355 629 1524 694 dolet,
1552 638 1609 684 et
1631 630 1748 684 ani-

61 775 75 787 .,
132 727 362 784 maliter
418 727 577 796 luget.
609 723 914 794 Spiritualis
951 723 1095 779 enim
1120 722 1287 788 novit,
1315 722 1437 792 quia
1465 721 1566 776 etsi
1594 732 1745 776 exte-

69 836 76 843 ·
131 820 251 876 rior
272 823 447 873 homo
469 816 848 886 corrumpitur,
879 814 973 870 sed
999 814 1220 869 interior
1247 820 1535 868 renovatur
1565 811 1633 866 de
1647 811 1736 866 die

132 917 192 972 in
243 914 399 972 diem
432 911 517 986 (ll
541 910 658 967 Cor.
708 927 779 980 tv,
832 908 976 982 l6):
1027 909 1151 980 quia
1194 908 1297 965 hoc
1336 906 1452 963 lieri
1481 907 1644 962 sentit
1690 905 1746 961 in

132 1009 344 1077 seipse.

143 1081 159 1093 ’
209 1097 317 1174 [lb.
344 1097 471 1171 xv.]
499 1097 672 1155 Verba
692 1097 912 1167 Eliphaz
937 1095 1288 1152 Themanitis.
1315 1093 1381 1148 Et
1399 1093 1619 1164 implevit
1647 1093 1743 1146 do-

133 1195 245 1248 lore
264 1199 520 1246 ventrem.
546 1189 774 1260 Spiritus
794 1189 935 1244 enim
957 1187 1193 1242 scientiae
1212 1200 1309 1256 per
1327 1184 1744 1240 consolationem

133 1295 292 1344 sanat
317 1285 503 1356 potius
522 1300 550 1338 a
572 1282 846 1338 doloribus
870 1297 883 1335 :
904 1289 957 1335 tu
979 1288 1156 1334 autem
1179 1278 1268 1348 qui
1294 1277 1484 1346 imples
1505 1284 1745 1332 ventrem

133 1379 350 1443 dolore,
384 1391 496 1432 non
527 1375 716 1447 spiritu
746 1373 984 1428 scientiae
1024 1369 1334 1440 respondes.
1369 1366 1556 1421 Nonne
1580 1376 1634 1420 tu
1661 1382 1745 1420 re-

135 1472 316 1544 puliin
347 1469 624 1525 timorem?
652 1469 816 1523 Deum
853 1482 956 1521 non
987 1464 1234 1528 timuisti,
1265 1462 1318 1516 in
1357 1477 1478 1516 eum
1509 1461 1630 1515 talia
1660 1459 1744 1514 di-

131 1581 290 1622 cens.
319 1563 393 1617 Et
415 1562 609 1634 elegisli
630 1561 854 1632 linguam
880 1558 1128 1612 malorum
1151 1572 1169 1610 :
1189 1570 1292 1626 qua
1313 1554 1556 1609 homines
1581 1552 1748 1607 male-

133 1659 342 1717 dicunt.
390 1657 531 1724 Quid
567 1655 740 1710 enim?
779 1650 1022 1724 numquid
1068 1650 1259 1722 primus
1288 1649 1436 1702 homo
1465 1655 1611 1700 natus
1654 1645 1747 1698 es?

134 1755 259 1828 quia
290 1761 507 1808 tantum
551 1747 812 1820 superbis.
857 1746 958 1800 Aut
999 1754 1114 1798 ante
1155 1742 1309 1798 colles
1352 1749 1610 1796 concretus
1655 1736 1747 1793 es?

135 1845 316 1901 Etiam
357 1850 577 1898 montes
607 1839 821 1894 nomine
856 1836 1071 1892 collium
1115 1832 1452 1903 accipiendos
1478 1872 1492 1898 ,
1540 1829 1592 1884 id
1640 1839 1740 1896 est,

134 1946 264 1994 ante
293 1950 494 1991 omnes
519 1933 760 1998 virtutes,
789 1929 1007 2000 spiritus
1024 1934 1290 1999 potentes.
1325 1924 1430 1980 Sed
1454 1930 1499 1978 et
1523 1938 1676 1978 senex
1699 1931 1746 1976 et

137 2030 435 2101 decrepitus
461 2028 517 2081 in
545 2025 686 2080 nobis
713 2036 804 2079 est.
829 2023 929 2091 Qui
957 2022 1092 2078 sciat
1110 2021 1267 2075 etiam
1295 2033 1414 2089 qua:
1444 2033 1542 2073 nos
1571 2017 1745 2073 nesci-

3337 272 3443 330 84$

1931 360 2364 464 [lb.xv1.lV-e-rba
2386 362 2509 464 ἔοι).
2534 371 2716 464 ᾼιιάὶυἱ
2741 374 2864 428 talia
2893 378 3051 432 multa
3081 396 3098 433 .'
3130 397 3234 438 non
3265 387 3471 464 solum{

1856 467 1975 522 quae
2003 469 2097 508 vos
2137 454 2332 510 dicitis.
2375 457 2725 517 Consolatores
2765 467 3012 521 malorum
3052 488 3240 528 omnes.
3273 454 3458 536 Malos:

1854 545 2077 610 potestis
2100 546 2383 615 consolari,
2409 550 2529 618 quia
2552 552 2649 621 ipsi
2678 570 2770 608 vos
2795 555 3082 626 imitantur,
3109 579 3211 618 non
3235 566 3438 624 bonos:

1853 639 1908 725 et
1932 643 2014 687 est
2041 635 2331 690 vocativus.
2363 641 2406 692 A
2435 640 2579 695 nullo
2605 643 2744 697 enim
2773 655 3004 701 vestrum
3037 651 3210 706 audivi
3238 654 3438 725 aliquid

1853 724 1998 820 boni.
2031 726 2166 792 Quid
2194 730 2363 784 enim?
2390 735 2636 802 numquid
2662 739 2785 791 ordo
2813 739 2864 793 in
2900 743 3207 799 sermonibus
3230 757 3306 802 est
3328 755 3439 820 spi-

1852 818 2017 874 ritus?
2039 821 2320 891 superbizc.
2339 824 2438 877 Aut
2460 825 2510 879 in
2535 844 2633 896 qua
2654 829 2913 884 molestum
2937 833 3026 888 tibi
3047 837 3140 889 erit
3157 818 3441 908 ?qnamvis

1853 922 1958 963 non
2004 924 2154 966 ames
2196 913 2337 982 quod
2381 915 2544 972 dicas.
2579 917 2645 971 Et
2672 935 2763 989 ego
2803 926 3075 978 secundum
3105 943 3190 982 vos
3217 930 3392 999 loquor
3419 951 3439 987 :

1851 1001 2120 1070 quomodo
2141 1002 2282 1073 digni
2309 1006 2456 1060 estis.
2482 1007 2541 1061 Si
2568 1010 2791 1080 subjecta
2815 1024 2942 1068 esset
2965 1017 3135 1070 anima
3158 1031 3319 1074 vestra
3345 1040 3439 1091 pro

1850 1107 1980 1146 mea.
1999 1093 2056 1149 Si
2077 1109 2169 1150 vos
2186 1098 2495 1164 pateremini
2512 1101 2652 1170 quod
2667 1117 2794 1172 ego;
2817 1103 3060 1174 loquerer
3077 1112 3434 1180 sermonibus,
3479 1139 3488 1164 ι

1851 1198 1956 1239 non
1984 1185 2164 1241 factis:
2185 1187 2254 1242 ita
2277 1191 2405 1244 nihil
2431 1200 2513 1246 est
2532 1191 2673 1262 loqui
2699 1195 2837 1263 quod
2860 1212 2963 1251 non
2984 1197 3204 1254 facitis‘.
3225 1201 3287 1257 Si
3301 1207 3435 1259 enim

1852 1277 2048 1348 loquar,
2075 1294 2175 1332 non
2195 1279 2370 1334 dolebo
2390 1284 2610 1337 vulnere.
2636 1283 2952 1343 Ostendistis
2973 1305 3067 1346 vos
3088 1307 3259 1362 neque
3279 1294 3331 1349 in
3355 1296 3434 1351 lo.

1851 1368 2080 1436 quendo,
2105 1385 2277 1441 neque
2294 1372 2345 1426 in
2368 1373 2591 1429 tacendo
2608 1377 2892 1445 prudentes
2909 1396 3048 1437 esse.
3065 1382 3195 1438 Nam
3217 1387 3432 1456 sapien-

1851 1465 1934 1513 tes
1949 1468 2134 1514 etcum
2151 1462 2454 1532 loquunlur,
2478 1466 2529 1520 in
2547 1468 2998 1527 consolationibus
3017 1473 3396 1534 condolescunt
3415 1497 3432 1546 ;

1849 1552 1934 1606 vel
1955 1551 2008 1606 in
2028 1553 2364 1610 confessione
2390 1571 2484 1612 sua
2514 1558 2808 1628 loquentes,
2833 1561 3014 1618 dolent
3032 1565 3220 1623 vulnus
3245 1583 3432 1637 suum;

1849 1642 1931 1697 vel
1948 1657 2066 1698 cum
2091 1654 2284 1711 tacent,
2313 1647 2602 1716 prudenter
2624 1661 2817 1707 tacent.
2853 1653 3202 1713 Nunc‘autein
3231 1661 3436 1718 lassavit

1850 1750 1948 1799 me,
1978 1744 2023 1790 et
2042 1735 2158 1806 fecit
2183 1740 2411 1807 stultum,
2443 1750 2487 1795 et
2510 1754 2707 1811 putrem
2733 1760 2751 1797 :
2804 1752 2860 1798 ιιι
2887 1761 2992 1800 non
3017 1758 3198 1803 contra
3224 1767 3321 1807 vos
3347 1753 3433 1808 io-

1850 1841 2002 1897 quar,
2034 1828 2173 1884 Deus
2193 1830 2698 1904 lregitsuperbiam;
2729 1845 2784 1890 ut
2812 1838 3004 1894 stultus
3030 1839 3197 1896 factus
3225 1845 3437 1916 sapiens

1852 1917 1994 1973 liam.
2035 1920 2423 1992 Appreltendisti
2447 1941 2526 1977 me
2549 1968 2562 1990 ,
2593 1934 2638 1979 el
2670 1927 2723 1980 in
2750 1929 3082 1984 testimonium
3114 1935 3276 2002 factus
3300 1951 3432 1990 sum.

1851 2009 2137 2066 Convicisti
2169 2029 2254 2068 me
2286 2013 2352 2069 de
2395 2017 2625 2084 peccatis
2654 2018 2808 2084 meis,
2837 2029 2889 2074 et
2915 2021 3192 2077 adversum
3221 2040 3306 2080 me
3335 2041 3437 2098 ego

138 2129 386 2189 mus,est
416 2120 558 2174 inter
583 2133 700 2184 nos,
737 2115 872 2181 Quid
899 2128 1081 2168 ausum
1101 2111 1197 2182 fuit
1225 2127 1312 2164 cor
1343 2110 1526 2162 tuum?
1553 2116 1601 2162 et
1625 2106 1746 2177 quid

141 2215 502 2270 sustinuerunt
526 2209 660 2265 oculi
677 2209 782 2262 tui?
797 2210 1164 2277 speraverant.
1187 2201 1325 2268 Quid
1349 2201 1480 2254 enim
1499 2206 1572 2253 est
1598 2199 1746 2252 homo

139 2317 196 2361 ut
223 2307 289 2361 sit
314 2306 431 2360 sine
450 2301 702 2358 crimine?
724 2297 866 2370 quod
893 2305 949 2353 et
973 2305 1026 2351 tu
1045 2293 1246 2350 dixisti.
1280 2291 1342 2347 Si
1359 2295 1414 2345 in
1432 2291 1619 2346 sanctis
1638 2291 1746 2361 ejus

140 2417 242 2456 non
271 2409 349 2455 est
390 2396 522 2468 fides
544 2412 562 2449 :
586 2401 804 2466 propter
822 2392 1024 2446 incerta
1051 2396 1351 2457 temporum
1371 2425 1386 2449 ,
1413 2383 1606 2454 quibus
1630 2382 1745 2453 ple-

141 2508 380 2564 rumque
408 2490 684 2550 falluntur,
717 2493 775 2540 ut
801 2482 964 2538 multa
990 2481 1191 2547 dicant,
1221 2485 1277 2534 et
1301 2492 1406 2564 non
1438 2475 1648 2531 faciant.
1681 2474 1748 2529 Et

142 2587 328 2642 cadunt
357 2599 466 2638 non
494 2589 566 2635 est
591 2576 834 2632 mundum
861 2582 976 2628 ante
997 2588 1108 2626 eum
1133 2587 1152 2624 :
1173 2583 1266 2640 pro
1288 2567 1372 2623 his
1394 2567 1482 2638 qui
1509 2567 1748 2622 habitant

145 2680 198 2735 in
225 2679 406 2744 creto;
443 2684 534 2728 aut
558 2679 702 2728 certe
732 2668 926 2725 ctelum
968 2679 1066 2736 pro
1104 2663 1233 2734 ipsis
1276 2661 1474 2716 sanctis
1513 2659 1742 2730 ponitur,

144 2773 269 2844 quia
301 2771 356 2825 in
390 2769 478 2824 his
505 2765 706 2821 habitat
735 2763 897 2816 Deus.
940 2757 1067 2824 Quae
1100 2754 1350 2826 sementes
1390 2752 1657 2818 dixerunt,
1701 2758 1748 2803 et

146 2841 247 2919 non
285 2863 576 2918 celaverunt
605 2863 836 2929 parentes
858 2867 997 2906 suos.
1023 2847 1156 2914 Quia
1191 2845 1350 2900 ctiam
1376 2842 1574 2899 ludatis
1599 2841 1745 2911 Apo-

144 2959 270 3014 stoli
305 2955 748 3028 prmdicaverunt.
780 2946 918 3019 Ipsis
938 2943 1060 3000 solis
1091 2941 1212 2994 data
1240 2947 1311 2993 est
1338 2947 1471 2992 terra
1494 2952 1512 2989 :
1539 2933 1746 2990 inhabi-

147 3049 332 3104 tanda.
368 3043 482 3099 Nec
525 3039 807 3113 supervenit
850 3036 954 3090 illis
999 3034 1262 3103 quisquam
1309 3038 1573 3083 extraneas
1599 3041 1620 3079 ι
1648 3040 1749 3081 nec

144 3150 372 3197 sanctus
401 3138 559 3192 homo
587 3133 668 3190 vel
698 3129 948 3202 angelus;
978 3125 1031 3181 id
1057 3133 1160 3190 est,
1187 3122 1241 3177 in
1267 3120 1550 3176 securitate
1579 3117 1749 3189 possi-

146 3233 377 3290 debunt.
409 3229 536 3285 Cum
577 3224 854 3296 putaverint
884 3236 936 3274 se
958 3234 1064 3273 esse
1093 3218 1210 3288 jam
1245 3215 1297 3268 in
1326 3228 1466 3284 pace.
1497 3211 1571 3267 Ita
1597 3209 1742 3275 dicit,

142 3325 301 3398 quasi
333 3324 438 3378 hoc
464 3328 611 3391 putet
648 3315 746 3385 ipsi
774 3311 875 3368 Job
902 3309 1166 3366 evenisse.
1195 3303 1318 3358 Non
1355 3302 1511 3357 credit
1532 3301 1750 3355 converti

144 3391 180 3472 si
205 3413 430 3470 tenebris
460 3428 478 3465 :
512 3425 616 3463 non
659 3404 830 3461 credit
865 3410 923 3456 ut
964 3404 1307 3454 convertatur
1342 3409 1371 3448 a
1401 3392 1652 3463 peccatis.
1681 3391 1751 3445 Et

146 3509 387 3564 decretus
409 3513 479 3557 est
505 3503 557 3556 in
585 3514 751 3555 escam
779 3494 1033 3548 vulturum
1059 3506 1078 3545 :
1105 3487 1370 3544 aeriarum
1408 3491 1747 3552 potestatum,

147 3613 275 3671 qum
323 3592 586 3650 mortibus
628 3594 966 3659 peccatorum
1011 3585 1317 3652 pascuntur.
1364 3575 1509 3631 Sicut
1553 3573 1660 3627 dua:
1697 3573 1753 3626 in

152 3663 325 3761 prima
351 3685 463 3739 acie
487 3681 697 3737 decidet.
722 3675 906 3732 Audax
917 3682 1018 3740 est,
1042 3679 1096 3728 et
1112 3684 1217 3724 non
1241 3668 1341 3724 fert
1361 3663 1749 3721 tribulationes.

156 3754 274 3850 Qua
292 3782 309 3812 ¹
338 3777 548 3834 elevavit
577 3789 755 3827 manus
787 3777 963 3823 contra
992 3763 1176 3819 Deum.
1205 3762 1284 3816 An
1307 3801 1320 3825 ,
1351 3758 1471 3829 quia
1509 3754 1752 3811 elevavit?

157 3844 224 3929 Et
236 3869 462 3928 cucurrit
478 3876 651 3922 contra
661 3878 774 3918 eum
790 3857 1145 3915 contumeliose
1165 3867 1180 3905 :
1197 3848 1498 3906 adversaria
1511 3844 1754 3901 faciendo

158 3981 318 4038 quam
350 3958 621 4035 praecepit.
653 3955 717 4010 In
740 3969 910 4010 crassa
935 3948 1124 4004 cervice
1139 3945 1266 4000 scuti
1285 3943 1363 3998 sui
1386 3957 1404 3996 :
1425 3953 1753 4012 prmsumens

158 4031 227 4116 de
254 4031 586 4128 proiectione
629 4063 743 4104 sua.
788 4044 921 4111 Quia
946 4041 1141 4113 operuit
1182 4039 1361 4109 facient
1389 4036 1498 4106 ejus
1523 4034 1574 4088 in
1604 4031 1755 4103 adipe

163 4121 274 4204 suo:
316 4148 423 4203 Per
452 4145 662 4212 adipem
685 4184 699 4207 ,
733 4138 786 4194 id
812 4145 910 4200 ρει,
955 4150 1049 4205 per
1090 4129 1462 4186 exultationem
1491 4121 1754 4196 superbiae

162 4256 275 4297 sua:
303 4235 587 4295 abscondit
615 4250 644 4288 a
669 4248 728 4289 sc
760 4231 946 4286 Deum.
978 4225 1042 4280 Et
1070 4225 1184 4294 fecit
1204 4221 1478 4292 capislrum
1500 4233 1653 4288 super
1677 4217 1754 4286 fe-

167 4351 308 4390 mora
345 4350 362 4388 :
393 4341 453 4387 ut
491 4326 796 4385 libidinibus
839 4321 951 4377 suis
993 4317 1350 4387 colligaretur,
1397 4326 1502 4381 quo
1543 4307 1756 4364 vinculo

167 4427 454 4483 duceretur
480 4422 545 4477 ad
572 4428 820 4476 mortem.
855 4413 981 4481 Qua:
1019 4411 1150 4465 enim
1192 4406 1269 4461 illi
1303 4410 1622 4477 paraverunt,
1666 4400 1757 4456 alii

170 4518 404 4588 auferunt
434 4531 452 4569 :
478 4514 650 4583 ipsum
681 4507 841 4564 etiam
866 4517 1087 4575 regnum
1116 4509 1381 4555 terrenum
1407 4538 1422 4562 ,
1456 4495 1539 4550 vel
1565 4508 1754 4565 quam-

169 4583 396 4679 cumque
445 4619 595 4677 spem
640 4597 1022 4672 temporalem,
1067 4606 1224 4662 quam
1252 4603 1372 4644 cum
1420 4595 1529 4640 toto
1558 4583 1756 4640 mundo

167 4700 290 4771 justi
310 4678 594 4769 accipient.
619 4692 684 4746 Et
701 4707 803 4746 non
822 4686 1079 4751 ditabitur,
1098 4699 1188 4737 nec
1205 4678 1510 4752 permanebit
1530 4682 1758 4732 substan-

174 4794 242 4847 tia
269 4795 375 4864 ejus
403 4807 422 4846 :
444 4789 591 4860 impii
613 4785 832 4842 scilicet.
857 4777 977 4835 Non
999 4775 1226 4832 immittet
1259 4787 1408 4842 super
1433 4778 1619 4822 terram
1642 4782 1756 4821 um-

179 4861 313 4942 bram
350 4904 366 4941 :
408 4886 460 4941 id
491 4891 593 4947 est,
636 4895 740 4934 non
784 4877 940 4931 viret.
988 4870 1092 4927 Sed
1132 4867 1337 4937 stirpem
1373 4865 1482 4935 ejus
1521 4861 1759 4931 arefaciet

178 4987 344 5033 ventus
371 4993 389 5032 :
412 4973 653 5031 tentatio.
698 4965 942 5024 Pracisio
968 4964 1076 5034 ejus
1103 4969 1220 5015 ante
1248 4957 1422 5010 harant
1465 4967 1758 5022 corrumpe-

183 5081 261 5126 tur
296 5089 313 5126 :
344 5073 650 5143 priusquam
693 5070 892 5135 sperat.
939 5053 1150 5113 Decidat
1193 5062 1430 5121 tanquam
1459 5049 1555 5118 [los
1593 5045 1757 5100 olivte.

185 5161 395 5221 Decidat
424 5178 453 5217 a
480 5175 631 5233 pace,
652 5157 736 5212 vel
757 5155 879 5226 quia
896 5150 1114 5206 meliora
1133 5145 1229 5200 hos
1243 5149 1554 5213 sequuntur,
1577 5150 1761 5207 quem-

187 5226 696 5311 admodum-ﬂorem
737 5247 960 5302 fructus.
1009 5238 1372 5296 Testimonium
1410 5232 1542 5287 enim
1577 5226 1757 5298 impii,

190 5362 316 5404 more
346 5366 362 5403 :
395 5349 626 5420 signum.
671 5342 740 5398 Et
784 5341 915 5413 ignis
957 5334 1211 5392 comburet
1253 5330 1430 5385 domus
1474 5341 1646 5381 eorum
1677 5323 1762 5394 qui

191 5455 390 5497 munera
410 5441 683 5512 accipiunt.
706 5435 769 5491 lli
797 5442 920 5489 sunt
942 5431 1082 5488 enim
1105 5425 1252 5498 impii
1275 5423 1363 5496 qui
1385 5433 1605 5476 munera
1630 5426 1764 5474 tem-

193 5533 382 5600 poralia
413 5509 723 5606 praeponunt
743 5525 981 5598 justititc.
1007 5521 1262 5588 Concipiet
1281 5525 1328 5570 et
1346 5515 1402 5570 in
1420 5521 1586 5568 ventre
1612 5509 1766 5582 gemi-

194 5627 288 5677 tus.
320 5624 389 5680 Ea
415 5641 531 5697 qua:
561 5628 758 5693 sperat,
791 5617 843 5673 in
870 5629 1084 5687 poenam
1110 5610 1187 5668 illi
1215 5606 1515 5681 proﬁciunt.

258 5740 274 5770 ³
300 5738 430 5802 Quia,
451 5740 590 5802 juxta
613 5743 686 5786 Er.
714 5741 765 5785 et
784 5739 891 5784 Lor.
914 5738 973 5782 at.

386 5823 611 5889 Sanos.
651 5823 924 5886 «incuss.
969 5815 1077 5881 III.

1851 2115 1968 2156 sum
2015 2103 2184 2158 testis.
2227 2103 2294 2158 Et
2339 2109 2552 2160 surrexit
2591 2124 2741 2179 super
2769 2125 2848 2163 me
2889 2111 3205 2166 mendacium
3236 2132 3437 2170 meum:

1850 2207 1970 2247 cum
2001 2195 2131 2249 mihi
2156 2195 2329 2265 justus
2354 2196 2589 2252 videbar.
2625 2198 2810 2253 Contra
2835 2201 3014 2270 facient
3042 2221 3203 2258 nteant
3231 2223 3438 2276 respon—

1852 2285 1923 2337 di.
1957 2285 2091 2341 Hine
2119 2294 2220 2351 est,
2253 2287 2485 2342 Statuam
2512 2297 2560 2342 te
2582 2299 2698 2344 ante
2721 2291 2900 2360 faciem
2924 2303 3061 2347 tuom
3090 2293 3257 2366 (Psal.
3288 2314 3432 2365 χιιι,

1848 2373 1964 2447 21).
1989 2374 2264 2430 Iracundia
2288 2393 2407 2432 usus
2431 2379 2609 2450 dejecit
2643 2396 2739 2434 me.
2770 2381 3064 2450 Benedixit,
3090 2401 3211 2439 usus
3230 2387 3437 2443 iracun-

1852 2466 1975 2530 dia;
1999 2481 2103 2521 non
2148 2468 2287 2522 enim
2319 2482 2435 2522 eam
2478 2470 2712 2540 patitur:
2744 2471 2938 2541 dejecit
2975 2484 3150 2531 autem
3185 2486 3436 2549 tanquam

1852 2557 2159 2626 superbum.
2191 2556 2420 2612 Fremuit
2444 2575 2594 2630 super
2611 2577 2691 2615 me
2709 2562 2956 2618 dentibus.
2987 2564 3292 2637 Ohjurgavit
3318 2587 3435 2638 me;

1852 2656 1910 2702 ut
1941 2646 2127 2703 dentes
2165 2662 2260 2718 pro
2283 2649 2462 2704 verbis
2490 2651 2869 2721 intelligantur.
2913 2654 3126 2725 Sagith
3159 2660 3438 2728 piratarum

1853 2742 1962 2811 ejus
2001 2757 2151 2811 super
2195 2758 2274 2795 me
2322 2741 2629 2797 deciderunt.
2683 2746 2870 2799 Aerias
2923 2756 3210 2816 potestates
3249 2753 3440 2821 quibus

1855 2832 2016 2887 utitur
2041 2832 2202 2898 Deus,
2234 2841 2288 2888 et
2314 2834 2392 2888 eis
2419 2833 2676 2903 permittit
2713 2845 2770 2890 ιιι
2794 2845 2885 2890 aut
2909 2851 3262 2896 exerceantur
3290 2845 3437 2909 boni,

1853 2933 1945 2977 aut
1978 2923 2264 2992 puniantur
2289 2923 2435 2980 mali.
2467 2923 2659 2980 Piratae
2683 2934 2888 2992 autem,
2921 2927 3041 2998 quia
3081 2929 3133 2984 in
3179 2931 3280 2987 hoc
3306 2936 3440 2988 mari

1819 3013 2220 3083 navigantibus
2271 3013 2610 3069 insidiantur.
2660 3015 2779 3070 Acie
2818 3018 3078 3072 oculorum
3113 3021 3278 3074 irruit.
3322 3021 3442 3079 Non

1852 3104 2205 3161 dissimulavit
2228 3121 2259 3160 a
2290 3107 2523 3176 peccatis
2552 3108 2706 3173 meis,
2733 3117 2980 3178 tanquam
3007 3112 3178 3166 innuit
3205 3123 3260 3166 ut
3284 3115 3440 3183 puni-

1855 3215 1962 3255 rer.
1990 3199 2109 3270 Ipse
2131 3200 2272 3255 enim
2299 3209 2547 3271 tanquam
2578 3201 2752 3256 lumen
2778 3213 2880 3269 est,
2908 3205 3237 3271 punitoribns
3263 3218 3442 3264 osten-

1854 3289 1988 3344 dens
2006 3290 2320 3359 puniendos.
2344 3291 2514 3346 Ruina
2536 3292 2666 3347 mihi
2693 3293 3040 3366 fuitaspectio
3055 3298 3189 3368 ejus.
3211 3302 3314 3356 Aut
3334 3301 3400 3357 ita
3423 3322 3438 3358 :

1855 3380 2003 3436 Fecit
2026 3390 2080 3436 ut
2104 3383 2341 3439 viderem
2373 3393 2644 3454 peccatum
2673 3401 2879 3459 meum;
2907 3399 3029 3444 ante
3057 3393 3198 3446 enim
3227 3409 3332 3448 non
3363 3397 3444 3453 sic

1857 3471 1985 3526 mihi
2030 3473 2094 3528 ad
2137 3489 2352 3529 sensum
2387 3475 2696 3545 perductum
2731 3476 2845 3531 fuit.
2877 3479 3070 3533 Acriter
3095 3486 3337 3549 percussit
3365 3504 3444 3543 me

1853 3564 1908 3618 in
1935 3563 2160 3636 genibus,
2189 3575 2236 3620 et
2263 3567 2414 3620 simul
2434 3576 2794 3621 concurrerunt
2821 3568 2871 3622 in
2903 3585 2998 3623 nte.
3030 3570 3139 3627 Deo
3161 3572 3303 3628 enim
3322 3589 3445 3645 per-

1859 3657 2110 3722 cutiente,
2142 3657 2214 3711 illi
2241 3666 2625 3711 concurrerunt
2647 3658 2818 3728 angeli
2842 3669 3060 3715 satantc.
3089 3660 3156 3715 In
3184 3679 3305 3730 pace
3327 3682 3443 3720 cum

1859 3763 2034 3814 essem,
2066 3747 2331 3816 discerpsit
2361 3763 2456 3800 me.
2487 3747 2568 3801 Ab
2603 3746 2714 3816 ipsa
2756 3763 2883 3818 pace
2925 3759 3016 3804 aut
3060 3765 3091 3805 a
3129 3754 3443 3823 memetipso

1858 3838 2155 3909 discerpsit,
2184 3847 2242 3892 ut
2263 3839 2332 3892 ab
2355 3837 2670 3893 adversariis
2688 3847 2744 3892 et
2767 3838 2863 3893 sibi
2885 3840 3286 3898 adversantibus
3304 3844 3438 3901 dila-

1859 3945 2090 3987 cerarer.
2121 3929 2189 3984 Et
2227 3940 2395 3985 tenens
2420 3946 2614 3984 comam
2642 3947 2804 3986 meam
2833 3931 3038 3986 divulsit
3059 3949 3078 3987 :
3108 3949 3202 4005 per
3225 3947 3444 4006 peccata

1859 4039 1978 4080 mea
1999 4037 2085 4078 me
2103 4022 2382 4078 adversum
2406 4037 2492 4076 me
2510 4021 2708 4077 divisit.
2737 4021 2928 4078 Statuit
2951 4041 3028 4078 me
3053 4026 3181 4079 sicut
3203 4027 3444 4100 signum:

1861 4116 1913 4172 in
1941 4130 2097 4187 quem
2118 4114 2481 4185 jacularentur
2500 4157 2514 4179 ,
2539 4122 2598 4168 ut
2621 4115 2756 4169 solet
2781 4115 2987 4184 signant
3014 4117 3135 4185 poni
3158 4118 3444 4187 jaculanti-

1861 4208 1960 4265 bus
1979 4248 1992 4273 ,
2023 4220 2128 4277 quo
2149 4205 2324 4276 jacuia
2349 4205 2593 4274 dirigant.
2633 4202 3083 4260 Circumdederunt
3118 4223 3197 4262 me
3233 4210 3441 4275 lanceis.

1859 4300 2135 4354 amittentes
2158 4298 2212 4351 in
2238 4313 2380 4352 renes
2406 4311 2573 4359 meos;
2595 4311 2695 4348 non
2727 4308 3086 4365 pepercerunt:
3109 4309 3323 4369 propter
3346 4302 3446 4358 de-

1861 4394 2054 4450 sideria
2093 4390 2345 4454 carnalia,
2376 4404 2494 4459 qua:
2527 4386 2629 4442 sibi
2673 4387 2898 4458 impacta
2943 4388 3090 4456 dicit,
3139 4406 3237 4462 per
3278 4395 3447 4450 malas

1861 4485 2235 4558 persuasiones
2271 4483 2338 4538 ab
2362 4481 2560 4553 angelis
2600 4481 2772 4536 malis.
2805 4479 3111 4547 Eﬂ'uderunt
3138 4484 3349 4540 interra
3379 4489 3450 4557 {el

1863 4593 2029 4633 meum
2050 4593 2067 4631 :
2089 4584 2146 4630 ut
2161 4585 2372 4631 terrena
2395 4573 2532 4628 bona
2557 4573 2763 4628 zelarer
2781 4573 2832 4627 in
2854 4573 2919 4628 iis
2937 4573 3024 4644 qui
3051 4573 3134 4630 his
3153 4576 3448 4640 abundant.

1867 4668 2167 4740 Dejeccrunt
2193 4682 2272 4720 me
2300 4664 2632 4736 prostratione
2659 4681 2842 4736 magna
2869 4681 2887 4719 :
2914 4681 2981 4721 ne
3005 4669 3272 4725 carnalem
3317 4686 3448 4742 pro-

1864 4762 2174 4820 Strationem
2224 4759 2653 4829 intelligeremus.
2705 4756 2935 4812 Cilicium
2993 4769 3255 4815 assuerant
3311 4765 3449 4820 coria

1864 4870 1974 4910 meo
1999 4870 2016 4907 :
2044 4860 2255 4923 peccata
2286 4849 2560 4914 interiora,
2588 4848 2778 4919 quibus
2808 4849 3168 4906 reminiscitur
3195 4866 3254 4907 se
3281 4852 3447 4910 fuisse

1865 4947 1918 5004 in
1945 4947 2118 5004 bonis.
2149 4945 2216 5000 Et
2251 4959 2402 5015 super
2424 4941 2690 5013 palpebras
2717 4958 2852 4996 meas
2881 4942 3060 4996 umbra
3084 4945 3278 4997 mortis.
3313 4943 3452 4999 Volo

1865 5039 2045 5096 videre
2066 5079 2080 5102 ,
2121 5046 2176 5093 et
2213 5034 2432 5106 impedit
2455 5049 2540 5088 me
2567 5031 2895 5089 consuetudo
2920 5032 3168 5086 carnalis.
3201 5031 3355 5086 Terra
3387 5051 3452 5090 ne

1867 5135 2061 5204 Operiat
2084 5147 2236 5202 super
2268 5128 2566 5200 sanguinem
2592 5127 2759 5180 carnis
2784 5140 2906 5179 metu
2933 5141 2951 5178 :
2975 5124 3024 5178 id
3054 5135 3155 5190 est,
3179 5140 3246 5180 ne
3271 5127 3317 5181 si
3347 5128 3450 5182 im-
3515 5146 3517 5148 ·

1867 5227 2062 5285 munda
2089 5222 2430 5280 lueritoratio
2460 5235 2576 5275 mea
2605 5217 2839 5288 optando
2864 5226 3096 5283 terrena,
3121 5218 3337 5274 accedat
3359 5235 3452 5275 cu-

1866 5321 2048 5377 mulus
2085 5327 2242 5372 terra‘.
2271 5328 2430 5384 super
2451 5311 2721 5365 vinculum
2753 5307 3086 5362 mortalitatis
3113 5323 3276 5374 meae;
3305 5313 3448 5380 quod

1869 5409 2182 5485 signiﬁcavit
2210 5407 2422 5462 nomine
2451 5400 2722 5471 sanguinis
2753 5417 2765 5453 :
2801 5399 2853 5454 id
2893 5407 3007 5464 est,
3055 5415 3121 5454 ne
3163 5402 3453 5471 cupiditate

1872 5513 2083 5562 terrena
2135 5495 2423 5564 majoribus
2483 5489 2869 5547 calamitatibus
2916 5489 3194 5545 voluntarii
3250 5498 3452 5562 peccati

1872 5596 2104 5670 cperiar,
2130 5588 2270 5660 quod
2299 5596 2378 5643 est
2417 5583 2547 5640 illud
2577 5583 2814 5638 naturale
2840 5589 3114 5652 peccatum
3156 5582 3222 5639 de
3262 5585 3471 5659 condis

1920 5712 1960 5773 _‘
1977 5715 2106 5769 Iliso,
2128 5701 2256 5772 quod
2272 5698 2465 5766 facilis:
2493 5698 2679 5749 aba'ue
2699 5695 2977 5758 negatione.

2316 5777 2320 5780 ’
2355 5837 2360 5842 .
2439 5802 2471 5809 ν’
2721 5781 3180 5862 {Vingl-sept.)
