3874 6306
131 270 235 367 se

118 438 341 501 coactus
370 444 486 487 sum
515 429 579 484 ad
607 427 1021 497 confessionem.
1063 427 1192 493 Ecce
1220 428 1360 493 rideo
1397 430 1667 499 opprobria
1693 471 1706 495 ,

117 532 161 586 et
190 539 295 585 non
338 523 535 591 loquor,
575 519 865 587 Utilitatem
902 518 1029 583 dicit
1071 517 1449 587 confessionis;
1503 522 1622 591 quia
1665 520 1709 574 si

118 618 281 691 vellet
313 615 489 677 ridere
516 622 793 683 peccatum
834 629 987 669 suum
1013 655 1027 680 ,
1060 622 1114 675 et
1140 629 1245 677 non
1274 612 1399 677 illud
1428 614 1707 691 proloilui,

116 690 405 771 clamaret,
448 717 504 771 ct
534 721 638 769 non
667 705 1027 773 exaudiretur.
1074 704 1139 773 In
1170 706 1307 767 vultu
1347 723 1455 761 meo
1485 706 1711 765 tenebras

116 802 303 872 posuit.
331 790 781 859 llluminationem
810 798 983 863 vultus
1004 799 1106 871 mei
1135 798 1351 867 abstulit
1377 815 1407 867 a
1430 815 1513 869 me
1533 816 1545 864 ;
1566 798 1711 871 quod

114 891 381 961 contingit
408 891 632 957 aversis.
664 889 729 959 Et
770 889 974 955 abstulit
1004 907 1241 955 coronant
1270 892 1332 944 de
1360 892 1522 965 capite
1554 907 1661 945 meo
1691 906 1711 944 :

114 986 430 1056 dignitatem
470 984 797 1054 spiritualem
820 1026 834 1049 ,
865 999 1024 1053 quam
1060 982 1154 1051 dat
1182 985 1463 1055 sapientia.
1497 983 1564 1037 Et
1602 984 1710 1037 dis-

112 1078 250 1148 rupit
278 1093 363 1149 tne
389 1077 637 1153 undique,
669 1086 713 1129 et
742 1077 860 1129 abii.
890 1076 1077 1145 Omnia
1108 1077 1382 1149 tenebam,
1416 1087 1469 1141 ct
1495 1078 1712 1139 abstulit

112 1168 195 1223 illa
236 1183 271 1227 .a
316 1184 454 1223 me:
504 1167 761 1231 adversus
794 1167 920 1221 illud
963 1169 1103 1239 quod
1148 1177 1425 1239 acceperat
1462 1169 1710 1237 virtutem

112 1257 423 1325 continendi
456 1259 652 1327 omnia.
686 1258 752 1313 Et
777 1260 1053 1321 arbitratus
1079 1270 1150 1314 est
1179 1277 1255 1325 me
1279 1269 1515 1331 tanquam
1542 1261 1712 1313 inimi-

112 1371 245 1423 cum.
280 1354 372 1419 Sic
402 1369 490 1411 me
525 1353 813 1422 judicavit,
846 1354 996 1425 quasi
1028 1355 1075 1417 ei
1114 1370 1394 1420 nocerem,
1443 1354 1487 1409 si
1524 1354 1573 1409 ci
1615 1370 1710 1427 par

111 1462 308 1513 essem.
337 1432 409 1501 Et
438 1446 873 1507 circumdederunt
901 1446 1281 1511 tabernaculum
1306 1464 1469 1511 meum
1498 1465 1512 1513 ;
1540 1462 1633 1505 cor
1657 1456 1710 1507 ct

111 1538 520 1611 conscitmtiam.
554 1535 762 1601 Fratres
803 1538 899 1593 mei
947 1547 1295 1605 recesserunt:
1352 1538 1403 1605 in
1445 1552 1538 1608 spe
1586 1553 1709 1593 cor-

110 1629 402 1695 rectionis,
456 1630 578 1697 quia
621 1627 816 1693 b-atres
860 1636 1024 1697 sunt:
1075 1628 1316 1701 quamvis
1368 1628 1541 1707 primo
1591 1643 1711 1683 cor-

110 1723 405 1779 rectionem
433 1734 607 1783 meam
637 1719 902 1786 aspernati
930 1719 1037 1783 sint
1062 1735 1076 1783 ;
1106 1729 1159 1781 et
1186 1734 1278 1775 eos
1306 1719 1473 1773 secuti
1495 1718 1584 1788 qui
1609 1718 1709 1779 sibi

111 1793 312 1893 aliena,
360 1813 468 1871 hoc
505 1821 585 1866 cst
629 1812 960 1883 perniciosa,
991 1811 1293 1865 suaderent.
1328 1808 1395 1889 Et
1420 1810 1569 1864 amici
1611 1810 1708 1863 mei

111 1905 670 1981 itnptisericardeslacti
684 1915 798 1963 διιηι
822 1923 839 1958 :
858 1906 909 1963 in
925 1905 1074 1963 malis
1096 1903 1473 1974 spiritualibus,
1498 1903 1585 1974 qui
1602 1920 1707 1959 non

111 2000 398 2073 condoluit
446 1997 702 2079 proximis
743 1998 888 2063 suis,
937 1997 1029 2051 scd
1078 1998 1251 2064 potius
1298 2012 1392 2063 eos
1448 1997 1703 2062 irrident;

110 2109 243 2165 quos
270 2108 384 2149 non
432 2091 719 2161 irridercut
746 2089 798 2158 in
835 2089 991 2151 malis
1035 2090 1338 2163 carnalibus
1367 2089 1702 2153 constitutos.
1765 2158 1782 2170 θ

112 2183 177 2237 Et
205 2185 419 2238 scientes
453 2198 631 2237 nomen
679 2198 841 2257 meum
873 2179 1012 2237 obliti
1040 2190 1154 2259 sunt
1189 2197 1265 2251 me
1286 2196 1305 2234 :
1344 2195 1448 2243 non
1492 2195 1578 2239 me
1618 2196 1708 2234 co-

110 2285 465 2349 gnoscentes,
515 2273 655 2349 quod
713 2282 943 2343 mutatus
985 2288 1122 2329 sum.
1180 2271 1343 2329 Vicini
1394 2272 1609 2338 domus,
1659 2280 1708 2325 et

108 2367 310 2437 ancilla:
347 2382 519 2429 metu:
559 2381 679 2422 cum
722 2366 914 2439 quibus
960 2374 1167 2433 secreta
1210 2365 1703 2443 continuiiicabam;

108 2461 418 2531 admoturos
442 2501 458 2525 ,
496 2457 587 2529 qui
617 2457 874 2523 recedunt
915 2456 982 2513 ab
1011 2472 1076 2519 eo
1111 2456 1200 2529 qui
1240 2454 1522 2521 confitetur
1554 2456 1661 2510 Deo
1688 2473 1700 2509 :

111 2552 209 2627 ipsi
234 2555 386 2627 enim
419 2552 671 2611 dicuntur
699 2550 960 2613 ancillari.
992 2547 1203 2623 Servum
1235 2565 1397 2615 meum
1426 2547 1597 2602 vocavi
1616 2588 1630 2611 ,
1658 2555 1707 2600 et

112 2662 211 2717 non
250 2644 561 2721 respondit:
600 2655 689 2711 aut
712 2658 936 2719 corpus,
979 2652 1074 2699 aut
1119 2656 1211 2697 eos
1250 2642 1340 2712 qui
1384 2642 1431 2695 ci
1474 2640 1540 2701 ad
1568 2640 1703 2705 mala

107 2737 433 2809 serviebant.
472 2736 543 2797 05
568 2751 729 2799 meum
753 2732 1116 2812 deprecabatur
1156 2734 1172 2763 ί
1195 2774 1209 2798 ,
1236 2742 1281 2805 et
1303 2732 1541 2803 rogabam
1570 2749 1702 2793 uxo-

108 2844 213 2890 rem
242 2844 413 2895 meam
442 2842 460 2880 :
504 2839 751 2899 tauquam
784 2825 997 2891 dicens,
1042 2823 1210 2887 Quare
1234 2824 1389 2883 tristis
1420 2841 1469 2878 es
1489 2865 1503 2886 ,
1535 2823 1703 2877 anima

110 2920 258 2983 mea?
296 2929 343 2973 et
392 2934 548 2989 quare
592 2914 856 2977 conturbas
890 2932 967 2973 me
996 2913 1165 2989 (Psal.
1206 2931 1322 2980 xu,
1351 2914 1474 2987 1'2)?
1505 2914 1555 2969 id
1597 2924 1699 2984 est,

110 3014 330 3081 cupiens
354 3018 415 3067 ut
444 2990 492 3065 ei
520 3010 839 3081 consentiat,
869 3006 1106 3071 lnvocavi
1130 3006 1392 3060 blandiens
1416 3008 1550 3076 ﬁlios
1574 3008 1701 3061 uteri

109 3102 203 3163 mei
232 3119 252 3157 :
283 3119 421 3172 quos
449 3110 730 3173 genuerat,
761 3100 1090 3170 persuadens
1122 3100 1198 3157 cis
1226 3115 1373 3169 spem
1405 3099 1605 3154 saeculi.
1632 3097 1700 3153 Et

108 3210 231 3264 quos
259 3193 542 3255 dilexerant
560 3235 574 3258 ,
606 3202 1027 3247 consurrexerunt
1053 3192 1105 3244 in
1132 3208 1247 3244 me:
1275 3192 1326 3244 in
1360 3192 1444 3246 illa
1475 3191 1601 3243 vita.
1629 3190 1700 3246 In

109 3295 219 3339 cute
262 3292 678 3353 computruerunt
722 3300 899 3336 carnes
941 3298 1082 3337 meat.
1128 3285 1327 3336 Amore
1370 3299 1552 3337 eorum
1583 3299 1701 3352 qua:

108 3372 416 3439 forinsecus
448 3374 749 3429 sentiuntur
772 3414 787 3438 ,
815 3381 1259 3441 computruerunt
1285 3373 1534 3427 interiora
1563 3388 1698 3427 mea.

105 3464 243 3529 Nam
278 3464 462 3539 utique
494 3464 606 3517 leve
632 3472 742 3527 est,
774 3462 818 3515 si
846 3461 911 3517 ad
938 3462 1167 3516 litteram
1195 3461 1512 3531 accipiamus
1533 3504 1547 3527 ,
1583 3471 1703 3516 tan-

108 3574 272 3635 quam
311 3536 548 3623 Scabiem
580 3555 842 3611 habuerit.
877 3553 943 3609 Et
970 3571 1082 3609 ossa
1111 3572 1219 3610 mea
1244 3556 1296 3608 in
1324 3555 1551 3621 dentibus
1583 3559 1704 3613 meis

109 3657 247 3707 sunt.
289 3647 546 3711 Firmitas
572 3658 625 3701 et
653 3646 903 3709 fortitudo
940 3662 1056 3699 mea
1089 3646 1138 3705 in
1173 3646 1345 3701 verbis
1375 3658 1487 3714 est,
1518 3664 1621 3703 non
1650 3648 1703 3704 in

112 3722 284 3797 factis.
325 3738 634 3793 Miseremini
673 3739 800 3801 mei,
830 3738 1132 3792 miseremini
1161 3738 1256 3792 mei
1278 3780 1290 3801 ,
1320 3755 1348 3792 ο
1374 3740 1542 3793 amici.
1589 3741 1703 3794 An-

112 3834 263 3903 gelos
292 3831 502 3887 videtur
542 3831 849 3903 postulare,
892 3839 948 3885 ut
987 3845 1081 3901 pro
1108 3846 1171 3885 eo
1201 3830 1582 3901 deprecentur,
1613 3842 1704 3889 aut

115 3934 260 3991 certe
306 3933 521 3979 sanctos
564 3934 621 3978 ut
650 3938 746 3993 pro
786 3922 1075 3993 ptcnitcntc
1118 3932 1291 3978 orent.
1341 3922 1529 3978 Manus
1572 3927 1703 3980 enim

118 4013 324 4087 Domini
370 4024 442 4069 est
479 4031 591 4085 qua:
636 4015 792 4084 tetigit
839 4030 933 4068 me.
963 4014 1115 4077 Manu
1156 4015 1364 4083 Domini
1408 4030 1465 4079 se
1505 4025 1700 4073 tactum

119 4105 277 4177 dicit,
322 4116 380 4161 ut
422 4106 627 4163 doleret
670 4108 861 4161 vulnus
908 4122 1091 4173 suum,
1125 4107 1265 4176 quod
1307 4109 1422 4175 sine
1455 4125 1614 4174 sensu
1653 4111 1703 4165 ei

114 4199 230 4271 fuit.
263 4200 436 4271 Quare
465 4216 542 4265 me
574 4200 954 4273 persequimini,
979 4200 1107 4261 sicut
1159 4210 1206 4255 et
1242 4199 1531 4263 Dominus?
1555 4202 1703 4258 dcte-

120 4294 640 4365 statniqicthorrctis
663 4294 797 4347 sicut
824 4292 1108 4359 Dominus;
1140 4294 1222 4348 vel
1246 4294 1550 4363 objurgatis,
1580 4311 1700 4351 cum

118 4383 224 4452 jam
264 4386 541 4447 conﬁtear.
592 4382 671 4439 De
695 4382 928 4451 carnibus
978 4384 1099 4445 meis
1144 4400 1243 4437 non
1282 4385 1556 4447 satiantini.
1586 4385 1699 4442 Non

120 4475 355 4543 gaudetis
376 4517 391 4547 ,
426 4476 469 4530 si
496 4476 777 4533 carnaliter
803 4474 995 4531 vivam.
1030 4473 1162 4528 Stilo
1194 4475 1354 4544 ferreo
1381 4487 1425 4531 et
1450 4477 1654 4545 plumbo
1684 4494 1701 4532 :

124 4574 181 4635 ut
218 4568 667 4638 quemadmodum
712 4566 853 4623 cedit
897 4567 1169 4637 plumbum
1218 4568 1339 4621 stilo
1376 4568 1585 4635 ferreo,
1624 4570 1700 4625 sic

125 4658 309 4723 cedant
333 4660 670 4731 sermonibus
703 4659 834 4715 meis
858 4658 1019 4714 corda
1048 4659 1339 4714 hominum.
1367 4661 1464 4715 Aut
1487 4663 1535 4717 in
1563 4664 1701 4717 testi-

127 4753 420 4825 moniumin
449 4754 602 4824 petris
643 4752 978 4824 sculpantur:
1027 4763 1083 4804 ut
1122 4752 1195 4806 illi
1229 4769 1291 4809 ea
1330 4752 1563 4820 discant,
1613 4756 1700 4824 qui

128 4840 257 4897 ﬁrmi
311 4853 440 4917 sunt
496 4845 561 4901 ad
628 4844 1114 4915 cvangelizandum.
1200 4844 1319 4899 Scio
1398 4848 1529 4900 enim
1581 4848 1701 4917 quia

126 4943 333 5005 retentus
381 4947 455 4993 est
517 4938 602 5011 qui
668 4955 747 4999 me
816 4938 1123 4995 resolutut‘tts
1188 4948 1259 4993 cst
1301 4954 1319 4992 :
1361 4940 1481 5008 quia
1530 4948 1701 5010 potest

130 5038 212 5080 me
248 5043 516 5100 reparare.
561 5030 787 5097 Quorum
821 5047 910 5102 ego
954 5031 1078 5084 milii
1121 5032 1351 5089 conseius
1382 5049 1535 5087 sum:
1578 5035 1701 5104 quia

131 5118 290 5173 merui
315 5120 423 5175 illa.
458 5122 584 5185 Qua:
618 5120 793 5179 oculus
822 5138 960 5189 meus
990 5122 1145 5185 vidit,
1174 5132 1221 5175 et
1256 5140 1355 5183 non
1394 5122 1548 5179 alius.
1590 5124 1702 5181 lloc

132 5213 238 5271 est,
270 5207 431 5264 Nemo
459 5213 550 5264 scit
579 5212 701 5280 quid
721 5220 900 5282 agatur
926 5212 976 5263 in
1007 5211 1238 5279 nomine,
1270 5213 1365 5266 nisi
1388 5215 1595 5283 spiritus
1616 5214 1701 5282 qui

132 5296 185 5355 in
208 5301 312 5372 ipso
348 5317 419 5363 est
445 5308 489 5381 (1
514 5307 630 5363 Cor.
661 5324 693 5363 n
713 5350 727 5374 ,
760 5308 871 5378 Η).
902 5307 967 5367 Et
1008 5308 1175 5369 omnia
1204 5308 1325 5369 nti/ti
1358 5320 1702 5368 consummata

132 5402 243 5453 ξιιηι
268 5395 319 5461 in
344 5400 456 5465 sinu
484 5416 502 5455 :
544 5401 593 5454 in
626 5400 965 5463 interioributi
990 5400 1079 5465 ubi
1108 5417 1265 5463 neuio
1288 5400 1433 5467 Videt
1451 5444 1465 5468 ,
1492 5401 1545 5457 in
1570 5418 1699 5458 cono

135 5482 363 5557 scientia.
408 5491 557 5559 Quod
597 5492 639 5546 si
681 5501 728 5547 et
774 5491 1033 5558 dixeritis,
1084 5493 1217 5559 Quid
1261 5493 1481 5551 dicemus
1527 5505 1702 5553 contra

136 5579 286 5643 09ml
306 5581 605 5651 secundum
630 5584 771 5654 quod
793 5584 994 5647 dictum
1016 5594 1100 5643 est
1128 5586 1284 5643 etiam
1316 5586 1697 5656 spiritualibus,

140 5658 399 5728 Intendens
427 5676 670 5746 teipsum,
705 5692 765 5729 ne
800 5687 845 5745 ct
871 5687 925 5751 tu
950 5678 1149 5755 tentet-is
1177 5675 1369 5749 (Galat.
1404 5695 1485 5746 v1,
1518 5677 1591 5753 1).
1633 5679 1702 5733 Et

196 5774 213 5810 ‘
238 5781 373 5846 idid,
397 5785 709 5846 deprecabar.
735 5794 827 5839 Mss
856 5790 996 5861 juxta
1020 5796 1147 5847 Lxx.
1164 5788 1531 5852 deprecabatur.

1521 314 1720 372 LIBER
1746 311 1945 379 UNUS.

3307 330 3412 385 840

1822 430 2040 484 radicem
2064 433 2305 487 sermonis
2335 432 2638 490 inveniemus
2678 438 2731 491 in
2760 454 2857 492 eo:
2887 447 2944 493 ut
2967 439 3033 495 de
3059 440 3222 510 ipsius
3248 445 3263 475 ¹
3284 460 3410 501 eum

1821 524 2216 577 convincamus.
2260 522 2351 577 Ira
2394 525 2526 578 enim
2569 542 2721 597 super
2759 529 2956 600 iniquos
2998 532 3174 584 veniet.
3204 532 3300 599 Qui
3346 552 3403 590 se

1818 612 2077 666 extollunt
2118 629 2277 685 super
2319 626 2657 685 peccatores,
2706 629 2759 674 et
2806 628 2992 691 putant
3033 637 3091 676 se
3129 624 3262 678 tales
3288 641 3409 682 esse

1819 714 1923 756 neu
1954 718 2139 773 posse,
2172 705 2317 774 ipsos
2343 707 2467 771 dicit
2494 708 2722 776 iniquos.

1889 794 1989 879 [11).
2018 796 2133 871 κλμ]
2159 797 2329 863 Verba
2356 798 2564 868 Sophar
2589 800 2779 854 Minuci.
2818 799 2937 856 Non
2962 803 3094 856 enim
3129 806 3406 877 intelligitis

1819 891 1980 967 magis
2023 908 2172 967 quam
2211 909 2322 965 ego.
2360 892 2436 965 Ad
2471 893 2604 947 alios
2641 908 2699 948 se
2742 896 3033 960 convertit,
3074 899 3160 967 qui
3189 914 3306 952 cum
3339 915 3405 954 eo

1817 979 1917 1037 Job
1942 982 2372 1036 consolabantur.
2403 981 2755 1037 Eruditionem
2792 987 3101 1055 confusionis
3141 1005 3265 1042 mea:
3306 1007 3403 1043 au-

1818 1072 1972 1129 diam.
2004 1074 2229 1145 Obliquc
2265 1076 2374 1129 vult
2401 1084 2459 1129 ut
2484 1075 2582 1130 Job
2620 1076 2799 1130 audiat
2826 1077 3176 1133 eruditionem
3216 1082 3404 1134 confu-

1818 1165 1983 1225 sionis
2008 1182 2156 1221 suzc:
2191 1177 2316 1222 tunc
2346 1169 2485 1222 enim
2516 1177 2689 1239 potest
2728 1168 2885 1224 etiam
2916 1171 3159 1240 spiritum
3194 1176 3405 1243 sapien-

1818 1256 1904 1309 tiae
1933 1259 2205 1327 consequi.
2246 1258 2372 1313 llaec
2396 1268 2571 1314 autem
2602 1261 2801 1315 locutio
2841 1261 3095 1316 solemnis
3122 1272 3202 1317 est
3222 1307 3236 1329 ,
3280 1281 3403 1321 cum

1817 1347 2044 1409 dicimus
2064 1392 2077 1415 ,
2109 1349 2312 1405 Bonum
2336 1359 2417 1405 est
2444 1350 2575 1404 mihi
2603 1361 2660 1404 ut
2684 1365 2897 1405 caveam
2915 1393 2930 1417 ,
2959 1367 3080 1405 nam
3107 1354 3245 1408 male
3273 1356 3404 1410 mihi

1816 1441 1916 1495 erit
1940 1458 1953 1506 ;
1983 1458 2101 1496 cum
2125 1442 2369 1497 volumus
2392 1451 2449 1497 ut
2474 1442 2608 1509 alius
2632 1453 2833 1498 caveat.
2863 1443 3127 1513 Numquid
3151 1447 3257 1499 liceo
3274 1449 3407 1501 nosti

1815 1551 1847 1587 a
1890 1534 2130 1591 scrculis?
2161 1535 2234 1589 Ex
2284 1550 2388 1605 quo
2427 1544 2549 1589 sunt
2594 1534 2817 1599 saacula,
2851 1536 2955 1589 scis
2999 1537 3131 1590 lucc.
3180 1537 3246 1591 Et
3290 1540 3404 1594 lucc

1817 1632 1968 1694 putat
1996 1625 2132 1696 quod
2163 1626 2262 1681 Job
2292 1626 2497 1697 ignoret
2523 1633 2772 1695 tanquam
2800 1626 3011 1695 impius.
3050 1626 3240 1681 Oculus
3267 1629 3404 1682 vide-

1815 1714 1915 1782 bit,
1948 1725 1993 1769 et
2032 1734 2132 1770 non
2172 1716 2395 1787 adjiciet.
2437 1716 2553 1771 Non
2591 1720 2731 1771 cnim
2774 1716 3058 1772 videbitur.
3103 1716 3267 1771 Filios
3293 1721 3406 1789 ejus

1815 1806 2074 1878 disperdat
2102 1808 2286 1879 impius
2311 1824 2328 1862 :
2357 1808 2469 1863 sive
2496 1809 2791 1863 imitatores
2821 1808 2936 1877 cjus
2957 1850 2971 1874 ,
3004 1810 3117 1864 sive
3152 1811 3403 1866 seductos

1815 1897 1882 1952 ab
1910 1910 2003 1953 eo.‘
2027 1897 2093 1952 Et
2131 1916 2310 1953 manus
2338 1901 2447 1971 ejus
2487 1900 2854 1954 succenduntur
2882 1900 3137 1954 doloribus
3164 1918 3181 1954 :
3219 1904 3402 1971 operi-

1813 1989 1911 2044 bus
1941 1990 2058 2059 cjus
2096 1990 2418 2058 crucientur.
2451 1990 2579 2045 Ossa
2615 1992 2723 2061 ejus
2750 1991 2957 2060 impleta
2993 2001 3111 2045 sunt
3138 1993 3407 2063 jnrentute

1813 2083 1940 2153 ejus.
1986 2082 2233 2153 Superbit
2274 2083 2339 2138 de
2382 2083 2632 2137 [inuitato
2672 2099 2786 2137 sua.
2830 2083 3113 2138 Abscondet
3151 2103 3262 2139 eant
3310 2088 3402 2140 sub

1814 2172 1987 2244 lingua
2016 2192 2125 2228 sua.
2158 2174 2273 2230 Non
2304 2175 2446 2230 illam
2475 2176 2861 2231 demonstrabit
2886 2187 3133 2248 tanquam
3160 2178 3397 2246 dolosus,

1813 2274 1867 2319 ut
1899 2265 2054 2320 tacitc
2086 2266 2173 2320 illa
2216 2275 2412 2321 utatur.
2446 2265 2632 2322 Parcet
2676 2267 2721 2321 ei
2740 2310 2754 2335 ,
2788 2280 2831 2322 et
2860 2286 2958 2323 non
2980 2271 3221 2340 relinquet
3262 2288 3395 2325 eam.

1811 2354 2011 2409 Amans
2038 2372 2184 2420 eam,
2213 2367 2266 2412 et
2295 2358 2480 2413 nolens
2506 2373 2567 2413 ea
2597 2374 2807 2425 carere,
2834 2376 2939 2415 non
2962 2376 3077 2415 eam
3108 2377 3395 2433 perseque-

1813 2454 1897 2499 tur
1923 2465 1935 2499 :
1978 2454 2094 2513 aut,
2129 2458 2308 2515 parcet
2342 2449 2390 2503 ei
2426 2449 2678 2503 Dominus
2701 2493 2715 2517 ,
2744 2458 2797 2505 et
2827 2450 2926 2505 hac
2952 2451 3264 2521 impunitate
3293 2470 3401 2509 non

1811 2553 1927 2592 eam
1956 2540 2235 2610 relinquet.
2268 2539 2334 2594 Et
2374 2542 2550 2595 tenebit
2593 2558 2703 2595 eam
2734 2544 2786 2595 in
2817 2542 2979 2597 medio
3020 2554 3222 2615 gutture
3261 2563 3351 2599 suo
3376 2563 3396 2601 :

1813 2640 2059 2703 tanquam
2083 2633 2223 2703 quod
2261 2650 2379 2688 cum
2413 2634 2657 2690 delectat.
2690 2634 2752 2687 Et
2784 2651 2881 2687 non
2915 2637 3094 2703 poterit
3131 2638 3393 2691 subvenire

1809 2726 1922 2780 sibi.
1955 2725 2067 2780 Non
2098 2727 2215 2781 ideo
2239 2742 2295 2781 sc
2327 2727 2590 2782 liberabit.
2624 2725 2719 2780 Fel
2745 2727 2938 2798 aspidis
2964 2729 3014 2781 in
3051 2738 3219 2783 ventre
3245 2732 3352 2799 ejus
3380 2746 3401 2784 :

1810 2816 1861 2870 in
1891 2816 2228 2872 interioribus
2250 2859 2262 2881 ,
2292 2818 2345 2871 in
2389 2818 2608 2873 occultis
2638 2817 2840 2872 habens
2864 2819 3088 2873 nocendi
3121 2822 3395 2875 malitiam.

1808 2907 2013 2964 Divitiae
2050 2911 2218 2982 inique
2243 2921 2560 2981 congregata:
2597 2922 2928 2966 evomentur:
2969 2927 3086 2967 cum
3133 2924 3398 2970 tormento

1808 3002 2118 3057 interiorum
2164 3011 2218 3057 et
2259 3017 2505 3072 pressura
2552 3002 2748 3057 cordis.
2804 3000 2874 3055 De
2924 3004 3071 3058 domo
3120 3006 3228 3074 eius
3277 3024 3398 3073 pro-

1808 3094 1969 3147 trahet
1996 3110 2109 3147 eum
2153 3094 2381 3163 angelus.
2429 3092 2884 3164 Quandocumque
2919 3094 3401 3152 manifestabuntur

1808 3186 2014 3240 occulta
2057 3184 2171 3255 ejus
2218 3200 2309 3255 per
2356 3184 2744 3238 tribulationcs.
2798 3181 2863 3235 Et
2904 3184 3079 3253 furore
3120 3186 3400 3240 draconum

1808 3276 2017 3348 fulgebit
2045 3277 2064 3306 ²
2083 3292 2102 3327 :
2134 3284 2190 3329 ut
2216 3275 2303 3329 ille
2329 3274 2416 3344 qni
2446 3275 2617 3345 primo
2637 3275 2877 3329 occultus
2902 3274 3018 3342 fuit,
3048 3276 3401 3332 tribulationi-

1808 3364 1907 3419 bus
1953 3364 2219 3434 proditus,
2264 3363 2441 3417 furore
2481 3364 2773 3418 draconum
2812 3365 3007 3435 fulgeat
3037 3367 3144 3433 jam
3197 3370 3392 3437 palam.

1809 3454 2087 3523 Interﬁciat
2118 3455 2263 3507 illum
2291 3455 2464 3524 lingua
2492 3456 2703 3508 colubri.
2737 3454 2966 3509 Seducat
2987 3473 3107 3510 cum
3128 3458 3393 3515 diabolus.

1808 3545 1877 3599 Et
1906 3563 2004 3599 non
2030 3546 2192 3599 videat
2223 3545 2489 3598 mulctram
2531 3562 2767 3616 perurunt
2798 3561 2816 3598 :
2860 3544 3059 3600 fructus
3094 3549 3300 3612 ovium,
3344 3552 3398 3605 id

1810 3646 1922 3705 est,
1960 3636 2177 3707 justitia:
2217 3650 2379 3704 opera
2420 3651 2525 3689 non
2560 3635 2746 3702 faciat,
2777 3644 2836 3689 ut
2875 3652 2933 3691 sc
2974 3637 3095 3692 inde
3140 3638 3400 3708 intelligat.

1809 3744 1967 3800 posse
2008 3728 2215 3782 redimi.
2269 3725 2444 3794 Neque
2482 3724 2670 3796 pabula
2716 3726 2879 3781 mellis
2915 3740 2960 3781 et
2996 3728 3202 3799 butyri:
3234 3746 3398 3799 opera

1810 3820 1947 3875 bona
1985 3835 2106 3873 cum
2145 3818 2403 3873 charitate
2441 3826 2491 3872 et
2522 3818 2786 3873 hilaritate
2812 3819 3018 3886 cordis,
3067 3831 3120 3876 ct
3154 3822 3396 3892 largitate

1810 3910 2114 3983 praebentis.
2148 3910 2401 3977 Butyrom
2430 3907 2571 3963 enim
2598 3909 2680 3962 lac
2706 3910 2897 3979 pingue
2925 3920 3026 3964 est.
3056 3909 3122 3965 In
3148 3928 3327 3966 vanum
3352 3922 3401 3968 et

1811 4006 2000 4075 frustra
2026 4000 2305 4055 laboravit:
2342 4001 2461 4071 quia
2490 4015 2594 4054 non
2628 4000 2870 4069 intelligit
2898 4000 3011 4056 haec
3051 4001 3117 4057 dc
3149 4003 3229 4059 his
3266 4020 3397 4073 cpe-

1809 4095 2004 4161 rando,
2038 4110 2157 4165 qua:
2182 4093 2246 4147 ad
2276 4092 2697 4148 miscricordiam
2726 4094 3007 4162 pertinent.
3037 4093 3188 4150 Unde
3213 4106 3265 4150 et
3290 4098 3397 4151 Do-

1810 4188 1984 4242 minus
1996 4186 2242 4257 butyrum
2260 4192 2313 4239 et
2330 4184 2433 4238 mel
2451 4183 2644 4238 dicitur
2659 4182 2977 4238 manducare
2997 4183 3147 4257 (lsai.
3167 4202 3260 4251 vn,
3280 4187 3392 4256 15),

1808 4280 1928 4351 quia
1952 4280 2063 4334 11ωο
2088 4278 2162 4333 illi
2181 4280 2230 4332 in
2252 4277 2538 4332 humilibus
2564 4280 2677 4345 ejus
2701 4278 3019 4346 praebentur.
3048 4279 3174 4343 Qua:
3190 4288 3397 4349 egerunt

1808 4383 1862 4426 ut
1892 4373 2073 4426 durum
2103 4373 2264 4442 quid:
2302 4370 2443 4440 quod
2473 4370 2652 4424 ntandi
2686 4386 2789 4424 non
2820 4379 3019 4441 potest,
3064 4388 3161 4427 nec
3192 4374 3395 4444 glutiri.

1812 4463 2007 4517 Durum
2037 4462 2216 4516 nescio
2242 4460 2367 4531 quid
2397 4470 2477 4515 est
2498 4501 2513 4526 ,
2544 4470 2699 4529 puto,
2730 4461 2980 4531 iniquitas
3012 4463 3092 4517 vcl
3120 4465 3392 4533 superbia.

1809 4552 1875 4607 In
1903 4552 2150 4607 desiderio
2178 4568 2267 4605 suo
2298 4566 2396 4604 non
2428 4550 2699 4604 salvabitur
2719 4570 2737 4605 :
2768 4552 2888 4619 quia
2916 4552 3090 4623 iniqua
3115 4552 3393 4610 desidera-

1808 4646 1901 4699 vit.
1933 4642 2054 4697 Non
2084 4652 2228 4697 erunt
2256 4643 2480 4713 reliquiae
2505 4641 2567 4696 de
2592 4642 2712 4696 cibis
2749 4643 2877 4716 ejus.
2911 4644 3259 4701 Transierunt
3297 4664 3393 4703 cuc

1807 4738 2053 4810 piditates
2080 4736 2214 4805 ejus.
2248 4734 2372 4789 Cum
2400 4735 2639 4806 putaverit
2668 4752 2722 4789 se
2745 4736 2988 4805 repletum
3012 4754 3135 4803 esse,
3167 4750 3394 4794 coarcta-

1809 4833 1958 4885 bitur.
1988 4829 2101 4885 Non
2135 4838 2241 4883 tam
2280 4828 2496 4883 satietas
2528 4838 2608 4882 est
2641 4828 2707 4883 de
2760 4830 3085 4899 plenitudine
3136 4832 3392 4899 cupidita-

1808 4930 1945 4988 tum,
1992 4936 2149 4993 quam
2196 4934 2463 4990 pressura.
2502 4917 2565 4973 Si
2602 4936 2700 4990 quo
2742 4921 2890 4975 modo
2930 4923 3135 4991 implent
3174 4933 3390 4975 ventrem

1808 5031 1976 5069 suum.
2019 5011 2162 5068 Talis
2198 5013 2487 5068 necessitas
2530 5012 2577 5067 ei
2616 5014 2823 5077 veniet,
2869 5022 2927 5067 ut
2969 5014 3168 5067 dubitet
3213 5022 3390 5068 utrum

1808 5105 2025 5175 impleat
2054 5113 2292 5159 ventrem
2321 5119 2509 5167 suum;
2536 5118 2654 5158 cum
2680 5104 2856 5172 utique
2884 5103 2979 5156 ista
3010 5103 3127 5156 ideo
3149 5119 3391 5172 qtneran-

1808 5206 1927 5263 tur,
1978 5205 2035 5251 ut
2080 5197 2305 5267 pellatur
2346 5195 2653 5250 necessitas.
2697 5195 2808 5249 Hoc
2846 5202 3020 5247 autem
3065 5194 3225 5258 dixit,
3268 5198 3391 5265 quia

1810 5298 1957 5344 tanto
2002 5288 2121 5358 plus
2160 5288 2337 5357 cupit,
2387 5293 2584 5356 quanto
2635 5286 2748 5354 plus
2795 5285 3054 5339 habuerit.
3109 5284 3176 5338 Et
3205 5286 3390 5339 emittet

1808 5395 1961 5451 super
1988 5394 2097 5433 eum
2142 5377 2363 5447 furorem
2390 5375 2666 5430 iracundia:
2687 5390 2707 5429 :
2736 5376 2856 5444 quia
2894 5391 3002 5429 non
3042 5376 3172 5430 vidit
3210 5376 3387 5433 facere.

1809 5486 1969 5543 opera
2013 5470 2171 5525 bona.
2226 5466 2457 5522 Volneret
2498 5483 2614 5521 eum
2666 5467 2847 5537 sagitta
2892 5483 3065 5522 wrea:
3110 5478 3389 5540 perpetua.

1871 5609 1889 5640 ί
1914 5613 2011 5665 Eia,
2031 5610 2083 5654 ut
2100 5604 2161 5653 de
2178 5601 2313 5664 ipsis.
2363 5608 2421 5650 tt.

1870 5672 1891 5733 ξ
1914 5664 2029 5733 Mss.
2053 5664 2494 5733 aliquot,furorem
2523 5677 2540 5713 :
2564 5665 2653 5715 sed
2679 5677 2848 5733 omnes
2871 5665 3051 5733 habent
3088 5676 3273 5731 postea,
3296 5668 3397 5733 (uls;
3448 5668 3453 5675 ’

1840 5729 1969 5793 obit;
1992 5726 2161 5791 sicque
2186 5726 2369 5790 legisse
2404 5728 2595 5793 videtur
2634 5728 2925 5793 Augustinus
2943 5766 2957 5790 ,
2982 5726 3102 5781 licet
3118 5744 3245 5781 nunc
3262 5726 3395 5793 apud

1944 5770 2199 5848 maia;
2415 5770 2876 5857 iacuimus};
