3874 6320
468 404 572 465 84⁸1

467 522 796 577 Pcrtranseat
840 521 1023 579 corpus
1062 502 1173 577 ejus
1196 499 1450 570 jacutum.
1499 494 1746 548 Penetret
1787 501 1907 543 eum
1934 495 2053 540 ten-

470 612 635 676 tatio,
667 614 725 660 ut
745 611 800 659 et
837 600 906 656 de
931 576 1020 653 bis
1205 598 1416 660 sperat,
1445 593 1498 640 et
1522 583 1590 639 de
1614 581 1696 637 his
1734 595 1853 651 qua:
1892 576 2054 631 relin-

470 703 617 775 quit,
672 697 1009 757 vulneretur,
1067 696 1318 755 tanquam
1361 696 1390 733 a
1445 687 1658 748 pectore
1705 688 1800 745 per
1851 680 2057 741 tergum

472 769 747 863 trajectus.
782 784 1013 855 Fulgura
1055 780 1110 832 in
1135 771 1470 831 tabernaculis
1505 769 1654 840 ejus:
1696 775 1931 820 terrores
1975 776 2061 817 re-

474 854 677 957 pentini
706 881 757 933 in
798 854 1206 945 cogitationibus
1240 866 1375 936 ejus.
1418 859 1598 915 Ltedat
1625 856 1817 910 advena
1857 854 2063 907 domum

474 945 623 1049 ejus:
663 968 934 1033 diabolus,
965 964 1055 1036 qui
1085 958 1410 1017 adventitius
1436 962 1520 1010 est
1547 951 1612 1006 ad
1640 947 1985 1012 tentandum;
2017 945 2063 1000 si

475 1036 689 1143 quidem
717 1064 907 1119 habeat
935 1059 1096 1114 homo
1133 1056 1293 1110 etiam
1336 1047 1579 1122 proprias
1607 1044 1949 1101 tentationes.
1994 1036 2063 1091 Et

475 1128 672 1231 detegat
709 1154 886 1209 caelum
916 1150 1202 1221 iniquitates
1243 1145 1351 1215 ejus
1379 1158 1397 1195 :
1428 1138 1649 1196 caeleste
1676 1133 1954 1206 judicium.
1997 1128 2065 1183 Et

479 1222 725 1327 possessio
744 1247 989 1301 bonorum
1018 1242 1127 1311 ejus
1155 1238 1219 1293 ab
1240 1236 1472 1306 episcopo
1498 1232 1539 1283 ί.
1570 1229 1695 1285 Haec
1719 1225 1794 1282 illi
1815 1222 2067 1294 largietur

475 1349 641 1404 Deus.

559 1438 668 1513 [Ib.
698 1432 847 1505 un]
878 1428 1051 1485 Verba
1093 1423 1217 1480 Job.
1247 1420 1314 1475 Et
1343 1435 1445 1474 non
1471 1417 1535 1473 sit
1561 1413 1685 1469 mihi
1722 1429 1755 1465 a
1787 1409 1922 1466 vobis
1964 1408 2067 1461 (nec

476 1498 758 1587 consolatio
798 1498 953 1592 :Cqua
1000 1515 1196 1590 putatis
1226 1510 1381 1567 bonis
1421 1504 1799 1578 temporalibus
1834 1498 2070 1571 gauden-

480 1626 632 1689 dum,
663 1634 783 1675 cum
806 1589 1105 1671 communia
1137 1608 1243 1662 sint
1270 1604 1371 1675 piis
1396 1614 1451 1659 et
1475 1599 1687 1670 impiis;
1720 1593 1837 1651 etsi
1860 1589 2070 1663 quando

481 1716 602 1787 quis
629 1712 839 1780 iniquus
866 1713 1043 1769 esset,
1077 1701 1199 1755 hinc
1238 1699 1288 1752 in
1316 1711 1438 1751 eum
1469 1689 1725 1747 vindicari
1763 1704 1776 1739 :
1807 1701 1928 1741 cum
1970 1681 2071 1738 Job

485 1774 630 1863 dicat
664 1774 833 1871 usque
867 1796 935 1851 ad
970 1792 1274 1864 sepulcrum
1300 1797 1613 1857 permanere
1652 1780 1789 1834 bona
1842 1776 1942 1830 ista
1981 1774 2073 1827 im-

484 1898 609 1970 piis,
637 1902 690 1949 et
724 1868 829 1946 non
856 1890 907 1943 in
933 1900 1027 1941 eos
1053 1898 1146 1954 per
1167 1896 1229 1937 ea
1266 1874 1541 1933 vindicari.
1576 1870 1709 1937 Quid
1738 1868 1904 1929 enimz
1930 1881 2074 1919 num-

486 1960 607 2061 quid
632 1988 853 2040 humana
881 1989 952 2036 est
973 1976 1234 2048 castigatio
1258 1970 1413 2026 mea?
1442 1969 1485 2023 A
1512 1967 1621 2021 Deo
1646 1972 1729 2019 est
1754 1961 1882 2018 mihi
1911 1960 2073 2016 casti-

485 2050 649 2152 gatio.
693 2076 873 2145 Itaque
899 2081 952 2125 et
992 2070 1107 2140 ipse
1145 2072 1317 2136 potest
1344 2056 1642 2118 consolari,
1688 2070 1789 2109 non
1821 2067 1935 2106 vos.
1977 2050 2075 2103 Aut

484 2187 643 2244 quare
672 2186 771 2222 non
799 2164 1025 2221 irascar?
1049 2160 1223 2217 Nolite
1251 2171 1380 2226 ergo
1413 2166 1498 2208 me
1527 2151 1598 2205 ita
1624 2145 1885 2203 consolari
1910 2161 1923 2198 :
1955 2158 2077 2197 nam

487 2234 775 2331 impiorum
817 2258 997 2325 utique
1036 2250 1342 2305 felicitatem
1386 2242 1560 2297 video.
1598 2238 1851 2309 Respicite
1874 2234 1942 2289 ad
1980 2250 2076 2297 me,

489 2364 539 2409 et
568 2347 888 2406 admiramini
916 2361 932 2399 :
963 2355 1213 2412 tanquam
1243 2335 1417 2392 inania
1444 2333 1731 2389 dicentem.
1760 2328 1823 2384 Si
1849 2327 1979 2382 enim
2002 2340 2082 2380 re-

490 2443 687 2504 corder,
720 2436 1000 2509 perturbor.
1025 2428 1371 2499 lndiguitales
1402 2424 1651 2478 humana:
1680 2420 1825 2484 vitte,
1864 2416 2081 2473 rediens

491 2535 563 2591 ad
592 2533 837 2587 allectum
886 2522 1207 2597 praeteritum
1236 2521 1255 2551 ³
1294 2517 1362 2572 ab
1402 2517 1505 2571 isto
1547 2514 1600 2569 in
1643 2528 1748 2583 quo
1786 2525 1925 2564 nunc
1964 2516 2081 2572 est,

492 2626 795 2683 conlitetur.
826 2619 893 2672 Et
925 2622 1154 2670 tenentur
1186 2626 1361 2664 carnes
1389 2622 1514 2661 mea:
1538 2604 1796 2660 doloribus
1822 2618 1838 2655 :
1862 2599 2087 2655 carnali-

492 2730 575 2775 ter
601 2717 779 2772 doleo.
815 2713 984 2778 Quare
1014 2704 1157 2775 impii
1182 2701 1392 2756 vivunt?
1422 2698 1623 2765 Quierit
1653 2694 1719 2749 ab
1739 2694 1818 2748 eis
1837 2706 2085 2755 causam,

495 2810 619 2882 quia
646 2804 896 2861 dicebant
924 2800 1011 2854 hic
1053 2797 1105 2850 in
1135 2794 1324 2864 impios
1348 2789 1624 2845 vindicari.
1659 2784 1724 2839 Et
1764 2790 2085 2853 permanent,

494 2878 626 2955 sicut
666 2902 936 2955 vetustate,
974 2904 1086 2943 oves
1118 2900 1289 2940 eorum
1315 2898 1333 2936 :
1360 2896 1465 2951 quo
1503 2878 1661 2932 modo
1690 2882 1910 2945 possunt
1935 2882 2089 2928 vetu-

499 3000 638 3047 state
662 2994 1039 3058 perseverare;
1073 2992 1179 3032 non
1199 2974 1339 3029 enim
1368 2984 1577 3038 semper
1604 2973 1778 3021 erunt.
1808 2962 1971 3016 Erant
1998 2978 2092 3014 au-

503 3090 604 3135 tem
636 3078 688 3129 in
728 3072 957 3127 manibus
987 3083 1155 3122 eorum
1198 3066 1345 3118 bona.
1376 3060 1490 3115 Non
1524 3057 1641 3113 tulit
1676 3056 1755 3109 eis
1781 3055 1916 3110 bona
1948 3053 2090 3123 ipsa,

497 3184 629 3225 cum
662 3166 777 3219 haec
797 3163 1055 3217 dicerent.
1082 3156 1195 3209 Iino
1218 3170 1350 3219 vero,
1384 3150 1653 3219 impiorum
1680 3148 1881 3200 lucerna
1906 3144 2096 3198 exstin-

503 3271 688 3334 guetur
714 3274 732 3309 :
762 3253 977 3311 claritas
1004 3247 1331 3319 temporalis,
1358 3241 1565 3299 etiamsi
1606 3254 1710 3294 non
1739 3238 1875 3292 sicut
1904 3236 1989 3290 isti
2018 3235 2097 3289 in-

505 3326 834 3422 telligebant.
860 3343 1111 3413 Deﬁciunt
1133 3338 1229 3410 ﬁlii
1252 3338 1360 3407 ejus
1384 3336 1512 3389 bona
1542 3333 1649 3402 ejus
1678 3346 1695 3384 :
1721 3330 1856 3384 bona
1877 3343 1994 3397 quae
2019 3326 2098 3380 eis

501 3418 791 3518 persuasit,
824 3435 1134 3509 temporalia
1156 3431 1378 3495 scilicet,
1401 3436 1491 3481 aut
1514 3421 1846 3487 Antichristi,
1872 3427 1963 3474 aut
1987 3418 2100 3473 dia-

505 3510 637 3591 boli.
680 3532 894 3586 Videant
913 3528 1046 3582 oculi
1071 3526 1180 3597 ejus
1201 3536 1368 3576 necent
1394 3534 1559 3573 suam.
1588 3514 1860 3585 Significat
1884 3520 1938 3567 et
1963 3510 2101 3565 hanc

507 3624 917 3699 prosper-halent
948 3615 1179 3687 ignorari
1229 3613 1296 3667 ab
1335 3609 1417 3664 his
1464 3608 1553 3678 qui
1600 3606 1699 3660 hac
1738 3602 1972 3675 gaudent
2000 3620 2012 3655 :
2044 3601 2101 3655 in

506 3693 688 3772 futuro
720 3724 897 3769 autem
920 3708 987 3764 ad
1017 3720 1232 3762 sensum
1260 3703 1419 3758 etiam
1449 3697 1731 3770 impiorum
1760 3693 2098 3763 perducetur.

512 3809 646 3876 Quia
686 3807 827 3863 nulla
857 3803 1087 3858 voluntas
1112 3800 1220 3871 ejus
1260 3796 1312 3848 in
1354 3794 1503 3847 domo
1531 3806 1627 3845 sua
1660 3798 1769 3858 post
1794 3803 1904 3840 eum
1930 3801 1947 3840 :
1976 3785 2101 3855 quia

512 3903 568 3958 in
597 3896 923 3954 conscientia
962 3907 1057 3948 sua
1099 3888 1380 3945 Dominum
1421 3899 1526 3938 non
1568 3879 1838 3936 consecuti
1886 3888 2006 3932 sunt
2048 3876 2103 3932 in

514 3985 965 4048 tribulationibus.
994 3982 1132 4037 Licet
1157 3992 1390 4033 numerus
1412 3972 1657 4028 mensiunt
1680 3972 1789 4041 ejus
1811 3968 2103 4022 dimidiatus

517 4084 625 4139 sit:
654 4078 892 4151 quamvis
935 4080 1253 4144 praesentem
1290 4068 1511 4124 coluerit
1542 4064 1743 4127 Deum,
1778 4070 1953 4116 tamen
1981 4060 2104 4130 quia

515 4190 624 4230 non
661 4181 713 4227 et
735 4169 910 4223 futura
937 4163 1189 4235 speravit,
1222 4159 1360 4231 quod
1388 4168 1466 4213 est
1498 4158 1684 4227 plenus
1713 4155 1973 4209 mensium
2003 4168 2104 4206 nu-

520 4280 723 4322 merus.
775 4259 897 4329 Ipse
930 4257 1060 4312 enim
1090 4252 1360 4309 homicidia
1389 4250 1610 4321 judicat.
1638 4247 1771 4315 Quia
1810 4246 1957 4315 impii
1983 4259 2104 4298 cum

520 4353 885 4432 persuaserint
932 4349 1256 4419 impietatem
1303 4358 1396 4413 per
1439 4340 1773 4395 dilectionem
1813 4336 2105 4392 carnalium

516 4451 850 4521 impietatum
870 4487 885 4512 ,
918 4443 1093 4499 futuro
1129 4437 1323 4494 succqu
1364 4436 1543 4506 utique
1585 4434 1851 4489 occidunt.
1882 4432 1997 4487 Non
2027 4442 2107 4487 ta-

520 4560 646 4601 men
675 4543 796 4597 talia
819 4534 1100 4592 homicidia
1118 4532 1355 4603 judicant
1378 4528 1640 4595 homines,
1662 4528 1755 4583 sed
1777 4527 1923 4582 solus
1946 4526 2104 4581 Deus.

526 4634 630 4690 Hic
656 4633 894 4687 morietur
914 4631 966 4682 in
993 4624 1168 4680 robore
1191 4622 1526 4692 simplicitatis
1550 4636 1673 4676 sate.
1706 4620 1926 4676 Videtur
1949 4633 2108 4675 exse-

528 4728 622 4799 qui
663 4725 869 4780 occulta
899 4719 1203 4783 homicidia,
1234 4730 1659 4771 commemorans
1689 4715 1888 4786 largum
1922 4729 2104 4779 unum,

526 4828 584 4876 et
608 4818 771 4872 alium
800 4829 1052 4878 avarum;
1083 4811 1204 4882 quia
1235 4809 1476 4864 homines
1504 4806 1856 4872 abundantes,
1895 4814 1950 4861 et
1978 4806 2110 4875 largi

528 4918 784 4984 putantur
808 4915 862 4963 et
886 4905 1032 4960 boni.
1061 4902 1305 4957 Intestina
1338 4902 1448 4972 ejus
1473 4899 1620 4972 plena
1650 4906 1768 4952 sunt
1792 4898 1982 4969 adipe:
2012 4896 2109 4951 Ita-

526 5002 620 5061 bet
643 5000 896 5055 Ιωιίιὶίιιιι.
924 4995 991 5050 Et
1019 4994 1239 5049 medulla
1259 5008 1431 5046 eorum
1455 4989 1758 5056 diffunditur
1787 5004 1804 5042 :
1835 4988 2111 5044 intestino-

527 5109 681 5157 rum;
710 5090 829 5162 quia
856 5106 961 5144 non
993 5095 1139 5143 tenet
1165 5085 1303 5139 intra
1336 5097 1393 5136 se
1425 5082 1559 5135 bona
1589 5095 1704 5143 sua,
1738 5080 1833 5135 sed
1858 5080 2114 5150 impendit

527 5186 619 5243 illa
646 5183 733 5239 vel
761 5184 811 5238 in
840 5198 919 5248 se,
943 5180 1025 5235 vel
1053 5180 1105 5232 in
1132 5176 1269 5230 aliis.
1296 5173 1475 5241 Itaque
1500 5171 1603 5226 scio
1624 5187 1708 5225 vos
1727 5172 1970 5226 audacter
1990 5172 2112 5225 mihi

529 5277 776 5333 insistere.
809 5272 926 5328 Non
959 5270 1103 5327 enim
1141 5264 1475 5321 considerate
1511 5261 1704 5318 dicitis.
1754 5261 1887 5327 Quia
1924 5262 2109 5332 dicitis,

529 5370 636 5427 Ubi
667 5378 737 5424 est
772 5368 949 5422 domus
982 5361 1259 5436 principis?
1296 5358 1379 5414 vel
1420 5357 1699 5428 impiorum
1738 5358 1820 5411 vel
1855 5357 2108 5428 superbi;

524 5465 651 5535 quia
676 5461 926 5533 putabant
948 5458 1032 5512 hic
1053 5455 1131 5510 eis
1155 5454 1348 5509 auferri
1369 5452 1527 5518 bona,
1550 5465 1671 5507 cum
1695 5449 1933 5520 plerique
1952 5449 2113 5505 etiam

592 5602 610 5672 ξ
636 5599 772 5657 editi,
795 5596 855 5648 ab
870 5595 990 5661 ipso.
1010 5600 1067 5644 At
1085 5598 1213 5653 Mss,
1236 5590 1298 5642 ab
1320 5588 1539 5655 episcOpo
1560 5600 1577 5639 :
1596 5588 1737 5651 juxta
1751 5592 1879 5647 Lxx,
1899 5598 2021 5650 para
2034 5592 2115 5638 tou

525 5675 797 5729 epsswpou.

595 5710 743 5772 ἶ
758 5757 774 5780 ,
796 5722 861 5770 ad
884 5721 1101 5783 enectum
1128 5714 1449 5783 perterritum.
1478 5721 1579 5783 Am.
1608 5718 1784 5783 et_F.r.,
1806 5710 1871 5783 a_d
1894 5710 2116 5783 aﬂ‘ectum

530 5771 857 5849 perterritum.
877 5771 1117 5849 Piiuloque
1128 5771 1245 5842 'pcst
1266 5777 1577 5830 r‘toriacensis
1593 5774 1747 5826 codex
1766 5771 2009 5835 habet,"in
2024 5784 2116 5837 quo

531 5846 661 5900 itum
681 5851 768 5902 est.
803 5854 911 5896 cum
932 5846 1198 5902 confitetur.

1430 366 1965 437 ANNO'I‘ATIONUM
2005 368 2070 427 IN
2109 358 2248 432 108,
2288 358 2345 419 S.
2386 353 2751 417 AUGUSTINI

2170 474 2310 546 pleni
2350 472 2434 527 his
2468 470 2628 524 vitam
2664 466 2898 522 ﬁnierint
2936 477 3030 535 per
3066 476 3136 519 ea
3178 458 3472 532 puniendi.
3503 458 3568 537 Et
3606 456 3676 517 ubi
3697 476 3751 519 at

2166 565 2392 621 velamen
2417 563 2470 615 in
2508 558 2845 615 tabernaculis
2869 554 3198 626 impiorum?
3239 551 3442 608 honor.
3470 548 3750 624 Interrogate

2167 674 2251 713 eos
2281 654 2365 727 qui
2400 661 2656 708 transeunt
2691 666 2781 721 per
2808 649 2941 703 viam
2971 662 2989 701 :
3016 646 3108 718 qui
3156 659 3273 701 non
3322 642 3648 700 delectantur
3668 645 3749 712 via,

2169 748 2262 805 sed
2291 753 2568 803 transeunt
2587 758 2683 817 per
2702 758 2842 799 eam.
2865 740 2933 796 Et
2951 743 3098 815 signa
3124 756 3314 796 eorum
3336 755 3440 794 non
3463 738 3750 811 ignorabitis:

2169 841 2252 895 vel
2284 839 2568 910 impiorum
2608 850 2728 907 qua:
2770 833 2900 889 dant
2942 841 3299 889 transeuntes
3324 871 3339 895 ,
3387 830 3623 886 dicentes
3654 832 3752 901 quid

2170 935 2286 989 eis‘
2315 933 2549 988 futurum
2588 929 2689 994 sit;
2734 927 2820 984 vel
2863 942 2894 982 a
2941 926 3137 998 quibus
3173 932 3577 996 cognoscantur
3614 923 3749 992 impii.

2174 1024 2301 1091 Quis
2339 1022 2659 1078 annuntiabit
2702 1036 2874 1075 coram
2914 1035 2972 1073 eo
3012 1019 3151 1072 viam
3195 1017 3355 1088 ejus?
3396 1013 3585 1071 Coram
3624 1015 3753 1086 impio

2172 1122 2310 1175 viam
2338 1133 2488 1173 suam
2515 1130 2695 1175 nemo.
2724 1114 2826 1169 nisi
2851 1112 3107 1169 Dominus
3131 1109 3433 1166 annuntiat
3454 1107 3751 1177 ﬁducialiter,

2173 1210 2295 1282 quia
2324 1209 2436 1280 ipse
2478 1208 2526 1263 ei
2556 1203 2866 1276 respondet.
2907 1202 2975 1258 Et
3005 1214 3187 1258 tamen
3218 1210 3273 1256 et
3310 1202 3423 1272 ipse
3460 1199 3694 1255 Dominus
3715 1200 3753 1253 in

2173 1300 2472 1373 sepulcrum
2503 1297 2746 1352 deductus
2781 1303 2873 1350 est.
2923 1294 2999 1349 Ita
3038 1307 3260 1348 merces
3306 1292 3524 1363 pietatis
3559 1305 3655 1346 non
3688 1290 3751 1348 hic

2176 1391 2441 1465 speranda
2483 1398 2585 1447 est.
2634 1387 2704 1442 Et
2740 1404 2893 1459 super
2930 1402 3169 1441 acervum
3201 1386 3460 1457 vigilavit.
3491 1383 3620 1440 Ante
3641 1384 3753 1441 enim

2176 1483 2292 1553 ipse
2330 1480 2658 1545 resurrexit,
2694 1491 2853 1547 quam
2883 1490 3107 1532 acervus
3151 1481 3472 1545 resurgeret
3510 1488 3750 1544 resurgen-

2177 1573 2330 1629 tium.
2366 1570 2556 1625 Dulces
2594 1569 2801 1639 fueruut
2828 1568 2875 1623 ei
2899 1567 3095 1638 lapides
3135 1565 3385 1621 torrentis
3417 1580 3436 1619 :
3464 1578 3594 1635 quos
3621 1578 3753 1619 sacu-

2178 1665 2287 1721 lum
2320 1678 2427 1719 non
2449 1660 2727 1726 subvertit,
2761 1659 2811 1714 id
2832 1667 2917 1715 est
2941 1657 3248 1729 discipulos
3274 1671 3429 1711 suos.
3458 1654 3529 1710 Et
3551 1665 3752 1725 postem

2180 1759 2343 1814 omnis
2376 1756 2525 1811 homo
2568 1755 2812 1825 sequitur,
2856 1761 3041 1807 etaute
3068 1768 3189 1806 eum
3231 1747 3636 1804 innumerabiles.
3674 1750 3754 1803 Aut

2182 1859 2424 1922 posteum
2444 1848 2607 1902 omnis
2633 1848 2804 1911 homo,
2836 1846 2888 1900 id
2918 1852 3019 1909 est,
3042 1858 3187 1899 unus
3221 1843 3392 1898 homo
3422 1858 3436 1895 :
3465 1851 3511 1895 st
3535 1850 3640 1897 ante
3665 1856 3753 1895 eum

2180 1940 2585 2005 innumerabiles,
2606 1937 2695 2010 qui
2710 1950 2848 1993 nunc
2877 1936 2930 1992 in
2960 1951 3188 1991 numero
3210 1933 3497 1989 hominum
3512 1931 3716 2002 deputati
3735 1932 3751 1961 ⁸

2182 2047 2325 2093 sunt.
2376 2036 2481 2090 Aut
2518 2041 2636 2104 post
2682 2047 2802 2087 eum
2842 2029 2994 2085 turba
3024 2028 3394 2093 credentium,
3426 2035 3482 2083 et
3523 2034 3635 2081 ante
3658 2038 3749 2078 eum

2183 2125 2507 2184 Patriarclne
2527 2133 2581 2181 et
2608 2122 2909 2193 Propheta.
2940 2120 3213 2187 Quomodo
3232 2136 3355 2190 ergo
3371 2116 3677 2173 consolamini
3694 2132 3752 2169 me

2183 2218 2442 2273 inaniter?
2463 2215 2746 2286 praisentia
2776 2213 2915 2269 bona
2940 2212 3021 2268 vel
3051 2213 3197 2268 mala
3224 2210 3531 2267 suadentes.

2262 2310 2377 2384 [|b.
2406 2306 2566 2380 χχιι]
2592 2306 2765 2361 Verba
2782 2303 3001 2375 Eliphaz
3019 2302 3386 2360 Themanitis.
3416 2299 3590 2356 Nonne
3614 2293 3750 2353 Domi.

2187 2417 2282 2455 nus
2306 2409 2376 2454 est
2400 2399 2487 2464 qui
2513 2408 2657 2452 aocet
2677 2413 2878 2452 sensum
2899 2405 2945 2449 et
2970 2394 3282 2450 scientiam?
3302 2391 3463 2461 Quasi
3490 2389 3663 2445 dixerit
3680 2386 3752 2444 Job

2191 2510 2297 2549 nou
2326 2508 2447 2547 eum
2479 2499 2624 2546 recte
2640 2489 2916 2559 judicare;
2947 2502 3070 2543 cum
3103 2486 3292 2557 utique
3319 2481 3624 2556 reprehendi
3645 2482 3751 2537 Deus

2192 2600 2297 2639 non
2330 2581 2530 2652 possit,
2562 2580 2661 2635 nisi
2698 2595 2796 2651 per
2830 2577 3279 2649 intelligentiam,
3304 2591 3407 2647 qua
3435 2576 3657 2645 superior
3674 2580 3751 2633 est,

2193 2674 2456 2747 siquidem
2483 2672 2551 2727 ab
2587 2672 2702 2742 ipso
2728 2670 2885 2726 detur
2913 2669 3140 2725 homini.
3185 2668 3254 2724 Et
3285 2669 3442 2722 veniet
3464 2675 3613 2721 tecum
3635 2664 3679 2717 in
3686 2662 3750 2732 jw

2196 2768 2427 2821 dicium?
2470 2774 2531 2819 ut
2572 2762 2902 2833 compareris
2946 2762 3018 2817 ei.
3060 2761 3264 2816 Lumen
3311 2770 3454 2813 tuum
3489 2758 3539 2811 in
3573 2756 3751 2810 tenebras

2198 2873 2496 2913 conversum
2517 2866 2589 2909 est
2608 2871 2626 2909 :
2645 2854 2897 2925 dignitas.
2924 2851 2989 2906 Et
3008 2853 3342 2908 dormientem
3365 2862 3412 2905 te
3428 2866 3554 2921 aqua
3570 2844 3747 2915 operuit:
3768 2836 3769 2839 “

2198 2966 2446 3006 securum
2476 2946 2753 3003 inundatio
2781 2945 3162 3000 tribulationis.
3194 2945 3277 2999 An
3310 2960 3399 3014 per
3423 2942 3633 2996 nebulam
3649 2936 3749 3007 diju-

2200 3043 2369 3096 dicnt?
2394 3040 2543 3111 quasi
2573 3054 2667 3109 per
2696 3038 2941 3094 nebulam
2963 3036 3147 3092 videre
3178 3052 3285 3091 non
3310 3036 3493 3107 pOssit.
3521 3030 3670 3087 Nubes
3690 3027 3747 3083 Li-

2202 3133 2415 3186 tibulum
2438 3132 2565 3203 ejus,
2600 3140 2645 3183 et
2666 3145 2763 3183 non
2790 3128 3050 3183 videbitur.
3081 3124 3280 3183 Latent
3300 3142 3420 3183 eum
3447 3138 3557 3196 quae
3580 3122 3623 3176 in
3645 3130 3747 3175 tem

2202 3232 2347 3278 sunt.
2382 3222 2448 3275 Et
2484 3221 2727 3275 ambitttm
2751 3220 2865 3275 caeli
2895 3220 3141 3290 percurrit
3168 3235 3187 3274 :
3214 3220 3457 3289 ﬁguram,
3484 3230 3580 3271 non
3600 3222 3647 3268 et
3666 3220 3746 3264 ter-

2208 3328 2347 3368 ram.
2382 3313 2586 3384 Ergone
2610 3313 2837 3367 semitant
2857 3310 3032 3366 steculi
3061 3310 3291 3365 custodis
3312 3310 3335 3363 ?
3355 3307 3509 3377 Quasi
3532 3304 3619 3360 Job
3636 3308 3747 3373 puta.

2208 3405 2325 3459 rita
2356 3404 2464 3459 Deo
2491 3418 2578 3459 res
2604 3402 2861 3457 humanas
2888 3417 2991 3456 non
3019 3401 3221 3456 curari.
3253 3399 3385 3465 Quia
3410 3395 3538 3464 capti
3559 3401 3657 3447 sunt
3676 3390 3743 3441 im-

2207 3497 2392 3550 maturi
2417 3513 2436 3551 :
2465 3494 2758 3551 secundum
2788 3510 2847 3550 se
2874 3495 3165 3549 immaturi.
3197 3492 3461 3549 Putabant
3481 3486 3609 3544 enim
3637 3497 3683 3537 se
3706 3480 3743 3534 in

2211 3598 2527 3660 perpetuum
2557 3601 2957 3657 permansuros.
2999 3588 3104 3641 Aut
3134 3595 3284 3642 certe
3310 3591 3573 3652 antequam
3598 3586 3740 3648 perve'

2208 3680 2392 3734 nirent
2424 3677 2491 3732 ad
2528 3678 2844 3746 sapientiam
2879 3696 2891 3732 :
2923 3676 3018 3733 sed
3042 3678 3169 3747 quia
3216 3677 3318 3731 hoc
3359 3672 3642 3729 audierant,
3665 3675 3740 3716 non

2207 3773 2328 3843 quia
2359 3772 2456 3826 ista
2486 3770 2790 3826 sentiebant
2829 3770 2913 3826 isti
2939 3769 3095 3825 amici
3131 3768 3256 3824 Job.
3293 3765 3360 3822 Et
3395 3760 3607 3834 cogitatio
3636 3750 3739 3822 impii

2210 3863 2358 3932 longe
2380 3854 2541 3917 estab
2567 3877 2645 3925 eo,
2676 3871 2721 3915 et
2746 3860 2919 3931 implet
2943 3860 3118 3914 domos
3141 3876 3316 3913 eorum
3342 3855 3495 3911 bouis.
3528 3851 3608 3906 Est
3624 3848 3738 3913 longe

2209 3954 2276 4007 ah
2306 3968 2371 4008 eo
2398 3951 2649 4021 cogitatio
2690 3950 2873 4021 impii,
2904 3950 3024 4021 quia
3052 3967 3161 4006 non
3198 3951 3275 4006 sic
3301 3948 3421 4003 facit
3444 3945 3567 3999 sicut
3603 3941 3735 4006 sperat

2211 4042 2444 4111 impius;
2482 4041 2533 4097 id
2558 4051 2668 4104 est,
2696 4051 2789 4096 aut
2831 4041 2950 4111 quia
2985 4040 3157 4109 placet
3197 4041 3245 4096 ei
3277 4038 3534 4109 impietas,
3558 4036 3635 4083 aut
3659 4038 3736 4079 ηοη

2209 4135 2353 4190 videt
2405 4149 2544 4190 eam.
2601 4132 2837 4188 Videntes
2874 4132 3116 4203 justiores
3160 4140 3303 4187 erunt
3348 4144 3367 4183 :
3405 4123 3730 4193 intelligentia:

2212 4225 2455 4295 quamvis
2481 4224 2569 4279 isti
2599 4239 2703 4279 non
2732 4221 3105 4286 intellexerint,
3135 4228 3380 4293 putantes
3417 4216 3528 4289 quia
3554 4211 3625 4267 hic
3646 4203 3735 4262 red-

2213 4316 2354 4372 ditur
2379 4317 2572 4387 impiis.
2614 4315 2682 4371 Et
2714 4314 3035 4386 inculpabilis
3062 4312 3388 4369 subsannabit
3418 4325 3496 4363 eos
3525 4321 3545 4360 :
3567 4298 3728 4371 impios-

2216 4407 2341 4461 Esto
2368 4408 2543 4473 durus,
2586 4407 2630 4462 si
2650 4406 2946 4461 sustinueris
2975 4406 3170 4477 patiens
3193 4423 3212 4461 :
3240 4406 3341 4461 hoc
3366 4410 3460 4463 est,
3483 4398 3613 4454 dura.
3635 4390 3730 4445 Pro.

2215 4500 2300 4553 cut
2325 4499 2480 4570 facies
2510 4499 2823 4569 iniquitatem
2856 4514 2888 4551 a
2925 4498 3248 4553 tabernaculo
3285 4507 3369 4551 tuo
3395 4479 3727 4550 :conrersatiU'

2221 4608 2342 4647 nem
2380 4592 2460 4648 vel
2510 4592 2671 4647 vitam
2712 4600 2894 4658 tuam;
2944 4591 3189 4662 quamvis
3224 4591 3337 4646 hare
3378 4585 3457 4643 isti
3504 4573 3729 4637 carnaliter

2216 4685 2411 4741 dicant.
2443 4682 2512 4739 Et
2537 4683 2865 4756 ponensillua
2875 4701 3029 4757 super
3046 4700 3277 4758 aggerem
3304 4682 3354 4736 in
3374 4688 3548 4751 petram
3558 4665 3726 4725 :advcr-

2218 4791 2310 4831 sus
2331 4775 2383 4831 id
2403 4775 2543 4846 quod
2560 4776 2712 4839 dixit,
2734 4773 2951 4830 Flumen
2973 4775 3239 4830 decurrens
3259 4769 3563 4846 fundamenta
3577 4766 3723 4812 eorum-

2219 4866 2353 4933 Quia
2378 4867 2660 4921 humiliarit
2686 4867 3003 4937 semetipsum
3029 4882 3048 4921 :
3077 4867 3249 4937 ipsum
3293 4866 3480 4919 lumen.
3507 4852 3565 4908 Et
3598 4846 3721 4937 άὶξῶι

2217 4932 2399 5013 Ειαιιιδ
2440 4967 2511 5012 est
2561 4957 2615 5010 in
2659 4932 2943 5028 superbiam
2979 4974 2998 5012 :
3044 4932 3297 5014 adversus
3336 4947 3582 5021 superbos.
3624 4932 3724 4989 Et“

2216 5048 2547 5116 innocentem,
2593 5057 2637 5104 et
2678 5049 2949 5105 salvaberis
2997 5051 3243 5105 munditia
3288 5055 3508 5100 manuum
3551 5038 3717 5116 ικανξυκ·

2218 5140 2337 5195 Noli
2366 5114 2593 5196 deiicere
2620 5140 2673 5196 in
2710 5140 2863 5196 bonis
2890 5140 3174 5213 operibus,
3213 5138 3329 5211 quia
3352 5140 3488 5191 curat
3511 5126 3623 5181 Deus
3645 5114 3718 5168 liu-

2220 5247 2397 5287 mana.

2292 5319 2409 5394 [11).
2430 5319 2606 5395 xxun]
2633 5321 2803 5377 Verba
2825 5320 2945 5378 Job.
2975 5320 3043 5376 Et
3068 5322 3263 5392 quidem
3287 5332 3385 5373 scio
3407 5323 3512 5385 quia
3537 5303 3588 5356 de
3806 5336 3807 5339 η

2220 5432 2330 5470 mea
2357 5426 2428 5470 est
2464 5394 2739 5486 increpatio
2766 5432 2783 5469 :
2807 5414 2875 5472 de
2912 5416 3141 5488 peccatis
3180 5411 3327 5469 meis.
3364 5405 3425 5462 Et
3459 5407 3608 5455 nam”
3635 5394 3715 5438 Μ

2219 5509 2385 5580 gravis
2406 5510 2541 5581 facta
2578 5483 2649 5561 est
2672 5522 2822 5577 super
2845 5483 3080 5579 gemitum
3108 5521 3285 5562 meum.
3316 5497 3431 5555 Ideo
3454 5502 3529 5547 me

2220 5557 2335 5655 :isti
2447 5609 2505 5654 ut
2528 5557 3230 5671 suasistis}.
3253 5594 3317 5651 ad
3347 5586 3510 5646 solium
3537 5557 3713 5645 είκεκυι

2285 5712 2300 5742 ³
2325 5711 2398 5760 Sic
2414 5716 2488 5759 Er.
2512 5709 2782 5773 Lungeu.
2808 5716 2870 5773 In
2895 5716 2962 5771 8.,
2980 5723 3044 5762 et.
3063 5718 3120 5762 Μ.

2284 5774 2304 5802 ³
2328 5778 2434 5820 Mss.
2461 5770 2885 5833 tresfdcptttandi.

2287 5834 2305 5867 ³
2328 5834 2399 5884 sic
2421 5841 2525 5886 MSS.
2546 5840 2603 5888 Al.
2621 5832 2753 5899 editi,
2780 5832 3099 5898 percussistis.
