3874 6302
138 422 239 482 sim
262 429 374 479 tam
404 424 619 476 sanctus
640 458 659 486 ,
687 425 748 473 ut
775 413 1084 488 perveniam
1108 410 1175 468 ad
1201 422 1386 467 eorum
1412 420 1693 464 numerum
1715 448 1731 472 ,

139 517 228 590 qui
256 514 411 573 sedes
433 513 555 584 ejus
582 520 728 569 sunt.
765 507 915 565 Tunc
939 507 1083 564 enim
1125 518 1342 576 possum
1360 500 1551 590 dicere
1585 513 1733 567 vera,

140 589 193 666 et
212 605 395 663 audire
421 622 435 660 :
467 602 608 661 unde
631 611 687 660 et
713 600 833 657 eteli
853 599 1105 656 dicuntur
1128 594 1319 652 sancti.
1343 589 1410 646 Et
1439 605 1738 663 cognoscam

141 699 450 756 causationes
474 711 600 765 quas
624 694 852 767 loquetur
878 690 1003 746 mihi
1024 705 1041 744 :
1063 685 1392 744 redditiones
1414 695 1694 739 causarum
1718 722 1735 749 ,

141 792 333 866 quibus
356 805 414 846 se
434 788 611 845 omnia
630 786 775 858 juste
793 782 1034 856 judicare
1056 779 1405 836 demonstrat.
1440 774 1504 830 Et
1527 774 1739 830 sentiam

143 863 253 958 quae
293 884 561 939 annuntiat
604 880 728 935 mihi
756 895 774 934 :
800 877 909 949 jam
948 873 1223 948 prosimus
1262 872 1332 927 ei.
1372 868 1452 924 An
1491 868 1544 922 in
1578 863 1740 922 multa

141 981 325 1035 virtute
348 973 710 1048 dijudicabitur
736 986 927 1027 mecum
956 984 977 1024 :
1006 977 1062 1023 ut
1087 982 1184 1038 per
1212 962 1503 1037 potentiam
1525 959 1742 1016 resistat

141 1068 312 1127 mihi?
335 1067 701 1139 Nequaquam.
733 1063 922 1118 Tamen
948 1061 1003 1116 in
1025 1070 1216 1116 terrore
1236 1073 1338 1111 non
1360 1054 1595 1109 abutatur
1621 1066 1700 1105 me
1720 1067 1739 1105 :

140 1170 359 1233 propter
389 1166 607 1230 peccata
635 1170 754 1212 mea
778 1198 793 1222 ,
826 1170 922 1225 pro
961 1151 1154 1221 quibus
1184 1150 1349 1206 timeo
1375 1147 1535 1203 modo
1554 1185 1570 1211 ,
1615 1158 1741 1199 cum

140 1268 253 1311 sum
294 1252 349 1308 in
396 1260 635 1314 terrore,
679 1264 787 1305 non
820 1246 1072 1302 abutatur
1110 1258 1217 1299 me.
1258 1240 1507 1296 Caeterum
1529 1253 1645 1292 cum
1672 1236 1743 1290 ad

141 1361 250 1401 eum
273 1358 455 1398 vertero
484 1357 502 1396 :
533 1342 585 1397 iu
610 1340 699 1395 illa
728 1339 970 1395 libertate
992 1349 1096 1407 qua
1122 1348 1223 1407 ego
1238 1328 1633 1388 annumerahor
1652 1341 1744 1381 so-

142 1439 211 1495 lio
230 1437 369 1508 ejus,
392 1436 570 1493 omnia
595 1434 805 1498 amabo,
826 1442 880 1487 et
900 1448 1005 1487 non
1026 1427 1155 1485 mihi
1178 1426 1391 1484 resistet
1411 1424 1579 1478 virtus
1600 1420 1738 1489 ejus;

140 1530 382 1602 quamvis
410 1528 570 1584 modo
594 1525 766 1598 possit
789 1540 875 1581 me
909 1522 1077 1590 abuti,
1121 1528 1304 1591 utpote
1334 1524 1612 1589 peccatore
1642 1531 1655 1569 :
1689 1512 1742 1567 id

139 1632 219 1680 est
239 1664 255 1689 ,
284 1622 446 1678 faciat
480 1620 548 1677 de
574 1634 665 1677 me
706 1617 847 1690 quod
875 1617 985 1671 vult
1007 1657 1022 1681 ,
1060 1614 1220 1670 etiam
1250 1627 1370 1667 cum
1410 1623 1566 1679 poena
1599 1620 1739 1669 mea,

138 1715 277 1785 juste
319 1722 523 1769 tamen.
578 1710 777 1765 Veritas
814 1708 947 1764 enim
976 1716 1023 1761 et
1061 1702 1338 1773 increpatio
1366 1709 1440 1756 est
1466 1700 1529 1754 ab
1557 1714 1615 1752 eo
1642 1713 1659 1751 :
1688 1695 1743 1751 id

141 1816 256 1874 est,
296 1820 409 1861 non
444 1804 640 1874 injuste
684 1804 945 1872 increpat.
978 1797 1165 1854 Educit
1208 1797 1261 1850 in
1300 1795 1453 1865 ﬁnem
1486 1790 1742 1864 judicium

139 1915 318 1954 meum.
354 1896 532 1953 Etiam
570 1895 615 1951 si
649 1893 810 1950 modo
849 1890 1093 1962 corripit,
1125 1896 1308 1959 postea
1356 1879 1736 1940 maniiestabit.

144 1988 281 2043 Nam
309 1988 358 2042 si
388 1988 582 2058 primus
606 1984 948 2050 ambulavero,
981 1990 1155 2052 postea
1181 1994 1282 2033 non
1304 1992 1410 2030 ero.
1439 1972 1555 2029 Non
1586 1985 1741 2025 arro-

141 2091 326 2153 ganter
346 2093 585 2149 sperem.
610 2091 714 2132 non
738 2072 1023 2130 infideliter
1041 2071 1323 2140 desperem
1346 2084 1359 2120 :
1382 2065 1486 2120 hoc
1505 2071 1609 2128 est,
1633 2076 1742 2117 non

138 2173 415 2230 declinare
439 2171 627 2227 dextra
652 2178 744 2224 aut
768 2167 1001 2223 sinistra.
1030 2163 1157 2219 Inde
1183 2171 1284 2227 est,
1310 2160 1369 2217 Si
1396 2156 1667 2212 ascendero
1687 2154 1743 2208 in

138 2267 333 2333 caelum,
362 2273 421 2319 tu
446 2263 514 2318 ibi
541 2279 592 2318 es
616 2260 786 2334 (Psal.
817 2255 1184 2325 cxxxvut,8).
1213 2252 1345 2320 Quis
1382 2264 1469 2304 me
1496 2245 1621 2301 inde
1650 2259 1745 2314 po-

140 2370 238 2417 test
264 2356 505 2431 pellere?
529 2367 635 2412 etc.
662 2356 707 2409 A
733 2354 858 2408 lteva
888 2351 1009 2423 quid
1030 2356 1166 2419 aget,
1210 2362 1313 2400 non
1338 2338 1741 2414 apprehendam.

139 2449 431 2521 Superiora
461 2447 675 2518 repetit.
708 2446 754 2500 Δ
784 2444 913 2498 laeva
941 2450 1119 2496 autem
1162 2437 1289 2492 dicit
1323 2450 1428 2490 non
1457 2448 1516 2487 se
1547 2445 1742 2502 apprc-

142 2542 436 2600 beusurum
465 2540 702 2596 deditum
722 2533 1124 2605 temporalibus.
1143 2528 1469 2586 Convertetur
1486 2526 1555 2580 ad
1574 2524 1747 2580 dexte-

140 2651 267 2699 ram,
295 2644 342 2689 et
378 2648 479 2687 non
505 2631 701 2686 videbo.
734 2627 859 2683 Ideo
887 2641 991 2681 non
1017 2622 1193 2679 debeo
1218 2636 1339 2677 esse
1363 2636 1393 2674 a
1424 2619 1576 2673 larva.
1608 2616 1745 2671 Con-

144 2736 361 2783 vertctur
409 2735 588 2781 autem
627 2722 801 2789 dixit,
834 2719 956 2789 quia
988 2718 1102 2788 ipse
1144 2715 1196 2770 in
1227 2710 1591 2784 spiritualibus
1623 2718 1706 2764 est
1728 2750 1744 2775 ,

142 2819 281 2877 unde
308 2834 416 2891 ego
440 2834 529 2875 me
552 2824 760 2878 averto,
804 2814 851 2869 si
892 2828 922 2867 a
968 2811 1098 2865 laeva
1137 2808 1310 2864 fuero.
1353 2805 1461 2862 Scit
1486 2806 1592 2875 ipse
1615 2804 1749 2857 viam

144 2930 303 2969 meam
341 2930 362 2967 :
409 2920 465 2967 ut
493 2908 703 2967 etiamsi
734 2922 828 2979 per
857 2904 1223 2961 tribulationes
1266 2915 1352 2956 me
1380 2897 1623 2965 duxerit,
1665 2911 1751 2952 se.

150 3023 302 3081 quar.
350 3006 594 3061 Probavit
630 3020 710 3059 me
742 3004 869 3059 sicut
899 3015 1083 3055 aurum
1109 3014 1127 3053 :
1157 2998 1209 3051 in
1254 2991 1681 3051 tribulationibus
1705 2989 1746 3042 ί.

149 3100 404 3173 Egredior
438 3102 490 3155 in
519 3098 782 3172 praeceptis
823 3097 951 3167 ejus.
994 3094 1071 3149 De
1115 3090 1348 3148 tenebris
1377 3090 1510 3144 meis
1535 3102 1746 3151 exeam,

157 3190 251 3247 sed
283 3201 461 3247 tamen
492 3190 546 3244 in
586 3187 869 3260 praeceptis
896 3185 1034 3254 ejus.
1072 3183 1133 3237 Si
1167 3191 1334 3235 autent
1371 3180 1478 3250 ipso
1496 3178 1751 3250 judicavit

146 3281 219 3336 sic
241 3298 260 3335 :
283 3289 343 3337 ut
385 3296 479 3350 per
518 3279 887 3334 tribulationes
928 3290 1014 3329 me
1045 3282 1293 3343 tanquam
1321 3286 1508 3324 aurum
1539 3269 1747 3339 probet.

151 3371 435 3444 Propterea
464 3371 532 3425 ad
558 3387 670 3425 eum
701 3366 935 3439 festinari
965 3382 983 3419 :
1018 3364 1140 3434 quia
1177 3377 1265 3417 me
1290 3361 1589 3425 tribulavit,
1631 3360 1753 3414 ideo

147 3463 357 3519 relictis
387 3460 768 3532 temporalibus
794 3458 862 3513 ad
886 3472 1009 3512 eum
1037 3453 1300 3509 festinavi.
1332 3450 1398 3506 Et
1421 3452 1753 3505 commonitus

146 3552 399 3609 sollicitus
426 3552 504 3624 fui
542 3555 605 3605 de
632 3566 690 3604 eo
727 3566 745 3604 :
783 3556 845 3604 ut
888 3547 971 3602 his
1008 3546 1181 3617 plenis
1214 3542 1516 3599 carnalibus
1552 3550 1753 3597 aeterna

150 3644 410 3715 supplicia
462 3642 778 3698 devitarem.
833 3638 1035 3695 Idcirco
1089 3655 1121 3691 a
1163 3637 1293 3710 facie
1340 3637 1449 3706 ejus
1494 3634 1749 3689 turbabor.

152 3737 312 3792 Modo
333 3734 609 3801 turbabor,
638 3742 698 3788 ut
717 3746 934 3788 caveam
956 3731 1194 3801 cogitans
1214 3728 1446 3783 futurum
1468 3726 1751 3797 judicium,

155 3831 244 3886 ubi
286 3831 389 3886 erit
431 3830 547 3901 ejus
587 3828 962 3885 manifestatio.
1014 3825 1082 3880 Et
1126 3826 1372 3880 Dominus
1415 3824 1626 3879 mollivit
1668 3839 1757 3879 cor

156 3937 340 3976 meum.
375 3920 443 3976 Et
468 3920 639 3991 ipsum
662 3921 871 3986 timere,
894 3932 1002 3989 quo
1028 3927 1179 3972 cavet
1200 3916 1404 3971 futuras
1430 3929 1636 3987 pmuas,
1660 3914 1756 3969 mi-

159 4012 467 4071 sericordia:
502 4013 593 4067 Dei
621 4012 857 4081 deputat.
900 4009 1014 4065 Non
1045 4010 1186 4065 enim
1221 4008 1383 4063 sciret
1406 4016 1756 4077 superventu-

158 4121 246 4161 ras
272 4121 460 4177 pmnas
502 4114 560 4161 et
588 4104 839 4161 tenebras
878 4104 1031 4159 malis
1054 4143 1070 4169 ,
1109 4103 1207 4157 nisi
1239 4102 1495 4157 Dominus
1525 4100 1757 4156 molliret

161 4211 253 4254 cor
277 4199 394 4270 ejus
433 4198 787 4270 prmsentibus
823 4194 1251 4251 tribulationibus
1281 4213 1293 4249 :
1322 4194 1577 4249 adversus
1603 4192 1750 4258 illud,

166 4292 305 4363 quod
336 4292 547 4349 indurat
572 4291 714 4347 Deus
737 4306 830 4346 eor
859 4288 1151 4345 Pharaonis
1176 4290 1194 4358 (
1216 4286 1384 4342 Exod.
1413 4302 1507 4353 vn,
1532 4285 1620 4358 5).

233 4382 340 4457 [lb.
373 4382 546 4457 κεινὴ]
585 4382 755 4449 Quare
800 4379 1073 4435 Dominum
1124 4394 1224 4433 non
1270 4378 1521 4433 latuerunt
1563 4376 1702 4430 Itorw
1737 4392 1757 4430 :

164 4474 520 4543 Quamobrem
544 4515 559 4539 ,
602 4473 726 4540 vel,
780 4472 978 4542 Itaque.
1021 4468 1202 4525 Finem
1248 4467 1544 4539 transgressi
1588 4476 1707 4521 sunt
1737 4482 1757 4521 :

167 4564 456 4623 Christum.
490 4565 557 4621 Et
596 4566 967 4620 inclinaverunt
1012 4577 1255 4633 pauperes
1301 4577 1334 4613 a
1369 4560 1450 4612 via
1482 4561 1626 4631 jusla
1650 4576 1669 4613 :
1699 4566 1759 4613 ut

166 4658 248 4713 vel
277 4659 615 4715 imitarentur
642 4672 764 4721 eos,
800 4655 880 4711 vel
909 4653 1031 4710 inde
1076 4652 1461 4707 arbitrarentur
1494 4665 1601 4705 non
1637 4664 1758 4706 esse

167 4749 399 4806 divinum
426 4750 706 4821 judicium,
736 4748 856 4821 quia
890 4747 1201 4818 impunitam
1230 4744 1479 4801 videbant
1500 4744 1756 4800 malitiam

168 4854 266 4911 qua
286 4841 365 4897 eis
385 4843 650 4898 nocebant
674 4840 1032 4911 relinquentes
1052 4836 1331 4907 justitiam.
1361 4835 1530 4891 Simul
1548 4835 1758 4891 abscon-

170 4934 259 4988 diti
286 4944 406 4990 sunt
430 4936 573 4989 mites
602 4942 750 4988 terra:
778 4950 795 4987 :
820 4946 941 4987 cum
974 4930 1056 4986 his
1082 4929 1173 5001 qui
1200 4928 1601 4985 declinaverunt
1623 4944 1653 4982 ει
1673 4927 1755 4983 via

166 5023 303 5093 justa
327 5069 343 5091 ,
377 5025 675 5082 absconditi
715 5032 841 5079 sunt
880 5023 1072 5090 mites,
1116 5036 1182 5075 ne
1211 5019 1340 5074 mihi
1372 5019 1577 5075 ferrent
1608 5018 1756 5074 auxi-

172 5116 317 5175 lium.
362 5118 494 5176 Nam
549 5120 649 5174 tria
688 5125 813 5173 sunt
854 5125 1052 5186 genera
1089 5112 1363 5168 hominum
1394 5112 1446 5166 in
1476 5110 1711 5167 Ecclesia
1735 5152 1752 5178 ,

172 5223 287 5266 eum
332 5211 391 5267 lit
428 5210 729 5283 persecutio
771 5225 786 5263 :
828 5208 917 5263 alii
957 5206 1099 5261 enim
1145 5203 1517 5263 consentiunt.
1551 5202 1638 5257 alii
1672 5200 1755 5257 fu-

172 5300 336 5371 giunt,
366 5303 456 5359 alii
489 5304 779 5373 patiuntur,
811 5313 1038 5371 quorum
1064 5311 1344 5369 personam
1383 5296 1609 5350 sustinet
1631 5293 1754 5349 Job.

174 5389 239 5447 Et
265 5395 522 5452 irruerunt
545 5397 675 5451 asini
703 5395 800 5469 feri
827 5394 880 5449 in
909 5408 1032 5465 agro
1052 5407 1203 5462 super
1222 5406 1318 5444 me.
1348 5388 1507 5445 Stulti
1532 5396 1587 5443 et
1607 5385 1759 5442 indo-

175 5486 307 5557 miti,
333 5498 388 5547 et
413 5490 483 5545 ob
513 5489 616 5545 hoc
637 5486 875 5559 superbi,
904 5487 1172 5542 irruerunt
1199 5496 1363 5552 super
1388 5495 1473 5535 me
1490 5479 1756 5535 confiten-

175 5587 302 5650 tem,
340 5583 542 5639 scilicet
572 5580 888 5638 Eeclesiam.
926 5576 995 5633 Et
1020 5586 1255 5633 exeuntes
1296 5573 1366 5628 ad
1408 5589 1539 5644 opus
1579 5588 1754 5628 suum.

175 5667 282 5728 Hoc
309 5674 452 5731 enim
472 5689 607 5745 opus
629 5681 716 5728 est
742 5686 947 5727 eorum.
979 5678 1036 5726 ut
1055 5670 1106 5726 in
1134 5683 1221 5727 me
1240 5666 1467 5735 irruant,
1490 5663 1543 5722 id
1560 5673 1665 5732 est,
1688 5664 1758 5722 ad

226 5785 250 5849 ﬁ
274 5791 377 5839 διες.
397 5795 520 5847 tres,
562 5782 906 5839 tentatiotdbus.

1557 290 1760 349 LIBER
1800 289 2002 350 UNUS.

3321 294 3427 351 ὀξίιῦ

1845 404 1949 461 hoc
1974 403 2213 476 deputati
2249 413 2375 461 sunt
2402 418 2436 462 ι
2462 404 2595 462 Deo.
2622 405 2809 463 Suavis
2835 411 2999 477 factus
3037 414 3111 460 est
3135 407 3182 461 ei
3212 408 3361 479 panis
3383 410 3437 464 in

1844 500 2200 563 adolescentes.
2227 496 2399 570 lmpio
2412 508 2468 555 et
2483 502 2808 570 persecutori
2830 516 3046 558 suavem
3066 517 3258 576 panem
3284 505 3433 573 dicit,

1846 590 1899 647 id
1946 600 2029 648 est
2074 590 2520 661 persecutionem,
2561 606 2664 663 qua
2710 592 2937 649 libenter
2984 595 3273 658 fruebatur.
3316 613 3439 653 eum

1846 699 1964 740 eam
1994 682 2192 741 faceret
2226 682 2656 740 adolescentibus
2689 702 2702 738 :
2737 694 2794 739 ut
2829 685 3194 742 adolescentes
3223 698 3310 742 aut
3347 687 3472 757 pro}

1846 776 2175 833 amatoribus
2203 776 2530 855 voluptatum
2573 776 2931 848 accipiamus,
2962 779 3085 849 quia
3133 780 3230 846 ipsi
3285 779 3441 838 facile

1847 869 2043 935 talibus
2068 868 2443 932 consentiunt;
2475 877 2568 923 aut
2589 884 2685 938 pro
2706 869 2785 924 eis
2813 871 2903 939 qui
2934 879 3138 926 tantum
3166 871 3217 925 in
3248 871 3442 927 Eccle-

1848 961 1925 1017 sia
1972 959 2350 1032 profecerunt,
2396 968 2455 1014 ut
2503 960 2741 1030 pueritia:
2782 962 2996 1031 quidem
3046 959 3483 1033 simplicitatem‘

1849 1053 2194 1119 transierint,
2226 1051 2319 1107 sed
2349 1051 2584 1107 nondum
2612 1053 2954 1121 pervenerint
2998 1054 3063 1107 ad
3110 1056 3272 1109 robur
3312 1056 3446 1113 illud

1849 1144 2024 1209 virile,
2050 1159 2160 1215 quo
2188 1143 2346 1199 etiam
2375 1153 2685 1213 persecutor
2707 1144 3088 1199 contemnitur.
3120 1148 3315 1214 Agrum
3330 1158 3449 1204 ante

1850 1243 2045 1305 tempus
2071 1251 2172 1289 non
2197 1250 2345 1288 suum
2374 1234 2772 1289 demessuerunt.
2805 1234 2912 1289 Aut
2936 1250 3130 1305 genera
3157 1236 3286 1291 dicit
3322 1255 3447 1307 per-

1850 1326 2215 1392 secutionum,
2262 1335 2322 1381 ut
2358 1325 2588 1396 aliquem
2634 1326 2745 1395 agri
2780 1325 2976 1381 damno
3019 1337 3279 1383 terrerent
3311 1346 3324 1381 :
3356 1337 3449 1385 aut

1850 1434 1951 1491 pro
1974 1433 2103 1489 agro
2129 1417 2369 1474 Ecclesia
2395 1416 2734 1489 intelligenda
2757 1459 2772 1485 ,
2817 1434 2975 1489 quam
3004 1430 3129 1475 ante
3167 1422 3449 1476 maturita-

1852 1518 1961 1567 tem
1989 1509 2447 1581 persecutionibus
2486 1518 2690 1565 metere
2715 1510 3019 1577 voluerunt,
3051 1511 3099 1566 id
3140 1521 3244 1577 est,
3292 1525 3449 1569 aute-

1849 1617 2011 1673 quam
2036 1602 2194 1657 simul
2221 1601 2421 1657 zizania
2446 1611 2771 1665 crescerent,
2808 1612 2865 1656 ut
2894 1612 3133 1672 tempore
3156 1604 3345 1660 messis
3370 1620 3454 1661 se-

1850 1701 2164 1763 pararentur
2183 1691 2395 1766 (Matth.
2419 1708 2538 1759 xm,
2555 1692 2648 1758 29,
2667 1693 2781 1763 50).
2814 1692 2887 1747 De
2908 1694 3178 1749 stillicidiis
3204 1697 3449 1750 montium

1846 1786 2133 1842 madescent
2157 1801 2175 1840 :
2203 1784 2575 1857 confugientes
2609 1785 2735 1840 nudi
2760 1785 2827 1840 ad
2868 1786 3170 1855 speluncas,
3204 1788 3291 1843 ubi
3320 1803 3451 1843 saxa

1848 1876 2125 1934 distillant.
2169 1876 2472 1948 Rapuerunt
2509 1877 2573 1932 ab
2598 1877 2744 1934 ubere
2768 1879 3037 1950 pupillum.
3069 1879 3259 1950 Pupilli
3287 1891 3341 1938 et
3366 1883 3452 1936 vi-

1848 1970 1970 2026 dua:
1994 1970 2310 2042 plerumque
2342 1986 2408 2026 es
2440 1985 2671 2041 persona
2704 1971 2960 2027 Ecclesim
2995 1974 3286 2044 accipiendi
3323 1994 3335 2029 :
3367 1987 3452 2033 est

1850 2061 2078 2132 populus
2100 2063 2202 2117 sub
2233 2070 2519 2118 tormento.
2553 2062 2619 2117 Et
2651 2078 2764 2117 eum
2790 2064 2878 2135 qui
2905 2064 3172 2131 ceciderat,
3205 2066 3451 2121 humilia-

1849 2164 2026 2210 verunt
2054 2169 2073 2210 :
2101 2154 2373 2211 desertum
2403 2155 2491 2212 vel
2531 2155 2731 2211 auxilio
2759 2156 2875 2222 Dei,
2912 2156 2991 2211 vel
3011 2156 3268 2227 alicujus;
3301 2159 3447 2229 quod

1849 2256 1934 2303 est
1959 2262 2168 2319 magnae
2194 2249 2432 2315 ssevitixe,
2468 2263 2572 2304 non
2598 2248 2791 2305 talibus
2833 2264 3071 2319 parcere.
3109 2250 3175 2305 In
3204 2252 3451 2323 angustiis

1848 2339 2079 2395 insidiati
2104 2350 2220 2395 sunt
2237 2341 2407 2413 inique
2436 2357 2455 2395 .'
2476 2342 2528 2397 in
2554 2343 2980 2400 necessitatibus.
3010 2342 3087 2399 De
3103 2346 3300 2401 civitate
3319 2358 3363 2401 et
3383 2347 3448 2403 de

1848 2432 2083 2486 domibus
2114 2432 2463 2503 ejiciebantur.
2515 2433 2597 2488 Ab
2631 2434 2711 2489 eis
2734 2434 3084 2503 ejiciebantur
3118 2438 3227 2493 alii.
3264 2438 3451 2493 Anima

1850 2537 1967 2575 vero
1984 2520 2315 2593 parvulorum
2339 2521 2391 2575 in
2415 2523 2602 2591 gemitu
2628 2522 2773 2579 valde
2800 2540 2818 2578 :
2841 2523 2956 2579 fuit.
2980 2524 3006 2578 l
3014 2543 3102 2596 pse
3128 2537 3294 2581 autem
3312 2527 3454 2585 Deus

1853 2628 2024 2667 eorum
2050 2630 2227 2670 curam
2253 2630 2356 2668 non
2373 2613 2546 2669 habuit
2567 2631 2587 2670 :
2609 2614 2913 2686 impiorum,
2936 2619 3057 2687 quia
3085 2620 3243 2675 modo
3265 2636 3455 2677 curam

1852 2720 2044 2761 eorum
2074 2720 2180 2762 non
2222 2705 2504 2770 habendo.
2548 2705 2676 2763 fecit
2702 2723 2796 2763 eos
2842 2708 3128 2779 desperare
3155 2711 3223 2768 de
3248 2712 3453 2782 judicio

1855 2797 1952 2853 Dei
1976 2815 1991 2863 ;
2015 2799 2136 2869 quia
2169 2799 2387 2870 impune
2413 2799 2549 2854 mala
2577 2800 2862 2857 faciebant.
2900 2800 2969 2856 Et
2993 2804 3105 2857 ideo
3132 2806 3184 2859 in
3226 2810 3455 2863 tenebras

1857 2889 2033 2944 traditi
2054 2900 2170 2945 sunt
2192 2906 2212 2946 :
2237 2891 2551 2963 ignorantia:
2568 2891 2749 2964 judieii
2781 2894 2898 2950 Dei.
2926 2893 2995 2948 Et
3021 2906 3225 2966 repente
3249 2909 3304 2953 ut
3321 2904 3409 2969 [ur
3430 2918 3453 2955 :

1857 2998 1951 3040 eos
1978 2984 2260 3055 occupabit
2286 2984 2402 3041 dies
2438 2986 2549 3042 ille.
2584 2984 2780 3043 Oculus
2815 2988 3032 3043 adulteri
3058 2990 3283 3045 observat
3312 3002 3453 3049 tene-

1857 3075 1993 3130 bras.
2022 3075 2320 3134 Ostendere
2346 3077 2457 3133 vult
2483 3078 2536 3133 in
2558 3094 2691 3149 quas
2727 3079 2975 3135 tenebras
3002 3080 3282 3139 tradantur
3306 3085 3457 3155 impii

1857 3184 1955 3239 per
1998 3169 2369 3240 impunitatem
2400 3188 2414 3225 :
2446 3186 2551 3226 non
2591 3171 2733 3226 enim
2773 3186 2866 3227 eas
2893 3188 3027 3243 quas
3055 3185 3271 3245 captant
3296 3177 3454 3233 adul-

1857 3258 1958 3314 teri
1982 3301 1998 3324 ,
2025 3272 2081 3314 et
2104 3262 2284 3318 caueri
2304 3262 2393 3331 qui
2419 3261 2559 3317 male
2584 3261 2785 3317 faciunt
2812 3278 2909 3332 per
2939 3274 3170 3329 noctem,
3203 3284 3269 3324 ne
3289 3285 3455 3340 agno-

1857 3358 2078 3405 scantur
2106 3366 2203 3422 per
2239 3352 2415 3419 diem;
2443 3354 2539 3409 sed
2580 3354 2697 3409 illas
2725 3370 2845 3425 quae
2869 3357 3030 3412 etiam
3061 3363 3247 3416 mane1
3294 3378 3457 3434 super

1858 3456 1954 3498 eos
1980 3454 2124 3499 sunt.
2167 3443 2396 3512 Sull‘odit
2423 3446 2477 3501 in
2502 3446 2717 3502 tenebris
2750 3448 2945 3502 domos.
3001 3450 3120 3506 Alia
3153 3456 3287 3509 mala
3317 3456 3457 3513 facta

1858 3544 2263 3590 commemorat.
2299 3535 2402 3591 Per
2428 3537 2563 3591 diem
2598 3539 2982 3610 obsignaverunt
3006 3546 3295 3615 semetipsos
3316 3564 3335 3601 :
3364 3564 3457 3604 oe-

1857 3627 2214 3681 cultaverunt.
2240 3628 2360 3682 Non
2379 3640 2715 3700 cognoverunt
2733 3630 2912 3697 lucem,
2930 3634 3051 3702 quia
3077 3636 3233 3691 simul
3249 3638 3321 3693 eis
3345 3658 3456 3695 ma-

1859 3720 1979 3775 net'
2010 3720 2188 3775 umbra
2213 3724 2391 3776 mortis
2417 3738 2437 3775 :
2467 3738 2573 3777 non
2600 3723 2725 3793 quia
2752 3740 2859 3779 nox
2888 3730 3130 3797 recessit,
3172 3745 3458 3803 propterea

1859 3826 1954 3868 eos
2000 3811 2240 3869 deseruit
2268 3813 2454 3870 umbra
2499 3816 2707 3871 mortis.
2754 3818 2899 3875 Levis
2946 3830 3018 3876 est
3068 3841 3219 3895 super
3272 3828 3457 3895 faciem

1857 3919 2005 3974 aqua
2025 3920 2046 3960 :
2093 3904 2161 3959 ad
2203 3905 2659 3976 comparationem
2691 3916 2866 3977 term,
2898 3913 3288 3983 splendidiores
3315 3919 3458 3974 acci-

1860 3994 2037 4064 piendi
2067 4004 2212 4064 sunt,
2255 4012 2391 4067 quos
2424 3997 2512 4053 lux
2541 4009 2785 4068 penetrat
2823 4014 2877 4057 et
2902 4003 3076 4075 imago
3104 4006 3368 4073 levitatis;
3400 4019 3458 4065 et:

1859 4083 1981 4141 ideo
2027 4085 2159 4143 levis
2202 4096 2284 4143 est
2327 4103 2489 4158 super
2526 4104 2622 4144 eos
2648 4092 2835 4147 umbra
2867 4096 3074 4151 mortis.
3103 4096 3234 4151 Nam
3264 4108 3319 4154 et
3349 4099 3453 4167 ipsi

1860 4185 2076 4245 portant
2103 4192 2222 4233 eam
2254 4193 2349 4249 per
2371 4178 2735 4238 conditionem
2775 4186 2975 4240 carnis.
3027 4186 3152 4254 Vel,
3202 4188 3348 4243 Levis
3376 4202 3453 4245 est

1859 4281 2012 4335 super
2042 4268 2222 4338 faciem
2251 4285 2397 4351 aquae
2437 4268 2607 4335 dixit,
2652 4286 2813 4342 super
2840 4289 2932 4329 eos
2970 4278 3057 4346 qui
3100 4279 3150 4331 in
3184 4278 3455 4348 Baptismo

1859 4359 2203 4414 confitentur.
2229 4357 2569 4413 Maledicatur
2592 4378 2712 4431 pars
2735 4379 2907 4418 eorum
2927 4382 3079 4437 super
3099 4377 3302 4423 terram.
3327 4369 3452 4426 Ste-

1860 4450 1961 4506 rile
1992 4450 2061 4505 sit
2088 4451 2230 4521 quod
2274 4450 2607 4523 delegerunt.
2634 4453 2712 4509 De
2734 4456 2849 4510 sinu
2874 4458 3005 4511 enim
3032 4460 3338 4530 pupillorum
3368 4480 3459 4517 ra-

1862 4553 2078 4614 puerunt
2098 4559 2117 4599 :
2137 4544 2205 4599 de
2217 4544 2380 4601 corde
2400 4545 2730 4603 infirmorum
2743 4549 2986 4618 verbum,
3013 4567 3106 4623 per
3130 4554 3319 4609 malam
3333 4571 3461 4611 sua-

1862 4636 2087 4692 sionem.
2111 4635 2310 4692 Deinde
2332 4650 2717 4694 rememoratum
2748 4652 2821 4696 est
2848 4654 3105 4714 peccatum
3130 4648 3239 4717 ejus
3264 4664 3283 4702 :
3312 4648 3461 4719 quod

1861 4728 2079 4798 putabat
2105 4730 2156 4785 in
2187 4730 2509 4786 oblivionem
2534 4733 2735 4789 venire.
2778 4734 3078 4791 Contcratur
3102 4740 3230 4792 sicut
3256 4741 3454 4810 lignum

1862 4820 2141 4877 insanabile
2165 4822 2329 4878 omnis
2352 4823 2556 4896 iniquus
2572 4840 2591 4879 :
2612 4825 2752 4896 quod
2782 4843 2885 4882 non
2901 4830 3111 4885 sanat’.
3133 4831 3305 4885 Stcrili
3320 4833 3455 4886 enim

1861 4930 1963 4968 non
2001 4915 2121 4985 fecit
2161 4914 2325 4971 bene:
2368 4931 2489 4986 qua:
2524 4917 2641 4973 sine
2679 4920 3045 4976 consolatione
3087 4922 3311 4975 ﬁliorum
3353 4933 3458 4977 est.

1861 5005 2181 5079 Consurgens
2227 5024 2345 5079 ergo
2392 5025 2493 5064 non
2535 5010 2693 5064 credit
2730 5020 2904 5064 contra
2947 5012 3098 5065 vitam
3137 5028 3283 5065 suam
3308 5027 3459 5071 :nou

1860 5097 2032 5155 credit
2070 5100 2327 5155 adversus
2374 5102 2535 5157 vitam
2586 5117 2770 5167 suam;
2821 5102 3003 5158 debuit
3040 5103 3182 5157 enim
3233 5106 3459 5164 credere

1861 5192 2055 5247 malam
2096 5207 2155 5249 se
2182 5191 2380 5249 habere
2408 5194 2592 5260 vitam,
2637 5202 2692 5249 et
2718 5208 2784 5248 eo
2813 5195 2925 5264 ipso
2952 5210 3292 5266 consurgere.
3324 5198 3455 5254 Cum

1860 5284 2112 5353 inﬁrmari
2135 5288 2359 5357 coeperit,
2391 5302 2491 5341 non
2516 5294 2677 5357 speret
2713 5288 2976 5339 sanitatem
3008 5302 3027 5340 :
3056 5287 3314 5344 tribulari.
3346 5290 3454 5347 Sed

1863 5378 1998 5432 cadit
2023 5378 2076 5433 in
2110 5379 2425 5448 languorem.
2462 5377 2618 5433 Tales
2655 5378 2796 5431 cnim
2840 5378 3033 5448 impius
3060 5382 3454 5438 Consolatioues

1862 5472 2054 5545 quaerit
2083 5472 2134 5528 in
2163 5472 2322 5528 rebus
2340 5470 2599 5538 adversis,
2627 5469 2818 5541 quibus
2838 5470 3100 5528 inﬁrmior
3126 5475 3233 5530 tiat.
3269 5474 3454 5531 Emor-

1924 5656 1943 5686 ι
1969 5651 2106 5710 editi,
2132 5648 2274 5701 male.
2298 5656 2429 5711 Mss,
2446 5662 2604 5701 omne.

1927 5716 1949 5746 ί
1968 5716 2042 5762 ste
2064 5712 2183 5761 editi
2208 5719 2261 5762 et
2283 5720 2390 5763 Mss.
2417 5720 2471 5761 Al.
2490 5720 2616 5771 cxx,
2640 5710 2840 5771 ouproi,
2864 5726 3019 5764 mane.

1934 5776 1954 5812 '
1976 5782 2084 5833 μιν.
2106 5780 2321 5829 sanatur.
2343 5774 2429 5837 Alii
2452 5775 2646 5839 codices
2668 5774 2786 5835 editi
2811 5783 2865 5831 et
2885 5782 3015 5843 Mss,
3036 5783 3190 5842 satiat.
