3874 6320
139 406 479 480 ρωηίιεηιίε
504 404 822 470 bominis,et
845 402 1067 474 gratiam
1094 401 1415 472 ignoscentis
1444 399 1563 454 Dei.
1590 399 1750 469 Ergo,

144 502 293 569 Quae
318 501 455 556 enim
480 508 551 553 est
578 515 694 567 spes
720 499 917 567 impio?
943 493 1287 565 interrogatio
1317 512 1329 546 :
1359 502 1413 549 et
1451 493 1749 562 responsio,

144 594 299 659 Quia
350 600 624 661 exspectat,
652 600 700 644 et
726 589 941 659 conﬁdit
961 588 1018 642 in
1051 587 1291 652 Domino,
1334 587 1379 642 si
1418 589 1547 659 forte
1582 588 1751 641 solva—

137 694 231 739 tur
248 683 299 751 ί,
317 691 415 738 aut
439 698 610 753 preces
635 683 751 753 ejus
770 681 1009 736 martial
1030 679 1296 735 Dominus.
1324 678 1511 733 Potest
1536 678 1753 748 quidem

137 786 199 831 et
228 776 386 833 alius
410 789 598 831 sensus
624 788 913 829 occurrere
956 774 1010 827 in
1056 773 1138 827 his
1178 772 1377 839 verbis,
1419 771 1514 826 sed
1544 785 1648 826 non
1677 771 1753 826 ita

135 869 467 923 contexitur
491 876 545 922 et
572 867 717 921 libro
737 876 792 921 et
816 866 959 932 ﬁdei,
989 874 1049 920 ut
1069 864 1223 936 quasi
1258 873 1424 919 totum
1451 879 1525 919 ea
1553 863 1749 933 despe-

135 964 373 1018 ratione
418 962 507 1028 sit,
553 960 695 1031 quod
726 976 875 1031 spem
914 975 1137 1031 prorsus
1158 974 1269 1013 non.
1290 958 1481 1014 habeat
1510 957 1703 1028 impius
1734 974 1749 1011 :

134 1070 271 1109 cum
301 1053 569 1108 adversus
593 1053 691 1107 hoc
718 1053 971 1122 scriptum
998 1052 1087 1117 sit,
1117 1050 1357 1105 Credenti
1369 1060 1535 1103 autem
1558 1050 1617 1103 in
1636 1065 1753 1103 cum

134 1145 229 1215 qui
271 1145 536 1216 justi/icat
571 1143 802 1216 impium,
834 1143 1105 1213 deputatur
1127 1142 1254 1212 [ideo
1277 1143 1393 1213 ejus
1412 1142 1751 1212 ad’justitiant

136 1236 337 1308 (Rom.
367 1253 443 1303 tv,
473 1237 552 1308 5).
583 1237 650 1291 Et
678 1237 805 1291 ideo
826 1237 973 1307 quod
997 1237 1270 1306 sequitur,
1319 1236 1486 1306 gratia
1536 1235 1753 1290 Domini

139 1328 339 1382 dicere
371 1327 700 1398 intelligitur.
733 1327 833 1379 Aut
868 1328 918 1380 si
950 1327 1162 1380 evenerit
1202 1326 1251 1379 ei
1288 1326 1601 1380 necessitas:
1626 1326 1746 1379 ideo

136 1420 419 1476 debemus
435 1430 753 1490 exspectare
777 1422 1005 1492 gratiam
1027 1420 1589 1491 solventis.Numquid
1602 1420 1744 1475 enim

135 1513 199 1567 in
255 1513 585 1568 necessitate
616 1554 635 1579 ,
682 1512 739 1567 id
777 1514 949 1568 estin
997 1513 1317 1579 munione,
1376 1510 1553 1565 [tabuit
1606 1512 1747 1581 [idu-

134 1606 298 1672 ciem,
334 1607 653 1662 meritorum
685 1607 736 1661 in
766 1615 1057 1678 conspectu
1083 1606 1215 1662 Dei?
1246 1608 1347 1661 Aut
1371 1607 1414 1661 si
1444 1607 1745 1661 invocaverit

134 1698 397 1753 exaudiet
417 1701 571 1754 eum?
595 1699 645 1755 si
670 1707 923 1770 tanquam.
949 1700 1145 1755 ﬁduciae
1166 1716 1387 1770 operum
1416 1715 1631 1756 suorum
1658 1701 1744 1754 in—

131 1796 341 1855 vocat,
373 1805 499 1860 qum
530 1790 673 1845 nulla
716 1799 861 1846 sunt.
900 1791 1222 1863 Quapropter
1258 1792 1567 1845 annuntiabo
1606 1792 1745 1846 vobis

133 1883 264 1955 quid
294 1884 364 1937 sit
395 1884 452 1938 in
492 1900 649 1937 manu
684 1883 895 1939 Domini
933 1901 951 1938 :
980 1885 1107 1955 quid
1135 1886 1381 1956 disponat
1423 1887 1579 1940 Deus.
1612 1884 1745 1939 Ecce

133 1991 320 2030 omnes
360 1976 522 2030 nostis
549 1977 669 2046 quia
690 1992 816 2031 vane
842 1993 973 2030 vana
1000 1976 1263 2047 loquimini
1292 1993 1312 2031 :
1350 1978 1417 2033 ob
1442 1977 1545 2032 hoc
1576 1978 1742 2047 gratia

127 2065 247 2136 jam
272 2068 647 2135 exspectanda
675 2074 773 2121 est.
804 2067 1082 2133 Quomodo
1109 2068 1248 2121 enim
1277 2068 1523 2137 allegavit
1554 2069 1741 2122 merita

132 2172 369 2227 operum
418 2172 637 2211 suorum
681 2172 817 2213 vane
850 2172 983 2212 vana
1023 2157 1281 2228 loquens?
1326 2157 1588 2212 Posscssio
1627 2173 1741 2211 vero

131 2250 428 2319 potentium
476 2251 637 2303 veniet
677 2250 741 2304 ab
774 2249 1129 2322 Onmipotente
1157 2267 1307 2321 super
1333 2266 1417 2305 eos
1448 2267 1465 2305 :
1492 2260 1546 2305 ut
1573 2252 1742 2321 possi-

129 2340 303 2395 deant
329 2355 429 2395 eos
458 2349 703 2409 potentes
728 2383 743 2409 ,
776 2342 833 2396 id
875 2352 989 2407 est,
1037 2342 1279 2398 diabolus
1306 2352 1359 2397 et
1388 2343 1559 2413 angeli
1603 2343 1737 2413 ejus.

129 2432 407 2489 Potentes
426 2442 601 2489 autem
630 2434 753 2490 ideo
776 2435 925 2502 dicit,
955 2436 1075 2505 quia
1102 2436 1190 2491 isti
1212 2437 1625 2491 inlirmabuntur
1651 2452 1740 2491 se-

128 2534 369 2595 quentes
401 2526 707 2590 vanitatem,
741 2536 799 2580 ut
824 2527 877 2580 in
904 2541 997 2581 eos
1026 2527 1105 2581 illi
1146 2528 1465 2596 praevaleant
1493 2526 1657 2582 duces
1683 2537 1739 2582 et

129 2618 418 2689 principes
440 2619 691 2673 vanitatis
719 2636 731 2671 :
761 2618 1030 2689 quomodo
1054 2629 1107 2674 et
1131 2620 1389 2673 Dominus
1410 2619 1598 2675 fortem
1616 2634 1740 2675 cum

129 2710 377 2779 amt-ttat
421 2708 572 2781 (Luc.
624 2727 708 2775 xu,
746 2710 860 2783 2i),
898 2726 1009 2766 non
1033 2711 1103 2766 ob
1131 2710 1273 2765 aliud
1305 2710 1405 2765 nisi
1436 2713 1555 2781 quia
1596 2719 1740 2766 tenet

131 2803 424 2858 invalidos.
462 2802 611 2869 Quod
628 2804 673 2857 si
693 2804 839 2857 multi
869 2803 1057 2875 fuerint
1081 2802 1179 2873 ﬁlii
1202 2804 1333 2873 ejus,
1364 2803 1417 2857 in
1446 2802 1741 2857 occisionem

130 2905 303 2949 erant.
336 2896 501 2952 Filios
528 2897 647 2967 ejus
676 2897 823 2962 dicit,
855 2898 943 2968 qui
969 2912 1091 2952 eum
1117 2897 1183 2951 ad
1214 2896 1571 2952 seducendum
1614 2897 1737 2951 imi-

132 2996 345 3054 tantur,
397 2989 653 3044 falsorum
689 2990 994 3061 dogmatum
1025 3005 1393 3060 persuasorem
1428 2990 1480 3043 in
1512 2990 1732 3044 damna-

130 3080 366 3135 tionem.
397 3080 459 3136 Si
485 3091 652 3135 autem
668 3083 882 3152 juvenes
912 3083 1035 3151 {acti
1059 3082 1267 3151 fuerint,
1312 3081 1607 3153 indigebunt
1632 3098 1652 3137 :
1683 3083 1735 3137 id

129 3179 237 3237 est,
269 3172 321 3226 si
359 3172 665 3227 confirmati
690 3172 888 3228 fuerint
918 3176 971 3228 in
1001 3190 1205 3239 errore,
1246 3175 1594 3243 indigebunt;
1629 3192 1735 3231 non

130 3262 281 3315 enim
314 3276 417 3317 eos
436 3263 646 3317 satiavit
675 3264 898 3317 vanitas.
928 3264 999 3317 Et
1015 3267 1101 3334 qui
1127 3266 1260 3317 circa
1280 3281 1393 3317 eum
1419 3274 1555 3331 διατι,
1580 3275 1740 3319 morte

126 3354 421 3407 morientur
451 3369 471 3407 :
500 3354 591 3424 qui
616 3353 875 3408 simillimi
914 3355 964 3407 ei
1002 3364 1127 3408 sunt
1155 3354 1223 3407 ad
1252 3354 1634 3408 seducendum.
1667 3353 1737 3408 Et

124 3447 303 3499 viduis
334 3460 507 3498 eorum
536 3462 639 3498 non
668 3444 979 3499 miserebitur
1009 3460 1029 3498 :
1058 3445 1298 3514 plebibus
1346 3459 1478 3514 quas
1527 3444 1737 3499 seduxit

124 3552 259 3591 cum
303 3535 387 3590 eis
408 3576 425 3602 ,
456 3535 559 3590 viri
594 3546 770 3591 morte
809 3535 1069 3600 desertis,
1098 3536 1250 3605 quasi
1281 3534 1441 3591 ﬁdem
1472 3536 1576 3589 illis
1602 3552 1734 3590 con-

124 3629 373 3700 iugalem
417 3629 473 3682 in
514 3629 717 3683 erroris
758 3628 1115 3699 promissione
1155 3628 1467 3683 servaverit.
1514 3627 1663 3692 Quod
1691 3629 1736 3682 si

128 3731 176 3775 et
209 3722 475 3791 collegerit
502 3729 556 3775 ut
584 3730 773 3775 terram
800 3732 1068 3793 argentum
1092 3739 1112 3775 :
1139 3720 1195 3775 id
1222 3729 1324 3788 est,
1356 3721 1403 3775 si
1444 3722 1733 3792 prudentes

130 3823 183 3870 et
211 3816 508 3885 sapientes,
538 3830 659 3869 cum
689 3814 867 3870 adhuc
891 3822 1029 3870 terra
1068 3825 1123 3870 et
1158 3815 1329 3869 lutum
1353 3824 1512 3881 sunt,
1547 3813 1599 3868 id
1625 3821 1727 3881 est,

131 3920 257 3960 cum
288 3907 465 3960 adhuc
492 3906 654 3961 stulta
686 3916 740 3962 et
765 3907 1000 3961 carnalia
1027 3907 1263 3960 sentiunt
1283 3948 1298 3972 ,
1327 3906 1407 3961 eis
1435 3922 1727 3963 consense-

135 3996 273 4063 rint;
307 4007 495 4067 postea
518 3999 746 4053 correcti
793 4007 847 4053 et
895 4006 1281 4069 cognoscentes
1310 3998 1572 4067 adjustos
1596 4012 1727 4054 con-

136 4098 433 4145 vertentur.
463 4089 633 4144 Erunt
655 4091 789 4144 enim
817 4089 1001 4143 domus
1020 4106 1197 4143 eorum
1217 4089 1346 4142 sicut
1368 4090 1515 4143 tinea:
1542 4099 1588 4143 et
1612 4105 1729 4143 ara-

138 4196 263 4247 m,
294 4197 413 4255 φιω
434 4183 645 4236 sanavit
668 4198 689 4235 :
717 4197 831 4249 eor,
859 4183 941 4236 vel
970 4182 1375 4236 conscientiam.
1409 4183 1515 4236 Aut
1537 4182 1731 4239 domus

137 4271 267 4326 dixit
294 4274 623 4329 mmiimenta
646 4273 837 4344 quibus
860 4281 1233 4343 seprotegunt,
1262 4287 1449 4327 verum
1474 4282 1647 4329 astuta
1673 4284 1728 4330 et

138 4363 425 4433 latebrosa,
444 4367 541 4422 sed
568 4366 970 4434 invalidissima,
993 4368 1131 4421 sicut
1155 4366 1315 4421 tinet
1336 4366 1599 4421 folliculus
1618 4382 1726 4438 quo

136 4471 197 4512 se
221 4459 526 4527 abscondit,
560 4470 613 4515 et
641 4475 852 4515 aranea:
880 4473 1127 4526 caverna,
1181 4461 1235 4513 i‘n
1276 4474 1434 4529 quam
1483 4474 1549 4515 sc
1584 4460 1724 4516 reci-

139 4551 330 4619 piendo
360 4554 619 4624 cooperit,
651 4563 705 4608 et
730 4553 926 4607 claudit
951 4569 1090 4608 eam.
1125 4552 1252 4619 Qua:
1285 4554 1494 4607 servavit
1521 4563 1719 4621 autem,

139 4644 450 4717 intelligitur
485 4661 543 4702 se
576 4649 686 4718 ipsa
716 4647 767 4701 in
814 4647 901 4702 illa
944 4662 1202 4707 caverna;
1235 4648 1357 4716 quia
1388 4662 1495 4701 non
1534 4662 1723 4703 omnes

140 4748 343 4792 aranea:
373 4738 474 4793 hoc
500 4738 699 4794 faciunt
734 4758 746 4792 :
783 4748 1003 4810 prapter
1025 4748 1373 4810 spontaneum
1411 4749 1464 4794 et
1505 4740 1723 4794 interio-

140 4840 247 4881 rem
291 4830 687 4898 corruptionem
734 4831 926 4900 iniquae
971 4830 1348 4901 cogitationis,
1400 4839 1453 4885 ct
1501 4839 1723 4901 propter

141 4917 336 4974 inutilia
365 4935 546 4992 opera,
575 4938 691 4992 qua:
715 4925 865 4993 quasi
892 4922 1173 4993 diligenter
1212 4922 1262 4977 in
1300 4921 1460 4977 domo
1486 4924 1721 4979 servavit

141 5012 235 5067 sibi
265 5015 474 5086 impius.
519 5015 669 5071 Dives
707 5018 939 5083 dormiet,
967 5027 1012 5071 et
1041 5032 1141 5070 non
1167 5016 1371 5088 adficiet
1398 5033 1417 5070 :
1445 5016 1569 5087 quia
1600 5025 1719 5087 post

143 5116 360 5163 mortem
387 5123 493 5164 non
522 5109 735 5180 adjiciet
754 5110 819 5163 ad
843 5110 981 5178 ipsas
1001 5110 1299 5178 impietales
1318 5108 1545 5164 divitias.
1577 5109 1714 5163 Ocu-

144 5194 214 5249 los
235 5215 349 5254 suos
375 5202 591 5271 aperuit,
625 5211 672 5255 et
698 5217 796 5255 non
826 5210 918 5254 est.
947 5200 1001 5255 ln
1027 5200 1417 5256 resurrectione
1440 5201 1583 5255 enim
1610 5216 1719 5257 non

145 5285 367 5347 inveniet
390 5294 621 5363 seipsum
650 5293 889 5360 divitem,
918 5291 1058 5363 quod
1086 5299 1382 5363 putaverat.
1410 5291 1577 5346 Toltet
1600 5309 1719 5348 eum

144 5390 317 5449 mtuo,
362 5395 411 5439 et
447 5385 601 5440 abibit
629 5401 647 5439 :
676 5395 765 5440 aut
803 5394 964 5441 aestus
990 5387 1170 5449 maris,
1201 5386 1473 5441 tribulatio
1499 5388 1709 5453 saeculi;

146 5481 229 5526 aut
254 5486 411 5532 ustus
448 5494 553 5550 quo
573 5489 819 5534 arescunt
850 5480 1048 5544 herbas,
1078 5495 1197 5550 quae
1223 5479 1453 5534 radicem
1480 5494 1584 5533 non
1624 5482 1715 5534 ha-

148 5561 280 5621 bent.
309 5569 378 5625 Et
403 5572 660 5627 ventilabit
687 5590 798 5627 eum
823 5576 885 5627 de
908 5575 1021 5628 loco
1049 5590 1140 5628 suo
1170 5590 1190 5628 :
1214 5580 1303 5628 aut
1329 5572 1397 5627 de
1447 5586 1545 5643 ape
1572 5589 1665 5629 sua
1695 5591 1710 5641 ;

204 5702 220 5730 ¹
251 5707 299 5753 In
335 5713 470 5775 LXX,
506 5705 759 5775 sdtltésetai
776 5742 790 5767 ,
812 5706 1104 5775 _._s_alvabitur.
1154 5706 1352 5775 Vulgata
1392 5719 1511 5761 vero
1556 5708 1715 5765 locum

146 5757 262 5813 hunc
282 5769 423 5820 vertit
560 5757 789 5827 verbum,
806 5768 989 5821 liberet.

1580 283 1786 341 LIBER
1826 283 2019 344 UNUS.

3344 291 3450 351 εει

1860 412 1950 455 aut
1982 403 2119 458 Deus
2155 419 2278 460 eum
2307 406 2581 461 ventilabit
2608 406 2676 463 de
2716 407 2834 461 loco
2875 421 2993 472 suo,
3036 414 3095 461 ut
3137 421 3241 463 non
3283 409 3352 465 sit
3380 410 3437 467 in

1860 492 1977 547 loco
2005 494 2115 561 Dei,
2148 495 2249 551 hoc
2275 505 2378 563 est,
2408 496 2461 551 in
2489 498 2681 567 populo
2719 513 2875 569 quem
2920 497 3232 553 inbubitavit
3276 501 3439 558 Deus.

1858 584 1925 639 Et
1952 589 2180 657 projiciet
2212 606 2365 660 super
2392 606 2531 656 eum,
2566 600 2612 644 et
2637 607 2739 645 non
2766 601 2934 660 parcet
2964 607 2982 645 :
3010 600 3257 665 tanquam
3288 609 3444 665 agge-

1856 692 1971 734 rem
2006 695 2303 749 posnarum.
2334 680 2554 736 Plaudet
2579 698 2731 751 super
2759 683 2991 737 manibus
3015 685 3119 739 suis
3151 699 3170 738 :
3196 685 3333 739 sicut
3357 686 3440 740 di-

1856 778 1999 825 ctum
2021 781 2122 839 est,
2152 772 2218 826 Et
2244 790 2334 845 ego
2359 774 2629 844 perditioni
2655 790 2826 828 eorum
2854 775 3176 845 superridebo
3206 774 3385 845 (Prov.
3404 792 3446 842 ι,

1854 861 1947 933 26)
1974 880 1989 916 :
2015 864 2289 919 nonicnim
2309 864 2671 935 superlugebit
2694 864 3043 934 perditionem
3066 865 3370 935 impiorum.

1927 951 2025 1025 [lb.
2050 954 2263 1028 xxvun]
2286 955 2381 1010 Est
2421 956 2553 1010 enim
2595 957 2789 1026 argenti
2836 956 2975 1011 locus
3019 957 3154 1012 unde
3190 959 3248 1029 ﬁt
3274 973 3294 1011 :
3320 974 3446 1028 pruo

1853 1046 2063 1114 dentes,
2087 1049 2177 1117 qui
2204 1049 2375 1120 magis
2400 1050 2450 1102 in
2478 1050 2687 1103 actione
2714 1056 2854 1103 sunt.
2886 1047 3055 1105 Locus
3096 1059 3262 1104 autem
3290 1067 3441 1115 auro,

1852 1140 1939 1193 ubi
1980 1151 2226 1212 purgatur
2257 1157 2277 1196 :
2304 1142 2591 1213 sapientes,
2622 1143 2711 1213 qui
2737 1144 2789 1198 in
2816 1145 3264 1214 contemplatione
3293 1155 3439 1201 sunt.

1853 1230 2073 1286 Ferrum
2109 1235 2244 1287 enim
2288 1234 2350 1288 de
2388 1245 2520 1288 terra
2563 1237 2639 1304 ﬁt.
2677 1235 2803 1291 Hcce
2829 1236 3040 1290 metalla
3080 1236 3443 1293 indilfcrenter

1851 1326 2156 1395 accipienda
2205 1327 2257 1382 in
2303 1328 2446 1383 bono
2490 1337 2644 1395 sunt;
2688 1344 2807 1383 nam
2855 1328 2974 1385 ideo
3031 1331 3231 1386 ferrum
3277 1331 3439 1398 dixit,

1850 1418 1972 1488 quia
2006 1418 2137 1473 nihil
2162 1419 2401 1486 interest,
2446 1422 2594 1490 quasi
2629 1422 2870 1492 superius
2899 1422 2965 1476 dc
3006 1421 3148 1478 ferro
3191 1423 3439 1479 diceret:

1850 1512 2091 1581 quamvis
2109 1510 2309 1567 ferrum
2333 1513 2541 1582 possint
2565 1512 2736 1568 fortes
2760 1514 3000 1585 intelligi.
3047 1514 3251 1570 Revera
3294 1516 3441 1571 enim

1850 1603 1995 1657 nulla
2025 1602 2297 1658 distinctio
2324 1612 2407 1659 est
2436 1604 2488 1658 in
2513 1604 2771 1673 sapientia
2803 1605 3081 1659 hominum
3099 1621 3258 1676 quam
3287 1607 3341 1661 in
3374 1622 3442 1663 ea

1848 1704 1990 1751 sunt.
2023 1696 2127 1751 zEs
2165 1698 2601 1752 autem'similiter
2624 1707 2680 1751 ut
2722 1699 2916 1769 lapides
2949 1699 3236 1753 excluditur
3268 1716 3286 1754 :
3314 1702 3442 1771 quia

1848 1797 2019 1844 totum
2066 1789 2134 1845 de
2181 1798 2324 1845 terra
2368 1798 2645 1861 separatur
2694 1808 2707 1843 :
2759 1798 2818 1844 ut
2865 1790 3110 1845 ostendat
3153 1800 3441 1861 propterea

1848 1897 1966 1936 esse
2041 1881 2209 1936 bonos
2266 1882 2420 1935 malis
2492 1883 2687 1936 mixtos
2756 1882 2822 1936 ad
2888 1890 3130 1953 tempus,
3184 1885 3305 1953 quia
3369 1882 3441 1939 de

1847 1973 1976 2042 ipsis
2029 1974 2183 2028 malis
2229 1974 2576 2029 secluduntur
2630 1976 2645 2005 ¹
2690 1975 2837 2042 boni,
2889 1984 2945 2029 et
2992 1991 3090 2045 per
3141 1975 3261 2031 illos
3309 1990 3436 2046 pur-

1846 2074 2038 2134 gantur
2095 2074 2344 2135 tanquam
2388 2066 2599 2119 metalla
2648 2067 2795 2136 operi
2842 2067 2924 2121 vel
2979 2066 3207 2121 :edi‘licio
3244 2082 3438 2123 neces-

1846 2158 2017 2222 saria;
2044 2171 2165 2211 cum
2211 2157 2324 2227 ipsa
2368 2164 2509 2211 terra
2549 2172 2686 2226 Opus
2724 2158 2950 2213 habeant
2975 2158 3287 2228 eliquariac
3323 2156 3435 2213 lor-

1844 2248 1999 2315 mari,
2031 2247 2170 2302 unde
2198 2257 2250 2303 et
2294 2248 2572 2319 separandi
2601 2256 2742 2315 sunt,
2778 2257 2833 2303 ut
2878 2258 3000 2320 post
3038 2250 3175 2303 hanc
3223 2264 3435 2320 separa-

1847 2344 2044 2398 tionem
2094 2343 2288 2399 habeat
2331 2355 2467 2399 terra
2518 2345 2691 2399 locum
2747 2352 2909 2415 atque
2954 2344 3195 2399 ordinem
3247 2360 3433 2413 suum,

1846 2436 1983 2490 sicut
2032 2438 2179 2507 impii
2226 2453 2321 2506 per
2366 2437 2761 2492 damnationem
2808 2453 2907 2507 pro
2956 2439 3157 2492 meritis
3194 2438 3323 2492 suis.
3366 2437 3441 2493 Et.

1845 2544 2043 2581 omnem
2063 2530 2213 2598 ﬁnem
2238 2530 2343 2599 ipse
2364 2530 2545 2582 invenit
2569 2545 2587 2581 :
2608 2529 2729 2597 quid
2754 2544 2859 2598 quo
2883 2529 3211 2598 perduceret.
3235 2529 3441 2583 Invenit

1845 2634 2019 2678 autem
2047 2624 2199 2691 dixit,
2231 2624 2478 2678 instituit.
2510 2623 2666 2693 Lapis
2706 2622 2919 2677 tenebris
2960 2633 3006 2677 et
3034 2622 3210 2676 umbra
3237 2624 3432 2678 mortis.

1843 2714 2018 2786 Lapis,
2055 2715 2105 2769 id
2136 2723 2237 2781 est,
2267 2714 2434 2769 Vetus
2456 2714 2853 2768 Testamentum
2885 2714 3115 2768 tenebris
3141 2724 3193 2768 et
3232 2716 3438 2769 umbrae

1843 2810 2031 2863 mortis
2054 2808 2233 2862 datum
2274 2817 2375 2874 est,
2406 2808 2457 2862 id
2488 2815 2570 2861 est
2598 2807 2831 2861 carnalia
2872 2806 3218 2871 sectantibus,
3248 2821 3438 2877 quam-

1842 2902 1920 2955 vis
1947 2900 2014 2954 ab
2040 2917 2143 2954 uno
2174 2901 2282 2955 Deo
2304 2900 2417 2955 haec
2446 2906 2819 2968 exSpecmrcnt
2854 2916 2865 2950 :
2899 2898 3039 2952 unde
3066 2896 3439 2965 superbientes

1841 3009 1945 3047 non
1989 2992 2356 3047 discindehant
2399 3001 2712 3056 torrentem,
2752 2989 2803 3043 id
2858 2997 2940 3043 est
2988 3005 3091 3042 non
3136 2989 3439 3044 transibant

1842 3100 1937 3154 per
1966 3085 2167 3153 lapsum
2202 3084 2569 3155 temporalium
2605 3083 2669 3135 ad
2706 3082 2934 3151 aliquam
2961 3080 3300 3145 soliditatem,
3335 3077 3438 3135 sed

1840 3177 1956 3245 ipso
1993 3177 2143 3246 lapsu.
2185 3175 2510 3230 ferebantur.
2558 3171 2623 3225 Et
2662 3178 2797 3244 facta
2843 3179 2916 3225 est
2962 3171 3191 3224 discissi‘o
3235 3180 3435 3225 torren-

1838 3268 1902 3320 tis
1927 3285 1959 3320 a
1982 3269 2190 3321 cinere:
2219 3265 2320 3321 hoc
2349 3275 2451 3331 est,
2494 3281 2521 3317 a
2545 3264 2831 3319 conﬁtente
2860 3273 3073 3332 peccata
3106 3278 3219 3327 sua,
3248 3271 3301 3317 et
3327 3277 3435 3319 non

1839 3360 2178 3428 superhientc
2203 3359 2269 3412 dc
2308 3358 2514 3412 meritis
2541 3372 2762 3425 operum
2796 3372 2809 3409 :
2839 3355 2978 3424 quod
3006 3353 3200 3409 factum
3227 3363 3307 3408 est
3339 3369 3438 3424 per

1838 3451 2061 3520 gratiam
2087 3448 2217 3503 Novi
2248 3448 2594 3503 Testamenti.
2623 3447 2867 3499 Discissio
2897 3446 3130 3498 torrentis
3158 3462 3189 3498 a
3219 3446 3385 3500 cinere
3413 3462 3437 3501 :

1839 3541 1906 3593 ah
1937 3540 2259 3594 hominibus.
2308 3539 2378 3593 Et
2424 3538 2655 3592 commoti
2694 3546 2807 3591 sunt
2846 3536 2908 3589 ab
2938 3536 3222 3589 hominibus
3250 3553 3271 3590 :
3295 3536 3434 3590 adu-

1838 3631 2068 3685 lantibus
2117 3647 2223 3684 non
2270 3630 2578 3697 increpante
2624 3628 2754 3692 Deo,
2797 3627 2865 3680 ab
2908 3627 3020 3696 ipsa
3067 3624 3143 3698 (a)
3192 3644 3308 3696 qua:
3351 3628 3434 3684 eis

1836 3722 2095 3791 promissa
2126 3730 2279 3776 erant
2320 3720 2591 3791 pcrdcndo
2636 3722 2917 3789 primatum
2963 3735 3138 3774 suum.
3175 3719 3333 3773 Terra
3368 3722 3439 3776 de

1835 3829 1935 3883 qua
1984 3829 2211 3883 egressus
2258 3821 2328 3866 est
2374 3811 2569 3882 panis:
2612 3810 3054 3875 subaudiendum,
3109 3811 3254 3880 ipsos
3306 3810 3430 3865 dico

1834 3913 2130 3959 commotos
2173 3902 2242 3958 de
2271 3902 2481 3972 quibus,
2514 3908 2761 3970 tanquam
2805 3901 2871 3955 de
2916 3911 3076 3969 terra,
3125 3902 3275 3972 panis
3319 3902 3428 3954 Do-

1833 3998 1961 4051 mini
1994 3998 2139 4052 exiit.
2176 3997 2240 4051 Et
2271 4014 2380 4051 eam
2421 3997 2714 4051 incensurus
2758 4004 2831 4051 est
2860 4011 2879 4051 :
2921 3996 3186 4050 infidelem
3216 3994 3428 4051 cmicsti

1827 4088 2029 4159 judicio
2054 4089 2307 4144 Dominus
2333 4074 2585 4146 ’.-.Locus
2604 4088 2837 4160 sapphiri
2860 4087 3055 4159 lapides
3092 4088 3200 4159 ejus
3224 4103 3242 4141 :
3268 4086 3423 4155 ordo,

1831 4181 1981 4236 locus
2019 4182 2273 4252 sapphiri,
2319 4182 2369 4237 id
2410 4191 2510 4245 cst,
2542 4182 2756 4251 pretiosi
2786 4189 2839 4235 ει
2883 4181 3169 4236 necessarii
3198 4181 3423 4235 aedilicio

1830 4275 2060 4331 civitatis
2085 4277 2337 4331 cmlestis.
2370 4274 2437 4328 Et
2464 4291 2668 4345 aggeres
2697 4291 2877 4327 aurum
2902 4274 2946 4326 ei
2977 4290 2996 4326 :
3025 4288 3211 4326 aurum
3241 4272 3289 4326 ci
3312 4288 3423 4327 non

1831 4369 2097 4423 modicum
2143 4377 2243 4432 est,
2293 4367 2388 4422 scd
2428 4381 2668 4436 aggeres.
2705 4365 2949 4419 Semitam
2993 4381 3143 4433 quam
3192 4380 3293 4417 non
3334 4379 3421 4418 co-

1827 4462 1996 4533 gnovit
2024 4462 2170 4514 avis:
2202 4460 2551 4514 humilitatem
2598 4459 2824 4513 Domini.
2857 4457 2968 4511 Nec
3005 4456 3128 4510 vidit
3153 4474 3263 4510 eam
3296 4473 3419 4511 ocu-

1829 4555 1909 4607 lus
1946 4553 2155 4606 vulturis
2185 4568 2203 4607 :
2241 4551 2455 4605 diaboli.
2490 4550 2611 4604 Non
2641 4551 2820 4603 transit
2847 4566 2996 4621 super
3022 4566 3131 4604 eam
3172 4550 3247 4603 leo
3278 4566 3296 4603 :
3325 4565 3420 4620 per

1827 4644 2188 4699 fortitudinem
2217 4643 2549 4713 superhicns.
2582 4641 2647 4696 In
2688 4642 2959 4696 durissimo
2985 4641 3155 4715 lapide
3196 4641 3419 4695 extendit

1826 4752 2031 4788 nzanum
2073 4751 2234 4790 suam.
2286 4734 2479 4789 Potens
2519 4745 2601 4790 est
2642 4734 2785 4790 cnim
2837 4735 2975 4788 Deus
3033 4735 3101 4788 dc
3151 4734 3415 4804 lapidibus

1826 4826 2062 4881 excitare
2090 4827 2225 4881 ﬁlios
2262 4825 2490 4881 Abrahae
2518 4825 2726 4897 (Matth.
2760 4841 2844 4889 tu,
2867 4825 2945 4896 9).
2976 4825 3040 4899 Et
3080 4827 3218 4898 ripas
3236 4827 3415 4895 ﬂumi-

1826 4934 1944 4972 num
1970 4919 2185 4987 disrupit
2217 4934 2237 4973 :
2267 4926 2324 4971 ut
2347 4927 2511 4972 totum
2543 4919 2803 4988 irrigaret.
2836 4917 3077 4973 Flumina
3110 4918 3249 4971 enim
3286 4915 3415 4971 dicit

1824 5009 2201 5081 prmdicatores
2238 5010 2403 5065 verbi.
2443 5009 2735 5065 Voluerunt
2760 5010 2953 5079 quippe
2979 5010 3108 5077 ripis
3140 5008 3248 5061 suis
3277 5023 3411 5061 con-

1826 5103 2000 5167 tincri,
2044 5111 2100 5155 ut
2144 5110 2345 5156 tantum
2386 5102 2774 5157 circumcisioni
2824 5100 3192 5170 praedicarent.
3251 5096 3415 5153 Omne

1821 5215 1936 5253 vero
1990 5198 2263 5266 pretiosum
2300 5196 2423 5250 vidit
2471 5197 2644 5251 oculus
2698 5211 2835 5247 meus
2882 5208 2900 5246 :
2961 5192 3263 5257 humanus,
3316 5206 3412 5262 per

1822 5288 2056 5344 Verbum
2095 5304 2309 5346 carnem
2351 5288 2565 5344 iactum.
2601 5285 2927 5340 Altitudinem
2958 5285 3225 5354 ﬂuminum
3270 5299 3414 5341 reve-

1822 5383 1961 5437 lavit.
2009 5382 2244 5437 Virtutes
2293 5380 2554 5434 tolerandi
2601 5378 2994 5449 persecutiones
3050 5376 3103 5431 in
3154 5387 3410 5449 martyno

1821 5474 2041 5529 occultae
2067 5482 2121 5528 et
2158 5473 2274 5527 alta:
2315 5480 2439 5525 sunt
2476 5469 2529 5523 in
2561 5470 2795 5536 homine,
2821 5468 2989 5525 donec
3022 5469 3413 5540 persecutionis

1885 5588 1903 5619 ε
1928 5591 1993 5636 tta
2020 5585 2152 5645 Regii
2188 5582 2365 5631 codicis
2392 5595 2486 5645 ope
2517 5582 2808 5645 castigamus
2832 5594 2844 5632 :
2871 5581 3057 5633 scilicet
3076 5579 3336 5645 legebatur
3363 5586 3417 5636 in

1822 5647 1983 5705 editis,
2007 5648 2314 5695 seducuntur.

1884 5712 1905 5742 ³
1926 5704 2033 5757 atas.
2059 5716 2181 5766 tres,
2207 5704 2412 5758 Domini.

1884 5772 1957 5831 (a)
1982 5777 2200 5821 Fortasse
2222 5770 2279 5820 ob
2301 5768 2423 5829 ipsa.
