3874 6310
1438 154 1458 204 ι

458 382 755 443 tentatt’one
775 379 1099 438 rerelentur.
1124 378 1450 449 Ostenditque
1468 381 1698 436 virtutem
1718 396 1864 435 suam
1893 379 1949 434 in
1974 378 2055 434 lu-

459 476 599 532 mine
621 491 639 529 :
664 474 717 530 in
745 474 824 530 eis
847 473 1038 544 quibus
1067 471 1219 537 dixit,
1258 468 1360 526 Vos
1389 473 1504 528 estis
1524 471 1615 527 tua:
1638 472 1811 527 mundi
1835 470 2052 544 (Matth.

466 585 523 635 ν,
566 567 678 640 ιι).
725 567 828 623 Per
872 579 1008 637 quos
1049 564 1209 620 etiam
1248 578 1381 637 pars
1424 563 1730 621 Iudaeorum
1760 578 1865 620 non
1891 579 2055 634 parva

467 674 732 718 conversa
770 667 873 715 est.
911 656 1136 730 Abyssus
1179 657 1327 724 dixit,
1366 656 1488 712 Non
1511 665 1586 713 est
1624 658 1679 712 in
1716 673 1814 712 me.
1851 656 1977 712 Ideo
2001 655 2056 711 in

467 751 668 825 abysso
710 749 983 807 constituti
1026 748 1267 804 homines
1308 763 1426 803 eam
1461 747 1702 805 invenire
1750 763 1854 804 non
1900 756 2054 820 pote-

465 852 616 911 runt,
647 842 769 913 quia
796 841 851 896 in
871 855 932 895 ea
953 854 1058 895 non
1086 847 1188 895 est.
1218 838 1343 894 Non
1371 839 1571 894 dabitur
1600 855 1782 894 aia-um
1808 840 2059 895 inclusum

465 951 564 1008 pro
582 950 642 989 ea
667 950 687 989 :
707 933 759 988 id
786 941 869 988 est
893 931 1192 988 thesaurus.
1216 929 1339 986 Non
1354 932 1449 986 erit
1473 932 1689 986 deterior
1713 948 1841 986 auro
1862 931 2057 1002 Ophir:

467 1035 722 1096 tanquam
768 1025 811 1079 si
858 1023 1079 1089 diceret,
1108 1022 1206 1078 Vel
1244 1022 1323 1079 sic
1361 1037 1479 1078 eam
1523 1022 1766 1094 quaerite,
1795 1023 2059 1094 siquidem

468 1115 707 1172 deterior
743 1127 848 1170 non
878 1114 945 1169 sit
971 1128 1102 1168 auro
1131 1111 1317 1183 Ophir.
1351 1111 1473 1169 Non
1493 1112 1772 1185 aequabitur
1798 1114 1846 1168 ei
1879 1130 2061 1169 aurum

467 1215 517 1261 et
546 1206 746 1259 vitrum.
797 1205 902 1259 Aut
932 1203 1330 1273 intelligendum
1372 1203 1587 1275 aliquod
1629 1204 1826 1260 vitrum
1850 1205 2059 1275 specio-

468 1311 625 1361 sum;
652 1303 743 1351 aut
767 1296 889 1366 quia
916 1304 1040 1350 sunt
1067 1294 1309 1350 homines
1344 1296 1435 1366 qui
1460 1295 1653 1351 vitrum
1690 1295 1806 1366 plus
1843 1295 2062 1367 diligant

469 1402 629 1459 quam
652 1387 985 1457 sapientiam.
1018 1384 1087 1439 Et
1111 1387 1433 1441 commutatio
1457 1388 1569 1458 ejus
1591 1403 1713 1442 uasa
1729 1403 1885 1443 aurea
1911 1404 1930 1441 :
1956 1401 2061 1444 non

470 1489 616 1548 sunt,
650 1478 920 1537 subaudis.
962 1478 1031 1533 Et
1057 1479 1253 1535 excelsa
1277 1488 1324 1534 et
1352 1478 1506 1536 Gabis
1534 1482 1552 1514 ³
1570 1496 1673 1536 non
1696 1489 1841 1537 erunt
1867 1481 1921 1536 in
1952 1497 2061 1536 me-

470 1573 635 1628 moria
678 1590 697 1626 :
731 1570 985 1627 oblivioni
1030 1579 1185 1627 erunt
1235 1572 1289 1626 in
1334 1574 1731 1657 comparatione
1780 1575 1918 1645 ejus.
1957 1575 2064 1630 Aut

470 1665 670 1720 excelsa
715 1670 763 1716 et
806 1660 988 1727 Gabis,
1019 1669 1269 1732 tanquam
1297 1663 1528 1733 superba
1557 1670 1783 1736 mireque
1808 1680 1915 1722 non
1956 1666 2065 1723 sint

467 1753 525 1808 in
564 1752 844 1820 memoria,
885 1759 944 1807 ut
985 1768 1080 1823 per
1128 1753 1478 1810 humilitatem
1526 1755 1704 1813 trahas
1743 1757 1809 1812 de
1832 1758 2064 1815 abscon-

470 1841 598 1898 ditis
643 1842 977 1912 sapientiam.
1006 1841 1272 1913 Sapientia
1324 1843 1461 1899 unde
1510 1844 1710 1900 inventa
1761 1848 1869 1902 est?
1912 1847 2059 1916 dicit,

469 1934 593 2007 quia
617 1949 723 1990 non
751 1935 920 2005 potuit
944 1949 1061 1991 eam
1093 1935 1333 1993 invenire
1365 1935 1529 1992 homo
1556 1938 1656 1993 nisi
1686 1953 1781 2008 per
1802 1941 2024 2010 gratiam
2043 1984 2059 2010 ,

466 2027 592 2084 ideo
614 2027 683 2084 ad
711 2028 875 2085 Deum
908 2028 1326 2087 convertendum
1354 2045 1474 2087 esse
1501 2046 1612 2087 cor.
1641 2031 1784 2088 Latet
1812 2034 1875 2089 ab
1905 2034 2066 2090 oculis

467 2121 636 2176 omnis
660 2121 878 2177 hominis
900 2139 920 2177 :
942 2122 1065 2193 quia
1096 2138 1201 2178 non
1236 2133 1318 2179 est
1340 2124 1751 2183 insensibilibus.
1771 2126 2001 2183 Pcrditio
2018 2140 2065 2184 et

469 2227 609 2266 mors
645 2213 883 2267 dixerunt
922 2229 942 2266 :
982 2213 1175 2283 perditi
1207 2223 1263 2270 et
1285 2216 1501 2283 mortui,
1531 2230 1652 2272 cum
1675 2218 1728 2272 in
1757 2218 1959 2276 deliciis
1985 2221 2064 2274 vi-

468 2311 621 2373 vunt.
652 2301 905 2358 Dominus
940 2304 1301 2360 commendavit
1339 2307 1471 2361 viam
1508 2309 1616 2378 ejus
1643 2325 1662 2362 :
1688 2308 2060 2378 humilitatem,

466 2407 590 2462 quae
616 2393 928 2449 abscondita
972 2404 1055 2450 est
1097 2411 1128 2450 a
1172 2395 1473 2452 volucribus
1520 2399 1662 2454 caeli.
1694 2399 1757 2454 Et
1790 2402 1897 2472 ipse
1929 2403 2064 2458 novit

469 2485 639 2541 locum
690 2487 821 2557 ejus.
865 2487 1040 2543 Locus
1088 2489 1363 2560 sapientiae
1410 2490 1549 2560 quis,
1596 2492 1695 2547 nisi
1743 2493 1902 2550 Pater
1946 2496 2063 2551 est?

470 2574 609 2631 Cum
634 2575 777 2631 enim
801 2576 1015 2645 dicitur,
1036 2578 1157 2650 Ego
1179 2581 1229 2635 in
1251 2580 1360 2647 illo,
1387 2591 1434 2635 et
1458 2581 1546 2637 ille
1582 2583 1636 2638 in
1670 2599 1750 2639 me
1788 2584 1968 2655 (Joan.
2001 2603 2059 2654 ι,

468 2667 590 2738 38);
622 2668 850 2725 invicem
902 2670 1003 2726 sibi
1051 2672 1202 2743 quasi
1253 2673 1368 2728 loca
1414 2682 1557 2729 sunt.
1590 2673 1711 2746 Ipse
1744 2676 1877 2730 enim
1915 2692 2063 2732 omne

466 2760 605 2832 quod
634 2769 706 2815 est
733 2760 825 2815 sub
858 2762 1002 2828 coelo,
1028 2763 1284 2833 perspicit.
1330 2762 1444 2819 Hoc
1483 2765 1644 2820 modo
1670 2781 1731 2821 ea
1759 2766 1925 2835 novit,
1953 2783 2061 2838 quo

466 2851 617 2919 fecit,
657 2862 712 2908 et
754 2869 860 2909 non
890 2854 1229 2912 sensibiliter.
1272 2855 1542 2911 Ventorum
1580 2858 1878 2913 libramenta
1910 2869 2063 2931 atque

468 2960 733 3000 mensuras
753 2944 855 3017 (a).
880 2946 1013 3001 Tota
1047 2957 1290 3003 creatura
1326 2963 1422 3018 per
1460 2957 1663 3019 partem
1706 2950 2055 3020 signiﬁcatur.

469 3034 543 3090 Et
568 3035 728 3101 bene,
758 3036 1014 3106 pondere,
1043 3052 1317 3106 mensura,
1368 3046 1424 3094 et
1468 3055 1691 3096 numero
1720 3042 1894 3096 omnia
1926 3041 2060 3099 dixit

466 3122 609 3180 facta
653 3113 836 3196 (.Sap.~
854 3142 931 3192 ιι,
969 3126 1086 3197 21),
1135 3127 1187 3182 in
1230 3127 1423 3197 quibus
1466 3128 1775 3200 intelligitur
1818 3130 2054 3187 Creator.

471 3216 692 3283 Quando
727 3218 868 3287 fecit,
906 3220 1035 3274 sicut
1062 3220 1207 3287 vidit,
1248 3223 1570 3276 enumerabit.
1607 3221 1724 3277 Non
1752 3233 1902 3279 extra
1931 3225 2062 3281 vidit

469 3318 534 3366 ut
570 3310 800 3376 taceret;
828 3311 923 3368 sed
965 3313 1019 3367 in
1059 3313 1370 3383 semetipso,
1412 3313 1551 3369 sicut
1575 3314 1787 3371 artifex.
1817 3314 1886 3370 Et
1926 3319 2061 3372 viam

472 3409 826 3472 tempestatum
877 3402 1078 3458 vocibus
1119 3421 1137 3458 :
1172 3412 1523 3474 tempestatum
1572 3421 1668 3476 pro
1710 3407 2059 3464 teutationum

468 3493 704 3565 positum
749 3502 866 3557 est;
913 3494 1263 3550 tentationum
1312 3502 1512 3564 autem,
1559 3512 1656 3568 pro
1699 3497 1783 3553 his
1823 3501 1914 3570 qui
1947 3510 2061 3556 ten-

468 3591 651 3642 tantur
694 3601 710 3640 :
758 3584 1027 3657 quomodo
1080 3585 1386 3642 dicerentur
1431 3602 1590 3644 voces
1638 3590 1918 3662 naufragii,
1962 3608 2060 3664 pro

468 3677 691 3734 vocibus
714 3676 1112 3748 naufragorum.
1139 3676 1281 3733 Tunc
1300 3678 1420 3733 vidit
1443 3696 1574 3747 eam,
1601 3691 1647 3735 et
1676 3684 1906 3753 exposuit
1924 3700 2056 3738 eam.

466 3769 533 3825 In
560 3770 1024 3841 prtedestinatione
1058 3771 1315 3826 Dominus
1347 3771 1480 3826 vidit
1518 3773 1657 3827 viam
1687 3788 1790 3844 qua
1826 3790 1884 3831 se
1924 3791 2058 3832 cou-

469 3868 742 3916 verterent
794 3859 999 3915 teutati.
1044 3858 1254 3914 Paravit
1279 3869 1328 3914 et
1354 3861 1665 3933 investigarit
1702 3880 1720 3917 :
1762 3864 1815 3918 in
1857 3866 2060 3937 praede-

469 3953 779 4020 stinatione,
810 3967 920 4009 non
949 3955 969 3986 ³
998 3954 1051 4008 in
1076 3953 1329 4010 actionem

467 4062 478 4099 ι
545 4040 645 4115 [lb.
668 4040 847 4116 um]
856 4042 1098 4110 Quisnam
1113 4059 1190 4098 me
1205 4044 1425 4099 restituet
1440 4045 1491 4100 in
1508 4060 1697 4102 menses
1712 4048 1935 4116 priorum
1952 4049 2060 4104 die-

469 4134 628 4189 rum?
655 4133 782 4190 llaec
822 4150 889 4190 ex
923 4149 1148 4207 persona
1177 4134 1284 4191 dici
1326 4135 1574 4191 videntur
1611 4137 1865 4194 Ecclesia:
1898 4139 2057 4195 simul

470 4240 593 4282 cum
656 4224 831 4296 capite
889 4224 1126 4293 Christo,
1200 4234 1449 4298 tanquam
1516 4236 1657 4283 totus
1710 4229 1823 4300 ipse
1896 4229 2058 4287 homo

467 4317 720 4389 loquatur
741 4326 982 4391 tempore
1017 4317 1356 4375 abundantia:
1383 4318 1777 4375 tribulationum
1802 4330 1857 4377 et
1882 4329 2055 4378 tenta-

466 4411 698 4480 tionum,
762 4422 1014 4485 tanquam
1061 4411 1146 4468 his
1189 4412 1396 4480 diebus,
1447 4413 1513 4469 de
1562 4414 1753 4485 quibus
1801 4415 2057 4472 Dominus

466 4502 598 4561 dicit
636 4523 654 4559 :
702 4504 910 4561 Venient
939 4506 1047 4561 dies
1079 4507 1282 4577 quando
1325 4506 1560 4578 optabitis
1603 4509 1767 4564 videre
1800 4526 1958 4565 unum
1995 4511 2058 4565 de

465 4595 642 4650 diebus
664 4596 791 4660 istis,
823 4606 871 4651 et
911 4613 1013 4652 non
1042 4597 1271 4652 videbitis
1304 4596 1451 4669 (Luc.
1491 4613 1619 4666 xvu,
1655 4598 1769 4672 22).
1808 4601 1886 4656 Eo
1911 4602 2054 4657 enim

466 4693 713 4756 tempore
739 4701 846 4757 quo
870 4687 1128 4743 Dominus
1161 4697 1277 4743 erat
1305 4687 1359 4743 in
1383 4695 1546 4754 terra,
1593 4692 1735 4745 nulla
1762 4700 1879 4747 erat
1906 4692 2054 4747 solli-

465 4774 671 4842 citudo,
693 4778 934 4848 quamvis
961 4778 1136 4835 adhuc
1182 4779 1374 4851 populo
1413 4794 1578 4850 parvo
1624 4780 1934 4850 christiano,
1964 4787 2055 4857 qui

464 4868 747 4925 constabat
786 4883 854 4925 ex
899 4869 983 4925 his
1018 4871 1108 4941 qui
1136 4871 1188 4926 in
1225 4887 1346 4927 cum
1383 4872 1738 4941 crediderant,
1768 4891 1835 4931 ex
1863 4877 2055 4948 quibus
2124 4877 2130 4883 ’

464 4970 621 5018 erant
649 4962 771 5032 plus
794 4976 952 5033 quam
981 4962 1257 5034 quingenti
1287 4962 1498 5032 fratres,
1528 4965 1719 5036 quibus
1744 4968 1903 5023 etiam
1935 4979 2056 5040 post

463 5055 910 5111 resurrectionem
957 5070 1216 5128 apparere
1268 5056 1511 5128 dignatus
1567 5067 1667 5125 est,
1720 5059 1857 5117 sicut
1906 5061 2051 5134 Apo-

529 5209 921 5287 f.1':‘li“.v.9rm"§2
954 5219 1292 5287 οοπιιρίθρνο
1313 5214 1481 5287 Calais.
1508 5230 1631 5269 νοοθ
1660 5217 1883 5287 hebetes.
1909 5235 2053 5287 quam

462 5272 796 5348 Wa???"
818 5272 1164 5348 τειίιιυθωξὲ
1186 5272 1492 5348 Simmachu's
1520 5292 1639 5348 νθφ
1652 5283 1801 5348 venit
1817 5272 2051 5348 ,Διίαρείέέ

632 5345 650 5383 :
674 5334 906 5405 yulgata,
928 5334 1183 5389 eminentia
1205 5334 1231 5388 ε’
1245 5340 1562 5405 Hieronymus
1579 5342 1645 5391 de
1666 5334 1939 5395 nominibus
1961 5334 2052 5397 be-

462 5392 640 5445 braicis
676 5395 725 5444 in
756 5392 844 5445 Iob
868 5392 1215 5463 interpretatur
1230 5436 1245 5461 ,
1285 5392 1587 5454 altitudinem
1621 5392 2053 5518 σωῖέυέὸὴἰέξὶῖίἰ

462 5455 679 5518 denique
693 5458 911 5518 ignotum
928 5461 1168 5518 quoddam
1181 5475 1389 5518 gemmae
1404 5478 1566 5518 uenus
1579 5466 1701 5518 siun'
1792 5480 1848 5517 re
1864 5475 2049 5518 nutant.

461 5455 911 5531 deniqueignotum
928 5455 1168 5531 qubddam
1181 5455 1389 5531 gemmae
1404 5478 1566 5528 genus
1579 5455 1848 5531 signiﬁcare
1864 5455 2049 5531 putant;

526 5518 882 5594 figlpriacensis
923 5518 1082 5574 e'odex
1119 5518 1313 5588 opiimaa
1353 5518 1501 5587 novae,
1538 5518 1675 5579 carEt
1712 5529 1790 5582 hic

461 5580 706 5642 negativa.

466 5659 1748 5767 mmmewmmmu»
1768 5678 1875 5731 ιινο
1896 5691 2047 5744 ασαιθ

486 5733 574 5767 san
594 5733 860 5786 mensuras,
882 5738 993 5789 quae
1014 5743 1130 5780 vera
1152 5733 1404 5784 Scriptura:
1426 5733 1571 5785 lectio
1732 5733 1744 5738 ’
1938 5733 1953 5744 ’
1969 5733 1987 5811 ξ
2019 5801 2026 5809 .

1422 274 1958 339 ANNO'I‘ATIONUM
1994 272 2061 332 IN
2098 270 2238 344 108,
2280 273 2339 333 Β.
2379 275 2746 337 AUGUSTINI
3475 349 3483 356 ἦ
3638 297 3721 358 ago

2160 376 2334 434 stolas
2360 376 2492 437 dicit
2519 380 2563 452 (Ι
2585 380 2709 440 Cor.
2739 367 2838 452 xv,
2862 383 2943 460 8).
2966 383 3130 445 Nulla
3159 403 3296 463 ergo
3322 399 3454 452 tunc
3477 407 3585 455 erat
3598 376 3718 459 abili-

2159 468 2359 565 citudo,
2390 487 2459 528 ne
2498 483 2591 531 aut
2616 490 2647 530 a
2674 477 2829 533 malis
2869 479 3011 537 male
3058 483 3461 554 gubernaretur
3495 490 3716 565 Ecclesia,

2162 570 2256 618 aut
2308 563 2571 625 lueresum
2628 568 2710 624 vel
2763 571 3112 631 schismatum
3188 576 3485 638 laniaretur
3532 563 3715 645 insidiis.

2160 653 2296 711 Nam
2338 671 2438 713 nec
2484 658 2627 728 ipsas
2667 663 2975 731 corporales
3014 669 3426 737 persecutiones
3464 688 3607 744 passa
3630 688 3717 748 est;

2162 760 2272 803 non
2315 748 2522 821 aliquas
2571 753 2788 822 pertulit
2834 755 2917 812 vel
2964 756 3294 816 intrinsecus
3330 763 3415 819 vel
3440 768 3720 829 extrinsecus

2163 840 2534 898 adversitates.
2559 842 2825 915 Loquitur
2860 847 3040 919 itaque
3079 850 3189 908 Job
3231 868 3299 908 ex
3343 870 3562 924 persona
3584 859 3720 918 homi-

2164 931 2272 997 nis,
2301 930 2406 988 boc
2445 942 2549 999 est,
2578 937 2760 1006 populi
2802 938 2870 994 ad
2915 939 3126 997 Novum
3172 942 3569 1005 Testamentum
3590 956 3720 1022 parti.

2165 1022 2364 1089 nentis,
2395 1022 2747 1081 desiderantis
2775 1027 2895 1084 illos
2935 1029 3072 1099 dies,
3112 1032 3260 1088 sicut
3298 1037 3606 1105 prmdixerat
3643 1043 3720 1101 Do-

2166 1113 2367 1170 minus.
2400 1114 2468 1171 Et
2487 1114 2717 1174 fortasse
2743 1119 2866 1175 ideo
2890 1138 3083 1178 menses
3102 1127 3424 1197 appellavit,
3447 1147 3546 1186 non
3568 1149 3719 1205 annos,

2166 1207 2291 1276 quia
2331 1223 2399 1264 ex
2440 1224 2548 1280 quo
2594 1210 2755 1282 elegit
2805 1213 3065 1272 Dominus
3117 1218 3439 1290 discipulos,
3493 1239 3642 1297 usque
3672 1230 3722 1285 ad

2167 1300 2495 1370 passionem,
2527 1318 2634 1359 non
2664 1305 2812 1374 anni,
2839 1308 2935 1363 sed
2964 1325 3185 1368 menses
3205 1312 3446 1371 fuerunt.
3477 1315 3592 1373 Cum
3611 1320 3719 1377 luce-
3806 1350 3807 1359 ι

2168 1390 2254 1446 bat
2287 1392 2491 1447 lucerna
2532 1396 2641 1466 ejus
2684 1412 2838 1468 super
2875 1411 3027 1471 caput
3062 1419 3240 1458 meum
3271 1421 3292 1458 :
3316 1406 3401 1462 vel
3428 1422 3624 1466 carnem
3647 1411 3723 1468 Do-

2167 1482 2298 1537 mini
2331 1483 2611 1541 visibiliter
2637 1499 2973 1558 praesentem,
3004 1494 3088 1548 vel
3117 1496 3349 1554 verbum
3387 1514 3452 1555 es
3494 1516 3581 1557 ore
3613 1519 3720 1573 pne-

2168 1574 2339 1665 scntis
2379 1578 2752 1647 corporaliter.
2798 1579 2927 1637 Cum
2966 1586 3172 1641 verbum
3232 1587 3476 1646 Domini‘
3500 1593 3722 1665 inspicat

2170 1662 2374 1718 domum
2426 1683 2589 1723 meam
2638 1668 2708 1726 ad
2768 1670 3094 1744 diligentiam
3155 1679 3496 1738 custodiendi
3540 1662 3720 1743 conver-

2171 1754 2450 1811 sationem.
2479 1755 2548 1811 Et
2587 1759 2779 1816 circum
2806 1779 2887 1818 me
2928 1767 3073 1836 pueri
3099 1770 3205 1824 mei
3240 1786 3261 1824 :
3289 1772 3383 1841 qui
3408 1772 3723 1844 obsequeban-

2174 1853 2260 1899 tur
2288 1846 2560 1905 humiliter
2588 1853 2887 1909 necessan'a
2916 1855 3383 1919 adntinistrantes.
3423 1863 3543 1920 Cum
3578 1867 3720 1936 ﬂueret

2173 1952 2263 2005 per
2288 1938 2395 1991 vias
2424 1956 2560 1997 meas
2605 1942 2840 2014 butyrum
2887 1963 2907 2002 :
2957 1963 3053 2018 per
3106 1966 3292 2009 mores
3339 1969 3486 2011 meos
3530 1959 3720 2014 exsulta-

2172 2027 2371 2083 tionem
2423 2029 2546 2087 lldei
2596 2042 2654 2088 et
2692 2034 2955 2093 bonorum
3002 2053 3256 2109 operum.
3307 2043 3435 2100 Cum
3457 2051 3719 2105 montanui

2171 2120 2484 2213 abundarent
2521 2123 2652 2179 lacte
2686 2141 2706 2180 :
2748 2127 3032 2198 Propheta:
3085 2139 3229 2190 bene
3278 2139 3507 2207 parvulis
3531 2155 3718 2213 expone

2172 2219 2376 2267 rentur.
2404 2210 2532 2268 Cum
2575 2214 2762 2270 exirem
2808 2220 3083 2276 matutinus
3126 2223 3185 2278 in
3226 2226 3428 2282 civitate
3460 2245 3488 2283 λ
3523 2210 3716 2286 autcum

2167 2299 2277 2371 jam
2322 2300 2536 2360 claritas
2574 2305 2886 2377 lucesceret,
2920 2314 3205 2370 transactis
3246 2319 3479 2374 tenebris
3516 2320 3714 2389 timoris;

2171 2399 2264 2447 aut
2311 2392 2363 2448 in
2414 2395 2635 2451 exordio
2678 2397 2958 2468 Ecclesiae,
2990 2412 3184 2463 utnon
3210 2407 3343 2462 satis
3367 2410 3609 2479 occultus,
3632 2425 3714 2468 non

2171 2484 2301 2539 satis
2339 2485 2671 2542 manifestus.
2699 2486 2768 2544 Et
2804 2491 2858 2545 in
2901 2493 3082 2563 plateis
3111 2498 3393 2566 ponebatur
3431 2502 3546 2557 mild
3576 2502 3715 2557 sella:

2169 2588 2201 2628 a
2254 2574 2420 2632 turbis
2468 2576 2808 2637 deferebatur
2849 2583 2978 2640 mihi
3025 2585 3261 2645 docendi
3310 2593 3596 2648 auctoritas.
3647 2591 3712 2647 Vi-

2170 2664 2342 2722 dentes
2369 2683 2448 2722 me
2474 2668 2813 2729 adolescentes
2853 2674 3295 2736 abscondebantur
3323 2698 3342 2736 :
3371 2682 3526 2738 dediti
3552 2697 3709 2739 concu-

2169 2758 2462 2830 piscentiis.
2512 2762 2670 2820 Senes
2711 2776 2878 2822 autem
2920 2775 3256 2844 assurgebant
3284 2792 3305 2830 :
3348 2776 3629 2846 prudentes.
3659 2773 3711 2831 Et
3806 2824 3807 2846 ξ

2171 2861 2396 2921 potentes
2431 2867 2743 2913 cessaverunt
2780 2860 2963 2930 loqui:
2988 2866 3368 2933 superbientes
3400 2866 3464 2923 de
3498 2866 3711 2923 doctrinis

2168 2945 2301 3000 suis.
2355 2947 2485 3012 Quia
2534 2951 2674 3006 auris
2720 2953 2930 3020 audivit,
2983 2966 3032 3010 et
3058 2957 3365 3029 beatiﬁcauit
3406 2978 3497 3016 me.
3521 2961 3708 3032 Populus

2167 3053 2329 3108 quem
2374 3055 2483 3096 non
2537 3045 2761 3114 cognovi
2805 3047 3027 3104 servivit
3077 3051 3235 3120 mihi,
3291 3053 3345 3108 in
3376 3052 3560 3113 auditu
3595 3051 3707 3107 auris

2168 3129 2405 3184 obcdivit
2432 3130 2561 3186 mihi
2606 3132 2778 3204 (Psat.
2822 3152 2953 3204 xvii,
2993 3140 3108 3213 45).
3156 3141 3226 3197 Et
3263 3144 3435 3199 oculus
3473 3144 3622 3198 videns
3648 3158 3707 3196 eu

2168 3220 2433 3276 declinavit
2456 3240 2474 3278 :
2499 3224 2802 3284 Judteorum
2849 3245 2955 3287 non
3006 3234 3364 3293 credentium.
3407 3235 3476 3293 Et
3501 3253 3553 3292 os
3575 3235 3707 3290 vidit:

2169 3312 2419 3369 benedixit
2442 3331 2520 3370 me
2545 3334 2564 3371 :
2592 3317 2707 3388 ejus
2744 3321 2938 3378 animte
2984 3339 3107 3395 quas
3150 3327 3352 3384 diaboli
3393 3327 3615 3398 conjugio
3636 3340 3704 3381 re-

2167 3405 2453 3462 nuntiavit.
2524 3406 2663 3464 Ecce
2726 3409 2997 3470 ferebatur
3065 3427 3319 3474 mortuus.
3386 3418 3516 3474 ﬁlius
3557 3416 3703 3472 unicus

2165 3497 2354 3553 matris
2381 3512 2514 3567 sum,
2545 3516 2663 3572 quae
2690 3513 2807 3560 erat
2844 3506 3002 3563 vidua
3029 3509 3186 3582 (Luc.
3216 3528 3309 3578 vn,
3334 3513 3440 3584 l2).
3471 3512 3529 3568 Et
3560 3511 3701 3565 vestie-
3806 3522 3807 3584 γ

2165 3587 2257 3642 bar
2294 3590 2492 3659 judicio
2530 3595 2659 3650 sicut
2691 3596 2959 3669 chlamyde
2982 3617 3003 3655 :
3031 3601 3085 3657 in
3122 3604 3464 3674 praeferendis
3497 3603 3699 3673 spiritua-

2166 3683 2326 3753 libus,
2355 3686 2678 3758 carnalibus,
2723 3692 2928 3748 nesciat
2955 3694 3172 3754 sinistra
3198 3698 3326 3769 quid
3351 3697 3501 3756 faciat
3523 3695 3698 3752 dextera

2171 3788 2260 3835 tua
2289 3778 2499 3853 (Matth.
2535 3797 2612 3848 vt,
2647 3780 2727 3854 ὅ),
2760 3784 2812 3839 id
2837 3794 2940 3853 est,
2968 3802 3070 3859 qua
3123 3791 3416 3847 intentione
3449 3795 3696 3860 operetur:

2165 3877 2349 3938 operta
2374 3869 2517 3926 enim
2559 3871 2794 3940 sinistra,
2839 3874 3025 3932 dextra
3075 3890 3287 3936 exserta
3334 3889 3415 3937 est
3451 3881 3499 3935 in
3545 3874 3699 3932 vestitu

2164 3960 2495 4033 chlamydis;
2523 3963 2665 4034 quod
2696 3966 2841 4033 facit,
2877 3968 2969 4039 qui
2997 3980 3144 4027 recte
3164 3973 3364 4043 judicat
3387 3985 3486 4041 quo
3506 3968 3566 4024 sit
3585 3962 3695 4021 refe-

2163 4052 2391 4109 rendum
2426 4055 2568 4126 quod
2599 4066 2873 4127 Operatur.
2902 4057 3170 4117 Iudicium
3204 4064 3339 4135 quod
3369 4079 3464 4117 non
3509 4068 3697 4113 noverat!

2163 4150 2426 4218 exquisivi.
2454 4151 2595 4210 Ecce
2620 4168 2720 4210 nos
2743 4154 3042 4217 dimisimus
3069 4163 3267 4228 omnia,
3300 4170 3353 4219 et
3378 4156 3530 4215 secuti
3547 4161 3694 4209 sumus

2164 4250 2253 4308 te;
2279 4242 2407 4314 quid
2453 4244 2609 4302 nobis
2649 4247 2754 4303 erit
2782 4247 2916 4321 ’(ιά.
2963 4266 3078 4320 ιιι,
3128 4254 3262 4328 27)?
3309 4253 3435 4308 Dicit
3474 4241 3693 4304 felicitatis

2163 4347 2276 4391 sua:
2300 4334 2484 4402 fuisse,
2510 4338 2653 4409 quod
2693 4339 2941 4399 habuerit
2963 4359 2993 4399 a
3018 4360 3126 4416 quo
3167 4356 3424 4418 quaireret
3455 4341 3517 4397 de
3553 4338 3691 4392 futuro

2159 4424 2382 4496 judicio.
2416 4427 2655 4502 Confregi
2682 4433 2844 4489 molas
2871 4434 3155 4508 iniquorum
3178 4457 3197 4495 :
3221 4448 3278 4494 nt
3298 4440 3403 4509 jam
3438 4448 3533 4491 non
3566 4428 3691 4483 devo-

2163 4527 2345 4574 rarent
2388 4519 2598 4590 plebem
2639 4521 2707 4578 de
2753 4525 2873 4581 cibo
2921 4529 3091 4597 panis.
3137 4529 3293 4586 :Etas
3340 4541 3445 4582 mea
3487 4522 3688 4578 unum;

2161 4610 2292 4665 sicut
2325 4614 2476 4668 arbor
2507 4615 2713 4685 palmae,
2761 4617 2916 4674 multo
2965 4621 3126 4675 vivam
3168 4631 3384 4692 tempore
3410 4634 3429 4671 :
3457 4613 3684 4686 proluit!"

2160 4701 2324 4770 bitur,
2351 4714 2407 4760 et
2429 4720 2525 4762 ero
2548 4706 2685 4763 sicut
2704 4708 2865 4764 arbor
2880 4711 3066 4779 palmae
3090 4712 3142 4767 in
3174 4713 3371 4768 honore
3394 4702 3682 4773 sempiterno,

2160 4804 2215 4850 et
2263 4795 2599 4863 celsitudine,
2647 4806 2703 4854 et
2745 4800 3082 4858 rectitudine.
3129 4801 3200 4858 Et
3242 4818 3323 4858 ros
3370 4794 3608 4854 morabitur
3644 4785 3686 4838 ἔκ

2160 4902 2319 4941 messe
2364 4904 2495 4944 mea.
2541 4889 2620 4944 Ex
2669 4906 2775 4961 quo
2838 4893 3131 4949 seminatur
3195 4903 3250 4950 et
3292 4889 3534 4964 germinat
3564 4889 3679 4976 *ξεττ

2159 4983 2351 5036 messis
2376 4980 2588 5037 dicitur.
2613 4981 2791 5039 Gloria
2817 5002 2929 5041 mea
2962 5003 3091 5043 nova
3128 5003 3317 5043 mecum
3353 5001 3372 5040 :
3394 4981 3444 5037 id
3468 4986 3556 5043 est,
3579 4968 3682 5027 Νοτί

2158 5070 2506 5129 Testamenti.
2534 5074 2603 5130 Et
2627 5092 2775 5131 arcus
2808 5094 2949 5133 meus
2984 5079 3039 5134 in
3081 5096 3233 5135 manu
3273 5092 3379 5133 mea
3419 5068 3676 5164 gradienti:

2158 5164 2348 5223 faciam
2378 5168 2518 5240 quod
2548 5169 2817 5242 praecipio.
2869 5168 2936 5226 Et
2973 5174 3027 5227 in
3070 5188 3294 5229 sermone
3331 5183 3434 5223 meo
3459 5176 3547 5218 non
3564 5154 3676 5223 αὔθ’

2158 5269 2352 5314 cerunt.
2376 5259 2763 5318 Perfectionem
2791 5262 3065 5334 Evangelii
3105 5264 3359 5337 signiﬁcat
3394 5277 3410 5315 ε
3444 5265 3550 5345 ΜΨ
3588 5256 3676 5345 se":

2156 5366 2247 5407 mo
2281 5352 2575 5426 Synagogae
2616 5354 2771 5412 datus
2809 5355 3034 5429 indiguit
3075 5357 3381 5429 adiectione.
3422 5344 3518 5405 Sed
3551 5346 3675 5411 quam

2154 5455 2273 5502 sunt
2327 5463 2441 5503 cum
2487 5448 2718 5521 loquerer
2756 5450 2873 5532 eis_:
2897 5452 3021 5523 quia
3064 5453 3209 5524 prior
3246 5446 3429 5506 locutio
3472 5438 3670 5532 timore“:

2155 5536 2405 5608 habebat,
2451 5512 2681 5613 sequens
2708 5512 3043 5602 charitaiem.
3065 5512 3226 5613 ’ρυοά
3256 5544 3298 5599 si
3333 5547 3378 5593 et
3411 5531 3593 5590 tian
3621 5512 3672 5573 σι

2218 5742 2235 5773 ί
2260 5739 2571 5794 Plataeensis
2599 5747 2708 5803 Its,
2741 5753 2851 5792 cum
2884 5738 3127 5803 omnbus.
