3874 6336
180 306 319 367 857

182 435 319 484 eos,
358 436 466 477 non
496 420 760 477 credebant
801 438 814 475 :
864 419 930 475 de
976 419 1060 473 his
1098 431 1214 488 qure
1249 417 1301 471 in
1332 413 1599 486 parabolis
1627 414 1701 468 ita
1729 414 1811 468 lo-

184 511 512 582 quebatur,
565 520 622 581 ut
668 525 773 567 non
828 510 1243 580 intelligeretur;
1296 523 1401 562 non
1446 515 1628 560 tamen
1674 506 1815 559 sicut

184 605 399 660 verba
448 619 641 660 sonare
694 604 1028 670 videbamur,
1082 617 1215 656 vana
1266 601 1447 656 dicere
1513 609 1807 671 putaretur.

186 694 315 752 Hic
362 706 450 753 est
486 698 626 753 risus
665 696 811 752 Sarm
844 696 994 767 (Gen.
1028 711 1179 759 xvnt,
1214 694 1326 764 10),
1358 694 1446 763 qui
1485 692 1814 763 significabat

186 791 411 845 omnia
457 805 551 847 eos
603 791 656 844 in
708 789 981 860 prophetia
1025 788 1251 843 fecisse:
1284 784 1425 841 unde
1470 786 1559 855 qui
1590 784 1811 854 ﬁgurate

185 880 429 951 aliquid
471 880 669 936 dicunt.
699 879 846 952 Elegi
889 896 1061 934 eorum
1101 879 1249 941 viam,
1292 886 1340 931 et
1375 877 1481 930 sedi
1520 877 1750 945 princeps
1784 892 1803 929 :

188 978 306 1025 aut
340 969 688 1039 suscipiendo
722 970 1115 1031 mortalitatem,
1155 976 1249 1021 aut
1284 981 1403 1021 cum
1439 965 1732 1036 publicanis
1759 974 1815 1020 et

187 1060 599 1130 peccatoribus
641 1058 991 1124 convivando,
1047 1057 1141 1113 sed
1203 1056 1273 1110 ita
1327 1064 1384 1110 ut
1440 1056 1685 1125 princeps
1736 1054 1814 1110 eis

190 1168 407 1208 essem
433 1153 499 1207 ad
538 1153 785 1208 salutem.
818 1149 883 1204 Et
912 1150 1196 1205 habitabam
1221 1150 1349 1204 sicut
1374 1165 1463 1202 rex
1487 1148 1676 1201 cinctus
1703 1150 1812 1217 [or-

190 1246 357 1299 tibus
387 1262 404 1299 :
428 1245 518 1316 qtti
548 1245 660 1299 suis
679 1244 911 1298 dimissis
936 1258 1057 1297 eum
1085 1241 1252 1297 secuti
1276 1249 1418 1295 sunt.
1447 1239 1601 1303 Quasi
1629 1253 1812 1291 conso-

191 1339 331 1393 lans
386 1339 572 1392 tristes.
631 1338 734 1391 Eos
782 1337 912 1391 dicit
953 1337 1041 1407 qtti
1095 1350 1189 1405 spe
1233 1333 1550 1404 gaudebant,
1582 1347 1700 1385 eum
1747 1330 1814 1385 de

187 1430 481 1497 prazsenti
522 1430 626 1483 vita
650 1438 800 1483 erant
844 1429 1040 1482 tristes.
1071 1426 1213 1480 Beati
1256 1427 1479 1495 lugentes
1510 1422 1722 1494 (Matth.
1754 1437 1808 1487 v,

191 1522 288 1591 5),
344 1530 410 1575 ut
459 1521 660 1577 dictum
708 1529 826 1586 est;
880 1528 954 1579 et,
991 1518 1145 1584 Quasi
1187 1518 1371 1582 tristes,
1403 1532 1599 1585 semper
1645 1523 1813 1567 autem

189 1613 502 1684 gaudentes
548 1612 629 1680 (ll
670 1610 787 1667 Cor.
820 1628 893 1675 Vl,
927 1610 1026 1682 10)
1050 1628 1064 1664 :
1091 1611 1177 1679 qui
1206 1624 1309 1663 non
1341 1608 1599 1677 possunt‘
1634 1616 1814 1661 tenere

190 1703 370 1759 illam
404 1704 840 1774 magnitudinem,
886 1702 954 1756 de
995 1717 1097 1771 qua
1144 1700 1343 1754 dictum
1388 1706 1491 1765 est,
1520 1698 1621 1763 Qui
1644 1708 1813 1751 autem

192 1795 399 1866 fecerit
428 1804 472 1849 et
512 1797 586 1849 sic
627 1796 872 1861 docuerit,
924 1809 1134 1864 magnus
1180 1792 1433 1847 vocabitur
1460 1794 1513 1845 in
1541 1807 1696 1861 regno
1717 1805 1815 1843 σω·-

195 1888 391 1940 larunt
419 1885 628 1953 (Matth.
648 1885 831 1956 V519).

280 1975 399 2049 [11).
438 1976 591 2048 xxx.]
617 1975 770 2029 Nunc
796 1986 959 2030 autem
989 1975 1213 2029 derident
1239 1990 1317 2029 me
1339 1974 1522 2042 inﬁmi,
1545 1990 1676 2027 nunc
1701 1988 1810 2026 mo-

196 2077 336 2122 nent
384 2084 467 2120 me
492 2069 708 2121 minores
739 2078 957 2137 tempore
986 2083 1003 2120 :
1028 2066 1148 2136 quia
1181 2075 1235 2120 et
1262 2074 1445 2135 postea
1476 2067 1581 2118 nati
1609 2074 1729 2118 sunt
1760 2065 1813 2119 in

195 2158 468 2214 Ecclesia
497 2158 648 2224 tales,
675 2167 854 2212 etnon
879 2157 1160 2227 proﬁciunt
1181 2157 1482 2227 plurimum.
1512 2155 1714 2209 Manent
1738 2170 1813 2209 me

200 2259 408 2304 autem
439 2248 591 2312 dixit,
621 2250 741 2318 quia
773 2265 867 2318 per
891 2249 1120 2303 honores
1142 2247 1530 2301 ecclesiasticos
1551 2246 1816 2312 accipiunt

201 2348 548 2410 potestatem
577 2340 893 2410 praedicandi
926 2340 1152 2409 pupttlo,
1185 2353 1303 2408 qua:
1333 2338 1430 2407 ipsi
1461 2352 1562 2391 nun
1595 2337 1811 2391 faciunt.

204 2433 463 2499 Quorum
505 2434 797 2504 spernebant
846 2444 1091 2503 parentes.
1134 2434 1385 2487 Parentes
1427 2447 1611 2486 eorum
1661 2431 1812 2498 dixit,

204 2542 461 2596 quorum
492 2527 783 2581 imitatione
817 2525 907 2579 ﬁlii
935 2535 1090 2591 sunt,
1130 2526 1320 2595 quibus
1360 2535 1482 2578 tunc
1521 2524 1812 2591 dicebatur,

215 2617 318 2671 Va:
338 2617 505 2683 vobis,
534 2616 726 2672 Scriba:
744 2628 789 2671 et
810 2615 1063 2671 Pharisazi
1089 2615 1362 2685 hypocritte
1388 2613 1496 2686 (Id.
1524 2631 1671 2677 χχιιι,
1700 2615 1812 2685 15).

207 2707 286 2763 Ει
316 2710 487 2763 virtus
513 2725 752 2763 manuum
783 2726 952 2763 eorum
980 2709 1122 2777 quasi
1151 2708 1364 2761 nihilum
1390 2708 1513 2759 mihi
1540 2717 1646 2759 erat
1676 2723 1694 2760 :
1724 2722 1817 2776 pa-

208 2812 445 2857 rentum
476 2809 730 2871 potestas,
762 2801 850 2870 qui
891 2811 1015 2854 tunc
1046 2815 1209 2868 usque
1239 2798 1372 2852 adeo
1400 2798 1686 2867 plurimum
1720 2812 1815 2867 po-

211 2902 431 2957 terant,
464 2900 521 2945 ut
545 2890 915 2961 cruciﬁgerent
944 2890 1238 2945 Dominum.
1272 2887 1338 2942 In
1363 2904 1418 2941 eo
1444 2889 1632 2958 peribat
1654 2888 1817 2941 onmis

211 2986 327 3039 vita
359 3002 380 3038 :
412 2986 532 3053 quia
562 3001 665 3038 non
692 2999 750 3038 se
780 2985 862 3037 vel
894 2985 942 3036 in
973 2986 1074 3037 ﬁne
1099 2992 1467 3037 correxerunt.
1510 2979 1745 3049 Egestate
1771 2990 1819 3033 et

215 3080 371 3149 fame
402 3076 656 3131 instabiles
682 3093 699 3130 :
731 3092 759 3129 a
791 3077 951 3130 variis
977 3075 1254 3130 desideriis
1283 3074 1685 3129 insatiabilibus.
1718 3073 1816 3139 Qui

212 3168 490 3239 fugiebant
519 3170 569 3221 in
600 3168 850 3221 desertum
880 3169 985 3220 heri
1014 3183 1033 3221 :
1062 3166 1384 3221 conferendo
1410 3182 1467 3220 se
1495 3165 1560 3220 ad
1589 3180 1813 3220 ein-nsa-

218 3260 434 3313 tionem
462 3258 616 3327 Legis
636 3300 649 3321 ,
680 3273 835 3326 quam
868 3273 972 3310 non
1007 3258 1314 3326 simpliciter
1339 3258 1731 3326 inlclligehant;
1765 3266 1819 3311 et

213 3350 356 3420 quia
390 3350 441 3402 in
468 3349 679 3402 deserto
702 3356 1035 3416 acceperant,
1066 3348 1310 3416 fugientes
1339 3348 1390 3399 in
1417 3347 1663 3400 desertum
1688 3348 1815 3400 heri.

216 3441 387 3495 Sicut
412 3440 550 3491 enim
586 3438 742 3492 hodie
779 3437 1008 3507 pertinet
1049 3437 1113 3489 ad
1158 3436 1359 3489 Novum
1400 3436 1815 3502 Testamentum,

217 3532 308 3587 sic
339 3530 411 3584 ad
438 3530 604 3585 Vetus
634 3530 747 3584 heri
776 3546 788 3582 :
821 3530 887 3584 de
915 3530 1062 3584 Novo
1096 3530 1240 3584 enim
1268 3529 1463 3584 dictum
1495 3540 1609 3597 est,
1654 3530 1821 3588 Hodie

218 3624 269 3677 si
298 3638 476 3675 vocem
516 3623 623 3687 eius
652 3622 943 3685 audieritis,
978 3620 1131 3674 nolite
1173 3620 1423 3675 obdurare
1458 3623 1613 3676 corda
1658 3633 1821 3678 vestra

224 3713 411 3784 (Psal.
442 3729 584 3777 κων,
614 3714 705 3783 8);
738 3722 811 3778 et,
846 3712 1011 3766 Filius
1039 3729 1177 3767 meus
1205 3730 1255 3766 es
1281 3722 1353 3772 tu.
1384 3730 1474 3785 ego
1500 3714 1650 3768 hodie
1670 3718 1820 3785 genui

222 3816 274 3860 te
306 3803 481 3875 (Psal.
510 3821 578 3868 tt,
608 3806 681 3875 7).
728 3804 828 3869 Qui
870 3804 1107 3857 rodebant
1149 3805 1353 3859 cortices
1388 3806 1622 3860 arborum
1652 3824 1670 3862 :
1698 3809 1820 3877 quia

224 3899 433 3968 figuras
477 3897 663 3967 Legis,
712 3897 901 3966 quibus
950 3897 1068 3949 vina
1118 3898 1427 3966 legebantur
1455 3901 1506 3962 ³,
1560 3914 1656 3969 pro
1701 3902 1820 3955 cibo

225 3990 522 4045 habebant.
556 3990 782 4055 Quorum
810 3998 915 4040 erat
943 3989 1078 4041 cibus
1113 3989 1261 4043 rudia:
1290 3989 1553 4043 herbarum
1587 4008 1604 4044 :
1640 4006 1819 4045 sacra-

226 4091 415 4136 menta
436 4095 553 4149 quae
573 4078 917 4148 corporaliter
934 4077 1067 4147 jussi
1086 4088 1235 4132 erant
1254 4080 1547 4143 celebrare,
1572 4090 1820 4151 tanquam

232 4184 396 4227 terrae
438 4170 781 4234 inhaerentia;
810 4186 873 4223 ex
912 4168 1105 4239 quibus
1144 4178 1317 4224 tamen
1345 4172 1599 4239 simplicis
1629 4173 1822 4228 intelli-

227 4264 430 4335 gentia:
459 4263 657 4318 fructus
683 4270 942 4330 surgeret,
969 4270 1022 4315 ct
1045 4276 1202 4331 supra
1230 4272 1421 4315 terram
1452 4263 1503 4315 in
1525 4262 1819 4319 libertatem

232 4355 495 4419 ferretur,
523 4369 626 4423 quo
655 4353 728 4408 illi
759 4353 1036 4421 pervenire
1066 4368 1169 4406 non
1202 4360 1463 4423 poterant.
1495 4351 1817 4419 Inhonorati,

232 4455 278 4499 et
304 4446 489 4516 abjecti
509 4488 521 4508 ,
555 4455 598 4499 et
625 4455 818 4515 egentes
847 4445 981 4497 omni
1008 4445 1134 4497 bono
1164 4461 1182 4497 :
1206 4446 1401 4498 amisso
1432 4445 1688 4514 primatus
1719 4446 1819 4502 ho-

233 4553 404 4604 nore,
437 4538 503 4591 ab
544 4551 639 4605 spe
671 4534 1065 4605 promissionis;
1099 4535 1218 4604 quia
1256 4545 1309 4589 et
1348 4536 1517 4604 ipsum
1553 4546 1818 4592 terrenum

234 4628 435 4684 donum
460 4643 555 4699 pro
573 4628 773 4682 meritis
795 4626 905 4680 suis
924 4626 1227 4692 amiserant,
1252 4635 1305 4679 et
1325 4642 1543 4695 regnum
1564 4628 1819 4683 C(BlOl‘Ulﬁ

236 4738 341 4778 non
367 4730 567 4777 tenent.
595 4720 693 4786 Qui
712 4720 905 4772 radices
926 4719 1176 4788 lignorum
1202 4718 1589 4785 manducubant,
1619 4731 1822 4791 propter

235 4829 475 4884 magnam
509 4816 710 4880 famem.
743 4808 892 4875 Quod
923 4807 989 4863 de
1018 4807 1281 4861 radicibus
1308 4807 1589 4862 herbarum
1620 4810 1819 4867 dictum

237 4914 340 4970 est,
370 4912 586 4972 propter
612 4900 835 4954 fructum
863 4898 1131 4963 frumenti,
1158 4897 1257 4952 hoc
1282 4898 1349 4952 de
1374 4897 1634 4953 radicibus
1656 4900 1821 4971 ligno.

239 5012 359 5050 rum
392 4994 789 5065 intelligendum
821 5002 934 5056 est,
968 5000 1183 5062 propter
1210 4992 1435 5046 fructum
1469 4994 1571 5048 vini
1612 5004 1665 5049 et
1693 4996 1815 5051 olei.

241 5086 373 5143 Nam
402 5102 588 5142 omnes
616 5087 745 5141 istos
773 5085 1073 5154 Spit-itualcs
1100 5085 1298 5138 fructus
1324 5086 1527 5155 accepit
1560 5087 1815 5156 Ecclesia,

243 5193 467 5248 quorum
507 5177 712 5233 radices
756 5186 910 5230 teme
954 5176 1233 5244 implicata:
1271 5188 1602 5231 sacramenta
1645 5191 1816 5246 erant,

244 5284 362 5340 qua:
388 5269 733 5339 corporaliter
752 5267 920 5321 Judaei
945 5267 1226 5321 observare
1255 5267 1595 5338 cogebantur,
1626 5270 1817 5324 sabba-

246 5367 387 5429 tum,
424 5362 876 5417 circnmcisiunem
899 5400 912 5421 ,
942 5368 993 5413 et
1019 5359 1290 5427 victimas,
1324 5371 1375 5415 et
1401 5370 1593 5416 ca:tera
1634 5362 1818 5434 hujus-

246 5452 386 5509 modi
431 5452 776 5524 spiritualium
818 5451 1077 5506 ciborum.
1116 5449 1507 5506 Insurrexerunt
1550 5470 1699 5523 super
1742 5472 1820 5510 me

250 5547 379 5616 {ures
406 5564 424 5602 :
450 5547 537 5617 qui
567 5546 632 5600 ad
673 5545 899 5600 honores
940 5543 1235 5611 indebitus,
1277 5544 1366 5615 qui
1399 5545 1660 5614 iustorum
1698 5559 1819 5604 sunt

309 5687 327 5718 ί
351 5689 579 5738 Omissam
602 5686 679 5735 hic
701 5685 757 5747 in
768 5683 913 5747 editis
936 5691 1243 5747 negationem
1265 5686 1568 5734 restituimns
1591 5697 1652 5735 ex
1677 5691 1782 5736 Mss.

310 5750 330 5781 ⁸
351 5754 421 5798 Fr.
452 5758 502 5799 et
519 5756 648 5808 Lov.,
672 5745 808 5797 utilia
823 5744 1112 5809 legebantur.
1171 5752 1226 5796 Μ.

1612 294 1816 354 LIBER
1851 292 2051 353 UNUS.

3397 304 3502 366 858

1924 412 2147 484 proprii,
2177 427 2271 482 per
2296 410 2604 469 tenebrosas
2622 411 2853 470 fallacias
2872 423 3247 486 pervenerunt.
3274 416 3501 485 Quorum

1922 502 2102 558 domus
2139 512 2280 558 erant
2321 520 2546 559 caverna:
2586 514 2842 573 petrarum
2872 522 2891 561 :
2919 507 3009 577 qui
3045 488 3501 579 concupiscentias

1921 610 2046 651 suas
2073 595 2449 662 defendebant,
2468 605 2522 654 et
2550 600 2795 668 tegebant
2821 600 3133 670 quibusdam
3162 603 3500 659 obscuritati-

1921 686 2023 743 bus
2048 687 2347 743 divinorum
2375 688 2674 744 Librorum.
2706 690 2771 744 Et
2798 692 2928 745 inter
2962 692 3165 748 arbores
3192 694 3497 753 clamabant.

1922 778 2195 834 Manifesta
2224 789 2377 835 erant
2414 790 2627 850 peccata
2661 796 2845 838 eorum
2867 826 2882 849 ,
2913 785 3152 854 quamvis
3177 800 3239 841 ea
3263 785 3496 856 Scripta.

1923 886 2100 926 rarum
2143 872 2495 939 obscuritate,
2546 876 2695 944 quasi
2744 876 2943 932 umbris
2988 877 3272 946 arborum,
3324 889 3505 951 tegere

1922 973 2262 1016 conarentur.
2299 963 2430 1017 llinc
2458 973 2559 1030 est,
2590 963 2792 1019 Clamor
2821 964 3158 1022 Sodomorum
3185 972 3407 1025 ascendit
3435 971 3503 1026 ad

1922 1069 2002 1106 me
2031 1051 2180 1124 (Gen.
2210 1069 2337 1108 xvm
2355 1095 2370 1118 ,
2397 1053 2511 1126 ‘20).
2540 1056 2608 1109 Et
2636 1056 2900 1127 plerisque
2928 1056 3058 1113 locis
3086 1074 3180 1129 pro
3210 1062 3504 1118 manifestis

1923 1148 2155 1215 peccatis
2196 1149 2480 1202 clamorem
2525 1149 2674 1218 ponit
2710 1148 2981 1220 Scriptura
3024 1169 3038 1205 :
3081 1161 3139 1207 ut
3174 1152 3394 1208 verbum
3434 1154 3504 1209 sit

1922 1238 2174 1306 quidquid
2214 1238 2376 1294 corde
2403 1240 2733 1309 concipitur;
2761 1240 2994 1307 clamor,
3023 1257 3143 1297 cum
3176 1246 3413 1312 procedit
3448 1245 3501 1300 in

1922 1328 2138 1384 factum.
2170 1332 2267 1397 Qui
2295 1330 2385 1385 sub
2408 1331 2645 1402 stirpibus
2674 1341 2820 1387 terrm
2848 1334 3132 1389 marcebant.
3172 1334 3288 1391 Non
3313 1337 3501 1395 saltem

1923 1422 1975 1476 in
2004 1423 2272 1489 stirpibus,
2307 1423 2399 1479 sed
2425 1426 2581 1478 etiam
2610 1423 2828 1480 inferius
2856 1426 3104 1496 stirpibus
3130 1441 3345 1482 manere
3376 1444 3501 1498 pos-

1922 1526 2046 1568 sunt
2076 1516 2323 1586 intelligi,
2352 1517 2441 1585 qui
2470 1517 2552 1572 vel
2577 1518 2858 1572 carnaliter
2885 1528 3147 1589 praecepta
3175 1519 3498 1576 custodiunt.

1922 1605 2289 1674 Stirpcscnim
2313 1616 2437 1661 sunt
2461 1623 2563 1662 non
2589 1607 2696 1677 jam
2726 1608 2822 1678 ipsi
2852 1609 3075 1676 fructus,
3104 1610 3196 1665 sed
3223 1611 3361 1666 unde
3386 1627 3502 1666 sur-

1922 1709 2052 1769 gunt
2080 1710 2255 1768 partes
2286 1699 2602 1766 fructifera},
2632 1701 2715 1755 vel
2753 1701 2998 1756 arborum
3018 1742 3033 1768 ,
3066 1702 3149 1756 vel
3178 1701 3458 1757 herbarum
3484 1720 3499 1758 :

1922 1790 1966 1842 si
1997 1798 2170 1844 tamen
2202 1788 2530 1844 ft-uctilerutn
2569 1804 2736 1860 genus
2770 1798 2870 1856 est,
2901 1791 3020 1861 quia
3044 1800 3099 1845 et
3121 1807 3224 1845 ttun
3248 1790 3503 1846 fructiferi

1920 1882 2131 1951 generis
2152 1881 2345 1950 stirpes
2364 1880 2625 1935 dicuntur.
2658 1880 2780 1935 Filii
2801 1881 3067 1935 stultorum
3092 1891 3139 1935 et
3163 1880 3459 1954 ignobilium
3480 1898 3501 1938 :

1921 1971 2265 2036 Judtnorum;
2297 1985 2418 2025 nam
2449 1971 2547 2025 hos
2579 1971 2714 2025 dixit
2749 1972 2993 2043 superius
3032 1982 3278 2041 parentes
3315 1987 3502 2028 eorum

1922 2072 2139 2133 propter
2164 2062 2530 2128 imitationem,
2563 2064 2686 2134 quia
2714 2072 2770 2119 ct
2794 2064 2878 2118 isti
2908 2064 3005 2119 sub
3036 2063 3129 2118 Dei
3153 2066 3365 2121 nomine
3390 2080 3504 2121 am-

1922 2155 2106 2211 bulant
2124 2198 2139 2223 ,
2165 2172 2321 2227 quem
2351 2172 2456 2211 non
2485 2156 2684 2212 colunt.
2711 2157 2909 2212 Stultos
2935 2168 3111 2213 autem
3148 2168 3204 2213 et
3240 2158 3498 2229 ignobiles

1922 2246 2050 2302 dicit
2074 2247 2324 2315 Iudaeus,
2353 2251 2440 2318 qtti
2469 2264 2500 2304 e
2527 2250 2826 2314 contrario,
2855 2263 2959 2303 non
2989 2250 3159 2305 solum
3185 2264 3244 2303 se
3263 2250 3502 2305 conlide-

1921 2337 2051 2391 bant
2073 2354 2191 2393 esse
2215 2340 2375 2394 duces
2402 2354 2684 2405 cmcorum,
2716 2339 2811 2395 sed
2835 2340 2992 2395 etiam
3026 2341 3161 2395 filios
3188 2355 3309 2396 esse
3336 2340 3506 2396 Abra-

1924 2425 2040 2491 hae,
2073 2441 2179 2495 quo
2224 2439 2374 2496 patre
2410 2442 2467 2481 se
2508 2443 2628 2483 esse
2668 2428 2937 2497 jactabant
2974 2430 3198 2485 nobiles.
3240 2429 3344 2486 Sed
3383 2445 3506 2488 cum

1925 2517 2179 2582 audiunt,
2214 2518 2343 2572 Ca’ci
2368 2530 2517 2584 sunt,
2562 2521 2712 2576 duces
2740 2537 2982 2574 caecorum
3011 2521 3221 2594 (Matth.
3249 2538 3350 2591 xv,
3379 2524 3505 2594 14);

1923 2609 2070 2663 stulti
2092 2610 2522 2664 demonstrantur
2550 2628 2562 2662 :
2589 2622 2784 2665 etcum
2810 2613 3056 2677 audiunt,
3089 2613 3149 2668 Si
3177 2615 3272 2683 filii
3293 2615 3511 2673 Abrahae

1922 2703 2059 2766 estis,
2084 2702 2221 2771 facta
2244 2703 2459 2755 Abrahae
2481 2704 2630 2773 facile
2650 2701 2827 2775 (Joan.
2850 2719 2961 2767 vm,
2987 2704 3109 2773 59);
3136 2706 3509 2775 degenerando

1924 2793 2354 2848 demonstrantur
2375 2794 2655 2864 ignobiles.
2690 2793 2887 2849 Nomen
2918 2806 2963 2848 et
2993 2797 3153 2851 honor
3181 2798 3449 2852 exstinctus
3476 2815 3509 2852 a

1925 2893 2076 2937 terra.
2119 2884 2248 2938 Erat
2290 2886 2465 2950 enim,
2512 2886 2604 2940 sed
2645 2886 2963 2941 eXstinctnm
3004 2897 3105 2942 est.
3147 2886 3302 2943 Nunc
3339 2901 3508 2945 autem

1925 2978 2120 3029 cithara
2150 2994 2321 3030 eorum
2359 2994 2451 3046 ego
2486 2994 2597 3031 sum
2635 2994 2652 3030 :
2690 2977 2913 3039 horum.
2958 2994 3182 3047 quorum
3221 2980 3293 3034 illi
3334 2990 3509 3049 patres

1924 3077 2066 3129 sunt,
2096 3068 2183 3137 qui
2212 3082 2298 3122 me
2324 3067 2390 3121 ad
2421 3083 2603 3121 aurem
2634 3067 2933 3131 habebant,
2963 3084 3067 3122 non
3095 3067 3162 3122 ad
3186 3083 3296 3124 cor.
3342 3068 3405 3123 Et
3432 3087 3512 3127 me

1925 3160 2106 3214 habent
2136 3159 2204 3213 ad
2233 3159 2459 3231 fabulam
2497 3176 2514 3213 :
2556 3161 2764 3214 inanem
2792 3168 2845 3214 et
2880 3160 3122 3215 inutilem
3154 3164 3509 3219 narrationem

1924 3267 1978 3310 et
2008 3256 2363 3320 auditionem,
2406 3255 2648 3323 quamvis
2680 3269 2766 3308 me
2806 3263 2861 3309 et
2900 3265 3143 3318 narrent,
3180 3264 3234 3309 ct
3272 3256 3507 3312 audiant.

1926 3348 2209 3399 Abominati
2235 3356 2351 3399 sunt
2379 3362 2489 3411 me,
2519 3345 2822 3398 discedentes
2857 3345 3032 3414 procul
3071 3361 3091 3398 :
3131 3347 3285 3416 longe
3327 3346 3450 3402 facti
3479 3363 3509 3402 a

1920 3436 2121 3505 justitia
2153 3436 2421 3505 peccando
2440 3478 2453 3496 ,
2486 3446 2538 3490 et
2562 3444 2823 3505 pnecepta
2851 3435 3068 3503 iustitia:
3096 3438 3251 3493 malis
3273 3440 3511 3495 moribus

1927 3530 2271 3584 exSecrando.
2308 3528 2416 3582 Nec
2446 3530 2495 3581 in
2526 3529 2705 3596 {aciem
2746 3544 2906 3581 meam
2948 3539 3270 3599 pepercerunt
3310 3548 3506 3600 spuere.

1927 3621 2266 3676 Exsecranda
2311 3621 2470 3675 facies
2505 3635 2731 3691 namque
2759 3620 2951 3674 Christi
2983 3630 3062 3675 est
3090 3620 3206 3687 his,
3247 3622 3337 3692 qui
3377 3638 3512 3692 pra:-

1925 3723 2076 3781 cepta
2106 3713 2220 3781 ejus
2248 3728 2368 3766 cum
2399 3720 2705 3780 contemptu
2744 3710 3053 3766 exhorrent.
3095 3712 3221 3778 Vel,
3255 3716 3393 3770 male
3424 3731 3511 3772 me

1925 3806 2258 3861 innotescere
2293 3805 2533 3860 fecerunt
2569 3819 2776 3859 morum
2812 3819 3025 3861 suorum
3055 3807 3332 3875 pravitate.
3372 3808 3508 3879 Ape-

1924 3901 2058 3950 riens
2085 3897 2215 3949 enim
2246 3896 2531 3962 pharetram
2558 3912 2698 3949 suam
2726 3896 2897 3967 aﬂiixit
2920 3913 2997 3951 me
3027 3912 3045 3950 .'
3076 3905 3278 3952 secreta
3306 3914 3505 3967 rerum,

1927 3986 2067 4041 unde
2097 3988 2411 4041 tcntationes
2450 3987 2700 4041 existunt.
2738 3986 2802 4038 Et
2830 3988 3028 4055 [renum
3058 3988 3109 4040 in
3139 3989 3319 4058 faciem
3348 4006 3511 4044 meam

1924 4080 2165 4133 miserunt
2209 4098 2221 4133 :
2263 4089 2319 4132 ut
2359 4080 2437 4133 eis
2480 4078 2675 4132 imitus
2717 4078 3109 4144 consentirem,
3155 4088 3372 4147 portans
3416 4095 3511 4136 eus

1925 4172 2178 4228 ducentes
2207 4186 2312 4242 quo
2338 4171 2561 4236 vellent,
2588 4171 2651 4223 ad
2681 4172 2781 4224 ima
2806 4185 2921 4223 sua.
2961 4169 3028 4222 Et
3053 4188 3083 4223 a
3112 4169 3301 4224 dextris
3325 4173 3509 4241 germi-

1926 4274 2099 4318 nantes
2136 4272 2554 4318 consurrexerunt
2585 4278 2602 4314 :
2632 4272 2687 4316 et
2721 4261 2943 4315 favendo
2982 4271 3035 4315 et
3072 4262 3207 4317 bene
3245 4265 3510 4320 monendo

1929 4356 2098 4410 exorti
2127 4363 2247 4407 sunt
2271 4355 2505 4425 quidem,
2531 4362 2587 4406 ut
2606 4367 2730 4406 suas
2750 4352 3063 4420 cupiditates
3082 4353 3375 4421 explerent,
3404 4370 3509 4409 non
3566 4392 3573 4411 ι

1927 4446 2312 4517 persequendo.
2352 4444 2513 4497 Pedes
2543 4459 2677 4497 meos
2709 4444 2971 4496 vinxerunt
3000 4444 3318 4514 compedibus
3345 4460 3363 4498 :
3388 4443 3506 4499 ofﬁ-

1926 4540 2127 4591 ciorum
2170 4535 2648 4590 ecclesiasticorum
2671 4574 2685 4598 ,
2721 4544 2777 4587 ut
2806 4551 2908 4587 non
2938 4548 3032 4588 eos
3059 4545 3273 4604 possent
3304 4536 3505 4605 fugere.

1927 4630 2164 4683 Contrin
2192 4639 2305 4682 sunt
2346 4629 2535 4682 semitm
2570 4642 2694 4681 mea:
2732 4643 2750 4680 :
2793 4636 2849 4680 ιιι
2890 4641 2991 4681 non
3032 4637 3380 4699 apparerent,
3415 4645 3509 4700 per

1926 4739 2057 4792 quas
2085 4723 2257 4776 solent
2289 4723 2409 4776 boni
2441 4720 2741 4786 ambulare,
2785 4734 2889 4774 non
2929 4730 3226 4789 quaerentes
3254 4736 3343 4775 sua
3367 4764 3380 4786 ,
3413 4723 3506 4778 sed

1926 4814 2119 4869 Christi
2154 4814 2404 4886 (Philipp.
2429 4831 2483 4872 tt.
2512 4814 2622 4883 ‘20).
2657 4813 2809 4867 Exuit
2834 4813 2964 4865 enim
2998 4829 3076 4866 me
3107 4814 3237 4867 stola
3266 4830 3285 4867 :
3319 4823 3506 4868 aucto-

1928 4908 2081 4960 ritate
2118 4907 2362 4977 pristina,
2398 4907 2480 4961 cui
2508 4907 2623 4961 cedi
2652 4906 2818 4970 solet;
2860 4905 3000 4975 quod
3039 4906 3293 4975 contingit
3330 4906 3508 4959 multi-

1927 4999 2108 5053 tudine
2151 5008 2203 5053 et
2246 4998 2630 5054 consuetudine
2674 5008 3009 5067 peccatorum
3057 4997 3391 5066 praavalente.
3439 4996 3506 5051 Et

1915 5093 2107 5162 jaculis
2145 5093 2250 5144 suis
2292 5088 2568 5145 vulneravit
2605 5106 2681 5143 me
2714 5105 2731 5143 :
2772 5088 3083 5159 prmceptis,
3128 5086 3320 5157 quibus
3351 5086 3505 5141 video

1927 5183 2058 5235 mala
2083 5224 2094 5243 ,
2124 5192 2175 5236 et
2202 5183 2322 5249 quia
2350 5196 2597 5236 coercere
2637 5195 2739 5234 non
2768 5194 2981 5249 possum
3005 5218 3019 5241 ,
3049 5177 3277 5231 crucior.
3307 5177 3504 5230 Abusus

1924 5284 1992 5328 est
2024 5292 2100 5327 me
2124 5275 2247 5326 sicut
2278 5272 2432 5326 voluit
2467 5289 2484 5324 :
2522 5271 2678 5324 etiam
2709 5269 3006 5323 calamitate
3043 5278 3096 5322 ct
3134 5267 3347 5323 miseria
3387 5283 3503 5324 mea

1926 5383 2050 5421 usus
2080 5375 2161 5421 est
2189 5366 2253 5419 ad
2281 5365 2535 5434 justitiam
2572 5378 2718 5416 suam
2757 5362 2890 5415 Deus
2910 5403 2922 5421 ,
2952 5360 3091 5415 sicut
3119 5360 3302 5415 voluit.
3345 5359 3504 5415 Dolo-

1924 5460 2057 5513 ribus
2080 5458 2329 5511 involutus
2355 5472 2463 5508 sum
2489 5471 2506 5507 :
2532 5462 2587 5508 ct
2613 5454 2664 5507 in
2694 5468 2799 5515 me,
2828 5462 2879 5507 et
2904 5452 2955 5506 in
2987 5452 3104 5506 aliis
3130 5452 3319 5521 patior.
3352 5451 3502 5507 Foris

1923 5568 2132 5621 pugnm,
2161 5549 2300 5602 intus
2328 5547 2541 5600 timores
2574 5544 2636 5617 (11
2658 5543 2774 5600 Cor.
2801 5560 2890 5607 vn,
2919 5544 2997 5613 5).
3029 5542 3157 5609 Quis
3181 5544 3501 5611 infirmatur,

1924 5654 1977 5698 et
2002 5658 2100 5712 ego
2129 5657 2233 5695 non
2261 5640 2497 5695 inﬁrmor
2527 5638 2634 5708 (Id.
2664 5656 2747 5706 XI,
2778 5639 2909 5709 29)?
2942 5638 3006 5693 Et
3034 5640 3281 5694 iterantur
3305 5638 3506 5693 dolores

1924 5738 2038 5802 mei,
2072 5735 2279 5792 discedit
2307 5735 2433 5789 sicut
2468 5737 2699 5808 spiritus,
2731 5752 2841 5809 spes
2869 5752 2994 5793 utea.
3028 5735 3186 5808 Quasi
3225 5735 3380 5797 inane
3408 5734 3505 5793 ali--
