3874 6308
475 259 579 320 859

475 377 603 450 quid
636 379 880 435 conversi
909 379 975 435 ad
1005 395 1155 452 spem
1192 383 1558 452 temporalium
1578 424 1592 448 ,
1639 381 1894 436 habentes
1922 378 2063 451 quod

477 471 748 540 promitto.
782 469 847 524 Et
880 473 1010 526 sicut
1040 475 1194 529 nubes
1226 476 1420 528 transiit
1459 473 1598 528 salus
1628 488 1738 526 mea
1763 487 1781 527 :
1811 485 1918 526 non
1943 485 2064 542 spe-

477 572 655 618 rantes
692 563 916 619 salutem
956 566 1300 635 promissam,
1333 581 1514 622 amere
1542 566 1819 636 praesentis
1854 565 2058 620 salutis.

477 653 544 708 Et
579 671 714 707 nunc
749 671 902 726 super
934 673 1013 710 me
1039 656 1323 724 effundatur
1350 660 1518 712 animo
1545 673 1656 712 mea
1686 674 1704 713 :
1730 657 1996 729 precando
2019 659 2056 711 ³.

476 745 640 799 Nocte
664 759 778 800 vero
809 763 923 801 ossa
951 763 1062 802 mea
1095 749 1354 820 confracta
1379 757 1494 805 sunt
1521 760 1539 804 :
1571 751 1874 805 firmitatem
1900 763 2059 820 quam

472 836 673 900 habuit,
701 839 835 893 dixit
860 839 959 895 sibi
987 847 1242 910 ereptam.
1279 840 1350 895 Et
1376 843 1515 897 nerui
1534 843 1631 896 mei
1654 843 1882 897 dissoluti
1904 850 2057 896 sunt:

473 931 708 986 actiones
732 934 1032 1000 praeteritae.
1058 932 1122 986 In
1145 935 1304 988 multa
1325 935 1503 989 virtute
1526 935 1860 1004 apprehendit
1877 935 2058 989 stolam

470 1036 631 1073 meam
654 1036 672 1075 :
697 1021 761 1076 ad
786 1021 1250 1078 demonstrandam
1278 1025 1530 1080 virtutem
1551 1031 1722 1090 Suam,
1747 1025 1910 1081 modo
1925 1025 2057 1079 affli-

469 1113 671 1182 gendo,
699 1121 749 1168 et
777 1120 959 1183 postea
996 1111 1313 1184 reparando.
1365 1116 1430 1170 Et
1471 1117 1618 1187 quasi
1655 1132 1745 1170 ora
1783 1117 2057 1171 vestimenti

471 1204 570 1257 mei
596 1205 924 1260 circumdedit
958 1223 1038 1260 me
1065 1222 1082 1261 :
1108 1208 1374 1263 modicum
1409 1208 1538 1263 mihi
1574 1209 1790 1279 reliquit
1822 1209 2055 1264 auctori-

471 1299 608 1351 tatis.
644 1296 706 1352 In
734 1308 868 1352 terra
895 1309 942 1353 et
968 1301 1132 1355 cinere
1161 1315 1280 1372 pars
1305 1317 1416 1357 mea
1442 1306 1462 1356 :'
1486 1301 1540 1356 in
1567 1303 1904 1371 pamitentia‘,
1933 1302 2055 1373 quia

467 1397 786 1445 extremum.
836 1392 1094 1447 Steterunt
1132 1403 1179 1448 et
1223 1395 1662 1449 consideraoerunt
1702 1409 1780 1448 me
1816 1409 1836 1449 :
1873 1404 1928 1449 et
1971 1407 2055 1450 me

463 1485 700 1554 jacentc,
731 1486 946 1556 superbi
975 1494 1264 1555 steterunt,
1292 1499 1589 1559 qumrentes
1624 1488 1748 1559 quid
1781 1489 1832 1544 in
1861 1501 1945 1542 me
1970 1503 2057 1542 re-

467 1575 875 1644 prehenderent.
922 1576 991 1631 Et
1032 1579 1284 1651 projecisti
1317 1595 1394 1634 me
1430 1595 1464 1634 (ι
1495 1581 1675 1634 salute.
1721 1571 1847 1635 Illos
1883 1580 2048 1646 dolet,

467 1669 554 1737 qui
579 1683 726 1738 spem
750 1671 1099 1740 reparationis
1123 1673 1429 1727 amiserunt.
1461 1671 1654 1728 Domus
1673 1675 1804 1727 enim
1823 1682 1894 1726 est
1915 1672 2049 1726 omni

467 1759 669 1811 mortali
691 1767 843 1813 terra.
875 1757 998 1815 ideo
1019 1776 1075 1815 se
1097 1759 1224 1816 dicit
1250 1772 1475 1819 mortem
1499 1775 1755 1831 metuere,
1779 1764 1900 1835 quia
1922 1775 2048 1818 eon-

462 1851 694 1906 versatio
729 1851 842 1922 ejus
883 1869 988 1909 non
1026 1855 1094 1908 sit
1135 1854 1188 1910 in
1217 1857 1352 1911 coelo
1391 1855 1649 1929 (Philipp.
1689 1873 1773 1922 ιιι,
1811 1855 1937 1926 20),
1965 1870 2048 1911 se-

459 1941 690 1998 cundum
730 1943 911 2015 plures
949 1946 1036 2017 qui
1077 1946 1200 2001 mali
1237 1955 1360 2003 sunt
1389 1950 1441 2004 in
1470 1950 1726 2030 Ecclesia,
1756 1957 1810 2004 et
1839 1957 2047 2004 terrene

461 2033 658 2089 vivunt.
694 2037 856 2108 Atque
887 2039 1080 2093 utinam
1111 2054 1306 2109 possent
1340 2043 1583 2114 meipsum
1621 2041 1902 2112 interﬁcere
1934 2056 1952 2096 :
1990 2050 2048 2096 ut

458 2141 699 2184 morerer
737 2131 950 2186 saeculo.
997 2132 1098 2185 Aut
1134 2149 1364 2204 rogarem
1407 2133 1593 2200 alium,
1627 2144 1671 2189 et
1707 2137 1892 2205 faceret
1921 2135 2047 2188 milii

457 2219 551 2274 hoc
579 2236 600 2275 :
631 2221 710 2276 vel
758 2223 1002 2292 angelum
1037 2225 1350 2290 meliorem,
1403 2226 1486 2280 vel
1531 2224 1696 2281 Deum
1745 2237 1845 2295 per
1885 2237 2044 2296 quem

457 2315 769 2384 corrigercr.
796 2313 908 2388 Ego
940 2316 1070 2370 bona
1097 2316 1445 2388 prtestolabar.
1480 2318 1650 2386 Dolet,
1675 2318 1797 2388 quia
1824 2321 2042 2389 repente

453 2407 554 2461 sibi
584 2407 681 2462 ista
708 2419 1020 2464 evenerunt.
1062 2409 1242 2464 Venter
1268 2427 1406 2464 meus
1434 2398 1680 2476 e/ferbuit,
1706 2419 1751 2464 et
1782 2427 1882 2464 non
1912 2421 2044 2464 tace-

368 2491 370 2493 ’
455 2499 566 2554 bit:
589 2501 859 2563 interiora.
891 2503 972 2556 vel
997 2503 1250 2558 memoria
1281 2515 1384 2574 qua
1407 2504 1717 2558 recordatur
1740 2502 1863 2574 quid
1886 2502 2041 2557 fuerit

449 2591 644 2659 primo,
672 2601 724 2646 et
753 2593 1020 2662 quomodo
1047 2593 1239 2648 afﬂicta
1281 2602 1364 2650 est
1400 2595 1452 2649 in
1493 2595 1796 2666 gemitibus.
1840 2593 1906 2647 Et
1930 2595 2040 2648 steti

449 2683 504 2736 in
539 2694 665 2738 aeta
700 2686 925 2740 clamans
957 2703 976 2741 :
1012 2688 1132 2758 quia
1173 2703 1278 2742 non
1322 2688 1374 2742 in
1417 2685 1715 2757 frequentia
1755 2687 1931 2740 audita
1957 2694 2039 2740 est

446 2789 630 2833 eorum
661 2781 749 2850 qui
779 2796 836 2836 se
864 2781 1119 2836 nolebant
1148 2781 1438 2852 corrigere.
1456 2779 1593 2835 Cutis
1630 2797 1740 2835 mea
1782 2779 2037 2852 innigrata

446 2879 516 2924 est
537 2873 680 2925 ualde
707 2888 725 2926 :
753 2889 817 2927 ex
849 2874 932 2928 his
957 2890 1077 2944 qua:
1101 2871 1400 2930 forinsecus
1428 2874 1744 2944 patiebatur;
1782 2869 1937 2927 Versa
1967 2885 2036 2929 est

447 2961 500 3013 in
527 2961 715 3015 luctum
744 2963 940 3016 cit/rara
975 2973 1086 3017 mea
1113 2979 1132 3018 :
1162 2977 1323 3035 opera
1355 2964 1492 3019 bona
1512 3003 1528 3032 ,
1569 2964 1761 3034 quibus
1788 2964 2035 3020 laudabat

449 3047 614 3104 Deum
636 3051 894 3120 gaudens.

524 3136 542 3210 [
567 3139 638 3194 ΙΙ).
675 3155 819 3196 XXXI.
838 3140 858 3216 j
885 3139 1262 3199 Testamentum
1289 3143 1386 3215 feci
1409 3147 1569 3201 oculis
1597 3147 1737 3202 meis.
1766 3147 2031 3219 Numquid

449 3229 586 3300 coepi
615 3245 829 3300 Sperare
856 3233 1084 3288 visibilia
1114 3233 1138 3288 ?
1171 3235 1240 3290 Ut
1265 3252 1364 3290 non
1390 3238 1599 3308 cogitem
1625 3238 1688 3292 de
1722 3240 1949 3310 virgine:
1976 3251 2031 3295 nt

442 3321 806 3388 subaudiatur,
842 3323 1000 3379 absit.
1035 3323 1169 3381 Hinc
1192 3326 1301 3396 jam
1341 3327 1525 3396 incipit
1560 3329 1751 3385 merita
1779 3331 2028 3387 Ecclesia:

440 3427 880 3483 commemorare,
914 3417 965 3471 in
999 3415 1082 3471 his
1107 3418 1195 3487 qui
1225 3428 1567 3487 perseverant
1595 3420 1647 3476 in
1679 3421 1784 3476 fine
1816 3421 1868 3477 in
1912 3431 2024 3479 ten-

442 3504 727 3562 tatinnibus
758 3508 960 3579 magnis
983 3550 997 3574 ,
1026 3508 1330 3565 abundante
1371 3511 1679 3582 iniquitate,
1711 3523 1764 3571 et
1806 3513 2026 3587 refrige-

442 3609 624 3654 scente
667 3599 926 3657 charitate
971 3601 1509 3679 multorum(Matt/t.
1545 3622 1709 3675 xxiv,
1759 3605 2020 3685 12,15).

437 3689 508 3746 Et
542 3710 640 3748 non
679 3696 904 3765 cogitabo
940 3694 1001 3750 de
1026 3697 1253 3768 virgine:
1276 3700 1672 3769 incorruptione
1710 3703 2016 3773 sapientiae,

434 3785 517 3838 vel
543 3785 780 3856 justitize.
800 3785 864 3839 Et
890 3801 1006 3856 ante
1033 3797 1104 3841 est
1137 3787 1241 3843 alia
1279 3805 1396 3859 pars
1421 3789 1518 3844 Dei
1545 3791 1802 3862 desuper?
1827 3795 2023 3849 subau-

439 3875 602 3941 ditur,
633 3891 735 3929 non
767 3877 1031 3944 cogitabo.
1073 3878 1177 3932 Aut
1208 3880 1315 3932 ita:
1342 3879 1406 3933 Et
1440 3893 1559 3950 qua:
1603 3891 1716 3947 est,
1749 3881 1849 3938 nisi
1893 3885 2018 3940 illa?

434 3965 496 4020 Si
521 3966 702 4020 incessi
740 3983 853 4021 cum
896 3970 1212 4023 irrisoribuss
1236 3969 1352 4025 Jam
1382 3970 1537 4026 bonis
1566 3973 1652 4042 qui
1679 3984 1800 4029 sunt
1828 3976 1878 4030 in
1912 3977 2015 4032 Ec-

431 4060 591 4116 clesia
621 4059 837 4116 dillicile
863 4073 944 4116 est
969 4079 1074 4118 non
1107 4064 1296 4119 talibus
1324 4065 1579 4121 sociari’.
1622 4063 1714 4122 Vel
1735 4067 1780 4122 si
1804 4069 2016 4137 festina-

429 4153 495 4208 uit
515 4152 582 4206 ad
601 4152 771 4207 dolum
801 4171 887 4224 pes
909 4171 1047 4209 meus
1076 4171 1094 4210 :
1126 4155 1440 4227 hypocrisis.
1467 4155 1652 4212 Seram
1679 4167 1725 4212 et
1746 4159 1838 4213 alii
1873 4163 2013 4232 (rue.

429 4257 508 4302 tus
541 4265 674 4303 meos
708 4248 859 4303 edant
879 4265 898 4303 :
924 4249 1193 4320 qutimodo
1219 4250 1417 4306 Judaris
1442 4251 1693 4322 contigit,
1724 4252 1775 4307 id
1805 4263 1916 4321 est,
1948 4269 2009 4312 ea

427 4339 604 4395 dicere
634 4356 751 4411 qum
777 4341 866 4395 alii
896 4339 1125 4405 faciant,
1161 4342 1326 4413 magis
1356 4356 1512 4414 quam
1545 4343 1664 4414 ipsi.
1697 4343 1824 4400 Sine
1854 4346 2011 4418 stirpe

424 4437 519 4490 sim
535 4453 683 4506 super
713 4448 928 4496 terram:
952 4447 1008 4491 ut
1037 4437 1187 4492 facile
1215 4453 1476 4493 arescam.
1508 4438 1598 4495 llle
1618 4440 1758 4494 enim
1782 4441 1833 4494 in
1868 4450 2006 4496 terra

424 4538 671 4600 tanquam
704 4532 754 4585 in
783 4541 930 4602 petra
957 4533 1141 4585 firmus
1161 4541 1272 4598 est,
1299 4532 1387 4602 qui
1429 4534 1544 4587 facit
1578 4534 1719 4604 quod
1760 4533 1907 4588 dicit.
1944 4533 2006 4590 Si

421 4630 643 4674 secutum
683 4632 753 4675 est
800 4639 887 4676 cor
922 4640 1086 4676 meum
1125 4623 1422 4679 mulierem:
1451 4633 1507 4678 ut
1545 4640 1695 4679 suam
1740 4636 2005 4696 quaereret

419 4713 640 4783 gloriam
687 4714 738 4769 in
793 4716 985 4785 popqu
1012 4715 1140 4781 Dei,
1185 4719 1357 4786 potius
1398 4734 1555 4787 quam
1605 4718 1736 4785 Dei,
1786 4720 1869 4773 cui
1914 4720 2001 4774 uni

411 4805 533 4876 jure
557 4804 798 4860 debetur.
826 4808 921 4859 Aut
946 4808 990 4861 si
1014 4807 1388 4878 obsedijanuas
1418 4810 1525 4879 ejus
1550 4823 1570 4861 :
1595 4809 1846 4865 insidiose
1873 4826 1999 4880 cap-

377 4897 520 4984 'tavi
551 4895 812 4953 desideria
840 4898 1011 4968 plebis
1039 4899 1172 4968 ejus,
1205 4899 1288 4954 vel
1317 4900 1582 4968 timorem,
1602 4902 1792 4972 quibus
1815 4918 2001 4974 agere-

418 5001 520 5061 tur,
553 5005 608 5049 nt
635 4993 763 5049 mihi
797 4995 971 5064 potius
998 4997 1221 5049 serviret
1249 5011 1406 5066 quam
1430 4996 1555 5050 Deo.
1578 4995 1786 5050 Placeat
1806 5014 2000 5068 quoque

413 5103 542 5141 uxor
578 5103 688 5141 mea
715 5087 862 5142 alteri
890 5105 907 5140 :
931 5085 1070 5141 fatua
1100 5103 1216 5142 mea
1246 5087 1456 5142 diabolo
1475 5129 1491 5154 ,
1529 5090 1612 5143 cui
1652 5089 1862 5159 quando
1887 5091 1997 5160 pla-

415 5192 632 5246 cemus,
688 5179 1028 5249 displicemus
1083 5179 1208 5235 Deo.
1251 5179 1342 5235 Ille
1400 5182 1541 5236 enim
1595 5181 1747 5237 malis
1798 5182 1994 5238 nostris

413 5271 622 5344 gaudet.
657 5272 720 5326 Et
760 5274 855 5343 ﬁlii
882 5275 979 5327 mei
1010 5274 1338 5329 ltumilientur
1364 5290 1382 5329 :
1407 5273 1667 5342 facta,vel
1699 5275 1992 5332 imitatores

407 5366 533 5424 mei.
565 5365 733 5422 Furor
757 5369 889 5424 enim
924 5371 1108 5424 animle
1132 5387 1255 5424 mete
1286 5379 1356 5424 est
1381 5370 1678 5434 indomitus,
1702 5386 1990 5424 commacu-

406 5456 515 5513 lare
552 5458 645 5514 viri
693 5475 900 5514 uxorem
925 5477 944 5516 :
975 5462 1104 5516 mihi
1143 5476 1262 5516 eam
1304 5459 1640 5517 vindicando.
1677 5462 1828 5528 Quod
1871 5463 1914 5518 si
1943 5473 1990 5518 et

469 5601 646 5674 3‘21“?!
671 5599 1077 5674 ρξεεωέάίὲςυδεςν
1102 5602 1392 5674 mentea.
1421 5670 1436 5674 -
1562 5662 1638 5674 ..
1719 5662 1730 5674 .
1849 5662 1860 5674 .

468 5665 489 5695 ’
511 5665 588 5730 sic
618 5662 875 5730 sategit...
891 5671 1010 5730 ven.
1036 5662 1146 5714 Lov.
1194 5671 1332 5730 ln__l_3.
1372 5662 1517 5730 (Jan:
1539 5663 1600 5730 de
1621 5662 1753 5715 bonis
1776 5662 1860 5730 qui
1881 5673 1989 5718 sunt

403 5727 453 5778 ιιι
479 5724 736 5785 Ecclesia).
767 5719 968 5788 5i/ﬁcile
991 5731 1171 5776 estnon
1195 5719 1580 5776 talibus'sociari.
1623 5731 1676 5774 It.

1430 262 1963 322 ANNOTATIONUM
2002 263 2067 318 IN
2103 263 2240 333 JUB,
2281 269 2335 322 S.
2377 270 2734 328 AUGUSTLNI
3642 289 3724 348 ιω

2170 381 2373 448 despexi
2392 385 2646 454 judicium
2675 389 2859 458 famuli
2895 391 2992 444 mei
3034 401 3127 446 aut
3170 395 3400 460 ancilla,
3427 414 3538 454 cum
3550 404 3719 472 juaua.

2167 481 2340 529 rentur
2370 478 2508 548 apud
2551 495 2630 532 me
2642 495 2661 534 :
2688 481 2980 538 secundum
3017 485 3164 554 quod
3205 487 3411 543 dictum
3431 500 3514 546 est
3533 535 3548 558 ,
3575 495 3717 554 Sen.

2169 563 2303 619 toria
2322 568 2476 638 igitur
2493 570 2692 640 judicia
2714 572 2759 625 si
2785 573 3057 629 habueritis
3096 577 3140 647 (l
3163 575 3290 632 Cor.
3315 594 3392 646 γι,
3415 582 3493 649 4).
3511 581 3718 644 Fatuclus

2167 666 2346 712 autem
2374 660 2504 714 dixit
2523 703 2542 725 ,
2585 663 2752 718 laicos
2783 665 2954 721 adhuc
2977 669 3332 725 secutas-ibus
3355 670 3576 746 deditos.
3605 677 3718 744 ρκι

2165 751 2208 806 si
2231 761 2278 806 et
2304 754 2652 823 visitationem,
2683 759 2823 827 quod
2848 775 3154 831 responsas.
3175 763 3312 818 dabo
3335 765 3360 819 .9
3384 766 3436 819 in
3469 768 3718 826 tribulatio-

2169 857 2266 912 ne,
2298 861 2455 916 quam
2499 852 2878 907 conscientiam
2926 853 3128 921 habeo,
3179 857 3307 926 qui:
3351 858 3458 912 ista
3498 860 3718 932 dispexit

2167 935 2354 991 Nonne
2402 941 2532 994 sicut
2578 957 2670 1012 ego
2722 955 2995 1013 conceptus
3037 961 3162 1000 sum
3216 949 3272 1002 in
3299 949 3486 1017 fdere,
3531 963 3578 1005 et
3630 956 3718 1011 illi?

2163 1027 2217 1082 in
2268 1029 2647 1088 Sacramentis.
2709 1035 2908 1090 Eadem
2975 1038 3118 1093 enim
3170 1041 3434 1096 omnibus
3465 1045 3717 1114 miliens-

2164 1129 2248 1176 tur
2266 1123 2281 1154 ¹
2303 1163 2318 1187 ,
2367 1123 2562 1179 eadem
2603 1125 2848 1182 credunt.
2876 1128 2940 1183 Et
2963 1120 3158 1200 fuimus
3208 1133 3446 1189 similiter
3469 1137 3521 1190 in
3547 1143 3717 1195 centre?

2162 1211 2277 1266 Non
2320 1213 2577 1270 enimille
2599 1217 2753 1272 aliter
2778 1222 3076 1289 renuntiat,
3117 1239 3290 1294 quam
3321 1225 3446 1292 ille,
3475 1228 3558 1297 qui
3595 1231 3716 1298 plene

2160 1304 2453 1359 serviturus
2482 1315 2564 1361 est
2594 1307 2728 1363 Deo.
2764 1308 2834 1363 Et
2867 1311 2930 1366 de
2952 1327 3126 1367 centre
3168 1317 3356 1371 matris
3393 1334 3516 1372 mea
3543 1319 3636 1375 dus
3661 1323 3714 1376 eis

2158 1396 2254 1465 fni.
2284 1397 2367 1452 Ab
2394 1399 2543 1454 initio
2573 1402 2713 1457 enim
2744 1405 2826 1458 sui
2871 1404 2982 1462 haec
3012 1408 3031 1438 ³
3056 1420 3326 1478 operatur
3362 1412 3610 1468 Ecclesia.
3633 1415 3712 1469 Art

2156 1487 2201 1539 si
2225 1487 2430 1558 despexi
2447 1492 2640 1546 nudum
2666 1505 2973 1564 pereuntem,
3003 1507 3051 1553 et
3072 1517 3180 1554 non
3207 1503 3408 1572 operui.
3434 1503 3488 1559 Si
3517 1520 3612 1559 non
3635 1507 3712 1561 fide

2157 1581 2492 1638 remissionis
2533 1596 2908 1656 peccatorum,
2941 1597 3196 1661 tanquam
3231 1595 3477 1650 tunicam
3518 1612 3614 1652 non
3638 1599 3711 1653 ln-

2155 1669 2387 1741 lrentem,
2414 1677 2584 1731 velavi
2611 1692 2640 1731 a
2677 1678 2915 1736 nuditate
2952 1681 3250 1750 fieditatis,
3284 1686 3336 1740 id
3393 1697 3474 1742 est
3512 1691 3708 1758 penu,

2155 1774 2484 1832 pereuntem.
2516 1769 2638 1823 .lam
2682 1773 2822 1825 enim
2858 1771 3110 1842 desperat
3165 1778 3512 1835 multitudine
3553 1796 3708 1851 pecca-

2155 1863 2346 1910 torum.
2396 1859 2462 1913 Et
2506 1859 2627 1915 hinc
2671 1869 2785 1930 est,
2826 1863 2895 1917 Et
2931 1883 3146 1931 quorum
3190 1879 3323 1924 tecta
3373 1881 3490 1927 sunt
3543 1885 3708 1943 peccet:

2154 1945 2324 2014 (Psat.
2357 1961 2489 2004 xxxi
2509 1993 2521 2016 ,
2549 1953 2571 2007 l
2597 1956 2636 2022 ).
2669 1951 3003 2024 lnﬁrmorum
3029 1961 3073 2012 si
3099 1977 3205 2014 non
3242 1963 3592 2019 benedixerunt
3611 1968 3708 2022 milii

2152 2038 2388 2095 humeri:
2417 2058 2511 2114 spe
2548 2044 2991 2116 immortalitatis,
3027 2060 3285 2123 tanquam
3332 2057 3487 2126 pall-io
3513 2057 3706 2128 desuper

2150 2137 2408 2206 cooperti.
2455 2139 2530 2195 Ne
2559 2149 2736 2195 autem
2767 2152 2887 2212 post
2921 2144 3079 2200 tidem
3124 2149 3462 2204 remissionis
3498 2159 3705 2222 peccato-

2149 2243 2265 2284 rum
2293 2231 2542 2289 snfficere
2570 2243 2818 2303 putarent
2859 2238 3254 2306 prtrteritarum
3283 2257 3552 2311 pennarum
3586 2253 3702 2299 metu

2148 2335 2363 2390 carere,
2396 2334 2449 2380 ct
2475 2327 2768 2396 inciperent
2800 2344 3020 2398 sperare
3049 2334 3404 2402 temporalia,
3434 2336 3565 2390 bene
3585 2335 3703 2404 adie-

2146 2415 2218 2468 cit
2243 2429 2257 2468 :
2286 2415 2366 2470 De
2393 2423 2599 2472 tonsura
2630 2421 2793 2473 ovium
2834 2438 3061 2476 mearum
3097 2425 3342 2496 calefacti
3364 2438 3476 2482 sum
3493 2471 3506 2496 ,
3537 2427 3698 2498 quoda

2146 2505 2338 2576 frigore
2383 2509 2498 2577 Spei
2545 2519 2803 2579 terreme,
2848 2515 3058 2570 illorum
3106 2519 3364 2573 vindicati
3407 2527 3525 2574 sunt
3551 2521 3698 2575 consi-

2144 2591 2449 2663 deratione,
2497 2601 2540 2654 si
2590 2603 2818 2658 carnalia
2894 2622 2988 2674 per
3039 2611 3494 2666 remmtiationem
3538 2625 3694 2681 posue-

2141 2693 2294 2755 runt,
2348 2694 2592 2761 exemplo
2639 2697 2814 2764 gregis
2843 2695 3190 2754 detonsarum
3222 2699 3405 2773 (Cant.
3437 2712 3508 2767 tv,
3535 2699 3614 2772 Ξ).
3649 2699 3695 2755 Si

2143 2777 2305 2834 levavi
2340 2797 2491 2852 super
2529 2786 2782 2855 pupillum
2827 2804 3034 2843 manum
3077 2794 3398 2864 meanuqui
3440 2807 3542 2848 non
3571 2793 3690 2847 inve-

2142 2871 2339 2928 niendo
2359 2883 2588 2944 patrem.
2607 2887 2811 2946 poterat
2831 2893 3132 2938 creaturam
3157 2887 3243 2941 vel
3266 2887 3530 2942 hominem
3548 2885 3690 2956 sequi.

2140 2963 2332 3020 Fidens
2351 3011 2364 3032 ,
2393 2970 2513 3036 quia
2538 2971 2660 3024 mihi
2686 2983 2758 3026 est
2795 2975 3104 3040 adiutorium
3145 2981 3361 3034 multum
3380 2997 3400 3034 :
3429 2980 3591 3034 volens
3625 2978 3689 3033 eis

2137 3056 2422 3114 dominari.
2445 3058 2683 3116 Discedat
2712 3064 2949 3121 Inunerus
2977 3085 3117 3124 meus
3140 3088 3178 3124 να
3207 3072 3398 3143 jugulo
3423 3067 3685 3140 meo:quod

2136 3147 2218 3203 his
2243 3154 2519 3222 contingit,
2537 3157 2625 3226 qui
2655 3173 2714 3212 se
2738 3158 2809 3213 ab
2832 3157 3066 3215 Ecclesia
3092 3175 3363 3232 separant,
3395 3163 3514 3218 dum
3537 3162 3685 3216 volunt

2135 3243 2342 3312 populis
2367 3244 2625 3302 dominari
2647 3293 2661 3316 ,
2693 3260 2746 3305 ut
2773 3253 3141 3320 pra-eisioncm
3171 3257 3492 3327 praeeisionis
3515 3255 3682 3325 patian-

2133 3343 2235 3390 tur.
2269 3333 2369 3392 Pcr
2397 3337 2676 3396 humerum
2705 3351 2880 3399 autem
2929 3357 3019 3400 aut
3052 3347 3332 3404 brachium
3356 3393 3368 3412 ,
3415 3348 3678 3418 signiﬁcan-

2133 3434 2218 3480 tur
2257 3429 2510 3486 actiones.
2558 3431 2732 3488 Timor
2780 3437 2912 3489 enim
2961 3440 3216 3494 continuit
3257 3455 3470 3495 me:ne
3513 3440 3680 3494 levaret

2130 3531 2344 3575 manum
2373 3537 2536 3593 super
2565 3526 2840 3594 pupillum.
2879 3527 2950 3582 Et
2980 3548 3007 3582 ει
3036 3533 3263 3601 pondere
3300 3534 3408 3602 ejus
3435 3528 3677 3585 nonsusti-

2127 3611 2252 3665 nebo
2279 3631 2297 3669 :
2325 3615 2368 3668 si
2444 3617 2543 3670 hoc
2590 3619 2748 3673 velim
2805 3629 2860 3676 ut
2900 3625 3156 3693 pupillum
3199 3627 3506 3696 opprimam.
3547 3618 3676 3675 Ponti

2126 3717 2310 3757 aurum
2339 3705 2489 3759 robur
2513 3724 2678 3762 meum
2702 3728 2720 3764 .'
2753 3715 3004 3783 numqui-tl
3037 3719 3351 3787 przesumpsi
3382 3716 3448 3771 de
3468 3712 3670 3770 doctrina

2123 3804 2215 3848 aut
2253 3797 2508 3865 sapientia
2538 3800 2662 3853 Dei?
2697 3802 2845 3867 Quod
2880 3806 2924 3857 si
2969 3817 3011 3860 et
3040 3808 3091 3862 in
3138 3810 3312 3880 lapide
3339 3811 3540 3881 pretioso
3570 3802 3672 3874 ﬁde-

2125 3886 2235 3939 lram
2265 3903 2284 3940 :
2304 3891 2452 3958 quasi
2485 3889 2551 3945 dc
2579 3893 2829 3960 operibus
2860 3898 3011 3952 meis.
3046 3897 3107 3953 Si
3136 3911 3186 3955 et
3214 3905 3413 3956 [relatas
3433 3916 3548 3962 sum,
3576 3910 3668 3950 cum

2121 3988 2246 4033 esset
2275 3982 2397 4035 milii
2421 3999 2597 4037 census
2621 3987 2836 4041 multus:
2858 3992 3008 4058 quasi
3039 3992 3105 4046 de
3137 4010 3289 4056 nico;
3322 4003 3376 4047 ut
3395 3991 3478 4062 qui
3500 3989 3665 4061 gloria-

2122 4079 2226 4137 tur,
2261 4072 2314 4125 in
2353 4073 2576 4129 Domino
2601 4075 2856 4146 glorietur
2886 4078 2968 4150 (ll
2991 4079 3107 4134 Cor.
3146 4100 3200 4148 x,
3235 4085 3353 4153 l7).
3387 4083 3446 4137 Si
3467 4090 3510 4134 et
3534 4081 3582 4132 in
3604 4078 3666 4129 ia-

2121 4164 2513 4220 numerabllibus
2554 4170 2699 4236 posui
2737 4172 2958 4224 animum
2997 4189 3164 4226 meam
3204 4175 3226 4206 ³
3255 4169 3662 4246 (Subaudicndnm

2115 4253 2184 4308 ad
2213 4258 2386 4312 omnia
2407 4301 2421 4325 ,
2452 4255 2689 4314 Discedo!
2716 4263 2779 4315 ab
2808 4261 3014 4316 humero
3041 4282 3150 4320 meo
3181 4267 3431 4320 brae/tium
3455 4263 3658 4330 nicum):

2114 4345 2256 4415 quod
2305 4361 2512 4404 amarcr
2541 4349 2559 4382 ’⁵
2609 4365 2640 4405 a
2694 4353 2871 4407 multis
2904 4351 2970 4407 Et
3016 4356 3278 4428 dereptum
3330 4367 3400 4412 est
3437 4356 3557 4410 clam
3590 4363 3660 4404 car

2113 4454 2276 4492 meum
2303 4455 2322 4494 :
2351 4441 2487 4495 ordo
2507 4485 2520 4508 ,
2556 4443 2614 4497 Si
2646 4453 2696 4497 et
2717 4447 2768 4497 in
2797 4447 3250 4504 innumerabilibus
3289 4451 3429 4521 posui
3466 4446 3653 4499 animum

2111 4545 2271 4582 meam
2293 4573 2304 4595 ,
2347 4540 2395 4585 et
2443 4532 2703 4604 deceptum
2734 4547 2808 4590 est
2849 4539 2980 4592 clam
3014 4557 3102 4593 cor
3146 4559 3308 4597 meum
3331 4558 3350 4596 :
3373 4541 3414 4594 si
3439 4532 3651 4594 consetISi

2111 4620 2202 4674 tali
2227 4623 2559 4693 cogitationi,
2590 4634 2645 4680 ut
2674 4628 2726 4680 in
2751 4643 2836 4682 me
2869 4645 3269 4698 praesumerem.
3302 4630 3446 4699 Quod
3464 4629 3507 4684 si
3529 4634 3653 4681 etas-

2108 4713 2305 4768 culatus
2329 4731 2440 4769 sum
2477 4733 2683 4772 manum
2707 4735 2895 4786 meum,
2929 4739 3116 4791 ponens
3144 4724 3214 4778 ad
3241 4741 3296 4779 os
3315 4737 3467 4777 meum
3489 4737 3506 4774 :
3529 4713 3648 4788 gavi-

2107 4819 2197 4859 sus
2218 4822 2332 4860 sum
2363 4816 2611 4878 tanquam
2639 4810 2706 4865 de
2732 4812 2982 4881 operibus
3006 4816 3156 4869 meis.
3180 4814 3330 4881 Quod
3345 4815 3387 4869 si
3414 4822 3458 4867 et
3473 4809 3645 4882 gavisus

2105 4909 2215 4948 sum
2238 4912 2390 4967 super
2417 4901 2564 4952 ruina
2589 4900 2781 4953 inimici
2807 4903 2908 4956 mei
2925 4920 2944 4956 :
2973 4903 3222 4960 Ecclesia:
3243 4948 3258 4973 ,
3287 4915 3340 4959 ut
3361 4910 3474 4958 sunt
3494 4909 3644 4970 perse-

2104 4994 2315 5041 cutores
2368 4983 2640 5044 Ecclesiae.
2694 4992 2885 5046 Audiat
2939 4998 3079 5050 auris
3125 5014 3234 5052 mea
3282 4992 3640 5050 maledictionem

2102 5095 2262 5132 meam
2291 5094 2310 5133 :
2341 5080 2659 5149 perducatur
2686 5083 2751 5138 ad
2789 5101 3006 5141 sensum
3038 5105 3233 5144 meum.
3267 5085 3530 5159 Opprobrto
3560 5077 3638 5131 tim

2099 5173 2152 5225 in
2180 5173 2366 5242 papula
2402 5189 2509 5226 meo
2532 5173 2824 5242 dilfamatus
2846 5194 2865 5232 :
2894 5179 3032 5249 plebi
3063 5192 3390 5241 sanctorum,
3419 5185 3472 5231 ut
3505 5181 3636 5240 sepa-

2099 5272 2246 5317 retur
2272 5271 2518 5334 tanquam
2549 5265 2750 5321 illusus.
2787 5267 2936 5334 Quod
2962 5272 3006 5324 si
3033 5287 3166 5344 stupe
3203 5271 3426 5326 dixerunt
3460 5254 3632 5318 ancill!

2160 5463 2175 5490 ι
2203 5463 2276 5507 Er.
2302 5465 2350 5524 et
2373 5462 2588 5524 ιον.βῶ
2610 5459 2782 5524 legunt
2818 5461 2946 5511 hunc
2986 5475 3152 5524 ocum,
3175 5471 3338 5514 eaaem
3363 5466 3480 5508 enim
3497 5459 3544 5502 σι
3565 5455 3628 5499 ω’

2093 5521 2350 5595 "eventis
2377 5519 2984 5595 WbtttP’Wicqttma
3077 5589 3095 5595 _
3114 5519 3170 5595 ιιι
3648 5562 3652 5583 ς

2157 5585 2177 5650 ξ
2201 5584 2273 5631 sic
2295 5591 2401 5632 Mss.
2430 5590 2482 5631 At.
2505 5583 2637 5642 editi,
2671 5583 2730 5632 .-tb
2751 5583 2884 5633 initio
2905 5584 3030 5650 enim
3065 5589 3150 5650 fui.
3178 5597 3286 5650 [ηερ
3317 5617 3331 5642 ν
3349 5588 3438 5631 ϐω·

2157 5648 2246 5712 i'ln
2275 5651 2404 5703 LXX,
2427 5658 2623 5694 mamtm
2643 5657 2806 5712 incum
2833 5659 2849 5694 :
2883 5645 3168 5712 suﬂ'ragatur
3190 5645 3394 5708 Vulgata-

2157 5711 2176 5737 δ
2201 5717 2300 5754 Am.
2329 5715 2380 5756 et
2405 5714 2499 5766 En,
2525 5707 2652 5769 quod
2677 5714 2937 5757 miraretur.
