3874 6306
148 330 261 392 861

146 634 429 690 carnalem
480 634 531 687 in
576 648 680 687 me.
720 631 832 686 Non
864 638 1039 685 tamen
1077 630 1189 685 hcce
1223 632 1396 699 gessi;
1428 646 1492 685 ne
1519 630 1758 686 dicerent

149 731 309 783 enim
332 727 466 792 hare,
488 740 594 780 non
617 740 701 781 me
732 724 1032 797 prmbeham
1065 726 1116 779 in
1148 724 1339 778 talibus
1366 724 1583 779 bonum.
1607 722 1755 780 Foris

146 839 260 877 non
304 821 536 875 madebat
580 820 1145 892 hospes:reeipiebam
1192 820 1524 889 peregrinum
1564 818 1617 872 in
1656 834 1757 873 sze-

147 915 299 969 culo.
354 914 503 980 Quod
542 914 585 967 si
628 924 675 967 et
723 916 905 982 sponte
944 928 1187 983 peccans,
1218 911 1457 965 abscondi
1486 920 1755 982 peccatum

147 1024 344 1061 meum.
375 1007 682 1061 Vuluntarie
710 1006 853 1060 enim
882 1005 1225 1075 peccantibus
1257 1004 1412 1059 nobis
1432 1048 1444 1068 ,
1470 998 1754 1075 postquam

142 1086 465 1169 accepimus
508 1096 781 1151 scientiam
827 1078 1062 1150 veritatis
1116 1093 1295 1167 (Hebr.
1345 1111 1410 1159 x,
1440 1092 1556 1167 26).
1587 1096 1685 1148 Aut
1712 1096 1756 1149 si

162 1191 344 1244 dimisi
388 1191 646 1258 infirmum
690 1190 802 1242 sinu
837 1202 995 1241 vacuo
1042 1187 1175 1241 exire
1218 1189 1433 1258 januam
1477 1198 1757 1243 meam:ut

148 1284 284 1339 ideo
331 1283 515 1338 exierit
542 1282 780 1351 januam,
814 1283 933 1352 quia
967 1280 1082 1335 sinu
1115 1296 1281 1334 vacuo
1327 1280 1439 1335 fuit.
1473 1279 1597 1345 Quis
1635 1280 1757 1335 mihi

151 1376 349 1429 tribuat
388 1373 852 1440 ouditorem?Quis
895 1373 1021 1427 mihi
1054 1380 1269 1442 pra'stet
1302 1381 1357 1426 ut
1383 1372 1606 1427 audiar?
1639 1370 1755 1427 Ma-

147 1481 275 1519 num
308 1463 515 1519 Domini
544 1467 585 1517 si
615 1482 715 1518 non
745 1466 927 1519 timui:
952 1480 1053 1535 qua
1097 1464 1343 1532 scripsit,
1374 1463 1435 1519 Si
1472 1482 1572 1518 nou
1603 1466 1756 1518 dimi-

146 1557 354 1621 seritis,
390 1572 477 1609 nec
510 1554 662 1609 Pater
694 1565 852 1611 vester
882 1556 1093 1609 dimittet
1126 1555 1263 1609 vobis
1293 1552 1504 1628 (Matth.
1532 1571 1615 1619 Vl,
1642 1556 1752 1626 15).

146 1649 589 1720 Couscriptionem
628 1649 671 1703 si
708 1666 858 1719 quant
889 1647 1045 1701 habeo
1074 1665 1093 1702 :
1125 1647 1257 1702 ordo
1279 1691 1293 1714 ,
1325 1647 1757 1717 Conscriptiouem

146 1743 192 1795 si
231 1757 395 1811 quam
436 1741 608 1794 habeo.
638 1738 709 1792 Et
754 1741 795 1793 si
836 1757 936 1793 non
966 1730 1164 1809 disrupi
1202 1754 1311 1791 eam
1345 1755 1496 1809 super
1527 1739 1758 1793 humeros

144 1848 310 1895 meos,
342 1840 392 1886 et
420 1841 688 1886 coronatus
732 1833 891 1901 legam
922 1847 1072 1900 super
1097 1831 1326 1884 humeros
1363 1847 1494 1883 meos
1524 1828 1690 1884 levans
1732 1846 1749 1884 :

146 1934 201 1980 et
248 1933 540 1979 coronatus
579 1924 785 1991 publice
814 1926 981 1993 legam
1006 1967 1019 1985 ,
1053 1921 1103 1975 id
1136 1933 1244 1985 est,
1276 1918 1534 1977 adversus
1565 1920 1756 1977 faciem

146 2030 353 2071 meam.
393 2016 628 2069 Statuunt
654 2024 699 2067 te
727 2023 844 2067 ante
871 2015 1053 2083 {aciem
1098 2022 1232 2067 luam
1261 2010 1431 2087 (Psal.
1465 2029 1609 2079 χιιι,
1639 2014 1755 2084 21).

148 2107 288 2175 Quia
316 2108 500 2177 populi
531 2120 723 2159 corona
752 2103 1083 2169 conluudar;
1117 2106 1235 2173 quia
1274 2121 1376 2158 non
1407 2104 1504 2159 ieci
1534 2104 1756 2159 manda—

148 2204 265 2251 tum
294 2197 544 2262 Domini,
576 2197 715 2265 quod
744 2212 828 2251 me
857 2196 1047 2251 feciSse
1076 2197 1181 2265 jam
1211 2196 1447 2251 dixeram
1471 2240 1483 2261 ,
1515 2198 1757 2267 negando

148 2291 330 2361 primo
372 2304 459 2345 tne
503 2290 698 2344 habere
736 2290 1217 2359 c0nscriplionem,
1251 2300 1369 2360 quae
1401 2291 1530 2345 mihi
1576 2300 1759 2361 postea

147 2384 433 2453 obiicitur.
465 2382 523 2437 Si
554 2399 706 2451 super
740 2398 817 2435 me
859 2398 1076 2451 unquam
1126 2393 1260 2435 terra
1304 2385 1529 2453 gemuit:
1559 2385 1758 2454 stipen-

146 2475 308 2531 diarii
346 2474 599 2529 Ecclesize
620 2517 634 2541 ,
662 2474 805 2543 quod
829 2474 997 2527 malus
1027 2482 1167 2527 sum.
1201 2474 1302 2527 Aut
1352 2476 1481 2528 sulci
1509 2478 1619 2545 ejus
1650 2476 1762 2544 plo-

146 2578 395 2623 raverunt
447 2568 598 2621 simul
636 2574 654 2620 :
692 2582 796 2636 quo
853 2568 1056 2621 semina
1107 2567 1462 2636 recipiuntur,
1516 2578 1569 2623 et
1623 2567 1761 2623 unde

151 2661 365 2716 fructus
392 2660 623 2723 dantur;
655 2659 774 2728 quia
803 2666 856 2711 et
894 2658 1068 2711 malus
1091 2672 1243 2722 smn,
1286 2668 1339 2713 et
1379 2660 1514 2712 mala
1555 2660 1760 2714 semina

150 2753 491 2807 semiuabam
520 2767 532 2803 :
564 2750 689 2804 ideo
718 2749 889 2803 simul.
921 2748 1023 2801 Aut
1048 2750 1091 2802 si
1112 2757 1159 2802 et
1185 2749 1414 2803 virtutem
1440 2750 1545 2821 ejus
1571 2752 1762 2805 comedi

151 2848 296 2900 solas
341 2848 450 2900 sine
492 2845 693 2913 pretio:
743 2845 855 2912 ipsa
900 2842 1296 2905 misericordia,
1341 2859 1440 2912 qua
1488 2844 1762 2912 participat

153 2937 515 2993 catecltizanti
542 2936 633 3006 qui
659 2934 1016 2988 catechizatur
1046 2933 1243 3000 (Galat.
1271 2950 1320 2987 Vl
1348 2977 1361 2998 ,
1395 2932 1482 3005 6);
1514 2936 1612 2987 hoc
1642 2943 1722 2988 est
1743 2976 1757 3000 ,

158 3030 335 3095 solus,
388 3043 492 3084 non
546 3027 849 3083 retribuens
887 3027 937 3081 ei
979 3024 1068 3095 qui
1114 3025 1284 3079 daret.
1315 3024 1414 3078 Aut
1453 3026 1496 3079 si
1543 3026 1763 3079 animam

154 3119 370 3174 Domini
414 3128 559 3173 terra:
599 3118 849 3188 decipiens
886 3116 1174 3170 contristavi
1218 3132 1235 3170 :
1273 3124 1379 3169 non
1424 3131 1509 3170 me
1546 3116 1762 3184 dignum

158 3214 429 3270 exhibens
479 3212 713 3283 passioni
768 3212 883 3281 ejus
923 3208 1011 3279 qui
1068 3224 1163 3279 pro
1206 3224 1291 3263 me
1331 3210 1560 3262 animam
1609 3207 1760 3261 fudit.

154 3300 347 3360 Nolite
376 3305 725 3358 constristare
749 3302 1004 3369 Spiritum
1046 3308 1286 3352 sanetum
1316 3300 1368 3351 in
1412 3313 1505 3351 vos
1536 3297 1763 3367 (Ephes.

155 3413 235 3463 IV,
266 3396 401 3466 30).
433 3393 537 3447 Pro
557 3394 719 3446 tritico
746 3392 985 3463 germinet
1013 3390 1134 3442 mihi
1155 3391 1321 3441 urtica
1367 3404 1505 3458 :pro
1521 3390 1766 3457 spiritua-

156 3491 313 3545 libus
348 3486 657 3541 doctoribus
692 3482 929 3553 magistri
950 3482 1297 3552 prurientium
1320 3480 1501 3534 auditu
1532 3495 1625 3550 per
1644 3494 1769 3534 con-

158 3580 480 3637 lricationes
499 3578 772 3633 hominum
798 3581 975 3630 mente
996 3584 1386 3643 corruptorum,
1408 3578 1460 3628 et
1487 3588 1514 3627 a
1542 3574 1768 3628 veritate

159 3675 545 3732 destitutorum
589 3670 631 3742 (1
652 3669 787 3723 Tim.
814 3682 889 3735 Vl,
915 3668 992 3738 5).
1021 3666 1088 3720 Et
1128 3674 1218 3735 pro
1244 3666 1430 3719 hordeo
1452 3666 1603 3734 spina
1628 3679 1647 3719 :
1670 3680 1768 3735 pro

162 3764 473 3822 carnalibus
536 3761 906 3817 obedientibus
971 3767 1277 3829 peccatores
1334 3768 1387 3813 et
1440 3759 1764 3813 resistentes.

167 3856 299 3910 Erat
325 3855 457 3909 enim
491 3852 589 3908 Job
616 3854 668 3906 in
712 3859 977 3920 canspectu
1017 3865 1108 3903 suo
1139 3852 1351 3920 justus;
1397 3850 1450 3903 in
1487 3849 1765 3903 ροιιειτίριι-

170 3950 243 4002 tia
274 3961 393 4002 sua.

240 4058 354 4133 [11).
387 4054 586 4128 xxxn.]
613 4055 782 4110 Verba
816 4053 932 4108 Eliu
960 4044 1179 4107 Buzitis.
1214 4042 1353 4105 Deus
1379 4051 1554 4123 abjecit
1583 4052 1597 4083 ¹
1635 4068 1765 4115 eum,

170 4162 215 4206 et
264 4169 369 4206 non
396 4153 507 4203 vir:
535 4157 590 4203 ut
618 4147 754 4201 hanc
782 4147 952 4201 dicam
979 4160 1189 4200 causam
1212 4186 1226 4209 ,
1257 4160 1350 4198 cur
1392 4144 1670 4199 tacuerint.
1704 4143 1769 4198 Et

173 4242 492 4297 sermonibus
534 4240 707 4293 vestris
749 4256 847 4291 non
888 4235 1194 4307 respondebo
1229 4237 1292 4287 ci.
1321 4235 1433 4305 Ego
1473 4236 1611 4290 enim
1645 4235 1768 4289 talia

172 4333 346 4387 dicam
370 4376 384 4400 ,
433 4340 491 4387 ut
530 4330 656 4385 mihi
680 4372 693 4393 ,
732 4327 1177 4399 quemadmodum
1218 4326 1399 4391 vobis,
1442 4326 1769 4396 respondere

172 4438 277 4479 non
319 4424 505 4495 possit.
563 4423 696 4486 Quia
716 4436 833 4489 ergo
866 4418 1173 4489 exspectavi,
1199 4426 1244 4470 et
1280 4434 1379 4470 non
1422 4426 1538 4470 sunt
1576 4416 1766 4471 locuti:

173 4516 321 4581 quasi
355 4514 421 4569 ad
450 4514 549 4569 Job
588 4524 877 4567 conversus
922 4509 1068 4563 dicit.
1110 4506 1291 4561 Venter
1324 4524 1463 4562 meus
1502 4508 1627 4562 sicut
1659 4518 1769 4562 uter

174 4618 336 4661 utusto
390 4606 585 4675 plenus.
617 4600 973 4657 Commendat
1018 4600 1155 4652 hunc
1202 4598 1505 4667 Scriptura,
1545 4599 1667 4668 quia
1716 4599 1767 4653 in

175 4700 451 4769 prophetia
466 4699 735 4752 locuturus
755 4695 840 4748 sit.
866 4690 933 4747 Et
955 4692 1104 4746 veluti
1131 4690 1267 4762 follis
1286 4691 1455 4745 rorarii
1474 4691 1766 4761 dist-aptus:

180 4789 243 4841 ad
283 4790 529 4843 duritiam
566 4785 874 4841 solvendam
897 4827 909 4850 ,
940 4784 1005 4837 de
1036 4781 1084 4835 vi
1116 4783 1335 4850 loquor;
1368 4780 1488 4835 inde
1517 4782 1570 4835 et
1608 4782 1769 4836 iratus

179 4879 386 4935 dicitur.
420 4881 531 4935 Non
565 4880 704 4935 enim
737 4893 869 4947 Opus
905 4885 1045 4931 esset
1066 4884 1121 4927 ιιι
1150 4889 1248 4943 ego
1290 4872 1560 4943 loquerer,
1590 4874 1633 4927 si
1664 4889 1759 4929 vos

180 4973 226 5027 ei
258 4973 653 5044 responderitis.
674 4969 906 5039 Alioquin
933 4978 979 5022 et
1008 4983 1084 5021 me
1109 4967 1256 5020 tinea:
1280 4962 1430 5020 edent
1465 4981 1483 5020 :
1518 4976 1605 5021 aut
1634 4968 1769 5022 sicut

185 5081 278 5122 vos
307 5078 396 5123 aut
426 5070 561 5123 sient
590 5082 775 5121 omnes
804 5066 890 5134 qui
920 5063 1181 5118 mirantur
1201 5076 1479 5133 personas.

252 5180 355 5256 [lb.
402 5180 616 5255 xum]
648 5178 895 5235 Mundam
924 5188 995 5231 est
1025 5194 1110 5230 cor
1140 5193 1304 5231 meum
1343 5174 1395 5229 in
1436 5176 1593 5229 verbis
1620 5192 1638 5229 :
1664 5192 1765 5231 non

184 5273 389 5345 duplex.
423 5276 647 5348 Spiritus
677 5264 872 5328 divinus
893 5274 978 5344 qui
1001 5289 1076 5325 me
1102 5272 1256 5343 ferio:
1278 5269 1559 5336 subaudis,
1579 5278 1690 5333 est;
1713 5277 1769 5323 ttt

187 5367 283 5432 sit,
314 5369 540 5440 Spiritus
582 5370 779 5422 dvinus
817 5376 898 5421 cst
939 5366 1025 5437 qui
1056 5381 1131 5417 me
1169 5364 1303 5433 fecit.
1340 5360 1607 5428 Quomodo
1650 5378 1766 5432 ergo

138 5452 156 5538 ί
186 5456 308 5513 dicis
327 5502 339 5523 ,
369 5458 549 5515 Justus
579 5476 718 5525 sum,
748 5470 795 5511 et
831 5475 930 5512 non
961 5456 1215 5511 exaudivit
1260 5454 1372 5507 me?
1391 5453 1541 5522 quasi
1576 5450 1766 5503 adver-

190 5554 325 5607 sario
345 5554 535 5608 dixerit
555 5551 675 5607 Joh.
702 5540 870 5613 Semel
899 5551 1025 5605 enim
1055 5546 1273 5621 loquitur
1306 5544 1587 5599 Dominus:
1618 5540 1765 5613 quasi

189 5648 508 5704 vocationem
550 5634 785 5700 omnium
821 5645 1093 5715 justorum
1118 5638 1285 5699 semel
1326 5638 1449 5699 iecit
1486 5635 1762 5704 Dominus,

251 5820 267 5852 ¹
291 5828 391 5873 Mss.
417 5822 628 5887 aliquot,
651 5818 845 5881 adiecti.

1593 326 1797 388 LIBER
1834 320 2031 393 UNUS.

59 490 65 499 .
146 458 293 505 mea!
320 466 333 504 τ
356 448 678 503 adulatores.
705 446 831 513 Quis
855 446 937 500 del
956 444 1098 499 nobis
1126 452 1180 499 ut
1202 444 1435 499 carnibus
1459 446 1568 515 ejus
1597 446 1753 500 satie-

54 602 59 603 ί
146 560 273 599 mur
293 544 320 595 ἕν
339 559 453 596 cum
480 544 603 595 satis
626 542 783 595 bonas
809 556 961 594 essem
978 554 998 595 :
1014 547 1069 593 nt
1099 540 1429 593 imitarentur
1455 539 1755 595 felicitatem

3343 338 3451 398 862

1865 457 1919 505 et
1952 444 2310 520 temporaliter
2348 449 2489 506 circa
2514 450 2749 519 singulos
2786 452 2887 508 hoc
2925 451 3032 524 agit
3056 450 3232 509 divina
3271 454 3449 525 provi-

1864 536 2060 595 dentia.
2094 532 2195 595 Per
2215 540 2490 607 somnium,
2516 552 2603 595 aut
2646 544 2696 598 in
2722 543 3003 599 visitatione
3031 554 3315 601 nocturna:
3357 559 3451 604 aut

1863 630 1915 685 in
1944 632 2239 702 ignorantia
2260 634 2416 709 autin
2444 634 2800 691 tribulatione.
2827 637 2925 689 Aut
2949 637 3077 691 sicut
3092 638 3270 691 incidit
3287 656 3451 695 sa'vus

1864 725 2013 778 timor
2035 722 2088 777 in
2116 724 2355 789 homines,
2379 742 2491 779 cum
2518 727 2772 781 dormiunt
2792 729 2843 782 iu
2861 729 3102 783 cubiculis
3127 746 3145 784 :
3170 732 3364 785 securi.
3386 732 3449 786 Et

1863 830 2045 886 corpus
2066 816 2175 888 ejus
2190 833 2221 870 α
2245 819 2394 871 ruina
2409 831 2549 872 eruat
2569 835 2585 872 :
2605 821 2857 875 translate
2870 821 3004 877 sicut
3019 836 3160 877 ossa.
3180 822 3247 877 Et
3270 842 3450 895 peper-

1863 909 1929 961 cit
1951 910 2135 963 anima:
2150 909 2302 980 ejusa
2328 920 2484 965 morte
2502 926 2640 964 :cum
2664 928 2783 965 eum
2808 914 3147 979 converterit,
3175 925 3355 984 parcet
3378 918 3446 971 ei.

1866 1001 1997 1067 Quia
2023 1008 2281 1055 venturum
2322 1014 2395 1056 est
2425 1001 2636 1068 bellum,
2666 1014 2713 1057 et
2740 1003 2917 1057 iterum
2946 1015 3118 1077 arguet
3148 1020 3259 1060 eum
3286 1008 3337 1060 in
3368 1008 3451 1061 in-

1863 1093 2101 1162 ﬁrmitate
2123 1095 2175 1147 in
2202 1093 2356 1147 cubili
2379 1111 2396 1148 :
2419 1101 2538 1163 post
2565 1095 2965 1150 conversionem
2994 1096 3102 1167 jant
3131 1098 3319 1167 probat
3339 1142 3351 1162 ,
3384 1116 3451 1155 ne

1862 1183 1931 1237 de
1952 1198 2011 1238 se
2036 1190 2338 1253 prmsumat.
2363 1183 2431 1237 Et
2454 1184 2717 1239 multitudo
2733 1186 2918 1239 ossium
2941 1187 3050 1256 ejus
3072 1190 3311 1241 emarcuit
3333 1204 3351 1243 :
3387 1189 3448 1242 ll-

1862 1274 2014 1329 ducia
2032 1274 2100 1330 de
2124 1291 2201 1330 se.
2234 1275 2539 1346 Omnemque
2562 1293 2723 1330 escam
2750 1294 2847 1331 non
2876 1278 3051 1347 poterit
3076 1295 3269 1333 sumere
3288 1296 3305 1332 :
3324 1292 3450 1334 con-

1863 1368 2175 1424 solationem
2198 1369 2263 1424 de
2293 1370 2687 1440 temporalibus.
2712 1369 2777 1424 Et
2798 1370 3049 1424 renovabit
3069 1388 3253 1441 corpus
3278 1389 3447 1439 suum,

1862 1458 1989 1514 sicut
2022 1460 2172 1515 litura
2200 1463 2251 1516 in
2279 1462 2500 1532 pariete:
2530 1462 2873 1517 mutationem
2908 1464 3027 1517 vitae
3054 1474 3133 1518 :et
3161 1464 3245 1518 hic
3273 1476 3450 1519 trans-

1866 1553 2005 1620 late,
2066 1564 2282 1624 propter
2320 1554 2629 1619 :edilicium,
2678 1554 2727 1609 id
2773 1563 2881 1619 est,
2926 1555 2977 1609 in
3021 1558 3347 1611 societatem.
3384 1554 3449 1610 Et

1864 1646 2053 1699 molliet
2086 1662 2259 1701 carnes
2284 1663 2401 1701 suas
2428 1647 2555 1700 sicut
2583 1649 2779 1717 parvuli
2801 1663 2819 1700 :
2847 1662 2912 1701 ne
2950 1648 3019 1702 sit
3054 1648 3215 1702 durus
3256 1663 3447 1719 super-

1864 1737 1948 1791 bia
1971 1780 1984 1802 ,
2012 1738 2301 1791 secundum
2328 1738 2467 1808 quod
2492 1738 2605 1792 Elin
2627 1738 2856 1804 videtur,
2894 1747 3125 1793 tentatur
3150 1738 3250 1793 .loh
3276 1738 3448 1793 humi-

1865 1826 1929 1882 lis
1958 1842 2054 1898 per
2084 1829 2498 1883 innovationem.
2543 1827 2603 1882 Et
2638 1830 2838 1883 intravit
2860 1830 2989 1900 faeie
3010 1826 3161 1883 hilari
3189 1846 3301 1883 cum
3332 1847 3449 1899 pro-

1863 1923 2078 1992 fessione
2102 1938 2119 1975 :
2145 1934 2354 1991 paratus
2376 1922 2441 1976 ad
2466 1924 2808 1977 tentationes.
2840 1920 2995 1978 Salva
3016 1924 3236 1976 animum
3260 1940 3441 1990 meam,

1864 2029 1927 2065 ne
1956 2013 2148 2066 veniam
2174 2012 2227 2067 in
2252 2015 2663 2083 corruptionem:
2694 2014 2777 2068 hic
2810 2017 3029 2069 teutatio
3061 2017 3263 2069 mortis.
3310 2012 3449 2071 Vices

1866 2115 1963 2161 tres
1986 2123 2100 2160 cum
2127 2109 2231 2162 viro
2255 2124 2273 2162 :
2301 2108 2663 2164 conversionis
2685 2151 2698 2173 ,
2729 2108 3075 2178 probationis,
3109 2109 3314 2162 mortis.
3342 2108 3449 2164 Sed

1864 2201 1991 2253 eruit
2016 2201 2237 2253 animam
2279 2217 2437 2253 meam
2476 2200 2536 2254 de
2560 2210 2752 2254 morte:
2778 2202 2895 2270 quia
2921 2196 3092 2255 adhuc
3123 2200 3233 2254 hmo
3263 2201 3448 2255 mortis

1864 2296 2047 2355 restat,
2085 2290 2153 2345 Ut
2195 2292 2365 2344 anima
2406 2298 2519 2344 mea
2553 2292 2603 2344 in
2644 2290 2835 2345 lumine
2879 2286 3131 2344 collaudet
3168 2308 3299 2345 eum.
3331 2290 3448 2345 Jam

1865 2396 1993 2452 ergo
2018 2384 2288 2437 orationes
2310 2383 2615 2449 cessabunt,
2639 2382 2760 2454 quia
2788 2381 2927 2437 nulla
2958 2384 3060 2438 erit
3087 2378 3391 2453 indigentia.

1937 2472 2037 2546 [11).
2071 2472 2280 2547 nam]
2309 2472 2631 2543 Respondeas
2656 2484 2820 2527 autem
2845 2474 2984 2537 Elia,
3008 2475 3152 2527 dirit.
3173 2475 3450 2542 Quomodo

1866 2567 2078 2634 dicitur,
2121 2567 2187 2621 Et
2226 2566 2437 2635 adjecit.
2485 2568 2549 2620 Et
2578 2569 2663 2637 qui
2698 2570 2887 2622 habetis
2928 2568 3205 2635 scientiam,
3246 2568 3451 2624 auribus

1868 2654 2103 2729 percipite
2134 2675 2151 2712 :
2186 2658 2567 2728 spiritualibus.
2600 2660 2732 2725 Quia
2769 2661 2907 2713 auris
2944 2678 3194 2715 sermones
3237 2663 3410 2729 probat
3433 2678 3452 2716 :

1868 2750 1965 2805 ista
2009 2751 2253 2806 carnalis.
2287 2750 2421 2816 Quid
2447 2762 2519 2805 est
2560 2751 2764 2817 bonum,
2813 2753 2930 2823 quia
2959 2753 3086 2806 dixit
3126 2752 3247 2819 Job,
3275 2751 3452 2808 Justus

1866 2845 2021 2897 sum?
2048 2844 2184 2911 Quid
2213 2843 2334 2898 boni
2385 2843 2518 2898 dixit
2561 2845 2678 2913 quia
2721 2840 2887 2899 dixit?
2926 2843 2992 2898 Et
3018 2846 3067 2899 in
3108 2846 3303 2915 judicio
3344 2858 3452 2901 meo

1867 2937 2103 2988 mentitus
2130 2945 2219 2989 est.
2248 2934 2380 2989 Hinc
2410 2944 2511 3000 est,
2536 2930 2644 3004 Ego
2672 2935 2801 2989 bona
2840 2935 3169 3006 prwslolabar
3199 2934 3317 3005 (Job
3347 2951 3455 2990 xxx

1866 3026 1957 3099 26)
1990 3045 2000 3079 :
2032 3027 2153 3082 ideo
2182 3038 2379 3096 praeter
2413 3041 2562 3094 siem
2584 3069 2597 3091 ,
2627 3026 2765 3096 quod
2790 3037 2890 3093 est,
2926 3028 3175 3082 ltll‘ltllills
3197 3036 3297 3081 est.
3332 3025 3456 3092 Quis

1870 3128 1941 3173 est
1962 3121 2035 3172 vir
2051 3114 2271 3195 ut’Job?
2296 3117 2481 3172 Adhuc
2509 3119 2665 3171 verba
2691 3118 2791 3172 Job
2811 3128 2951 3172 sunt.
2983 3116 3127 3172 Dixit
3153 3119 3303 3182 enim,
3336 3115 3457 3170 Non

1869 3214 2153 3269 uisitabitur
2181 3215 2266 3283 qui
2310 3210 2637 3267 ambulm~erit
2663 3228 2777 3267 cum
2808 3212 2934 3265 Deo.
2979 3211 3075 3267 Hic
3118 3212 3263 3265 illum
3313 3219 3459 3280 putat

1870 3306 2150 3375 deceptum
2173 3348 2186 3371 ,
2232 3304 2353 3374 quia
2397 3302 2497 3359 hoc
2525 3319 2747 3373 Sperans
2776 3304 2861 3357 illa
2898 3303 3073 3355 omnia
3107 3302 3291 3357 fecerit
3323 3319 3335 3354 :
3369 3310 3460 3355 aut

1871 3406 2041 3462 certe,
2071 3394 2209 3465 quod
2237 3396 2287 3449 in
2318 3394 2512 3448 bonum
2542 3409 2648 3448 non
2679 3403 2827 3464 putat
2849 3393 3046 3446 visitari
3078 3404 3196 3445 eum
3222 3393 3310 3462 qui
3342 3408 3458 3445 ant-

1873 3486 2133 3541 bulaverit
2159 3500 2277 3540 cum
2312 3484 2555 3538 Domino.
2588 3483 2727 3537 Absit
2765 3499 2795 3535 a
2824 3478 3037 3536 Domino
3068 3482 3341 3551 impietas:
3371 3490 3461 3535 aut

1872 3584 1930 3633 ιιι
1957 3594 2061 3633 non
2107 3578 2281 3634 visitet
2310 3579 2359 3630 in
2392 3577 2552 3643 bono,
2582 3578 2670 3645 qui
2697 3590 2816 3628 cum
2845 3588 2910 3629 co
2940 3574 3322 3639 ambulaverit;
3370 3582 3461 3628 aut

1873 3672 2030 3725 etiam
2076 3670 2121 3723 si
2164 3668 2456 3723 risitaverit
2498 3667 2549 3720 in
2602 3666 2909 3730 tentatione,
2968 3665 3126 3735 impie
3176 3673 3230 3720 et
3269 3660 3462 3733 injuste

1874 3771 2011 3832 agat.
2043 3760 2245 3830 Impius
2269 3769 2341 3813 cst
2362 3760 2448 3829 qui
2473 3758 2591 3812 dicit
2626 3758 2761 3827 regi,
2792 3755 2990 3829 Injusle
3024 3758 3151 3827 agis.
3178 3756 3256 3811 Tu
3278 3766 3457 3812 autem

1874 3866 1978 3911 non
2003 3856 2166 3911 debes
2196 3854 2321 3909 illud
2361 3853 2561 3917 dicere,
2587 3852 2673 3922 qui
2706 3866 2807 3905 non
2840 3867 2897 3905 cs
2941 3849 3150 3920 impius.
3184 3840 3345 3915 Bene,
3374 3850 3461 3919 qui

1872 3949 2027 4012 dicit;
2057 3961 2162 4001 non
2184 3987 2199 4013 ,
2228 3945 2316 4015 qui
2348 3943 2573 4007 dixerit,
2607 3956 2674 3997 ne
2696 3941 2804 4012 jant
2846 3942 3002 3996 etiam
3034 3940 3101 3995 ob
3147 3939 3247 3995 hoc
3277 3949 3416 3995 esset
3445 3958 3458 3993 :

1872 4038 2142 4110 quomodo
2182 4037 2393 4102 dicitur,
2427 4036 2645 4091 Factum
2678 4044 2757 4089 est
2780 4077 2792 4100 ,
2820 4036 2907 4105 qui
2947 4034 3046 4089 hoc
3076 4032 3215 4089 facit.
3246 4033 3461 4105 lmpiis-

1873 4134 2017 4197 sime,
2070 4130 2427 4202 principibus:
2460 4138 2707 4198 tanquam
2754 4126 2970 4197 Angelis
3000 4124 3160 4188 dicat,
3201 4123 3312 4179 Nisi
3360 4112 3459 4179 Mi-

1872 4223 2024 4278 chael
2054 4224 2296 4293 princeps
2323 4222 2519 4287 vester,
2546 4217 2857 4288 intpiissitne
2878 4217 3049 4287 agitis.
3082 4216 3183 4270 Aut
3203 4215 3243 4269 si
3270 4216 3338 4269 ita
3364 4214 3461 4268 im-

1873 4316 2110 4387 piissitue
2140 4314 2332 4368 dicitur
2354 4310 2699 4382 principibus,
2723 4316 2920 4377 quanto
2943 4307 3108 4376 magis
3130 4305 3280 4387 regi?
3309 4305 3463 4360 Abusi

1872 4415 1990 4461 sunt
2018 4406 2146 4460 enim
2194 4405 2359 4473 inique
2396 4419 2507 4455 cum
2550 4400 2929 4454 excluderentur
2970 4398 3179 4466 infirmi.
3220 4396 3356 4452 Male
3379 4397 3462 4453 usi

1872 4509 1997 4556 sunt
2024 4498 2327 4554 exclusione
2355 4510 2470 4558 sua,
2504 4510 2623 4549 eum
2658 4503 2873 4563 propter
2896 4492 3251 4547 iulirmitatcm
3278 4491 3462 4547 exclu-

1873 4590 2127 4645 derentur
2155 4588 2221 4642 ab
2254 4602 2313 4641 ea
2353 4587 2577 4651 visione,
2612 4599 2712 4655 qua
2740 4584 2986 4637 videntur
3005 4583 3180 4636 omnia
3212 4582 3462 4638 divinitus

1873 4680 2269 4740 ordinatissime
2304 4678 2536 4733 ordinari
2567 4686 2619 4731 et
2662 4674 3040 4729 administrari.
3074 4672 3129 4728 ln
3173 4687 3239 4728 eo
3283 4683 3460 4729 autem

1874 4775 2012 4830 male
2040 4772 2118 4827 usi
2149 4781 2269 4827 sunt
2290 4812 2304 4837 ,
2348 4769 2468 4839 quia
2498 4769 2739 4838 spiritum
2768 4781 2920 4821 suum
2951 4765 3096 4836 sequi
3126 4765 3458 4831 maluerunt,

1873 4869 2039 4923 Deum
2065 4867 2160 4920 ista
2189 4880 2293 4919 non
2326 4878 2511 4917 curare
2544 4882 2556 4917 :
2588 4876 2651 4917 ex
2676 4860 2777 4915 hoc
2801 4858 2943 4915 enim
2974 4858 3077 4914 illis
3100 4870 3232 4912 vane
3263 4858 3457 4923 veniet,

1873 4948 2003 5013 utin
2035 4954 2438 5011 necessitatibus
2462 4954 2575 5008 suis
2599 4952 2826 5008 clament
2851 4962 2903 5006 et
2941 4952 3129 5019 rogent
3167 4948 3458 5014 hominem,

1871 5067 1990 5107 cunt
2021 5052 2182 5104 Deum
2207 5050 2397 5118 rogare
2425 5045 2743 5102 debuerunt.
2787 5043 2960 5112 Neque
2981 5042 3073 5095 erit
3099 5038 3257 5101 locus,
3287 5044 3331 5092 et
3361 5054 3461 5092 non

1872 5152 1945 5199 est
1973 5144 2147 5197 umbra
2172 5143 2362 5204 mortis,
2388 5147 2443 5192 ut
2471 5139 2662 5193 latitent
2689 5136 2777 5207 qui
2811 5132 3004 5205 faciunt
3030 5130 3220 5201 iniqua.
3254 5126 3366 5185 Nan
3396 5128 3460 5183 ad

1873 5237 1973 5290 huc
2002 5242 2083 5289 est
2107 5233 2293 5287 umbra
2340 5228 2527 5285 mortis
2568 5237 2623 5282 ιιι
2666 5222 2871 5281 latitcnt
2903 5240 2914 5275 :
2946 5233 3000 5276 ut
3029 5230 3127 5286 εει,
3167 5220 3285 5274 Non
3322 5234 3461 5275 senes

1873 5326 2053 5382 habent
2073 5326 2371 5397 sapientiam
2393 5320 2499 5393 (Id.
2531 5330 2705 5381 XXXII,
2733 5315 2818 5381 9);
2839 5314 2957 5386 quia
2987 5324 3090 5367 non
3110 5318 3354 5368 senectus
3382 5318 3460 5364 est

1871 5435 2027 5476 causa
2056 5417 2329 5487 sapientia:
2368 5433 2379 5466 :
2412 5421 2487 5477 et,
2520 5409 2826 5465 ereticum
2864 5422 2927 5461 ne
2962 5407 3149 5461 salutes
3185 5404 3204 5478 (
3233 5403 3275 5458 1'
3276 5405 3331 5459 it.
3364 5417 3453 5467 ιιι,

1874 5517 1943 5572 111
1970 5517 1988 5587 )
2015 5557 2027 5579 ,
2073 5528 2141 5568 ne
2182 5508 2304 5565 inde
2324 5552 2339 5576 ,
2364 5510 2464 5578 (tua
2492 5496 2777 5560 hereticus
2804 5509 2904 5556 εει.
2939 5498 3006 5557 Et
3037 5504 3221 5554 evertet
3245 5500 3460 5563 nectent,

1871 5618 1923 5665 ct
1965 5604 2361 5662 humiliabuntu‘r
2397 5618 2415 5656 :
2466 5606 2522 5654 ut
2560 5608 2717 5668 supra
2759 5600 2852 5651 eos
2897 5594 2965 5651 sit
3000 5591 3143 5665 quod
3183 5592 3293 5647 sub‘
3333 5589 3464 5660 ipsis

1873 5698 2023 5767 erat;
2066 5694 2119 5753 id
2153 5694 2266 5761 est,
2306 5702 2513 5768 premat
2554 5706 2646 5748 eos
2684 5688 2826 5762 quod
2876 5687 3144 5745 subditum
3190 5684 3292 5741 illis
3323 5688 3458 5739 erat.

1873 5788 1943 5850 Et
1985 5792 2222 5850 exstinxit
2258 5789 2471 5861 impios;
2500 5788 2664 5843 lucere
2691 5784 2784 5839 sibi
2810 5783 3122 5839 videbantur.
3152 5776 3217 5834 Et
3233 5774 3463 5852 justiti“
