3874 6314
488 304 598 369 863

488 423 599 493 ejus
637 437 739 477 non
765 428 1120 494 cognoverunt.
1156 417 1295 476 Dicit
1316 416 1443 490 quid
1474 416 1603 474 boni
1631 417 1772 474 Deus
1800 417 1985 475 fecerit
2012 417 2080 475 de

488 514 769 587 iniquitate
794 529 979 571 eorum
1004 532 1017 569 :
1045 524 1100 568 ut
1126 518 1411 586 perferatur
1434 514 1502 566 ad
1526 528 1639 567 eum
1661 513 1853 567 clamor
1881 529 2077 584 paupe-

486 611 579 665 ris.
631 610 752 682 Ipse
796 611 1010 680 quietem
1060 610 1234 675 dabit,
1279 618 1326 662 et
1368 608 1478 679 quis
1506 608 1686 678 poterit
1710 607 2080 663 condemnare?

486 704 604 761 Non
633 704 843 774 qualem
871 712 1116 775 quierunt
1140 702 1385 758 homines
1429 717 1548 772 qua!
1578 701 1683 757 illis
1721 700 2076 757 tribulationi-

490 796 589 853 bus
623 798 883 854 turbatur.
917 798 974 854 Si
1008 798 1145 853 Deus
1166 797 1439 865 justilicat,
1461 796 1581 867 quis
1621 804 1705 850 est
1750 794 1839 866 qui
1881 793 2079 850 conde-

493 894 674 961 mnct(
700 892 849 947 Rom.
882 908 973 946 vut
988 932 1003 956 ,
1036 892 1125 956 33,
1145 890 1287 961 δην
1318 888 1386 943 Et
1410 898 1585 944 contra
1606 890 1861 945 hominem
1880 888 2034 945 simul
2057 903 2076 943 :

490 984 745 1039 adversus
772 983 1011 1039 Gentiles
1039 992 1092 1037 et
1118 981 1352 1038 Judazos.
1397 982 1497 1048 Qui
1524 998 1733 1052 regnare
1761 981 1883 1051 facit
1912 980 2077 1037 homi-

488 1091 602 1129 nem
632 1074 942 1145 hypocritam
972 1082 1176 1143 propter
1196 1074 1566 1144 perversitatem
1587 1074 1761 1145 populi
1786 1088 1803 1127 :
1826 1071 1913 1127 cui
1940 1072 2074 1128 dici-

489 1176 595 1233 tur,
628 1166 729 1233 Qui
754 1183 872 1238 ergo
902 1167 1049 1220 doces
1076 1167 1235 1220 alium
1255 1207 1272 1232 ,
1301 1166 1514 1238 teipsum
1554 1182 1655 1220 non
1679 1166 1826 1220 doces
1854 1164 1981 1238 (Id.
2014 1181 2072 1230 It,

483 1257 547 1314 2|
579 1259 615 1328 ).
644 1258 842 1329 Absque
864 1275 943 1313 me
966 1259 1139 1314 videbo
1162 1276 1180 1323 ;
1211 1268 1263 1313 tu
1290 1257 1494 1313 ostende
1518 1258 1639 1314 mihi
1663 1274 1682 1312 :
1709 1266 1760 1313 te
1788 1257 2077 1328 reprehen-

485 1347 639 1410 dens.
666 1349 927 1420 meipsum
956 1348 1093 1406 forte
1118 1348 1614 1421 reprehendendum
1632 1364 1751 1405 esse
1772 1364 1877 1404 non
1895 1349 2075 1405 video?

483 1441 881 1515 lnterrogantcr
908 1443 1380 1515 pronuntiandum.
1412 1442 1473 1499 Si
1506 1444 1819 1513 iniquitatem
1839 1452 2075 1512 operatus

483 1552 617 1599 sum,
642 1553 743 1591 non
766 1536 1009 1608 adjiciam
1038 1553 1056 1591 :
1077 1545 1355 1606 correptus
1375 1551 1405 1591 a
1426 1544 1499 1593 te.
1526 1534 1791 1606 Numquid
1806 1554 1836 1588 a
1858 1545 1904 1589 te
1923 1536 2076 1605 exigit

485 1643 617 1692 eam,
645 1628 763 1698 quia
790 1628 1060 1697 repulisti?
1086 1628 1205 1697 quia
1234 1627 1645 1699 reprehendisti.
1680 1627 1745 1682 Et
1777 1629 1851 1682 vir
1874 1629 2075 1698 sapiens

483 1720 655 1774 audiet
683 1721 885 1775 verbum
906 1737 1069 1775 meum
1093 1736 1113 1776 :
1145 1720 1309 1776 Deum
1338 1722 1515 1776 omnia
1540 1736 1749 1777 curare.
1781 1719 1881 1774 Job
1908 1731 2076 1775 autem

484 1812 659 1865 nonin
682 1812 928 1881 sapientia
941 1812 1151 1885 .fpcutus
1174 1822 1245 1867 est
1273 1828 1292 1866 :
1324 1812 1558 1883 putando
1578 1812 1720 1883 quod
1746 1812 1945 1882 aliquid
1973 1812 2074 1868 sibi

483 1901 665 1971 inique
690 1900 944 1956 divinitus
962 1901 1234 1959 acciderit.

557 1991 654 2065 [11).
683 1993 875 2067 xum]
908 1996 1077 2061 Quare
1109 1996 1202 2051 hoc
1228 1996 1527 2050 existimasti
1553 1998 1621 2064 in.
1626 1996 1873 2066 judicio?
1911 2010 2077 2067 quare

484 2085 588 2143 hoc
610 2087 893 2156 judicasti?
926 2087 1000 2141 Tu
1030 2090 1141 2158 quis
1170 2106 1242 2153 cs,
1264 2090 1351 2160 qui
1372 2089 1565 2153 dixisti,
1594 2088 1774 2144 Justus
1798 2106 1929 2154 sum,
1958 2098 2077 2144 ante

482 2188 803 2245 conspectam
829 2178 1075 2235 Domini?
1102 2182 1239 2236 Ante
1269 2189 1614 2251 conspectum
1642 2181 1847 2236 Domini
1873 2182 2071 2247 dixisti,

482 2266 669 2325 Justus
692 2285 830 2325 sum.
861 2269 1154 2341 Utrumque
1178 2272 1318 2326 enim
1342 2272 1761 2341 reprehensihile
1785 2283 1868 2328 eSt
1891 2273 1944 2328 in
1974 2274 2073 2328 ho-

483 2364 630 2418 mine
662 2381 675 2418 :
723 2379 884 2419 unum
906 2404 920 2429 ,
944 2365 987 2419 si
1017 2372 1109 2419 aut
1138 2365 1367 2435 superbe
1395 2364 1621 2427 dicatur.
1661 2375 1751 2421 aut
1786 2366 1973 2421 falsum
2004 2367 2077 2424 sit

480 2454 682 2525 justum
728 2470 851 2510 eum
893 2470 1033 2521 esse,
1080 2456 1239 2511 etiam
1284 2456 1576 2512 secundum
1609 2458 1889 2513 humanam
1914 2459 2074 2524 justi-

483 2548 643 2613 tiam;
676 2547 901 2603 alterum
931 2558 1130 2612 autem,
1153 2549 1273 2619 quia
1304 2564 1573 2619 nunquam
1604 2565 1727 2604 vere
1748 2550 1849 2605 dici
1880 2550 1948 2606 ab
1979 2552 2075 2607 ho-

482 2637 628 2693 mine
653 2647 845 2708 potest,
875 2638 1017 2709 quod
1037 2648 1162 2695 ante
1190 2650 1535 2709 conspectum
1566 2640 1657 2695 Dei
1684 2642 1751 2695 sit
1766 2641 1963 2711 justus,
1990 2644 2074 2699 cui

482 2738 823 2798 comparatus
851 2729 1074 2799 quilibet
1108 2731 1318 2801 iniquus
1344 2740 1445 2785 est.
1481 2733 1581 2785 Aut
1607 2732 1752 2795 dicis.
1780 2732 1916 2799 Quid
1950 2751 2073 2805 pro-

482 2822 592 2878 dest
607 2822 712 2887 tibi,
742 2832 828 2877 aut
856 2824 978 2893 quid
1006 2825 1213 2892 faciam,
1252 2825 1297 2877 si
1322 2826 1520 2895 peccavi
1544 2826 1570 2879 .9
1597 2824 1709 2880 Hoc
1737 2826 1881 2882 enim
1917 2827 1965 2881 ei
1996 2828 2074 2882 vi-

481 2911 640 2969 detur
667 2912 769 2969 Job
796 2912 995 2970 dixisse
1022 2915 1154 2981 Deo,
1173 2916 1323 2985 quasi
1349 2924 1440 2970 aut
1469 2916 1576 2970 Deo
1607 2918 1773 2985 prosit
1795 2929 2071 2987 peccatum

481 3004 600 3074 ejus
622 3047 638 3069 ,
679 3013 738 3059 ut
763 3006 866 3061 isto
890 3005 1077 3062 dolore
1104 3006 1171 3061 ad
1216 3008 1541 3076 impietatem
1584 3018 1821 3079 cogatur,
1861 3011 1947 3067 ubi
1978 3013 2071 3079 ait,

483 3093 660 3151 Nolite
678 3112 757 3150 me
775 3097 953 3151 docere
976 3098 1186 3168 impium
1202 3114 1307 3153 esse
1327 3116 1345 3152 :
1368 3108 1453 3151 aut
1482 3099 1665 3153 bonum
1694 3110 1765 3155 est
1793 3102 1882 3155 tibi
1904 3104 1949 3156 si
1972 3103 2073 3157 iui-

479 3202 576 3258 que
602 3202 745 3257 egero
775 3185 896 3257 (Job
936 3204 993 3253 ι,
1023 3186 1079 3253 2,
1109 3188 1203 3255 3)?
1229 3198 1322 3244 aut
1352 3189 1459 3244 Deo
1482 3200 1671 3246 noceat
1699 3193 1987 3261 peccando,
2019 3204 2074 3250 et

480 3276 605 3333 idco
645 3277 791 3333 illum
836 3278 913 3333 sic
957 3279 1264 3351 insequatur
1306 3280 1446 3336 Deus
1491 3282 1639 3353 quasi
1667 3282 1874 3340 hostem
1918 3302 2072 3342 suum

480 3383 766 3440 premens,
800 3386 867 3426 ne
892 3370 1090 3441 aliquid
1131 3372 1199 3428 ah
1235 3372 1325 3428 illo
1355 3374 1478 3428 mali
1516 3375 1766 3444 patiatur.
1805 3376 1935 3433 Nam
1970 3377 2070 3435 hoc

480 3461 641 3516 etiam
674 3460 904 3529 dixerat,
936 3461 999 3518 Si
1026 3478 1115 3533 ego
1138 3464 1357 3534 peccavi,
1397 3465 1519 3536 quid
1554 3482 1757 3536 possunt
1797 3468 2073 3543 tibifacere

480 3552 592 3625 (Id.
618 3571 712 3619 vn,
742 3555 877 3629 ‘20)?
905 3555 985 3612 Ad
1017 3567 1300 3628 utrumque
1323 3573 1450 3629 ergo
1481 3559 1598 3614 Eliu
1624 3561 1917 3630 respondit,
1941 3578 2071 3619 con-

481 3650 827 3721 sequentibus
851 3651 1047 3707 verbis.
1077 3651 1190 3722 Ego
1222 3651 1353 3707 dabo
1378 3652 1465 3707 tibi
1493 3669 1803 3723 responsum,
1839 3664 1886 3709 et
1912 3656 2070 3713 tribus

477 3743 655 3799 amicis
674 3744 815 3799 meis.
843 3743 1025 3813 Aspice
1050 3746 1106 3798 in
1132 3745 1332 3811 mlunt,
1360 3756 1408 3800 et
1436 3746 1547 3800 vide
1569 3764 1586 3811 ;
1609 3750 1799 3817 respice
1830 3749 1883 3803 in
1913 3750 2069 3805 nubes

476 3849 629 3900 quam
653 3835 774 3889 alter
797 3835 898 3889 sint
923 3850 957 3887 (ι
983 3844 1049 3889 te.
1094 3834 1157 3890 Si
1192 3838 1427 3905 peccasti,
1451 3837 1575 3907 quid
1602 3839 1711 3909 agis
1726 3840 1752 3893 Ρ
1779 3837 2070 3897 Conﬁrmat

478 3924 618 3993 quod
636 3925 704 3979 ab
722 3939 790 3980 eo
804 3924 1002 3979 dictum
1032 3934 1134 3990 est,
1166 3924 1228 3981 Si
1252 3942 1343 3997 ego
1364 3930 1581 3997 peccavi,
1610 3930 1733 3999 quid
1755 3947 1961 4001 possum
1980 3932 2068 3987 tibi

478 4020 667 4088 facere.
700 4016 799 4071 Aut
824 4018 867 4071 si
897 4018 1056 4072 multa
1085 4018 1275 4090 injusta
1290 4018 1473 4089 fecisti,
1495 4021 1616 4089 quid
1642 4024 1827 4091 poteris
1852 4028 2017 4095 facere
2042 4026 2066 4081 l’

478 4106 606 4163 Plus
632 4117 734 4171 est,
784 4109 945 4163 multa
991 4109 1181 4180 injusta
1220 4110 1400 4180 fecisti,
1429 4126 1586 4180 quam
1630 4113 1771 4183 quod
1823 4116 2068 4186 superius

477 4199 630 4268 dixit,
660 4202 896 4273 peccasti.
947 4201 1051 4259 Sed
1081 4211 1258 4259 tamen
1297 4202 1420 4273 quid
1466 4203 1665 4274 poteris
1714 4205 1889 4262 facere
1920 4207 2062 4273 Deo;

475 4294 689 4367 quando
714 4311 781 4351 ne
819 4294 988 4352 nubes
1018 4295 1229 4364 quidem
1261 4305 1415 4366 potes
1463 4297 1693 4353 laedere?
1722 4296 1791 4353 Et
1820 4301 1866 4354 si
1892 4301 2066 4369 justus

473 4403 545 4454 es,
577 4388 699 4460 quid
732 4388 877 4443 dabis
904 4388 989 4443 ei?
1023 4388 1066 4444 E
1094 4389 1365 4444 contrario
1388 4429 1401 4450 .
1450 4389 1718 4460 quomodo
1743 4390 1945 4460 justitia
1978 4403 2064 4447 tua

475 4479 605 4536 nihil
632 4480 682 4537 ei
703 4480 952 4551 prodest,
983 4481 1061 4536 sic
1091 4481 1345 4551 injustitia
1374 4481 1502 4537 nihil
1529 4492 1701 4537 nocet.
1731 4484 1830 4537 Aut
1857 4485 1980 4554 quid
2003 4486 2067 4541 de

476 4589 629 4627 manu
651 4582 739 4626 tua
762 4574 977 4643 accipiat
998 4573 1024 4627 .9
1049 4573 1255 4628 etiamsi
1283 4572 1412 4629 dare
1432 4574 1593 4639 velis;
1622 4586 1838 4644 propter
1862 4577 2066 4632 sacriﬂ-

470 4664 574 4728 cia,
602 4678 722 4732 qua:
739 4662 885 4718 stulti
912 4671 1098 4732 putant
1123 4663 1290 4719 Deum
1317 4679 1531 4720 sumere
1553 4665 1698 4720 velut
1716 4666 1794 4720 eis
1824 4668 2065 4738 indigen-

473 4762 602 4809 tem.
642 4751 763 4807 Viro
782 4754 935 4808 simili
963 4754 1035 4807 tui
1059 4754 1290 4824 impietas
1324 4762 1430 4820 tua,
1461 4764 1508 4808 et
1535 4754 1645 4824 ﬁlio
1674 4756 1890 4812 hominis
1901 4760 2061 4829 justi-

472 4846 544 4901 tia
573 4855 662 4900 tua
683 4864 702 4902 :
730 4846 809 4901 vel
839 4845 928 4900 illa
954 4854 1132 4913 nocet,
1164 4846 1249 4902 vel
1275 4846 1389 4902 haec
1416 4846 1654 4916 prodest.
1692 4848 1796 4905 Sed
1828 4852 1910 4907 his
1935 4868 2059 4910 ver—

472 4936 621 4993 sibus
666 4936 1002 4993 confirmavit
1046 4936 1249 5005 potius,
1292 4951 1452 5007 quam
1501 4936 1696 4995 refellit
1740 4944 2060 5000 sententiam

468 5045 626 5101 quam
648 5028 781 5085 dixit
796 5028 918 5093 Job,
943 5028 1008 5083 Si
1024 5045 1116 5100 ego
1137 5029 1356 5098 peccavi,
1382 5030 1505 5100 quid
1524 5047 1729 5100 possum
1753 5032 1841 5087 tibi
1859 5038 2062 5105 facere!

468 5120 871 5191 Consequenter
902 5133 1032 5189 ergo
1052 5127 1261 5189 oportet
1294 5128 1353 5175 ttt
1394 5120 1641 5176 ostendat
1668 5138 1831 5192 quare
1861 5125 1914 5179 in
1961 5124 2059 5181 hac

467 5211 572 5267 vita
594 5211 838 5267 homines
864 5209 1169 5280 afﬂiguntur
1219 5209 1425 5280 injuriis
1450 5211 1732 5279 malorum,
1761 5214 1899 5270 inter
1923 5231 2058 5287 quos

463 5308 625 5360 etiam
663 5303 908 5360 diabolus
930 5318 1053 5359 cum
1089 5304 1294 5377 angelis
1320 5306 1430 5361 suis
1456 5316 1784 5376 numeratur,
1809 5309 2057 5380 princeps

464 5396 778 5467 injuriarum
818 5405 871 5452 et
910 5396 1248 5467 iniquitatum
1276 5398 1538 5455 omnium.
1581 5398 1715 5455 Cum
1754 5401 1897 5456 enim
1947 5401 2057 5456 Deo

463 5504 575 5546 non
606 5489 809 5560 possint
834 5503 1031 5559 nocere
1058 5498 1371 5560 peccantes,
1398 5505 1495 5548 cur
1522 5506 1617 5548 eos
1642 5492 1800 5549 tradit
1827 5493 1881 5549 in
1902 5502 2055 5565 pote-

464 5590 601 5637 state
633 5579 945 5651 aiﬂigendos
974 5580 1167 5637 malis?
1192 5589 1247 5637 et
1280 5582 1499 5653 exponit
1526 5582 1800 5655 deinceps,
1832 5582 2052 5654 dicens,

463 5674 510 5725 Λ
536 5672 856 5727 multitudine
875 5672 1184 5740 clamabunt,
1206 5675 1613 5745 vociferabantur
1630 5694 1661 5731 a
1688 5677 1895 5733 brachio
1920 5681 2054 5735 ntul-

465 5770 651 5829 torum.
681 5762 751 5817 Et
779 5778 877 5819 non
904 5763 1054 5832 dixit,
1087 5763 1183 5827 Ubi
1212 5776 1282 5819 est
1302 5765 1440 5832 Deus
1458 5770 1541 5825 aui
1572 5770 1687 5840 fecit
1716 5774 1827 5828 me?
1846 5772 1927 5829 Ad
1951 5773 2054 5838 hoc

1482 299 2019 363 ANNOTATIONUM
2055 299 2122 363 lN
2158 302 2297 371 JOB,
2338 302 2393 362 S.
2435 302 2800 362 AUGUSTINI
3204 338 3215 351 ς
3667 314 3749 379 ω

2187 416 2328 471 enim
2358 416 2628 486 patiuntur
2650 416 2786 486 haec,
2818 426 2877 475 ut
2900 416 3066 476 Deum
3091 428 3371 492 quaerant,
3398 436 3506 481 non
3536 435 3590 482 ut
3611 426 3748 486 inani-

2187 518 2267 565 ter
2304 510 2676 565 vocit‘erentur.
2709 510 2861 577 Quod
2886 518 3063 569 autem
3101 512 3215 581 ait,
3243 515 3367 586 fecit
3390 531 3488 581 me,
3510 520 3744 589 producu-

2183 612 2366 659 mento
2408 612 2523 667 est,
2567 604 2686 674 quia
2714 614 3039 674 quaerentem
3072 620 3139 663 se
3175 622 3289 662 non
3317 607 3595 679 relinquet,
3618 628 3741 684 quem

2183 694 2299 764 ipse
2331 694 2470 750 fecit.
2501 695 2602 761 Qui
2636 695 2887 750 distribuit
2910 698 3173 752 custodias
3200 709 3482 755 nocturnas
3504 717 3524 756 :
3550 712 3742 775 tempora

2183 786 2342 859 hujus
2379 788 2560 843 saeculi
2608 789 2709 844 sub
2759 790 2920 845 certis
2966 791 3336 860 potestatibus
3364 793 3616 860 ordinata,
3653 799 3749 869 quia

2182 897 2281 938 nec
2326 883 2377 938 in
2411 883 2509 937 ista
2536 881 2734 938 erroris
2760 894 2918 939 nocte
2946 884 3225 956 relinquet
3259 884 3533 942 hominem
3558 889 3659 945 sine
3678 906 3743 948 col

2181 974 2375 1041 stodia,
2400 975 2489 1045 qui
2513 989 2635 1031 eum
2657 974 2800 1032 fecit.
2836 975 2939 1043 Qui
2961 985 3174 1046 separat
3215 994 3299 1033 me
3327 995 3361 1032 a
3388 980 3744 1051 quadrupedibus

2182 1075 2329 1122 terra:
2350 1107 2365 1133 ,
2414 1076 2462 1121 et
2494 1083 2528 1121 a
2565 1067 2852 1122 volatilibus
2879 1068 2991 1123 caeli
3031 1070 3404 1139 sapientiorem
3433 1087 3509 1126 me
3534 1072 3653 1143 fecit.
3678 1074 3742 1131 Sic

2181 1159 2324 1214 enim
2373 1159 2692 1229 quaerendus
2732 1167 2818 1215 est
2859 1159 3119 1216 Dominus
3161 1163 3219 1216 in
3251 1160 3620 1220 afﬂictionibus
3652 1166 3741 1221 vite

2182 1249 2363 1321 hujus.
2394 1260 2451 1306 ut
2476 1266 2581 1306 non
2612 1251 2680 1306 ab
2711 1267 2779 1307 eo
2806 1261 3013 1308 terrena
3048 1252 3196 1309 bona
3238 1253 3627 1323 desideremus;
3650 1258 3740 1327 quis

2176 1341 2288 1411 jam
2310 1341 2496 1398 bestiis
2524 1341 2774 1399 meliores
2793 1358 2997 1405 sumus.
3016 1354 3316 1416 antequam
3341 1345 3430 1401 illa
3448 1347 3738 1416 accipiamus.

2182 1432 2264 1488 Ibi
2287 1434 2573 1488 clamabunt
2594 1448 2613 1498 ;
2629 1444 2674 1488 et
2700 1450 2799 1490 non
2828 1436 3025 1491 audies.
3052 1434 3163 1503 Ibi,
3181 1437 3345 1502 dixit,
3365 1436 3418 1492 in
3432 1438 3736 1508 multitudine,

2182 1526 2235 1581 in
2264 1525 2555 1581 afﬂictione
2583 1526 2951 1592 clamantium,
2989 1537 3044 1582 et
3093 1542 3127 1581 a
3185 1527 3416 1584 brachio
3455 1531 3736 1587 multorum:

2180 1625 2273 1671 aut
2297 1627 2463 1684 certe,
2506 1616 2621 1685 lbi,
2652 1626 2869 1689 propter
2896 1616 3027 1683 hoc;
3078 1618 3227 1675 sicut
3247 1628 3357 1686 est,
3387 1618 3471 1674 Ibi
3505 1622 3738 1678 cecith

2180 1709 2265 1777 qui
2285 1718 2558 1779 operantur
2581 1710 2891 1780 iniquitatem
2919 1709 3091 1782 (Psal.
3126 1726 3307 1778 xxxv,
3340 1712 3452 1782 15).
3479 1709 3543 1766 Ει
3561 1730 3649 1767 non
3667 1731 3737 1768 au-

2182 1801 2289 1855 dies
2311 1800 2453 1872 quod
2482 1800 2635 1866 dixit,
2658 1802 2725 1858 de
2744 1817 2811 1858 eo
2831 1802 2983 1858 dixit.
3004 1803 3080 1857 Ab
3110 1804 3324 1875 injuriis
3344 1806 3585 1860 malorum
3612 1806 3736 1863 :sub-

2181 1891 2527 1959 audiendum,
2558 1893 2886 1950 clamabunt.
2928 1894 3073 1951 Vana
3106 1896 3249 1951 enim
3277 1914 3380 1953 non
3405 1899 3509 1953 vult
3531 1897 3734 1954 Donum

2180 1982 2365 2038 videre.
2410 1982 2529 2039 Non
2575 1986 2688 2040 vult
2710 1986 3003 2043 subvenire
3050 2003 3191 2044 vana
3240 1990 3733 2059 petentibus,etnou

2181 2075 2304 2131 ideo
2332 2076 2747 2135 vociferantibus
2790 2079 2843 2135 in
2881 2078 3179 2138 afﬂictione
3210 2091 3266 2137 ut
3294 2083 3433 2139 bona
3462 2086 3732 2155 sempiterna

2182 2168 2494 2241 percipiant,
2518 2186 2640 2226 cum
2671 2182 2951 2244 propterea
2977 2176 3215 2245 separati
3241 2176 3352 2231 sint
3376 2192 3407 2232 a
3432 2177 3733 2248 quadrupedi-

2180 2258 2282 2315 bus
2310 2272 2465 2317 term:
2485 2302 2501 2330 ,
2528 2273 2583 2318 et
2620 2263 2973 2333 sapientiores
2999 2265 3124 2321 facti
3154 2267 3464 2324 volatilibus
3486 2269 3598 2325 cteli
3625 2287 3637 2323 :
3660 2268 3730 2323 sed

2180 2354 2565 2422 vociferantur,
2595 2356 2718 2426 quia
2746 2371 2850 2412 non
2876 2369 3001 2414 sunt
3027 2359 3080 2414 in
3112 2359 3277 2430 hujus
3301 2362 3480 2417 saeculi
3508 2362 3731 2433 iniquitatt

2180 2446 2387 2503 felices.
2415 2445 2540 2519 Ipse
2563 2450 2697 2504 enim
2725 2449 3056 2520 Omnipotens
3086 2454 3332 2524 perspicit
3369 2470 3453 2509 eos
3476 2456 3557 2525 qui
3577 2456 3729 2527 faciunt

2173 2540 2444 2610 justitiam,
2473 2551 2521 2595 et
2556 2542 2751 2596 salvum
2777 2559 2856 2597 me
2889 2545 3060 2613 faciet.
3090 2543 3246 2600 Sicut
3271 2544 3389 2616 ipse
3412 2545 3547 2602 videt
3567 2545 3726 2600 facien-

2182 2642 2283 2699 tes,
2323 2632 2415 2702 qui
2447 2633 2627 2688 cordis
2667 2634 2851 2690 intima
2890 2636 3183 2706 perspicit,
3210 2638 3292 2694 sic
3318 2653 3381 2693 ea
3411 2640 3571 2694 salute
3586 2637 3724 2693 salvos

2181 2722 2325 2789 facit,
2356 2738 2516 2794 quam
2545 2724 2658 2795 ipse
2681 2725 2823 2781 videt
2850 2726 2905 2783 iu
2933 2728 3171 2785 occulto.
3199 2729 3338 2799 Quia
3364 2746 3461 2787 nec
3487 2730 3650 2786 oculos
3671 2728 3725 2783 ri-

2179 2815 2278 2881 dit,
2327 2831 2426 2872 nec
2465 2818 2609 2872 auris
2636 2818 2860 2886 audivit,
2894 2834 2994 2875 nec
3035 2820 3093 2877 iu
3116 2837 3216 2877 cor
3243 2822 3476 2878 hominis
3500 2820 3721 2885 ascendit,

2178 2924 2298 2980 quae
2327 2911 2650 2980 prteparavit
2691 2911 2831 2967 Deus
2866 2912 3216 2985 diligentibus
3244 2930 3306 2971 se
3345 2914 3366 2989 (
3393 2913 3412 2969 l
3439 2914 3547 2969 Cor.
3576 2928 3624 2976 tt,
3646 2911 3672 2968 9
3691 2912 3721 2981 ).

2179 3001 2304 3057 Ideo
2336 3003 2544 3059 etiamsi
2576 3005 2916 3074 perturbetur
2942 3022 3075 3061 vana
3103 3008 3254 3065 salus
3278 3008 3531 3075 hominis,
3563 3006 3639 3060 dat
3659 3014 3718 3057 ts-

2179 3109 2303 3150 men
2331 3096 2585 3150 auxilium
2607 3096 2674 3151 de
2701 3096 3041 3152 tribulatione
3062 3097 3250 3165 Pater,
3279 3098 3368 3169 qui
3398 3097 3526 3152 videt
3555 3096 3600 3150 iu
3624 3094 3720 3149 abs-

2179 3185 2397 3240 condito
2428 3184 2642 3257 (Matth.
2677 3203 2755 3249 vt.
2785 3187 2864 3259 4).
2891 3186 3142 3244 Judicare
3174 3192 3347 3260 itaque
3382 3205 3509 3255 eum,
3544 3190 3582 3241 si
3612 3194 3717 3255 potes

2176 3277 2469 3331 collaudare
2493 3293 2606 3331 eum
2627 3318 2640 3343 ,
2672 3279 2822 3333 sicuti
2857 3289 2951 3333 est.
2981 3279 3093 3334 Hoc
3118 3280 3267 3337 enim
3297 3280 3441 3336 visus
3458 3287 3536 3335 est
3553 3275 3639 3332 Job
3659 3272 3718 3328 di-

2176 3385 2320 3437 cere,
2352 3385 2473 3426 cum
2502 3372 2595 3437 ait,
2628 3371 2836 3427 Utinam
2859 3382 2985 3427 esset
3016 3374 3163 3428 nobis
3196 3374 3384 3427 arbiter
3398 3371 3512 3445 (Job
3533 3384 3597 3432 ιι.
3617 3365 3712 3434 33)!

2176 3461 2246 3517 Et
2276 3479 2411 3517 nunc
2442 3464 2562 3534 quia
2600 3480 2701 3519 non
2721 3473 2792 3518 est
2826 3465 3032 3519 visitaus
3064 3465 3200 3520 iram
3232 3482 3399 3529 suam,
3424 3479 3509 3518 nec
3532 3458 3714 3529 cognorit

2176 3553 2361 3608 delicta
2384 3553 2714 3608 vehementer.
2745 3554 3005 3625 Cognovit
3029 3556 3098 3611 ad
3128 3554 3435 3611 vindictam.
3468 3551 3599 3610 Unde
3618 3557 3705 3610 est.

2179 3648 2431 3714 Quoniam
2455 3648 2765 3717 iniquitatem
2790 3664 2953 3702 nteam
2980 3664 3071 3720 ego
3090 3665 3340 3721 cognosco
3368 3663 3387 3702 .'
3410 3656 3464 3702 et
3495 3645 3541 3699 in
3561 3641 3708 3698 eodem

2176 3740 2314 3806 loco,
2338 3741 2517 3796 Averte
2552 3743 2735 3812 faciem
2775 3751 2915 3796 tuam
2941 3759 2975 3796 a
3019 3745 3242 3813 peccatis
3276 3743 3396 3797 meis
3436 3738 3586 3813 (Psal.
3608 3752 3647 3801 ι,
3667 3734 3705 3793 5.

2176 3833 2287 3903 11).
2317 3833 2576 3903 Cognovit
2605 3848 2733 3903 ergo
2752 3834 2978 3899 delicta;
3003 3849 3126 3889 nam
3156 3836 3278 3891 ideo
3306 3834 3558 3903 patiuntur
3570 3823 3706 3883 hami-

2175 3941 2270 3982 nes
2295 3925 2665 3982 tribulationcs
2692 3926 2745 3980 in
2768 3925 2868 3981 hoc
2886 3926 3082 3981 sacculo
3109 3943 3126 3983 :
3157 3926 3252 3982 sed
3275 3941 3379 3981 non
3398 3922 3702 3979 vehementer.

2172 4020 2297 4091 quia
2327 4018 2564 4089 partibus
2592 4020 2863 4090 corrigens
2886 4019 2977 4075 dat
3004 4019 3181 4076 locum
3209 4018 3539 4091 paenitentiae.
3562 4009 3704 4066 Etlob

2172 4129 2298 4167 vane
2338 4113 2535 4183 aperuit
2564 4128 2620 4167 os
2656 4128 2835 4177 suum;
2858 4114 2910 4167 in
2936 4113 3225 4184 ignoramia
3265 4130 3359 4169 sua
3401 4108 3534 4165 verba
3565 4100 3702 4158 mlti-

2172 4205 2347 4273 plicat.

2246 4295 2345 4369 [lb.
2378 4296 2597 4370 xxxvt.]
2628 4297 2833 4353 Sustine
2857 4314 2936 4353 me
2961 4300 3225 4369 pusillum,
3252 4308 3307 4353 ut
3326 4308 3373 4352 te
3391 4296 3576 4351 doceam
3592 4304 3610 4344 :
3627 4286 3699 4339 ad-

2170 4390 2270 4444 huc
2317 4391 2449 4445 enim
2488 4391 2540 4444 in
2564 4407 2642 4443 me
2668 4400 2783 4445 sunt
2825 4408 3078 4447 sermones
3121 4408 3141 4448 :
3184 4392 3452 4462 suscipiens
3488 4378 3698 4440 scientiam

2171 4499 2333 4537 meam
2358 4483 2421 4537 de
2446 4484 2612 4555 longe.
2641 4484 2899 4551 Quoniam
2927 4485 3181 4555 quamdiu
3207 4498 3388 4541 sumus
3412 4482 3461 4535 in
3485 4479 3573 4531 hoc
3599 4484 3695 4524 ’τοτ-

2170 4588 2322 4643 pore,
2354 4574 2755 4645 peregrinamur
2773 4590 2803 4627 a
2830 4574 3055 4630 Domino
3083 4576 3150 4648 (ll
3176 4575 3293 4631 Cor.
3320 4590 3370 4638 v,
3400 4571 3473 4643 6).
3497 4559 3694 4648 θρινὶικξ

2168 4672 2339 4720 autem
2362 4665 2485 4720 meis
2502 4682 2616 4735 qua!
2629 4666 2773 4736 justa
2790 4676 2929 4733 sunt,
2952 4646 3148 4735 loquar.
3175 4668 3255 4723 Ne
3279 4666 3477 4721 dicatur
3499 4657 3557 4721 ei.
3584 4646 3692 4723 (1⁸³οά

2170 4758 2435 4827 peccaturi
2464 4757 2592 4813 dicit
2618 4758 2778 4826 Deus,
2812 4758 2951 4823 Quid
2967 4770 3020 4813 tu
3050 4776 3260 4815 enarras
3282 4756 3490 4827 iustitias

2168 4851 2384 4904 assumis
2413 4860 2759 4905 testamentum
2779 4868 2942 4905 meum
2965 4868 3053 4922 per
3072 4869 3129 4907 os
3153 4851 3331 4907 tuum?
3358 4847 3428 4902 Tu
3452 4856 3551 4898 vero
3573 4833 3689 4890 Μίαέ

2167 4943 2497 4997 eruditionem
2538 4940 2719 5015 (Psal.
2741 4958 2891 5008 χιιι,
2921 4942 3008 5008 16,
3041 4945 3106 5000 17
3127 4944 3186 5016 )?
3224 4945 3357 5013 Ergo
3384 4939 3464 4992 hic
3488 4924 3687 5001 operibus

2167 5032 2486 5103 loquendum
2512 5041 2595 5087 est
2621 5049 2635 5086 :
2665 5048 2786 5088 nam
2824 5033 3043 5089 scientia
3069 5035 3137 5090 de
3162 5034 3317 5103 longe
3355 5021 3606 5092 suscipitur
3635 5022 3683 5065 es
3796 5068 3797 5071 η

2166 5133 2315 5196 parte
2339 5133 2394 5179 et
2424 5125 2474 5179 in
2502 5124 2803 5196 tunigmate.
2833 5124 2965 5180 Cum
2990 5135 3168 5183 autem
3196 5120 3396 5180 venerit
3431 5109 3555 5187 quod
3588 5115 3681 5176 Pe"

2166 5215 2360 5270 fectum
2390 5224 2491 5278 est,
2519 5215 2662 5286 quod
2703 5231 2769 5271 ex
2800 5226 2951 5286 parte
2978 5228 3061 5273 est
3086 5217 3352 5272 auferetur
3378 5206 3558 5284 (lCor.
3589 5206 3678 5253 snt.

2167 5306 2268 5380 12)
2297 5326 2310 5373 ἲ
2351 5316 2406 5363 θί
2441 5322 2545 5362 "0"
2570 5307 2681 5378 iilm
2707 5309 2772 5363 de
2801 5309 2955 5380 10038
2998 5310 3132 5373 erit,
3161 5307 3401 5381 quoniam
3442 5290 3679 5391 νὶᾱεὺξηξυθ

2162 5413 2288 5454 eum
2312 5398 2467 5454 sicuti
2492 5408 2575 5454 est
2598 5397 2641 5470 (ι
2664 5399 2822 5454 Joan.
2855 5416 2933 5467 ut,
2959 5399 3038 5473 2).
3072 5400 3138 5457 In
3154 5400 3365 5460 veritate,
3395 5401 3439 5446 et
3462 5400 3551 5442 non
3569 5390 3675 5473 εξνξίο

2161 5502 2241 5549 sta
2260 5492 2407 5547 verba
2430 5464 2616 5563 injuste
2637 5494 2901 5565 intelliges.
3035 5496 3148 5567 ipsa
3168 5508 3281 5565 qua:
3298 5482 3563 5562 patiebatur
3580 5464 3670 5567 iob:

2162 5586 2324 5643 verba
2353 5586 2445 5643 Dei
2476 5553 2609 5643 dicit
2634 5601 2755 5644 esse
2784 5553 2837 5643 in
2857 5553 3079 5646 veritate
3099 5632 3114 5655 ,
3154 5553 3206 5644 et
3235 5599 3336 5643 non
3364 5578 3568 5649 iniusta:
3602 5553 3671 5615 sed

2161 5676 2230 5733 ab
2257 5678 2360 5733 isto
2391 5676 2585 5747 injuste
2625 5676 2848 5751 intelligi
2876 5680 3181 5747 existimat,
3224 5687 3373 5748 quem
3413 5666 3541 5739 putat

2160 5769 2315 5841 queri
2344 5783 2402 5824 se
2430 5768 2698 5825 inanerito
2724 5747 2864 5841 pati,
2906 5786 3029 5829 cum
3072 5747 3329 5834 etiamide
3348 5762 3577 5836 iustorum
3597 5747 3671 5800 ω’
