3874 6308
111 432 270 487 sciat
301 429 484 486 omnis
516 429 679 486 homo
708 429 1069 491 inﬁrmitatem
1100 442 1272 495 suam,
1304 435 1358 484 et
1387 426 1599 492 clamet,
1636 426 1728 488 ln-

113 526 254 598 felia:
281 542 382 598 ego
409 525 577 594 homo,
610 525 720 596 quis
746 541 822 580 me
843 523 1067 579 liberabit
1101 524 1163 578 de
1188 540 1396 604 corpore
1425 523 1603 580 mortis
1634 523 1730 576 Itu-

112 610 203 688 ius
235 618 422 688 (Rom.
456 635 550 684 vn,
586 617 719 688 2i)?
753 617 1063 687 Intraieruat
1098 628 1270 688 autem
1297 617 1467 688 bestia:
1500 617 1590 672 sub
1616 634 1733 689 pro-

116 709 372 776 tectione,
406 709 452 763 et
479 710 766 780 quieverunt
789 711 838 762 in
861 709 1028 764 cubili.
1058 707 1584 782 Introicruntautem
1607 724 1732 790 pec-

113 811 350 856 catores
405 801 506 855 sub
560 801 884 872 indulgentia
933 802 1145 873 grati-.c,
1196 810 1258 862 ,ct
1311 801 1625 872 quieverunt
1675 799 1732 874 in

116 893 488 954 conscientia,
518 893 756 948 remissis
779 894 1037 968 peccatis.
1065 893 1142 952 De
1167 879 1530 966 promptuariis
1557 911 1733 966 super-

117 985 262 1037 venit
295 993 568 1052 tempestas
595 1003 613 1038 :
644 985 862 1039 tcntatio
889 985 953 1039 de
984 969 1193 1044 occulto
1227 1002 1404 1058 rerum
1430 985 1635 1044 ordine.
1667 983 1733 1054 Et

119 1075 189 1132 de
232 1075 610 1148 promptuariis
639 1077 942 1158 [rigando
985 1077 1204 1132 secretis
1243 1077 1499 1147 judicium
1543 1082 1594 1130 in
1640 1092 1733 1150 eos

118 1166 225 1238 qui
244 1183 360 1219 non
379 1176 754 1237 perscvt-rant;
785 1177 836 1221 ut
865 1166 1172 1238 refrigescat
1200 1185 1382 1222 cormn
1412 1169 1641 1222 Charitas
1667 1185 1730 1226 ex

117 1233 465 1311 abundantia
509 1257 798 1327 iniquitatis
829 1233 1040 1330 (uani.
1080 1275 1228 1323 xxlv,
1268 1259 1356 1323 ιε,
1395 1259 1510 1329 ιδ).
1545 1259 1733 1314 Merito

118 1349 272 1404 enim
306 1349 571 1420 comingit
600 1350 698 1417 cis,
739 1350 864 1404 dum
898 1367 1045 1420 spem
1077 1367 1224 1405 suam
1258 1367 1362 1404 non
1391 1351 1444 1404 in
1478 1351 1606 1418 Deo,
1638 1351 1734 1405 sed

113 1440 178 1495 in
202 1441 523 1496 hominibus
551 1450 769 1511 ponunt.
797 1441 861 1495 Et
884 1443 944 1496 ab
965 1443 1146 1513 spiritu
1179 1442 1274 1496 Dei
1299 1443 1502 1498 dabitur
1525 1443 1729 1514 glacies.

117 1533 244 1590 Non
285 1535 468 1588 solum
511 1551 574 1588 ex
617 1535 937 1588 abundantia
976 1535 1275 1604 iniquorum
1310 1534 1612 1604 frigescent,
1643 1532 1733 1603 qui

119 1639 281 1696 Spem
317 1635 531 1695 ponunt
573 1627 625 1680 in
668 1626 1009 1691 hominibus;
1052 1628 1145 1683 sed
1181 1629 1338 1682 etiam
1382 1643 1444 1682 ex
1484 1627 1735 1706 operibus

115 1718 289 1774 bonis
328 1735 548 1786 corum,
591 1719 645 1773 in
675 1721 866 1790 quibus
907 1728 990 1774 est
1033 1721 1257 1790 Spiritus
1290 1721 1406 1786 Dei,
1444 1720 1737 1780 durescunt

119 1809 349 1880 quidam
398 1810 546 1880 quasi
588 1812 755 1882 glacie
800 1811 1000 1876 livoris,
1031 1811 1224 1881 quibus
1265 1819 1346 1866 est
1383 1812 1576 1868 Paulus
1602 1814 1735 1868 odor

119 1904 318 1959 mortis
344 1904 402 1958 in
434 1913 660 1959 mortem
695 1904 759 1976 (11
787 1903 902 1959 Cor.
931 1921 987 1968 ιι,
1021 1902 1132 1976 16).
1165 1904 1228 1959 Et
1251 1904 1317 1958 ad
1342 1905 1454 1960 tunc
1476 1906 1595 1976 quis
1622 1905 1734 1960 ido-

120 2013 281 2062 nens,
318 2008 386 2053 ut
416 1998 671 2068 intelligat
708 1999 955 2068 quoniam
995 2008 1140 2054 recte
1179 1999 1405 2069 acjuste
1434 2001 1501 2056 ab
1543 2000 1733 2071 spiritu

122 2088 220 2142 Dei
261 2088 488 2144 dabitur
522 2090 752 2160 glacies?
787 2091 934 2145 Sicut
968 2091 1109 2146 enim
1149 2091 1450 2164 carnalibus
1479 2091 1735 2154 homines

121 2179 485 2234 laudantibus
518 2167 778 2252 contingit
820 2198 883 2236 cx
930 2181 1208 2239 hominum
1255 2161 1531 2256 iniquitate
1574 2183 1732 2253 frige-

122 2286 279 2328 scere
311 2272 688 2342 desperando;
735 2274 804 2328 ita
847 2274 1150 2329 carnalibus
1192 2276 1259 2328 ab
1285 2275 1586 2330 hominibus
1618 2275 1735 2330 lau-

125 2364 244 2420 dari
274 2365 626 2435 cupientibus
664 2367 922 2436 contingit
948 2383 1013 2421 ex
1042 2367 1316 2424 hominum
1347 2368 1553 2438 justilia
1580 2368 1736 2423 dure-

123 2470 280 2511 scere
298 2456 615 2510 invidendo.
639 2455 892 2510 Gubcrnat
916 2469 1081 2511 autem
1097 2475 1280 2527 aquam
1301 2459 1512 2526 qualiter
1529 2457 1606 2510 illi
1625 2459 1737 2530 pla-

123 2550 290 2603 cuerit
321 2565 341 2604 :
371 2558 428 2602 ut,
456 2549 598 2618 plnat
628 2565 788 2618 super
819 2566 974 2603 unam
1004 2550 1293 2612 civitatem,
1317 2557 1370 2604 et
1399 2565 1559 2620 super
1579 2550 1737 2604 aliam

128 2656 239 2695 non
273 2641 433 2710 pluat
464 2639 639 2712 (Amos
670 2657 741 2702 IV,
769 2641 860 2711 '7);
895 2641 1035 2712 quod
1070 2640 1134 2694 ad
1162 2643 1383 2697 imbrem
1413 2641 1599 2697 attinet
1626 2643 1738 2713 spio

126 2735 412 2802 ritualem,
443 2750 538 2804 pro
565 2735 892 2792 subditarum
920 2745 1008 2788 aut
1040 2751 1143 2788 non
1177 2735 1505 2789 subditarum
1534 2737 1739 2792 meritis

130 2827 465 2882 animarum.
500 2825 567 2879 Et
597 2827 902 2896 frumentum
938 2827 1161 2898 irrigavit
1193 2829 1364 2882 nubes.
1408 2828 1585 2883 Simus
1611 2845 1739 2900 ergo

130 2920 529 2986 frumentum‘,
560 2919 604 2973 si
641 2920 883 2990 cupimus
921 2919 1145 2989 irrigari.
1174 2919 1528 2974 Disseminavit
1558 2921 1739 2975 nubent

133 3014 305 3067 lucem
347 3031 494 3068 suam
525 3029 543 3066 :
571 3013 912 3083 Evangelium
945 3013 1324 3067 incarnationis
1361 3030 1488 3070 sum.
1535 3013 1598 3066 Et
1628 3014 1741 3083 ipsa

134 3122 228 3176 per
251 3106 526 3159 circuitum
554 3107 760 3158 vertitur
824 3121 918 3174 per
939 3103 1119 3158 orbem
1152 3115 1304 3158 terra:
1328 3104 1436 3174 ipsa
1464 3114 1737 3158 tractatur.

131 3193 204 3250 1η
229 3195 591 3268 gubernaculis
632 3195 698 3248 ad
728 3195 1038 3265 operandam
1073 3197 1243 3248 omnia
1277 3211 1387 3263 qua:
1432 3196 1742 3250 mandaverit

133 3288 227 3343 eis.
260 3287 637 3343 Gubernacula
670 3288 721 3340 in
765 3287 955 3355 quibus
999 3287 1089 3340 illa
1128 3287 1296 3340 nubes
1340 3301 1433 3356 per
1460 3288 1742 3340 circuitum

131 3379 396 3443 vertitur,
431 3378 808 3447 pnedicatorcs
844 3386 966 3430 sunt
993 3377 1162 3440 verbi,
1202 3392 1296 3445 per
1326 3392 1460 3445 quos
1491 3377 1744 3430 Ecclesia:

135 3471 520 3542 gubernantur
559 3468 624 3521 ad
665 3466 932 3537 cperanda
970 3469 1147 3522 omnia
1184 3466 1428 3534 mandata
1463 3467 1575 3521 Dei.
1621 3466 1746 3522 ch

135 3559 428 3615 constituta
457 3568 572 3613 sunt
610 3559 672 3611 ab
708 3575 764 3612 eo
803 3575 956 3627 super
986 3567 1211 3612 terram:
1242 3574 1269 3610 a
1313 3558 1534 3612 Domino
1561 3569 1747 3615 nostro

148 3655 283 3710 Jesu
316 3651 551 3706 Christo.
588 3652 706 3708 Sive
743 3653 792 3705 in
835 3652 984 3716 tribu,
1012 3652 1112 3705 sive
1141 3651 1192 3704 in
1221 3659 1352 3705 terra
1380 3669 1489 3705 sua.
1531 3653 1654 3708 Sive
1694 3656 1746 3708 in

140 3744 289 3799 tribu
322 3741 480 3808 Juda,
510 3742 649 3797 unde
672 3741 961 3797 secundum
990 3757 1205 3796 carnem
1239 3750 1390 3797 natus
1417 3751 1517 3809 est,
1540 3753 1594 3799 et
1620 3759 1746 3816 pas-

146 3851 264 3903 sus,
288 3843 344 3889 et
367 3836 678 3898 resurrexit,
707 3841 763 3888 ct
787 3832 1028 3888 ascendit
1055 3833 1105 3886 in
1134 3834 1326 3889 centum
1350 3853 1362 3888 :
1390 3850 1453 3888 ex
1484 3835 1581 3890 hac
1605 3836 1747 3891 enim

149 3927 320 3996 geniti
351 3934 503 3979 erant
525 3925 784 3994 Apostoli,
818 3933 868 3978 et
895 3924 1043 3978 multi
1071 3922 1262 3979 fratres
1284 3941 1448 3995 prope
1473 3926 1670 3981 inventi
1699 3937 1752 3982 et

150 4017 286 4073 salvi
319 4016 444 4072 lacti
469 4033 482 4082 ;
509 4017 622 4071 sive
647 4027 768 4070 ante
787 4017 1087 4085 passionem
1116 4016 1230 4085 ejus
1251 4033 1343 4085 per
1362 4017 1532 4086 ipsmn
1557 4018 1746 4086 vocati,

155 4111 272 4165 sive
310 4121 434 4181 post
461 4109 828 4164 ascensionem
859 4123 954 4179 per
995 4108 1282 4179 Apostolos
1308 4109 1359 4163 in
1387 4109 1497 4179 ipsa
1532 4109 1750 4166 Jerusa-

151 4201 281 4266 lem,
317 4210 478 4270 atque
507 4200 558 4254 in
588 4200 841 4255 Ecclesiis
867 4199 1085 4265 Judreze,
1119 4214 1236 4269 quzc
1258 4209 1412 4253 erant
1439 4200 1490 4254 in
1515 4200 1749 4269 Christo,

154 4294 294 4349 sicut
324 4304 711 4350 commemorat
733 4296 1006 4364 apostolus
1023 4294 1240 4360 Paulus,
1265 4304 1469 4366 propter
1495 4296 1752 4350 veritatem

157 4383 276 4452 Dei,
315 4387 383 4439 atl
407 4385 784 4456 con/irmandas
812 4394 1015 4456 patrum
1038 4387 1411 4457 promissiones.
1443 4387 1560 4442 Sive
1583 4389 1634 4442 in
1661 4391 1754 4442 ιιιὶ-

158 4479 436 4531 sericordia
472 4478 678 4532 inveniri
720 4477 928 4531 voluerit
959 4495 1069 4532 eam
1099 4494 1114 4530 :
1143 4478 1283 4532 illam
1330 4479 1522 4534 nubem
1553 4479 1758 4536 scilicet

161 4569 212 4622 iu
238 4570 605 4625 misericordia
627 4569 855 4624 voluerit
886 4569 1116 4624 inveniri
1146 4585 1176 4622 ει
1205 4569 1545 4626 credentibus
1567 4572 1755 4627 Genti-

161 4660 281 4714 bus.
312 4662 425 4716 lloc
453 4662 592 4716 enim
615 4663 874 4730 sequitur,
907 4661 1090 4716 Gentes
1110 4671 1278 4715 autent
1307 4678 1458 4733 super
1477 4663 1756 4718 misericor-

167 4753 297 4806 diam
341 4755 628 4826 gloriﬁcare
656 4752 819 4806 Deum
851 4754 1032 4824 (Rom.
1073 4769 1166 4822 xv,
1206 4754 1259 4821 8,
1283 4754 1362 4825 9).
1404 4754 1618 4809 Auribus
1647 4773 1760 4826 per-

168 4844 275 4914 cipe
303 4849 432 4911 Iratc,
460 4844 578 4899 Job.
603 4846 763 4913 Quasi
791 4853 1012 4900 renovat
1037 4843 1402 4912 intentionem,
1434 4845 1669 4902 dicturus
1693 4847 1760 4902 de

166 4929 450 4991 vocatione
465 4936 733 4992 Gentium.
760 4935 876 5001 Sta,
898 4946 942 4989 et
958 4951 1262 4991 commovere
1286 4936 1510 4991 virtutem
1536 4936 1756 4992 Domini.

157 5025 286 5084 "Noli
335 5032 536 5086 moveri
578 5039 775 5094 mente,
821 5028 1017 5100 aliquid
1065 5027 1160 5082 tibi
1211 5029 1511 5084 tribuendo.
1559 5029 1762 5086 Scimus

175 5121 288 5188 quia
309 5120 448 5176 Deus
497 5123 659 5192 posuit
684 5138 836 5192 opera
861 5138 952 5182 sua
977 5137 994 5175 :
1016 5119 1306 5189 reprobans
1330 5123 1507 5193 utique
1531 5122 1764 5192 glorian-

177 5216 257 5267 tes
284 5213 351 5268 de
379 5213 630 5284 cperibus
659 5214 787 5267 suis.
824 5211 951 5266 Cum
994 5217 1180 5285 faceret
1217 5211 1377 5267 lucem
1401 5213 1464 5267 de
1501 5213 1715 5276 tenebris
1744 5231 1763 5269 :

179 5306 627 5375 cnmjustiticaret
657 5305 868 5375 impios.
905 5305 1102 5372 Fuistis
1125 5306 1265 5361 enim
1292 5305 1579 5375 aliquando
1610 5316 1762 5372 tene-

179 5392 321 5463 brat;
354 5415 491 5453 nunc
533 5407 706 5453 autem
737 5399 823 5453 lux
862 5399 912 5453 in
944 5398 1168 5452 Domino
1206 5398 1418 5472 (Ep/tes.
1449 5414 1500 5465 v,
1533 5399 1610 5470 8).
1652 5399 1764 5454 Scit

183 5486 514 5555 differentiam
531 5490 736 5544 nubiunt
761 5507 778 5544 :
800 5489 1258 5562 Evangelistarum
1279 5490 1504 5544 aliorum
1524 5491 1623 5545 sibi
1641 5498 1764 5546 ante

186 5584 502 5649 passionem,
553 5584 777 5638 aliorum
807 5595 926 5654 post
956 5585 1257 5655 passionem
1301 5583 1655 5641 credentium.
1699 5585 1764 5640 Et

165 5677 176 5734 i
249 5695 262 5724 ι
290 5701 346 5762 ιιιΔ
361 5697 502 5747 editis
522 5696 728 5748 deerant
762 5696 926 5747 isthmc
959 5696 1130 5762 verba.
1162 5692 1384 5762 irrigarit
1418 5695 1580 5762 nubes.
1611 5695 1765 5750 simus

188 5763 297 5820 ﬁgo
315 5755 605 5818 [iumentum
626 5770 642 5808 :
667 5771 777 5822 quae
799 5761 1228 5822 manusa'ipmrum
1248 5755 1342 5824 ope
1362 5761 1700 5812 restituuntur.

1565 316 1768 376 LIBER
1804 303 2006 377 UNUS.

3323 317 3430 394 879

1838 429 2060 500 ingentes
2091 428 2265 500 lapsus
2296 429 2546 483 malorum
2573 445 2593 484 :
2613 445 2720 484 non
2763 445 2950 504 eorum
2976 431 3066 502 qui
3105 433 3270 504 elapsi
3298 445 3426 491 sunt

1838 519 2210 592 crneitigentes
2240 535 2379 582 eum,
2412 527 2468 573 ut
2495 535 2588 574 cos
2614 529 2795 598 postea
2826 522 3128 596 paeniteret,
3161 533 3214 578 et
3243 525 3416 596 bapti-

1838 620 2089 666 zarentur
2115 611 2169 670 in
2198 626 2295 675 eo;
2322 609 2415 665 sed
2446 626 2630 665 eorum
2660 611 2839 681 lapsus
2869 613 2955 684 qui
2981 630 3078 668 nec
3104 615 3296 684 corrigi
3325 633 3421 686 po-

1839 709 2075 766 tuerttnt,
2107 711 2506 771 perseveranter
2528 703 2686 757 etiam
2711 714 2890 772 postea
2920 715 3296 775 persequentes
3322 705 3424 763 Ec-

1839 793 2052 847 clesiam
2081 811 2093 847 :
2123 794 2312 847 horum
2340 792 2482 848 enim
2511 809 2614 848 non
2645 794 2811 864 parvi,
2861 795 2952 849 sed
2981 796 3218 867 ingentes
3247 798 3427 868 lapsus

1837 883 1980 938 Sunt.
2023 883 2135 938 Tua
2174 901 2291 940 vero
2334 883 2466 939 stola
2513 895 2585 940 est
2622 887 2822 940 valida'
2853 905 2865 940 :
2894 887 3119 957 dignitas
3164 871 3426 958 superba;

1837 985 2087 1056 tanquam
2113 979 2167 1031 'iu
2197 994 2316 1033 eum
2352 979 2549 1048 quippe
2578 979 2787 1046 dicitur,
2818 979 2907 1049 qui
2943 979 3010 1036 de
3039 981 3291 1050 operibus
3319 967 3429 1036 suis

1838 1070 1998 1124 audet
2027 1072 2234 1126 extolli.
2263 1072 2556 1138 Quiescente
2585 1082 2717 1125 terra
2742 1073 2805 1125 ab
2843 1083 3034 1138 austro,
3062 1074 3288 1142 ﬁrmabis
3315 1092 3428 1128 cum

1840 1179 1897 1216 eo
1928 1163 2097 1230 cmlos,
2129 1165 2215 1236 qui
2241 1151 2502 1233 (equaliter
2525 1164 2593 1218 ad
2618 1164 2884 1218 videndum
2908 1168 3016 1236 fusi
3040 1169 3193 1220 sunt?
3222 1169 3302 1221 Ab
3332 1184 3430 1221 au-

1839 1263 1952 1308 stro
1987 1264 2183 1309 terram
2223 1267 2580 1325 congruenter
2609 1257 2951 1323 intelligimus
2991 1273 3086 1312 eos
3115 1259 3202 1328 qui
3239 1258 3304 1313 de
3333 1259 3430 1313 Ju-

1840 1345 1970 1400 da-is
1990 1346 2334 1402 crediderunt
2358 1349 2408 1400 in
2435 1347 2726 1402 Christum.
2756 1349 2902 1403 Sicut
2925 1353 3064 1404 enim
3095 1352 3171 1405 sol
3200 1352 3267 1405 ab
3291 1354 3433 1422 aqui-

1839 1439 2007 1494 lonari
2045 1450 2181 1495 terra
2212 1441 2464 1495 remotior
2489 1449 2589 1501 est,
2614 1441 2830 1495 australi
2871 1452 3046 1496 autem
3077 1444 3328 1508 vicinior;
3360 1446 3429 1500 ita

1839 1546 1975 1600 quos
2001 1546 2170 1601 prOpe
2192 1531 2438 1586 inventos
2467 1532 2594 1586 dicit
2623 1533 2907 1603 Apostolus
2939 1536 3038 1588 luci
3068 1536 3431 1606 Evangelista-

1840 1638 1957 1677 rum
1983 1621 2207 1696 (Epltes.
2237 1640 2295 1690 ιι,
2331 1624 2440 1695 17),
2463 1639 2566 1677 non
2595 1625 2822 1680 absurde
2845 1627 3176 1696 accipiuntur
3198 1639 3335 1682 terra
3360 1629 3427 1685 ab

1840 1725 2041 1769 austro.
2062 1714 2211 1770 Sicut
2241 1705 2415 1769 autem
2447 1717 2613 1770 emtas
2653 1715 3020 1786 Evangelistas
3059 1719 3297 1772 solemus
3338 1735 3432 1775 ac-

1841 1807 2039 1876 cipere,
2062 1816 2116 1861 ut
2138 1806 2380 1869 est,Cwli
2408 1796 2646 1862 enarrant
2675 1809 2887 1880 gloriam
2924 1809 3055 1875 Dei;
3085 1812 3151 1866 de
3182 1811 3262 1866 his
3289 1817 3433 1870 enim

1844 1897 2044 1952 dictum
2077 1907 2178 1962 est,
2209 1897 2234 1951 1
2243 1916 2274 1952 ιι
2305 1915 2502 1952 onmem
2525 1909 2710 1953 (errant
2740 1901 2889 1953 exivit
2915 1918 3067 1954 sonus
3086 1920 3279 1966 eorum,
3305 1912 3351 1956 et
3380 1904 3432 1958 itt

1841 1989 1968 2057 ﬁnes
1995 1989 2128 2043 orbis
2158 1999 2302 2043 terra:
2344 1987 2490 2043 verba
2530 2006 2703 2056 eorum
2734 1990 2904 2060 (Psal.
2941 2007 3094 2055 xvm,
3127 1993 3180 2056 2,
3222 1995 3280 2063 5)
3313 2013 3324 2047 :
3358 1995 3430 2050 ita

1841 2087 2015 2134 terras
2047 2089 2192 2135 recte
2219 2080 2506 2150 accipimus
2537 2081 2741 2150 plebes,
2778 2082 2968 2152 quibus
3007 2085 3431 2152 evangelizatum

1841 2179 1943 2224 est.
1983 2169 2046 2224 Et
2075 2170 2325 2241 quoniam
2363 2171 2543 2241 plebes
2583 2187 2701 2241 quae
2744 2172 2810 2226 de
2839 2173 3019 2226 Judava
3061 2175 3428 2244 crediderunt,

1844 2271 2188 2332 posteaquam
2217 2263 2532 2332 quieverunt
2561 2274 2816 2320 exeuntes
2843 2266 2907 2320 de
2939 2267 3033 2320 hac
3066 2271 3237 2322 terra’
3258 2273 3426 2339 (nunc

1842 2354 1985 2407 enim
2036 2355 2120 2408 hic
2169 2371 2272 2409 non
2327 2355 2494 2428 sunt),
2539 2358 2744 2412 tirmata
2787 2368 2869 2412 est
2924 2369 3098 2414 tamen
3142 2363 3433 2419 auctoritas

1841 2445 2299 2516 Evangelistarum
2334 2449 2383 2502 in
2427 2449 2686 2504 Ecclesiis
2717 2467 2833 2520 qna.-
2875 2461 3000 2506 sunt
3039 2469 3101 2507 ex
3152 2453 3430 2522 Gentibus,

1845 2536 2052 2592 ﬁrmata
2092 2546 2271 2592 autem
2313 2539 2674 2594 misericordia
2705 2541 2816 2606 Dei,
2859 2558 2962 2596 non
3004 2545 3111 2610 jam
3144 2545 3437 2615 Opitulante

1845 2629 2162 2684 auctoritate
2183 2629 2542 2685 Ecclesiarurn
2572 2631 2790 2699 Judarat,
2816 2651 2930 2701 qua:
2953 2634 3004 2686 in
3027 2634 3296 2690 Christum
3323 2648 3434 2704 est;

1845 2733 2126 2791 propterea
2155 2738 2341 2778 sensus
2366 2724 2450 2777 liic
2481 2735 2581 2791 est,
2616 2734 2672 2777 ut
2694 2740 2786 2794 per
2813 2726 3279 2796 interrogationem
3313 2745 3438 2800 pro-

1846 2817 2116 2871 nuntietur
2152 2831 2166 2868 :
2197 2816 2456 2887 Numquid
2500 2828 2550 2871 tu
2593 2819 2899 2886 quiescente
2943 2832 3079 2884 terra
3117 2822 3184 2877 ab
3220 2833 3437 2890 austro;

1848 2907 1899 2962 id
1927 2919 2027 2975 est,
2053 2909 2164 2980 jam
2188 2927 2292 2964 non
2325 2911 2586 2965 existente
2623 2911 2672 2964 in
2704 2911 2803 2966 hac
2844 2913 2946 2966 vita
2985 2915 3136 2982 plebe
3165 2916 3268 2968 ulla
3296 2916 3439 2971 ebri-

1847 3004 2018 3058 stiana
2049 3019 2115 3058 ex
2162 3001 2380 3069 Jndmis,
2426 3003 2660 3057 ﬁrmabis
2695 3021 2814 3058 cum
2855 3014 2919 3057 eo
2961 3006 3344 3077 Evangelistas,
3387 3015 3442 3064 et

1847 3095 2145 3150 divinarum
2194 3094 2586 3165 Scrimurarum
2633 3095 2814 3156 libros,
2860 3097 2946 3165 qui
2995 3113 3090 3165 per
3131 3099 3438 3155 miscricor-

1849 3185 1991 3240 diam
2019 3185 2114 3241 Dci
2145 3201 2252 3240 non
2275 3185 2404 3240 solis
2425 3185 2639 3250 Judmis,
2671 3186 2764 3240 sed
2795 3188 2953 3240 etiam
2985 3187 3244 3244 Gentibus
3265 3206 3442 3260 (equa-

1850 3279 1973 3332 liter
1989 3278 2055 3332 ad
2077 3279 2358 3332 videndum
2383 3279 2482 3332 lusi
2514 3282 2672 3334 sant?
2692 3280 2926 3334 Gratiam
2950 3282 3144 3351 quippe
3170 3283 3261 3337 Dei
3291 3298 3441 3338 com-

1851 3368 2071 3422 mendat
2099 3377 2153 3423 et
2183 3369 2623 3435 misericordiam,
2656 3385 2720 3425 ne
2743 3373 2860 3439 quis
2890 3371 2956 3425 de
2998 3374 3204 3427 meritis
3243 3375 3439 3444 glorie-

1851 3468 1957 3525 tur,
2007 3475 2126 3528 qute
2169 3459 2470 3515 Juda'orum
2516 3471 2631 3516 erat
2678 3465 2941 3532 superbia.
2994 3464 3163 3528 Quare
3203 3467 3438 3524 docente

1851 3551 1975 3621 quid
2007 3550 2234 3606 dicamus
2269 3553 2334 3614 ei,
2368 3562 2414 3605 et
2451 3554 2814 3622 requiescamus
2847 3557 3004 3608 ntulta
3039 3557 3272 3612 dicentes.
3306 3559 3438 3628 Quia

1854 3659 1960 3696 non
1982 3652 2065 3698 est
2089 3642 2231 3713 quod
2256 3643 2305 3698 ei
2327 3643 2504 3698 dicant
2524 3645 2770 3711 convicti,
2797 3647 2998 3701 nullum
3027 3663 3086 3702 se
3113 3651 3309 3705 habere
3330 3668 3440 3707 me-

1854 3736 2014 3790 ritum
2055 3751 2152 3806 per
2195 3735 2422 3808 seipsos,
2471 3735 2566 3814 sed
2612 3737 2727 3806 ejus
2776 3738 3012 3808 indigere
3056 3743 3420 3799 misericordia

1859 3825 2128 3899 Numquid
2155 3827 2280 3882 liber
2307 3837 2395 3881 aut
2424 3829 2589 3882 scriba
2618 3830 2812 3884 assistis
2841 3831 2983 3894 milii,
3015 3841 3067 3884 ut
3096 3842 3233 3888 stans
3260 3837 3444 3906 faciam

1856 3922 2108 3974 hominem
2136 3922 2339 3976 tacere?
2361 3921 2536 3990 Quare
2567 3937 2692 3992 ergo
2729 3938 2831 3977 non
2855 3922 3008 3989 dicis,
3048 3925 3091 3978 si
3121 3925 3282 3982 habes
3304 3930 3444 3998 quod

1857 4013 2042 4068 dicas?
2068 4012 2182 4068 Non
2209 4013 2356 4068 enim
2380 4013 2530 4084 quasi
2555 4013 2773 4070 dictanti
2800 4016 2928 4070 mihi
2953 4019 3171 4088 excipis,
3199 4029 3252 4074 ut
3283 4003 3337 4076 tu
3360 4003 3444 4076 ni;

1859 4106 1930 4159 bil
1957 4106 2132 4168 dicas;
2161 4105 2254 4160 sed
2282 4105 2462 4175 utique
2487 4107 2856 4175 colloquimur.
2885 4109 3129 4164 Omnibus
3158 4122 3448 4182 autemnon

1860 4209 1929 4253 est
1953 4200 2144 4254 uisibile
2168 4201 2360 4266 lumen,
2387 4200 2521 4270 quod
2542 4201 2756 4271 refulget
2777 4203 2829 4254 in
2860 4202 3085 4257 nubibus.
3112 4204 3270 4259 Redit
3295 4207 3360 4261 ad
3383 4223 3446 4262 ca

1861 4308 1978 4362 qua:
2003 4291 2214 4349 dicebat
2241 4293 2309 4347 de
2336 4307 2431 4364 spe
2452 4293 2780 4346 remissionis
2801 4303 3134 4362 peccatorum
3167 4304 3220 4349 et
3247 4297 3445 4352 illumi-

1861 4387 2091 4441 nationis
2116 4386 2299 4456 gratia:
2326 4400 2425 4457 per
2451 4384 2867 4439 misericordiam
2898 4386 2987 4440 Dei
3015 4404 3025 4438 :
3056 4387 3281 4457 refulget
3306 4391 3446 4445 cnim

1863 4480 2039 4533 lumen
2077 4479 2130 4532 in
2175 4477 2424 4532 nubibus.
2451 4475 2565 4530 Non
2596 4485 2772 4531 tamen
2803 4477 3034 4546 ipsarum
3076 4477 3293 4534 nubium
3327 4461 3449 4550 pro.

1863 4572 2036 4642 prium
2065 4579 2179 4635 est;
2217 4568 2583 4623 illuminantur
2612 4569 2772 4623 enim.
2814 4569 2968 4623 Aliud
3011 4582 3090 4625 est
3130 4572 3271 4627 enim
3309 4574 3450 4644 quod

1864 4662 2030 4734 fulget
2077 4676 2174 4715 suo
2217 4658 2438 4723 lumine,
2481 4658 2620 4712 aliud
2663 4659 2802 4729 quod
2843 4660 3065 4732 refulget
3107 4645 3449 4718 illustratum.

1863 4752 1968 4808 Sed
2012 4767 2117 4806 non
2156 4761 2237 4806 est
2262 4750 2510 4806 omnibus
2537 4749 2765 4804 visibile.
2799 4750 2941 4804 Multi
2972 4752 3112 4806 enim
3154 4767 3337 4823 putant
3369 4757 3453 4810 lu-

1865 4846 2010 4901 mine
2052 4861 2148 4902 suo
2183 4845 2386 4915 fulgere
2415 4843 2640 4910 animas,
2669 4857 2787 4897 cum
2825 4845 3090 4912 sapientes
3129 4855 3270 4899 sunt.
3303 4847 3453 4900 liud'e

1867 4949 1992 4993 sunt
2021 4939 2118 5005 illi,
2151 4939 2239 5008 qui
2269 4937 2513 4992 dicentes
2557 4951 2614 4992 se
2657 4949 2776 5002 esse
2819 4937 3104 5006 sapientes,
3152 4937 3299 4991 stulti
3332 4940 3454 4998 facti

1867 5041 1991 5087 sunt
2021 5032 2193 5106 (Rom.
2223 5048 2260 5099 I,
2292 5031 2407 5106 2‘2).
2437 5031 2504 5086 Et
2531 5035 2737 5105 spiritus
2758 5036 2952 5100 transit,
2988 5043 3032 5088 el
3060 5036 3317 5088 ιιιιιιιιιιιΙιίι
3345 5053 3448 5090 eas.

1868 5123 1966 5179 llic
2009 5125 2250 5194 Spiritum
2294 5109 2465 5192 dixit,“
2493 5125 2559 5181 de
2599 5145 2702 5196 quo
2741 5127 2940 5181 dictmn
2978 5136 3076 5190 est,
3118 5128 3191 5180 Ab
3224 5129 3456 5199 increpa-

1871 5216 2003 5270 tione
2027 5216 2234 5286 spiritus
2258 5216 2349 5271 ira:
2368 5229 2468 5270 tute
2495 5216 2662 5289 (Psal.
2688 5233 2822 5283 xvn,
2854 5216 2973 5290 lli);
3005 5226 3078 5283 et,
3103 5219 3142 5270 Α
3168 5220 3347 5289 spiritu
3372 5233 3456 5292 tuo

1869 5324 1968 5378 quo
1987 5309 2180 5380 fugiam
2205 5307 2372 5381 (Psul.
2402 5324 2660 5374 cxxxvm,
2684 5309 2774 5379 7)?
2803 5309 2903 5363 Per
2928 5311 3292 5381 correptiones
3315 5313 3456 5366 enim

1872 5403 2225 5457 tentationum
2271 5400 2571 5457 ostenditur
2615 5402 2916 5456 hominibus
2957 5405 3199 5457 meritum
3245 5422 3450 5469 eorum,

1872 5494 1996 5564 quia
2026 5494 2120 5564 ipsi
2159 5494 2390 5564 peccatis
2420 5493 2532 5546 suis
2565 5494 2796 5547 tenebra:
2827 5504 2969 5566 sunt,
3014 5503 3066 5548 et
3103 5505 3260 5565 egent
3287 5497 3453 5567 gluria

1873 5585 1966 5642 Dei
2002 5586 2172 5658 (Rom.
2216 5601 2291 5651 ιιι,
2331 5583 2447 5655 2‘2),
2480 5593 2535 5638 ut
2576 5585 2715 5639 illius
2745 5585 2943 5640 lumine
2983 5586 3232 5642 illustrari
3269 5589 3454 5663 velint,

1938 5700 1951 5729 ί
1981 5705 2029 5747 ιιι
2053 5705 2179 5762 cxx,
2204 5696 2400 5757 :hermé,
2429 5695 2591 5762 calida
2614 5710 2725 5762 :_src
2749 5701 2894 5749 etiam
2919 5698 3132 5762 Vulgata.

1938 5759 2235 5824 {inaliquot
2253 5767 2382 5825 Mss,
2407 5759 2468 5811 de
2491 5760 2585 5812 hac
2607 5760 2717 5814 cita.
