3874 6312
525 358 624 418 8⁸⁷1
1534 352 2067 411 ΑΝΝΟΤΑΤΙυΝωὶ

2208 352 2344 422 JOB,
2386 356 2443 412 S.
2485 354 2852 414 AUGUSTlNl

525 475 603 531 illi
632 474 821 530 dantes
850 472 1129 540 honorem,
1162 486 1267 527 non
1295 471 1432 538 sibi;
1472 481 1628 542 atque
1652 473 1720 526 ita
1747 471 1986 542 deposita
2020 488 2111 525 su-

527 566 731 638 perbia,
781 564 1105 620 mundeutur
1146 581 1176 619 a
1220 563 1415 619 delicto
1458 579 1651 634 magno
1680 583 1691 617 :
1724 580 1843 618 nam
1887 563 2115 635 Spiritus

524 657 959 713 sanctificationis
1002 671 1106 711 non
1142 658 1351 719 transit,
1400 655 1493 711 sed
1530 664 1726 710 manet.
1764 656 1838 709 Ab
1880 657 2115 725 aquilone

522 751 677 806 nubes
702 752 884 806 coloris
911 752 1071 806 aurei.
1115 750 1196 805 Ab
1229 749 1637 806 sceleratissima
1671 749 1959 819 impietate,
1990 758 2044 803 et
2081 763 2111 803 a

530 845 643 900 Deo
668 844 824 915 longe
849 855 1074 908 remota,
1100 844 1319 899 veniunt
1338 852 1514 898 tamen
1537 842 1771 898 mundati
1794 853 1951 913 atque
1977 857 2110 897 con-

520 939 683 1006 versi,
709 947 765 994 et
794 938 1072 993 illuminati
1101 938 1360 1009 sapientia
1384 956 1395 992 :
1420 938 1584 1003 unde,
1616 939 1715 992 nisi
1750 954 1842 1007 per
1862 938 2107 1006 gratiam,

522 1049 625 1104 qua
650 1049 753 1089 non
782 1034 971 1090 merita
990 1033 1354 1098 attenduntur,
1378 1033 1470 1088 sed
1491 1042 1708 1104 peccata
1732 1031 2109 1087 dimittuntur?

519 1124 675 1182 Unde
706 1128 791 1182 ille
812 1141 933 1181 cum
957 1126 1057 1181 sibi
1085 1126 1246 1182 vellet
1275 1126 1497 1197 ignosci,
1528 1123 1766 1185 Doceam,
1799 1125 1987 1195 inquit,
2012 1124 2111 1176 ini-

516 1232 639 1287 quos
664 1217 767 1271 uias
793 1226 926 1283 tuas,
948 1228 994 1271 et
1016 1218 1158 1288 impii
1186 1219 1253 1271 ad
1273 1228 1321 1271 te
1338 1226 1681 1271 convertentur
1704 1214 1872 1284 (Psal.
1898 1231 1946 1281 ι,
1975 1216 2065 1283 15)
2092 1234 2103 1268 :

518 1319 768 1379 tanquam
813 1310 979 1365 nubes
1022 1312 1090 1365 ab
1128 1312 1335 1366 oriente
1363 1311 1447 1365 vel
1490 1309 1735 1380 aquilone
1762 1310 1870 1378 jam
1912 1309 2107 1364 coieris

513 1401 682 1464 aurci,
712 1402 1021 1457 illuminatis
1054 1402 1285 1458 tenebris
1305 1403 1437 1457 suis.
1469 1401 1535 1456 In
1573 1403 1651 1457 his
1678 1413 1748 1456 est
1780 1419 1963 1472 magna
1992 1404 2105 1470 glo-

512 1491 592 1545 ria
625 1504 672 1545 et
715 1493 876 1547 honor
917 1493 1307 1563 Omnipotentis.
1346 1494 1442 1548 Cui
1484 1493 1766 1563 plurimum
1800 1494 2102 1561 dimittitur,

512 1584 798 1655 plurimum
820 1585 1010 1656 diligit.
1034 1586 1293 1653 Quoniam
1314 1594 1488 1656 potest
1503 1596 1555 1641 et
1574 1586 1793 1655 impium
1816 1586 2107 1656 justilicare

511 1676 602 1744 qui
642 1686 727 1731 est
759 1676 1115 1745 omnipotens.
1157 1676 1223 1731 Et
1260 1693 1359 1731 non
1386 1678 1664 1732 invenimus
1703 1679 1861 1732 alium
1890 1679 2106 1732 similent

512 1766 679 1819 virtuti
720 1767 847 1836 ejus.
876 1766 1031 1821 Solus
1065 1766 1207 1821 enim
1250 1767 1333 1822 hic
1364 1777 1640 1839 peccatum
1682 1785 1786 1822 non
1830 1770 1971 1834 fecit,
2007 1785 2104 1824 nec

511 1856 759 1913 inventus
798 1868 879 1912 est
919 1858 1073 1913 dolus
1116 1859 1169 1913 in
1210 1875 1304 1914 ore
1340 1859 1457 1929 ejus
1501 1859 1545 1932 (l
1578 1859 1717 1914 Petr.
1752 1877 1811 1925 ιι,
1841 1860 2101 1931 216(80-

510 1948 594 2005 lus
634 1951 776 2006 enim
825 1950 962 2005 Deus
1002 1965 1183 2014 verax,
1225 1952 1398 2007 omnis
1437 1964 1613 2007 autem
1664 1953 1823 2007 homo
1874 1952 2102 2009 mendax

513 2040 683 2108 (Psal.
717 2058 838 2109 cxv,
868 2043 956 2113 ll)
990 2060 1003 2097 :
1034 2042 1171 2097 unde
1214 2042 1358 2108 vicit,
1403 2058 1522 2097 cum
1562 2043 1910 2113 judimretur,
1962 2045 2103 2099 Deus

509 2132 672 2189 homo
716 2134 906 2189 factus.
959 2134 1060 2199 Qui
1086 2135 1228 2205 jnste
1260 2135 1483 2205 judicat,
1531 2152 1629 2189 non
1667 2146 1817 2205 putas
1860 2136 2103 2190 exaudire

509 2228 660 2281 eum?
699 2226 813 2281 Non
856 2228 1029 2296 itaque
1056 2226 1216 2281 homo
1246 2227 1312 2281 de
1350 2229 1502 2281 venia
1546 2227 1902 2297 desperando,
1942 2228 2101 2283 addat

506 2325 723 2387 peceata
748 2316 997 2386 peccatis,
1046 2326 1297 2387 umquam
1339 2317 1580 2373 addictus
1606 2319 1715 2388 jam
1747 2319 2096 2387 damnationi,

505 2422 627 2478 quia
666 2415 845 2462 certus
872 2416 956 2462 est
992 2407 1059 2463 de
1095 2408 1297 2478 justitia
1341 2409 1455 2473 Dei,
1499 2411 1599 2466 sub
1634 2426 1735 2480 qua
1784 2428 1888 2466 non
1920 2421 2101 2480 potest

505 2515 626 2555 esse
653 2499 957 2570 impunitus.
986 2500 1059 2556 lia
1086 2501 1228 2556 enim
1259 2502 1396 2557 Deus
1420 2502 1563 2572 juste
1588 2503 1813 2573 judicat,
1849 2512 1905 2557 ut
1934 2505 2096 2559 etiam

504 2591 751 2648 exaudiat
784 2592 988 2647 veniam
1015 2591 1401 2664 deprecantes;
1437 2604 1491 2649 et
1509 2603 1655 2649 tanto
1682 2595 1870 2664 magis,
1900 2604 2098 2665 quanto

504 2686 673 2757 magis
693 2685 835 2753 justo
860 2685 1083 2755 judicat.
1114 2684 1229 2741 Non
1253 2688 1396 2742 enim
1423 2687 1552 2757 justi
1577 2688 1763 2757 judicii
1789 2698 1892 2753 est,
1924 2690 2095 2759 panni-

505 2787 676 2834 tentes
705 2779 970 2850 supplices
999 2778 1224 2835 miscere
1240 2795 1360 2835 cum
1394 2780 1457 2835 iis
1483 2781 1571 2850 qui
1601 2791 1850 2836 recusant
1877 2781 2095 2836 humili-

504 2878 665 2925 tatem
702 2880 757 2926 et
793 2871 1209 2927 satisfactionem
1243 2873 1588 2942 pinnitentian.
1629 2871 1909 2944 Propterea
1949 2876 2096 2928 time-

503 2965 625 3020 bunt
663 2982 775 3019 eum
811 2965 1036 3019 homines
1062 2981 1081 3021 :
1105 2966 1149 3020 si
1191 2982 1249 3021 se
1277 2966 1523 3020 homines
1568 2981 1688 3021 esse
1729 2968 2091 3035 meminerint,

504 3054 809 3111 confitendo
839 3065 1055 3126 peccata
1094 3071 1224 3121 sua;
1273 3060 1393 3127 quia
1442 3057 1615 3111 adhuc
1660 3057 1903 3113 homines
1948 3068 2090 3125 sunt,

503 3146 698 3219 quibus
722 3145 934 3209 dicitur,
967 3146 1153 3201 Nonne
1192 3147 1437 3203 homines
1463 3149 1627 3203 estis?
1672 3149 1933 3205 Timebunt
1970 3169 2097 3224 quo-

503 3256 603 3310 que
625 3255 739 3293 eum
763 3249 809 3295 et
833 3241 1083 3311 sapientes
1104 3240 1257 3295 corde
1277 3258 1296 3296 :
1318 3258 1383 3295 ne
1415 3242 1513 3295 sibi
1544 3244 1823 3298 tribuendo
1843 3248 1981 3315 quod
2005 3262 2095 3302 ac-

502 3340 777 3400 ceperunt,
817 3340 873 3387 et
908 3332 1134 3387 dicendo
1168 3348 1226 3387 se
1265 3348 1385 3389 csse
1432 3334 1717 3403 sapientes,
1762 3339 1907 3391 stulti
1942 3338 2090 3392 fiant.

508 3423 694 3480 Potest
717 3426 860 3481 enim
896 3425 1094 3481 auferri
1120 3427 1389 3497 superbis,
1424 3428 1566 3498 quod
1596 3428 1757 3485 datur
1783 3430 2091 3488 humilibus.

504 3512 839 3586 Quapropter
854 3525 907 3570 et
927 3516 1199 3587 Sapientes
1219 3519 1462 3588 quamvis
1482 3520 1660 3574 cordis
1685 3520 2089 3590 illumimitione,

502 3620 611 3660 non
641 3605 834 3675 lingua:
856 3608 1146 3674 jactatione
1188 3609 1456 3681 sapientes
1499 3610 1605 3665 sint
1633 3620 1687 3666 et
1722 3626 1894 3683 rcges,
1931 3615 2093 3682 spiri-

501 3697 718 3752 tualiter
742 3698 1044 3768 judicantes
1067 3710 1282 3766 terrain,
1314 3703 1411 3772 ipsi
1437 3715 1617 3759 autem
1647 3721 1674 3757 a
1708 3707 1921 3763 nemine
1942 3708 2091 3777 judi-

501 3804 692 3847 centur
716 3792 757 3862 (l
789 3791 906 3846 Cor.
940 3809 998 3859 ιι,
1030 3794 1145 3865 15),
1193 3796 1428 3850 serviant
1461 3807 1637 3851 tamen
1678 3798 1904 3853 Domino
1945 3801 1996 3855 in
2029 3802 2093 3855 ti-

500 3900 673 3947 more,
705 3896 758 3940 et
791 3887 1061 3943 exsultent
1100 3902 1220 3942 cum
1250 3898 1505 3953 tremore,
1548 3906 1614 3945 ne
1643 3903 1864 3961 pereant
1902 3894 1970 3947 de
2006 3897 2091 3949 via

500 3988 647 4034 recta
677 3976 851 4047 (Psal.
879 3994 939 4045 ιι,
968 3979 1055 4043 il,
1087 3979 1198 4049 12).
1232 3979 1370 4035 Deus
1396 3992 1478 4036 est
1514 3983 1677 4046 enim,
1705 3984 1794 4055 qui
1835 3995 2092 4055 operatur

500 4066 556 4123 in
592 4068 670 4123 eis
703 4077 757 4125 et
790 4069 926 4126 velle
963 4078 1017 4125 et
1053 4071 1284 4141 operari,
1317 4086 1415 4141 pro
1463 4071 1600 4128 bona
1638 4075 1906 4131 voluntate
1936 4076 2092 4147 (Phi-

499 4162 629 4235 lipp.
658 4176 713 4227 il,
746 4162 856 4233 l3).

575 4253 675 4328 [lb.
701 4254 950 4329 XXXVIIL]
983 4253 1387 4326 Etposteaquam
1427 4258 1612 4324 quievit
1640 4257 1757 4312 Elin
1778 4260 1932 4330 loqui,
1962 4261 2091 4316 dixit

500 4346 749 4402 Dominus
767 4347 835 4400 ad
853 4345 954 4401 Job
979 4364 1068 4419 per
1088 4348 1334 4403 turbinem
1361 4349 1705 4405 nubis.Etiam
1730 4352 1774 4405 si
1802 4351 1905 4409 hoc
1932 4353 2091 4409 modo

498 4452 603 4495 vos
654 4438 753 4494 ista
794 4438 927 4494 facta
956 4449 1068 4504 est,
1122 4455 1229 4511 quo
1257 4441 1417 4496 modo
1460 4441 1526 4497 ad
1555 4442 1803 4515 Moysen,
1858 4446 1941 4500 vel
1985 4462 2091 4518 quo

502 4530 665 4586 modo
712 4546 832 4586 cum
873 4546 931 4586 se
979 4531 1234 4587 Dominus
1284 4533 1452 4589 tribus
1482 4533 1757 4606 discipulis
1802 4538 1854 4593 in
1906 4549 2091 4596 monte

503 4622 829 4677 ostendisset
858 4621 1070 4694 (Matth.
1129 4639 1266 4691 xvii,
1292 4624 1439 4697 l-5);
1487 4636 1662 4684 tamen
1689 4630 1831 4699 quod
1876 4647 1979 4685 non
2011 4633 2090 4687 di-

499 4722 645 4770 ctum
675 4722 759 4770 est
796 4714 1106 4784 simpliciter
1128 4757 1143 4784 ,
1192 4733 1287 4786 per
1312 4719 1535 4784 nubem,
1586 4721 1701 4786 sed,
1729 4740 1817 4790 per
1845 4727 2089 4780 turbinem

500 4806 649 4860 nubis
668 4846 683 4872 ,
716 4805 818 4861 hoc
846 4806 1135 4878 significari
1175 4808 1438 4873 arbitror,
1480 4812 1621 4881 quod
1650 4829 1756 4868 non
1786 4831 1878 4885 per
1905 4834 2088 4874 sanam

498 4911 716 4951 carnem
745 4896 1098 4968 interrogatus
1122 4938 1136 4961 ,
1162 4897 1262 4953 hoc
1300 4908 1415 4965 est,
1448 4909 1680 4957 tentatus
1710 4916 1793 4959 est
1821 4906 1923 4961 Job
1946 4949 1961 4974 ,
1995 4911 2089 4965 scd

499 5002 597 5059 per
623 4987 1014 5044 tribulationem
1047 4989 1604 5062 perturbationemque
1629 4995 1827 5050 carnis.
1873 4997 1998 5063 Quis
2019 5009 2090 5053 εει

499 5082 587 5151 qui
611 5080 738 5135 celat
767 5098 845 5135 me
860 5080 1154 5147 consilium,
1178 5083 1437 5136 continens
1465 5100 1716 5140 sermones
1743 5088 1756 5116 ¹
1783 5088 1833 5141 in
1851 5089 2018 5157 corde,
2043 5100 2091 5145 et

500 5191 582 5230 me
605 5184 748 5246 putat
787 5174 948 5229 dare?
968 5173 1136 5229 Nemo
1175 5183 1256 5229 est
1281 5190 1408 5247 ergo
1438 5178 1527 5249 qui
1558 5194 1616 5234 se
1639 5180 1957 5238 immeritum
1983 5186 2089 5254 pati

497 5266 699 5339 aliquid
729 5282 977 5338 asperum
1000 5265 1177 5332 dieat;
1206 5268 1327 5337 quia
1358 5270 1399 5324 si
1428 5287 1531 5326 non
1556 5271 1725 5340 factis,
1754 5276 1941 5332 saltem
1973 5293 2091 5333 ver-

500 5359 586 5416 bis
613 5369 860 5430 peccatur
885 5376 900 5425 ;
925 5368 977 5415 et
1006 5359 1050 5413 si
1078 5374 1183 5415 non
1206 5361 1401 5429 verbis,
1431 5365 1618 5420 saltem
1653 5369 1931 5423 tomeraria
1956 5386 2089 5439 prm-

500 5453 810 5525 sumptioue
836 5452 978 5508 intus
1007 5452 1057 5507 in
1089 5454 1252 5509 corde
1276 5496 1290 5522 ,
1336 5456 1421 5510 vel
1449 5459 1785 5513 sermonibus
1814 5462 2091 5531 cogitatio-

500 5561 632 5604 num
660 5564 673 5600 :
700 5553 757 5601 et
778 5545 1029 5617 quoniam
1052 5543 1218 5601 Deum
1246 5561 1351 5601 non
1384 5547 1580 5614 latent,
1609 5566 1766 5605 nemo
1798 5550 2091 5622 ﬂagellatus

503 5638 646 5695 dicat
666 5637 879 5709 indigne
907 5653 965 5692 se
990 5638 1233 5708 accipere
1263 5638 1620 5712 disciplinam,
1650 5643 1799 5714 quasi
1832 5644 1967 5700 ultra
1986 5660 2089 5702 non

570 5775 587 5805 ι
605 5775 684 5843 ASic
705 5781 810 5823 Mss.
844 5773 984 5835 juxta
1004 5780 1143 5843 Lxx.
1158 5780 1215 5825 At
1236 5774 1373 5839 editi,
1397 5776 1480 5843 qui
1502 5778 1625 5833 celat
1655 5793 1812 5833 metari
1846 5782 2096 5840 consilium

506 5840 806 5892 conterimus
828 5845 1087 5894 tentiones,
1101 5841 1195 5888 etc.

3708 362 3787 422 επ

2220 472 2319 534 sit,
2362 488 2467 542 quo
2497 489 2589 542 per
2618 473 2761 527 illam
2793 472 3051 543 proficiat.
3081 470 3387 530 Sciendum
3417 483 3505 530 est
3526 476 3660 533 enim
3681 522 3693 545 ,
3718 484 3777 540 sic

2220 562 2272 616 in
2300 563 2556 633 principio
2578 565 2698 619 libri
2728 563 2882 632 hujus
2901 563 3114 619 diabolo
3141 564 3422 621 laudatum
3445 566 3548 624 Job
3568 572 3773 627 testimo-

2220 654 2308 707 nio
2340 654 2429 708 Dei
2449 696 2463 720 ,
2490 654 2612 709 etin
2635 655 2737 709 (ine
2761 655 2928 709 tribus
2947 655 3135 711 amicis
3161 657 3281 726 ejus
3303 699 3319 724 ,
3352 667 3415 713 ut
3438 668 3612 715 tamen
3633 676 3775 721 nosset

2219 746 2361 803 Deus
2380 756 2635 817 quantum
2663 747 2709 802 ei
2736 748 2948 804 deesset
2973 747 3040 803 ad
3066 748 3465 819 perfectionem
3488 793 3503 817 ,
3528 768 3629 823 quo
3649 756 3791 813 etiam:

2216 843 2510 899 laudabiles
2548 843 2841 899 secundum
2895 844 3031 899 hanc
3057 845 3217 901 vitam
3266 846 3452 908 viros,
3496 858 3549 903 ct
3579 848 3776 920 Deojam

2216 936 2515 1005 placentes,
2560 946 2779 1006 paterna
2807 936 3010 1007 ﬂagella
3041 938 3381 1006 perducunt;
3404 955 3526 1010 qua:
3554 940 3703 997 noluit
3727 943 3774 999 ab

2216 1028 2472 1099 Apostolo
2495 1044 2803 1093 removere,
2834 1029 3051 1097 dicens,
3090 1030 3294 1100 Sit/ﬁcit
3330 1031 3425 1084 tibi
3464 1034 3624 1102 gratia
3660 1052 3775 1101 inea,-

2217 1136 2332 1173 nam
2362 1120 2518 1173 virtus
2558 1120 2609 1173 in
2640 1120 2932 1187 inﬁrmitate
2952 1121 3211 1191 per/icitur
3243 1120 3316 1193 (Il
3338 1120 3467 1178 Cor.
3494 1140 3584 1187 xu,
3608 1124 3677 1196 9).
3705 1129 3772 1181 Ac-

2214 1214 2412 1281 cingere
2438 1223 2675 1283 tanquam
2714 1214 2789 1267 vir
2816 1214 3042 1267 lumbum
3081 1225 3244 1268 tuum.
3303 1214 3584 1286 Significat
3616 1218 3675 1271 ad
3700 1219 3773 1274 hoc

2214 1304 2322 1373 pati
2344 1304 2473 1359 dura
2512 1314 2565 1359 et
2592 1319 2772 1359 amara
2807 1306 2898 1359 Dei
2920 1321 3107 1361 servos
3136 1306 3186 1360 in
3220 1305 3331 1361 hoc
3360 1308 3584 1371 saeculo,
3616 1319 3664 1363 ut
3686 1326 3770 1365 om-

2214 1413 2309 1451 nes
2326 1397 2633 1452 affectiones
2656 1413 2780 1451 suas
2801 1414 2829 1451 a
2862 1408 3195 1453 terrenarum
3217 1397 3640 1455 delectationum
3660 1401 3769 1457 llum

2213 1490 2463 1559 Colligaut
2484 1532 2498 1555 ,
2540 1500 2699 1560 atque
2730 1491 3116 1559 constringant.
3147 1490 3495 1564 Interrogubo
3538 1504 3616 1559 te;
3638 1506 3683 1549 tu
3702 1514 3769 1550 au-

2212 1592 2311 1635 tem
2358 1584 2605 1653 responde
2642 1584 2783 1637 mihi.
2838 1583 2937 1640 Ubi
2980 1603 3092 1641 eras
3118 1604 3236 1640 cum
3284 1588 3559 1657 [nudarent
3588 1594 3767 1645 terram?

2213 1673 2348 1727 llinc
2387 1673 2495 1742 jam
2546 1676 2925 1732 commendare
2973 1678 3156 1748 incipit
3198 1678 3553 1735 eminentiam
3602 1682 3763 1738 Domini

2211 1767 2380 1820 nostri
2422 1766 2548 1821 Jesu
2591 1767 2789 1822 Christi
2818 1811 2832 1835 ,
2883 1770 3004 1839 quia
3037 1770 3089 1824 in
3121 1769 3241 1840 ipso
3271 1780 3360 1827 est
3401 1773 3545 1827 salus
3570 1775 3763 1829 omnium

2212 1873 2586 1926 percussorum
2619 1869 2877 1915 venenata
2925 1861 3173 1916 suasione
3206 1864 3513 1933 serpentis,
3568 1880 3626 1920 ne
3658 1865 3699 1919 iu
3719 1881 3761 1921 se

2210 1948 2308 2001 sibi
2338 1950 2558 2019 quisque
2591 1965 2711 2005 esse
2738 1952 2963 2005 salutem
2994 1962 3159 2021 putet.
3192 1952 3299 2008 llle
3325 1954 3471 2008 enim
3499 1955 3656 2022 Deus,
3683 1971 3759 2010 uoa

2210 2039 2348 2093 sicut
2384 2042 2582 2094 dictum
2624 2050 2740 2103 est,
2790 2040 2877 2095 Dii
2917 2043 3070 2109 estis,
3119 2053 3163 2097 et
3216 2044 3317 2112 ﬁlii
3347 2045 3591 2100 Altissimi
3626 2045 3753 2117 (Psal.

2212 2146 2375 2185 LXXXI
2398 2172 2410 2194 ,
2448 2132 2528 2200 ti);
2552 2132 2643 2187 sed
2667 2134 2750 2187 cui
2783 2133 2965 2201 rapina
2994 2150 3100 2188 non
3128 2135 3201 2189 sit
3227 2150 3354 2191 esse
3382 2138 3629 2206 aequalem
3652 2137 3755 2191 Patri

2209 2220 2468 2294 (Philipp.
2502 2240 2558 2288 ιι,
2591 2225 2667 2289 6);
2700 2233 2755 2279 ει
2783 2224 2922 2279 filius
2948 2225 3216 2293 hominis,
3269 2244 3381 2282 non
3419 2228 3553 2283 sicut
3590 2228 3666 2283 lilii
3688 2228 3755 2283 bo—

2208 2320 2410 2372 miumn
2460 2320 2511 2373 in
2556 2320 2746 2388 quibus
2775 2335 2879 2374 non
2908 2330 2991 2374 est
3016 2322 3159 2375 salus
3190 2320 3372 2395 (Psal.
3410 2337 3565 2384 cva,
3590 2320 3666 2394 5);
3686 2320 3752 2376 sed

2208 2426 2317 2479 pra:
2336 2411 2681 2487 participibus
2704 2413 2814 2467 suis
2842 2411 3016 2483 (Psal.
3038 2429 3184 2478 xuv,
3207 2413 3291 2485 8).
3328 2413 3445 2468 Non
3471 2416 3601 2469 enim
3617 2414 3751 2482 justus

2208 2509 2411 2555 tantum
2435 2544 2447 2564 ,
2479 2503 2615 2555 sicut
2640 2502 2741 2557 Job
2762 2546 2775 2568 ,
2817 2504 2952 2557 sicut
2981 2503 3175 2558 Paulus
3198 2547 3211 2566 ,
3238 2506 3380 2560 sicut
3410 2506 3657 2570 Ecclesia;
3682 2503 3749 2559 sed

2205 2593 2363 2647 etiam
2390 2594 2687 2663 jnstiﬁcaus
2718 2603 2965 2665 umquam
2996 2596 3304 2665 unigenitus
3333 2614 3365 2649 a
3392 2597 3572 2662 Patre,
3602 2597 3746 2667 plenus

2203 2689 2370 2757 gratia
2402 2696 2455 2739 et
2476 2688 2695 2742 veritate
2735 2686 2911 2757 (Joan.
2942 2704 2981 2754 ι,
3011 2689 3122 2758 ll).
3153 2689 3237 2743 Ad
3271 2689 3626 2743 insinuandam
3648 2702 3743 2757 ergo

2203 2776 2559 2831 differentiam
2583 2777 2773 2831 divina:
2797 2776 3141 2834 humanitatis
3168 2779 3315 2849 ejus,
3344 2779 3397 2834 in
3427 2796 3527 2849 quo
3552 2778 3745 2848 princeps

2204 2869 2363 2940 hujus
2408 2872 2588 2926 mundi
2624 2872 2752 2925 nihil
2782 2872 2981 2927 invenit
3007 2872 3117 2944 (Id.
3151 2889 3269 2939 xw,
3301 2874 3417 2945 50),
3449 2874 3567 2943 quia
3588 2873 3631 2926 in
3658 2885 3741 2940 pas

2204 2963 2355 3018 sione
2379 3006 2393 3028 ,
2418 2981 2535 3034 qua:
2567 2982 2671 3018 non
2704 2966 2898 3037 rapuit,
2926 2976 3049 3021 tunc
3077 2968 3395 3022 exsiilvebat
3415 2966 3575 3038 (Psul.
3600 2978 3738 3023 mut.

2203 3054 2281 3121 5),
2326 3055 2831 3123 etjnstilicaiionem
2871 3068 3175 3131 sanctorum
3208 3075 3313 3129 per
3350 3070 3656 3129 peccatorum
3679 3071 3738 3110 rc-

2202 3148 2532 3213 niissiouem,
2564 3151 2752 3218 quibus
2773 3153 2973 3205 Sanctis
2994 3152 3044 3205 in
3074 3169 3239 3207 unum
3264 3153 3492 3207 redactis
3517 3152 3569 3206 lit
3589 3161 3737 3218 corpus

2202 3239 2318 3305 ejus
2350 3239 2584 3293 Ecclesia
2612 3282 2627 3303 ,
2672 3242 2823 3311 cujus
2852 3254 2905 3297 ει
2944 3243 3199 3313 particula
3234 3253 3322 3300 est
3360 3244 3459 3299 Job
3502 3240 3733 3297 secundum

2202 3329 2479 3386 historiam
2511 3333 2632 3403 quia
2677 3334 3033 3403 justilicatus,
3091 3345 3147 3391 et
3196 3337 3371 3408 ﬁgura
3401 3337 3736 3401 universazpet'

2201 3425 2532 3493 prophetiam
2565 3426 2749 3495 incipit
2792 3428 2971 3484 dicere
3000 3445 3119 3499 qua:
3163 3430 3410 3485 dicturus
3434 3438 3527 3485 est.
3558 3427 3639 3483 Ubi
3655 3438 3731 3477 erat

2200 3531 2315 3568 cum
2347 3517 2614 3585 [nudarent
2660 3522 2887 3572 terram?
2920 3519 3104 3575 Utrum
3137 3522 3262 3593 quia
3293 3522 3518 3577 nondum
3542 3528 3729 3581 erat,:|tl

2201 3608 2321 3678 quia
2355 3624 2458 3663 nun
2490 3624 2583 3677 per
2610 3626 2731 3664 eum
2771 3610 2987 3665 fundata
3018 3623 3098 3666 est
3118 3654 3133 3679 ,
3168 3615 3307 3671 sicut
3336 3629 3429 3684 per
3465 3612 3647 3666 unicum
3668 3605 3727 3660 Fi-

2200 3698 2370 3753 lium?
2419 3710 2472 3754 et
2502 3709 2700 3754 terram
2732 3702 2916 3768 istam,
2963 3720 3029 3758 an
3063 3704 3236 3773 ipsam
3290 3700 3605 3760 Ecclesiam?
3646 3700 3724 3767 ipsa

2200 3794 2341 3846 enim
2371 3794 2570 3863 accepit
2599 3795 2823 3863 lapidem
2855 3798 3159 3866 angularem
3187 3798 3404 3869 (Ep/tes.
3447 3813 3496 3861 ιι,
3539 3793 3645 3861 20).
3679 3787 3724 3842 de

2200 3900 2306 3954 quo
2335 3902 2456 3939 mox
2492 3885 2728 3941 dicturus
2748 3898 2846 3942 est.
2873 3888 3057 3942 Indica
3092 3891 3240 3957 mihi,
3266 3892 3313 3945 si
3352 3890 3477 3947 nosti
3502 3882 3721 3940 scientiam.

2202 3974 2327 4028 llarc
2348 3976 2489 4029 enim
2508 3992 2625 4045 qua:
2646 3994 2673 4029 a
2707 3978 2931 4032 Dtuniuo
2959 3996 3054 4048 pro
3086 3982 3241 4036 nobis
3264 3978 3720 4050 temporalitcrgesll

2198 4078 2357 4134 sunt,
2399 4069 2466 4123 ad
2504 4071 2779 4126 scientiam
2824 4074 3111 4143 pertinent.
3148 4075 3277 4141 Quis
3316 4074 3479 4145 posuit
3518 4075 3720 4123 mensuras

2199 4162 2309 4233 ejus
2342 4162 2383 4215 si
2411 4163 2541 4217 nosti
2563 4164 2587 4215 ?
2610 4164 2902 4219 secundum
2926 4165 3359 4221 distributionem
3380 4165 3611 4219 donorum
3640 4152 3718 4223 spi-

2198 4254 2486 4308 ritualium.
2520 4254 2799 4329 Unicuique
2842 4257 2973 4310 enim
3008 4268 3236 4312 nostrum
3262 4260 3379 4311 data
3402 4266 3468 4310 est
3488 4250 3629 4323 gratia
3660 4258 3719 4296 tt-

2198 4347 2421 4401 cundum
2464 4364 2753 4401 mensuram
2796 4349 3084 4403 donationis
3128 4348 3335 4405 Christi.
3383 4346 3579 4415 Propter
3617 4329 3717 4406 ιιιοά

2197 4440 2319 4492 dicit
2352 4438 2670 4493 :Ascendens
2693 4446 2745 4493 in
2764 4441 2941 4501 altum,
2976 4441 3243 4511 captivavit
3268 4439 3598 4512 captivitatem,
3616 4422 3716 4479 dedit

2198 4531 2333 4584 dona
2371 4530 2659 4585 hominibus
2688 4531 2704 4601 (
2729 4529 2813 4585 Id.
2846 4548 2919 4594 iv,
2946 4533 2999 4599 7,
3049 4533 3123 4603 8).
3152 4533 3285 4601 Quia
3312 4534 3354 4585 si
3390 4540 3540 4585 totum
3567 4528 3712 4586 ωηιηε

2197 4622 2413 4687 oculus,
2457 4621 2545 4675 ubi
2573 4622 2783 4676 auditus
2814 4620 2990 4694 (ICor.
3022 4638 3115 4689 xu,
3146 4622 3263 4695 l7)?
3291 4617 3569 4679 Secundum
3602 4620 3713 4664 men-

2196 4730 2379 4771 suram
2407 4716 2602 4786 quippe
2624 4715 3040 4786 uniuscujusque
3070 4719 3236 4787 partis
3257 4718 3609 4772 incrementum
3622 4711 3710 4754 cor.

2198 4809 2341 4878 poris
2363 4807 2506 4873 facit,
2541 4808 2590 4862 iu
2622 4806 3027 4864 :ediiicationem
3053 4810 3132 4861 sui
3158 4810 3208 4863 iu
3234 4801 3515 4863 cbaritale‘
3542 4792 3708 4891 (El’l‘e’;
3754 4860 3757 4891 ι

2198 4876 2271 4963 iv,
2303 4899 2410 4970 l6).
2442 4899 2541 4952 Aut
2564 4901 2674 4971 quis
2704 4910 2775 4953 cst
2809 4902 2897 4971 qui
2916 4900 3114 4954 induxit
3138 4918 3288 4972 super
3314 4914 3417 4954 eam
3451 4876 3708 4978 funiculum;
3749 4892 3754 4947 ἒ

2196 5000 2255 5045 ιιι
2296 5006 2411 5045 eam
2442 4989 2639 5045 faceret
2664 4991 3024 5045 licereditatem
3056 5007 3201 5047 suam
3223 5035 3238 5059 ,
3262 4989 3564 5057 distinguens
3583 4974 3635 5029 ab
3649 4974 3705 5070 eis
3731 4984 3749 5070 ί
3794 5042 3795 5051 χ

2197 5082 2392 5153 quibus
2413 5081 2562 5146 dicit,
2586 5080 2705 5134 Non
2732 5082 2845 5136 novi
2860 5098 2945 5135 vos
2970 5082 3177 5151 (Matth.
3210 5100 3295 5143 vn,
3314 5081 3422 5149 25).
3451 5070 3583 5130 Novit
3596 5060 3700 5118 enim
3729 5051 3739 5089 ‘

2198 5173 2453 5227 Dominus
2479 5173 2568 5243 qui
2599 5181 2723 5227 sunt
2747 5172 2860 5243 ejus
2890 5172 2955 5244 (ll
2990 5173 3121 5226 Tim.
3146 5191 3202 5241 ιι,
3242 5173 3344 5242 I9).
3372 5169 3463 5223 Aut
3486 5172 3611 5228 “lim
3630 5161 3698 5249 1'”

2196 5266 2372 5319 circuli
2407 5242 2517 5337 ejus
2545 5265 2636 5335 fixi
2664 5242 2819 5319 sunt?
2847 5242 2979 5333 Quia
3001 5268 3362 5335 constringunt
3383 5272 3519 5317 eam,
3546 5262 3600 5303 uc
3619 5242 3698 5343 dlS‘

2196 5360 2431 5415 solvatur
2449 5400 2465 5425 ,
2489 5359 2649 5414 divini
2676 5359 2816 5414 Libri
2846 5360 2931 5414 lixi
2960 5376 3119 5431 super
3140 5359 3439 5415 Dominum;
3469 5344 3570 5416 quia
3588 5346 3693 5405 (μηδ’

2197 5455 2319 5524 quis
2344 5467 2438 5508 eos
2468 5452 2581 5507 sine
2627 5452 2717 5507 illo
2748 5453 3080 5523 interpretari
3122 5451 3339 5507 voluerit
3361 5488 3373 5511 ,
3401 5441 3546 5499 ﬂuitet
3579 5435 3695 5491 αιιιυε

2198 5554 2341 5600 erret
2370 5560 2587 5601 necesse
2609 5554 2706 5599 est.
2744 5545 2867 5611 Quis
2897 5556 2966 5599 est
2993 5555 3157 5599 autem
3182 5544 3263 5615 qui
3285 5539 3407 5594 ausit
3432 5526 3693 5615 lal’ld‘m

2196 5636 2423 5709 gularem
2454 5654 2604 5708 super
2623 5637 2773 5690 eam?
2801 5651 2955 5706 quem
3001 5636 3403 5706 reprobaverunt
3440 5613 3692 5709 ωάιιῳηιεξς

2201 5702 2372 5799 (Psal.
2400 5702 2564 5796 cxvii,
2594 5727 2711 5799 22).
2742 5702 2956 5794 Quando
2996 5702 3130 5799 facta
3155 5737 3264 5786 sunt
3287 5722 3441 5782 sidera
3458 5702 3584 5771 άπιιῖ
3602 5714 3617 5757 ἲ
3636 5708 3689 5752 ³⁸·

2271 5848 2287 5878 ⁸
2311 5846 2627 5909 ὶιιιιιιεωιιιί,
2659 5844 2709 5899 in
2730 5843 3026 5899 cinnitaton.
