3874 6310
134 279 252 341 8'73

56 377 73 389 ’
134 394 257 452 mul
293 390 571 462 baptizata
600 370 677 441 tot
703 381 866 438 millia
899 378 1064 435 verbo
1084 376 1206 431 vita:
1225 417 1241 443 ,
1274 376 1411 429 inter
1439 381 1748 443 peccatores

133 456 419 558 tanquam
466 482 517 536 in
544 477 781 535 tenebris
822 472 1095 543 fulgentia.
1127 468 1482 524 Laudaverunt
1520 481 1598 519 me
1636 456 1755 518 voce

134 556 343 649 magna
371 588 544 629 omnes
575 568 751 641 Angeli
778 566 872 620 mei
894 580 913 619 :
940 560 1307 631 Evangelistm.
1331 556 1568 614 Conclusi
1596 556 1752 625 portis

139 646 295 726 mare
327 683 350 722 :
384 663 612 739 pepulos
653 659 1005 715 amaricantes
1042 668 1227 709 amore
1253 660 1606 706 terrenarum.
1646 646 1752 702 Sed

140 776 328 833 quare
365 755 568 829 portis?
596 755 679 808 An
708 749 843 805 forte
869 758 929 803 ut
957 762 1060 801 non
1088 745 1261 800 solum
1290 741 1504 796 modum
1534 739 1753 794 haberet

138 847 453 909 exercendi
474 847 647 917 justus
675 838 1156 913 persecutionihus,
1185 832 1280 889 sed
1306 833 1464 887 etiam
1491 840 1549 885 ιιι
1572 832 1758 885 liceret

139 944 316 1016 justis
346 939 477 995 inde
495 934 718 1008 egredi?
747 932 871 987 Cum
901 934 1131 1002 fremeret
1152 941 1218 981 ex
1243 933 1385 979 utero
1411 923 1586 976 matris
1613 936 1752 987 sua,

142 1014 331 1090 volens
362 1029 601 1104 progredi
628 1044 649 1083 :
690 1042 812 1083 cum
839 1025 1159 1080 irasceretur
1186 1020 1240 1075 in
1267 1016 1493 1075 concilio
1527 1014 1756 1085 Babylo-

147 1128 257 1182 nia:
289 1122 534 1181 civitatis
552 1163 568 1186 ,
596 1117 907 1175 fornicantis
931 1129 1114 1171 amore
1143 1111 1301 1183 hujus
1327 1109 1507 1165 saeculi
1528 1150 1544 1174 ,
1574 1107 1759 1162 volens

145 1216 461 1273 extendere
504 1210 901 1284 persecutiones
940 1221 1064 1261 suas
1091 1203 1158 1259 ad
1184 1200 1484 1274 perdendos
1520 1199 1588 1253 de
1618 1207 1758 1253 terra

149 1324 250 1377 eos
276 1307 351 1363 de
375 1305 572 1377 quibus
592 1303 793 1357 dictum
812 1307 916 1363 est,
953 1296 1071 1352 Non
1096 1304 1212 1367 peto
1234 1304 1287 1348 ut
1307 1293 1456 1348 tollas
1475 1307 1558 1345 eos
1580 1290 1643 1344 de
1666 1304 1761 1344 sa:-

151 1402 295 1467 culo,
324 1398 422 1453 sed
449 1406 503 1451 ut
529 1394 684 1450 tollas
710 1409 794 1448 eos
820 1390 1003 1445 amulo
1020 1386 1201 1457 (Joan.
1230 1401 1361 1449 xvn,
1388 1384 1501 1455 15).
1530 1381 1761 1438 Circum-

154 1494 308 1568 posui
336 1492 420 1547 illi
455 1490 634 1545 nubem
662 1487 1044 1560 operimentum.
1077 1480 1193 1538 Non
1219 1480 1362 1535 enim
1385 1476 1507 1531 boni
1536 1484 1760 1541 tantum,

154 1587 257 1645 sed
298 1588 474 1642 etiam
502 1583 623 1639 mali
651 1580 802 1637 multi
828 1586 1202 1645 amatoresqne
1228 1572 1387 1642 hujus
1425 1569 1604 1626 Steculi
1622 1610 1638 1635 ,
1665 1568 1764 1624 Sa-

157 1684 458 1734 cramenta
486 1672 730 1742 corporis
748 1667 944 1725 Christi
967 1664 1190 1735 subjecti
1219 1671 1344 1719 sunt
1369 1680 1381 1715 :
1405 1660 1558 1730 cujus
1584 1668 1768 1713 aucto-

156 1771 326 1826 ritate
354 1784 389 1823 a
422 1774 728 1821 sanctorum
757 1759 1127 1832 persecutione
1158 1755 1539 1824 reprimuntur.
1579 1749 1648 1803 Et
1678 1766 1765 1803 ne-

161 1860 288 1916 bula
332 1857 539 1913 obvolvi
580 1854 711 1909 illud
756 1869 776 1908 :
804 1848 1132 1923 ignorantia,
1183 1860 1287 1917 qua
1336 1853 1598 1898 terrenam
1645 1838 1768 1894 inde

162 1957 494 2022 exspectant
526 1946 865 2008 felicitatem,
911 1950 1283 2007 teri-etiamque
1313 1933 1673 1989 infelicitatem
1706 1929 1771 1983 ti-

163 2049 358 2106 ment;
391 2048 451 2095 et
489 2046 767 2109 propterea
794 2033 983 2087 timent
1007 2043 1176 2100 quos,
1216 2026 1316 2080 nisi
1346 2024 1415 2079 ita
1442 2030 1618 2086 esset,
1651 2037 1770 2091 per-

164 2137 559 2202 sequerentur.
590 2126 701 2181 Non
724 2123 866 2180 cnim
888 2121 1061 2176 solum
1089 2117 1289 2174 dictmn
1322 2123 1424 2179 est,
1449 2112 1615 2166 Edent
1637 2128 1770 2183 pau-

167 2239 319 2297 peres
367 2230 422 2276 et
478 2217 874 2281 saturabuntur,
932 2219 979 2265 et
1035 2207 1311 2263 laudabunt
1361 2203 1639 2258 Dominum
1685 2202 1772 2271 qui

168 2293 445 2385 requirunt
466 2323 615 2372 eum;
644 2305 739 2362 sed
765 2305 925 2359 etiam
945 2300 1144 2355 dictum
1172 2305 1283 2362 est,
1317 2293 1770 2356 Manduraverunt,

169 2418 219 2463 et
239 2383 592 2461 adat-atterunt
612 2414 786 2454 omnes
811 2395 988 2450 divites
1018 2403 1164 2447 terra:
1186 2387 1359 2460 (Psal.
1388 2402 1508 2451 χχι,
1539 2385 1631 2449 9-7,
1654 2383 1771 2453 50).

172 2498 243 2555 Et
270 2496 429 2568 posui
455 2492 532 2549 illi
554 2489 821 2550 terminos,
841 2487 1103 2556 imponens
1121 2480 1340 2534 claustra
1370 2486 1415 2531 et
1442 2484 1613 2547 portas
1635 2491 1654 2528 :
1679 2484 1775 2528 ter.

172 2567 347 2644 minos
368 2586 568 2659 quibus
596 2580 799 2638 smvitia
824 2575 1157 2639 cohibeatur,
1186 2587 1291 2627 non
1320 2580 1376 2625 ut
1397 2568 1525 2623 nihil
1553 2567 1773 2637 afﬂigat,

176 2681 273 2738 sed
302 2694 420 2751 quo
447 2691 613 2746 usque
637 2676 921 2733 exerceat;
946 2665 1201 2729 claustra,
1230 2671 1287 2718 ut
1316 2660 1496 2731 injnsti
1519 2676 1622 2713 non
1656 2673 1778 2729 pro-

176 2746 537 2845 grediantur;
578 2775 780 2837 portas,
828 2768 888 2815 ut
914 2759 984 2814 ab
1020 2757 1101 2813 eis
1134 2754 1263 2825 juSti
1301 2751 1660 2823 egrediantur.
1710 2746 1779 2801 Et

178 2840 317 2928 dixi,
346 2860 397 2915 ιι
406 2876 469 2914 uc
493 2872 650 2928 usque
678 2854 865 2919 venies,
890 2860 938 2906 et
957 2866 1058 2905 non
1082 2845 1335 2901 transibis.
1360 2843 1511 2899 Sicut
1530 2844 1643 2912 ipse
1666 2840 1781 2896 dia-

180 2953 346 3010 bolus
377 2950 595 3007 modmn
635 2945 875 3016 accepit,
914 2955 1023 3013 quo
1052 2954 1221 3010 usque
1258 2936 1517 3006 afﬂigeret
1543 2934 1679 2999 Job;
1707 2932 1781 2988 ita

180 3045 321 3105 illud
374 3059 523 3101 mare
556 3057 663 3112 quo
689 3053 856 3109 usque
886 3040 1298 3112 persequeretur
1330 3028 1641 3084 Ecclesium.
1676 3026 1783 3081 Sed

180 3137 236 3191 in
278 3135 546 3204 tentetipso
576 3110 985 3185 contritinuetttur
1012 3125 1197 3195 ﬂuctus
1224 3110 1299 3175 tui
1326 3135 1344 3174 :
1373 3120 1574 3174 alterna
1606 3126 1783 3171 vasta-

182 3228 337 3284 tione
367 3223 753 3281 discordiarum
780 3229 942 3289 atqne
984 3216 1266 3271 bellorum.
1300 3212 1398 3265 Aut
1441 3209 1683 3279 numquid
1709 3219 1784 3262 te-

179 3338 305 3377 cum
355 3320 520 3374 lucem
545 3313 781 3370 constitui
824 3308 1164 3364 matutinum?
1190 3306 1241 3359 id
1266 3316 1378 3370 est,
1410 3321 1531 3360 cum
1561 3303 1788 3358 consilio

184 3422 286 3467 tuo
313 3418 532 3476 tempus
557 3400 966 3459 resurrectionis
995 3394 1405 3469 praedestinavi?
1431 3394 1531 3447 Aut
1560 3395 1789 3463 cognovit

182 3502 383 3571 lucifer
408 3498 638 3553 ordinem
681 3487 1315 3548 sunm?subaudiendttm
1364 3496 1478 3553 est,
1523 3486 1787 3556 Numquid

187 3590 426 3650 tacunt’
476 3589 753 3642 Dominum
796 3590 973 3638 autem
1023 3578 1300 3636 luciferum
1347 3580 1511 3644 dicit,
1574 3587 1791 3649 propter

190 3684 380 3755 ipsum
427 3680 742 3737 matutinum
774 3673 1181 3733 resurrectionis
1206 3680 1466 3728 exortum.
1501 3670 1617 3726 Non
1648 3671 1790 3726 enim

192 3777 265 3835 de
285 3776 400 3831 alio
424 3775 527 3830 dici
559 3772 745 3843 potuit,
773 3770 839 3824 Et
859 3768 1043 3837 lucifer
1066 3767 1262 3821 oriatur
1284 3766 1337 3819 in
1357 3763 1591 3819 cordibus
1615 3764 1792 3818 vestris

195 3870 269 3942 (ll
301 3868 451 3925 Petr.
479 3883 515 3931 ι,
541 3866 653 3936 l9).
687 3865 803 3933 Ipse
830 3861 1045 3932 agnovit
1076 3858 1322 3914 ordinem
1351 3873 1536 3924 suum,
1569 3868 1627 3910 ut
1650 3864 1793 3912 esset

198 3960 455 4036 primitias
469 3956 869 4015 dormientium,
900 3950 1279 4021 primogenitus
1306 3965 1335 4001 a
1362 3947 1584 4003 mortuis
1608 3946 1648 4020 (l
1671 3947 1789 4003 Cor.

200 4069 305 4119 xv,
336 4050 460 4121 20).
487 4057 643 4116 caput
675 4045 966 4107 Ecclesiae,
996 4052 1242 4097 secuturo
1281 4040 1439 4095 etiam
1476 4054 1702 4109 corpore
1740 4039 1791 4092 in

201 4144 381 4201 fututa
416 4138 804 4197 resurrectione
835 4144 1158 4190 sanctorum.
1191 4130 1580 4201 Appreltendere
1605 4146 1794 4201 pennas

202 4246 355 4291 teme
377 4252 396 4289 :
418 4234 615 4288 dictum
643 4239 764 4296 est,
792 4227 854 4283 Si
895 4226 1135 4296 recipiam
1180 4240 1370 4290 pennas
1410 4238 1546 4276 meas
1572 4222 1622 4275 in
1656 4221 1793 4275 dire-

204 4339 345 4384 ctum
393 4324 565 4399 (Psal.
606 4336 866 4386 cxxxvnt,
898 4319 988 4389 9);
1022 4318 1247 4373 virtutes
1280 4317 1463 4386 utique
1491 4315 1796 4385 spirituales

206 4420 482 4484 lidelium,
530 4416 723 4488 quibus
774 4429 803 4466 a
848 4410 1193 4466 sweularihus
1237 4407 1632 4478 suspenduntur
1678 4408 1794 4462 illc—

207 4511 404 4567 cehris.
437 4504 881 4573 Excutereimpios
900 4518 962 4556 ea:
974 4518 1054 4555 ea.
1084 4500 1162 4555 Ad
1182 4501 1280 4555 hoc
1306 4500 1448 4556 enim
1483 4500 1626 4569 prior
1652 4507 1797 4553 tanto

209 4610 333 4658 ante
382 4597 677 4657 resurrexit
718 4608 1013 4666 agnoscens
1036 4591 1276 4646 ordinem
1318 4606 1505 4657 suum,
1554 4601 1611 4643 nt
1640 4589 1798 4644 fidem

211 4687 626 4747 resurrectionis
657 4685 966 4749 insinuaret,
998 4689 1158 4752 atque
1181 4696 1275 4750 per
1305 4681 1446 4751 ipsas
1475 4695 1676 4749 pennas
1700 4681 1799 4735 Ec-

213 4782 393 4839 clesia:
439 4780 635 4850 ubique
665 4776 1011 4848 praedicatus,
1063 4772 1363 4828 ministerio
1406 4771 1798 4825 circumvolan-

215 4874 345 4930 tium
372 4871 715 4933 nuntiorum,
743 4867 885 4938 jttste
908 4863 1274 4937 apprehendat
1302 4877 1393 4917 eas
1421 4862 1471 4916 itt
1500 4876 1635 4931 opus
1660 4861 1800 4931 judi—

217 4964 370 5020 cattdi
417 4961 698 5018 duodecim
737 4958 907 5014 tribus
946 4956 1138 5020 Israel,
1164 4970 1285 5011 cum
1312 4955 1514 5010 venerit
1554 4963 1803 5009 catt-utere

220 5055 411 5126 impios
440 5069 505 5108 ex
551 5050 794 5107 Ecclesia
821 5090 837 5113 ,
880 5048 969 5119 qui
1018 5063 1159 5102 nunc
1202 5054 1326 5101 ante
1375 5045 1631 5114 judicium
1680 5059 1795 5114 per.

224 5147 368 5202 mixti
415 5145 729 5201 tolerantur.
762 5140 829 5194 Et
861 5150 915 5193 tu
944 5155 1148 5192 sumens
1186 5146 1333 5191 terra:
1374 5137 1533 5191 ltttmn
1576 5136 1805 5206 ﬁgurasti

225 5239 456 5295 animal?
502 5239 614 5292 sive
644 5237 817 5307 ipsum
871 5232 1040 5287 Adam
1066 5238 1485 5291 commemoret,
1524 5228 1637 5283 sive
1664 5227 1804 5298 quod

228 5343 364 5385 nunc
391 5340 541 5386 sexta
556 5335 712 5384 aetate
736 5325 938 5389 saeculi,
966 5324 1103 5378 sicut
1123 5333 1247 5376 tunc
1272 5333 1424 5376 sexto
1453 5320 1559 5383 die,
1590 5318 1658 5374 de
1688 5333 1809 5389 pcc-

229 5421 523 5488 catoribus,
568 5432 817 5489 tanquam
844 5415 911 5470 de
950 5414 1060 5468 luto
1087 5422 1276 5477 terrae,
1324 5412 1485 5466 homo
1526 5410 1693 5465 factus
1728 5418 1810 5465 est

231 5512 516 5567 secundum
537 5508 820 5580 imaginem
851 5504 968 5575 ejus
988 5504 1077 5574 qui
1101 5503 1301 5558 creavit
1327 5516 1450 5557 eum
1483 5497 1632 5572 (Gen.
1656 5516 1691 5564 ι,
1715 5500 1806 5565 27,

234 5611 277 5656 et
305 5620 361 5671 ιι,
392 5605 467 5679 7).
516 5604 632 5661 Non
661 5602 839 5672 utique
868 5598 967 5653 hoc
993 5597 1119 5654 fecit
1150 5596 1424 5662 Ecclesia,
1466 5594 1560 5651 sed
1604 5595 1655 5649 in
1707 5593 1810 5651 hoc

234 5696 406 5765 potius
430 5700 563 5756 facta
593 5705 674 5753 est
712 5709 808 5765 per
836 5691 1070 5747 Verbum
1095 5698 1399 5759 Opportune
1439 5697 1681 5760 tempore
1719 5689 1807 5747 in-

550 5792 772 5853 Ssscr.
807 5786 938 5849 Ave
952 5801 1088 5846 usr.
1124 5782 1234 5847 Ill.

1577 257 1781 315 LIBER
1816 255 2018 316 UNUS.

3338 249 3449 307 δτι

1857 376 2165 432 carnatum,
2213 380 2311 436 per
2336 364 2480 435 quod
2525 363 2660 420 facta
2704 372 2829 419 sunt
2865 364 3041 419 omnia
3069 364 3259 435 (Joan.
3291 382 3331 432 ι,
3363 365 3445 437 3).

1860 460 1928 516 Et
1945 461 2194 531 famosum
2209 474 2321 512 eum
2340 458 2551 528 posuisti
2568 474 2723 526 super
2742 468 2927 512 terram
2946 458 2971 511 .7
2988 456 3150 526 Magis
3168 459 3267 511 iste
3286 458 3446 516 homo

1820 554 1829 563 ’
1862 554 2096 608 famosus
2122 551 2324 621 positus
2345 566 2505 622 super
2535 560 2755 614 terram,
2784 550 2875 621 qui
2905 561 3053 605 sexta
3083 561 3238 605 artato
3266 554 3447 609 saeculi

1862 643 2031 699 factus
2051 652 2165 709 est,
2211 658 2368 714 quam
2397 643 2486 698 ille
2514 643 2601 711 qui
2633 651 2780 698 sexta
2808 643 2924 710 die,
2956 654 3238 713 antequam
3267 658 3451 703 essent

1861 736 2042 791 cteteri
2087 734 2363 800 homines,
2414 750 2509 804 per
2531 750 2665 805 quos
2693 736 3055 791 dillhtnaretur
3083 754 3097 790 :
3130 738 3230 792 nisi
3277 738 3447 807 forte,

1861 829 1984 900 quia
2013 843 2153 883 nunc
2179 828 2248 882 ita
2280 827 2527 881 innotuit.
2559 825 2625 880 Et
2663 827 2913 881 abstulisti
2939 830 3001 882 ab
3036 830 3205 900 impiis
3246 833 3452 887 lucem!

1863 921 1999 975 sicut
2027 921 2115 976 ille
2143 921 2232 991 qui
2254 919 2421 984 venit,
2451 930 2508 974 ιιι
2532 920 2620 990 (ιιιί
2648 937 2750 973 non
2775 921 2982 986 vident,
3015 922 3259 989 videant;
3288 941 3341 979 et
3361 928 3449 995 qui

1862 1013 2076 1078 vident,
2105 1013 2232 1068 αεεί
2256 1010 2517 1081 fiant(ld.
2547 1028 2625 1073 ιχ,
2657 1012 2770 1085 '59).
2805 1014 2905 1067 Aut
2924 1014 3183 1070 brachium
3210 1021 3455 1090 superbo-

1864 1121 1977 1157 rum
2002 1104 2381 1159 conuninnisti?
2407 1105 2697 1174 potentiam
2733 1120 2951 1169 eorum,
2983 1108 3122 1164 sicut
3148 1110 3237 1165 ille
3257 1113 3345 1181 qui
3370 1114 3456 1167 in-

1866 1194 2016 1250 ﬁrma
2037 1194 2217 1249 mundi
2235 1196 2412 1265 elegit.
2434 1204 2490 1249 ut
2509 1196 2860 1251 confunderet
2885 1197 3037 1252 fortia
3064 1199 3105 1267 (l
3132 1199 3232 1253 Cor
3275 1219 3312 1265 ι,
3337 1204 3451 1273 27).

1866 1284 1965 1339 Aut
1994 1286 2166 1341 venisti
2193 1285 2263 1339 ad
2303 1286 2491 1356 fontem
2534 1288 2729 1342 maris?
2771 1288 2907 1343 sicut
2955 1290 3073 1357 illc,
3106 1293 3188 1346 cui
3220 1295 3457 1351 venienti

1869 1376 2035 1477 patuit
2059 1375 2365 1431 conﬁtendo
2397 1377 2649 1448 quidquid
2690 1381 2953 1435 occoltum
2985 1393 3098 1437 erat
3128 1385 3178 1438 in
3205 1386 3459 1445 cordibus

1870 1466 2151 1535 impiorum
2171 1507 2186 1530 ,
2212 1467 2301 1537 qui
2329 1468 2598 1523 credendo
2629 1468 2679 1522 in
2707 1484 2827 1524 eum
2854 1471 3124 1538 justificati
3151 1488 3292 1530 sunt.
3322 1477 3459 1536 Nam

1869 1571 2028 1625 quem
2057 1557 2257 1611 fontem
2294 1558 2457 1612 maris
2484 1560 2673 1614 melius
2701 1561 3021 1629 accipimus,
3058 1566 3155 1618 nisi
3187 1578 3455 1624 secretum

1873 1647 2014 1702 unde
2039 1648 2271 1717 erumpit
2307 1649 2482 1704 onmis
2518 1651 2631 1704 h'ec
2657 1652 2988 1706 amarissima
3034 1654 3311 1723 impietas,
3340 1676 3461 1728 quae

1873 1738 2114 1808 ingentes
2154 1738 2346 1793 fluctus
2365 1740 2475 1809 jam
2505 1740 2906 1795 manifestortun
2937 1745 3195 1799 malorum
3236 1764 3461 1816 operum

1872 1831 2122 1896 concitat,
2145 1847 2262 1901 qua:
2279 1832 2460 1887 vident
2478 1831 2722 1889 homines
2744 1834 2792 1887 in
2814 1837 3012 1905 apertis
3042 1837 3213 1904 faelis,
3238 1842 3326 1910 qui
3349 1843 3466 1896 fon-

1875 1931 1981 1977 tem
2012 1923 2186 1992 ipsum
2226 1922 2408 1978 videre
2436 1941 2540 1977 non
2565 1925 2827 1994 possunt?
2850 1926 2949 1979 Aut
2975 1928 3026 1981 in
3050 1930 3267 2000 vestigiis
3295 1933 3466 2003 abyssi

1874 2016 2143 2070 ambulas?
2172 2016 2408 2088 Ahyssus
2429 2017 2517 2072 hic
2537 2027 2680 2072 recte
2708 2019 3014 2088 intelligitur
3044 2021 3144 2075 vita
3169 2025 3461 2089 sa-cnlaris,

1876 2126 2226 2180 qumcumque
2249 2111 2394 2164 estin
2422 2110 2683 2179 profundo
2710 2113 2964 2167 malorttm
2990 2155 3005 2176 ,
3035 2130 3160 2183 quo,
3184 2115 3315 2170 sirut
3336 2119 3471 2172 scri-

1877 2212 2024 2273 ptum
2041 2211 2142 2267 est,
2161 2219 2275 2257 cum
2291 2203 2476 2257 venerit
2490 2214 2717 2271 peccator
2728 2215 3003 2258 contemnet
3022 2204 3200 2275 (Prov.
3219 2224 3365 2267 xvnt.
3385 2208 3463 2279 ὅ).

1877 2296 2009 2363 Quia
2038 2295 2135 2365 ipsi
2162 2310 2372 2365 quoque
2414 2294 2855 2362 dcsperatissimi,
2897 2296 3118 2364 subjecti
3162 2298 3343 2368 gt‘aliu:
3377 2316 3472 2368 per

1880 2386 2287 2440 remissionem‘
2314 2395 2653 2457 peccatorum
2697 2388 2828 2440 salvi
2869 2387 2989 2442 facti
3035 2401 3391 2457 emerserunt,
3418 2399 3475 2447 et

1879 2487 2200 2545 receperunt
2222 2475 2492 2531 Christum
2528 2496 2540 2529 :
2575 2493 2679 2533 non
2720 2479 2770 2531 in
2814 2480 3065 2551 abyssum
3111 2498 3215 2549 quo
3258 2498 3473 2553 preme-

1882 2566 2108 2633 bantur;
2141 2566 2233 2622 setl
2266 2567 2318 2621 in
2344 2567 2517 2622 locum
2550 2571 2685 2635 ejus,
2714 2578 2768 2623 ιιι
2795 2571 2877 2624 tibi
2918 2573 3223 2626 amhttlahat
3263 2576 3475 2632 calcans

1882 2674 1994 2723 eos,
2027 2658 2263 2713 ambulet
2285 2658 2586 2713 inhabitans
2605 2675 2698 2714 eos
2717 2660 2989 2725 Christus;
3018 2664 3067 2716 in
3085 2665 3302 2734 vestigiis
3328 2666 3479 2736 abys-

1884 2750 1949 2815 si,
1982 2749 2380 2805 rcntanentilms
2406 2763 2500 2820 per
2521 2752 2827 2805 memoriam
2861 2765 3192 2820 peccatorum
3234 2774 3475 2826 suorum,

1888 2849 1947 2895 ut
1988 2840 2114 2895 dum
2148 2841 2388 2896 recolunt
2412 2842 2503 2897 ubi
2534 2841 2745 2906 fuerint,
2796 2846 3025 2913 amplius
3063 2848 3280 2917 diligant
3318 2866 3479 2920 quem

1886 2942 2221 3003 receperunt.
2256 2949 2409 3003 aquo
2437 2934 2535 2989 sibi
2580 2943 2724 2988 tanta
2769 2936 2985 2989 dimissa
3032 2952 3155 2991 Sttttt
3199 2939 3361 3009 (Luc.
3386 2960 3479 3010 vn,

1886 3024 2095 3095 4147).
2148 3023 2250 3078 Aut
2277 3025 2365 3079 tibi
2391 3027 2690 3096 aperiuntur
2714 3036 2843 3078 metu
2871 3039 3029 3097 porta:
3056 3031 3267 3085 mortis?
3294 3034 3483 3086 Omni-

1889 3115 1988 3170 bus
2015 3116 2157 3170 enim
2200 3117 2546 3172 morientibus
2588 3119 2900 3184 aperiuntur
2950 3134 3113 3189 portae
3156 3125 3360 3191 mortis,
3388 3126 3484 3181 sed

1892 3221 1996 3260 non
2025 3217 2195 3271 metu,
2227 3208 2366 3262 sicut
2407 3208 2496 3262 uni
2533 3208 2606 3263 illi
2630 3210 2717 3279 qui
2746 3210 3079 3267 destruenda:
3111 3216 3294 3271 mortis
3323 3232 3486 3274 causa

1891 3306 2131 3350 mortuus
2160 3306 2263 3352 est.
2310 3300 2415 3353 Aut
2450 3308 2599 3353 certe
2642 3302 2953 3369 aperiuntur
2977 3304 3043 3355 ad
3077 3308 3485 3375 resurgentium.

1893 3385 1994 3438 Aut
2013 3389 2262 3455 janitores
2283 3390 2468 3457 inferni
2493 3391 2712 3444 videntes
2732 3402 2800 3455 te,
2828 3394 3135 3448 timuerunt?
3161 3397 3293 3450 sicut
3340 3400 3486 3453 illum

1897 3492 2080 3579 unum,
2112 3477 2163 3531 in
2203 3493 2308 3548 quo
2338 3479 2467 3533 nihil
2492 3480 2707 3549 dignum
2760 3492 2931 3536 morte
2963 3483 3208 3553 princeps
3252 3487 3433 3542 mundi
3464 3491 3487 3522 ⁸

1896 3570 2117 3632 invenit,
2150 3585 2308 3639 quem
2327 3580 2431 3623 tam
2454 3571 2561 3623 (tito
2577 3570 2910 3633 dimiserunt,
2939 3589 3093 3643 quem
3118 3575 3269 3629 inviti
3315 3577 3489 3631 admi-

1898 3670 2100 3717 serunt.
2136 3661 2291 3716 Inferi
2314 3670 2491 3716 autem
2516 3661 2792 3731 janitores,
2820 3665 3008 3733 aliquae
3035 3666 3309 3723 inferiores
3341 3679 3491 3738 pote-

1896 3765 2063 3812 states
2105 3756 2259 3810 morti
2291 3755 2588 3825 rrteposita:
2610 3756 2967 3826 intelligenda:
2996 3768 3136 3812 sunt.
3171 3762 3266 3813 Aut
3301 3780 3490 3833 cogno-

1897 3850 2011 3904 visti
2035 3850 2350 3903 latitudinem
2377 3849 2471 3903 sub
2491 3849 2653 3904 mlo?
2676 3850 2815 3903 sicut
2839 3852 3084 3919 cognovit
3108 3854 3195 3921 qui
3230 3870 3322 3924 per
3349 3856 3491 3912 illam

1899 3943 2106 3999 dill'ttdit
2134 3942 2443 3998 Ecclesium.
2498 3940 2671 3996 Narra
2725 3959 2842 4014 ergo
2887 3944 3010 3996 nti/ti
3046 3954 3235 4015 quanta
3280 3965 3492 4018 quau/uc

1898 4036 2019 4091 sint.
2061 4035 2192 4102 Quis
2234 4035 2376 4089 enim
2425 4034 2524 4087 hoc
2568 4034 2719 4095 sciat.
2769 4035 2867 4087 nisi
2911 4052 3067 4104 quem
3098 4037 3184 4091 ille
3212 4037 3492 4094 docuerit?

1898 4126 1999 4181 Aut
2049 4127 2100 4180 in
2129 4144 2229 4198 qua
2255 4135 2391 4180 terra
2419 4126 2608 4179 habitat
2642 4124 2768 4179 lux?
2798 4123 2889 4179 Ille
2932 4127 3075 4180 enim
3131 4127 3319 4190 dot-et,
3369 4131 3492 4199 quia

1900 4218 2255 4274 manifestatio
2282 4218 2561 4272 verborum
2586 4216 2701 4283 ejus
2729 4216 3003 4279 illmninal,
3025 4227 3079 4270 et
3103 4218 3395 4287 intelligere
3415 4219 3494 4273 fa-

1900 4312 2218 4367 citinfantes
2266 4307 2446 4379 (Psttl.
2492 4322 2673 4371 cxvttt,
2704 4305 2861 4377 150).
2910 4306 3008 4359 Ant
3033 4309 3143 4376 quis
3179 4308 3492 4363 tenebrarum

1902 4401 2078 4456 locus?
2109 4400 2217 4454 lloc
2261 4413 2472 4467 ιιιιοιιιιε
2515 4396 2602 4451 ille
2648 4394 2826 4460 docet,
2871 4396 2961 4464 qui
2988 4396 3135 4457 dicit,
3169 4397 3400 4450 Accedite
3424 4401 3491 4455 ad

1902 4512 2036 4555 cum,
2057 4503 2102 4546 et
2120 4490 2479 4545 illuminamini
2505 4487 2654 4559 (Psal
2680 4504 2863 4551 χχχιιι,
2883 4488 2962 4556 6).
2996 4488 3127 4544 lliuc
3148 4477 3291 4545 enim
3314 4503 3496 4549 osten-

1903 4585 1981 4639 dit
2003 4600 2097 4639 eos
2129 4581 2497 4637 tenebrcSt-cre
2535 4580 2625 4650 qui
2667 4580 2935 4635 recedunt.
2979 4581 3105 4636 dum
3148 4584 3327 4638 nolunt
3376 4601 3497 4643 esse

1904 4678 2152 4733 infantes.
2184 4674 2395 4729 Initium
2422 4673 2563 4727 enim
2611 4673 2875 4741 superbia:
2917 4672 3164 4739 hominis,
3195 4688 3498 4744 apostatarc

1904 4785 1934 4823 a
1969 4770 2077 4824 Deo
2105 4767 2124 4839 (
2149 4765 2306 4821 Eccli.
2340 4782 2393 4831 x,
2437 4766 2547 4835 14).
2599 4765 2723 4819 ΙιιιΙε
2748 4765 2836 4835 qui
2888 4780 2991 4818 non
3016 4767 3448 4835 glorificaverunt
3475 4771 3496 4801 '

1909 4862 2098 4923 Deum,
2128 4868 2218 4913 ant
2246 4860 2442 4929 gratias
2463 4866 2702 4925 egerunt,
2733 4868 3063 4912 evanuerunt
3089 4859 3137 4912 ia
3166 4861 3499 4929 cogitationi-

1907 4950 2004 5005 bus
2028 4950 2159 5015 suis,
2191 4959 2245 5003 et
2268 4949 2603 5003 obscuratum
2630 4956 2711 5002 est
2741 4946 2993 5017 insipiens
3012 4962 3105 5001 eor
3120 4965 3300 5001 eorum
3320 4949 3500 5017 (Rom.

1910 5058 1946 5108 ι,
1970 5042 2086 5110 2|),
2117 5050 2173 5096 et
2195 5040 2315 5094 facti
2349 5050 2472 5094 sunt
2507 5040 2843 5094 tenebrarum
2894 5039 3061 5092 locus.
3096 5037 3204 5091 Nisi
3252 5038 3386 5093 forte
3412 5039 3500 5096 ille

1910 5145 1991 5190 est
2032 5134 2367 5188 tenebrarum
2413 5132 2579 5191 lorus,
2625 5130 2715 5198 qtti
2754 5128 2951 5196 excipit
3001 5139 3400 5195 perseverantes
3445 5132 3501 5187 in

1914 5224 2161 5295 pet-caus,
2189 5234 2245 5277 ut
2272 5222 2370 5292 ipsi
2411 5221 2517 5276 sint
2561 5220 2813 5281 lCllel‘il},
2845 5234 3067 5288 quarum
3101 5218 3186 5272 ille
3215 5231 3297 5274 est
3327 5221 3499 5291 locus,

1912 5336 2068 5391 quctu
2096 5334 2220 5373 vere
2242 5317 2417 5370 nullus
2444 5316 2715 5369 hominum
2749 5314 2912 5368 novit.
2962 5314 3217 5369 Similiter
3243 5324 3298 5369 et
3337 5324 3500 5382 terra,

1914 5412 1967 5467 in
1997 5428 2099 5482 qua
2123 5409 2321 5464 habitat
2346 5407 2456 5471 lux,
2477 5416 2648 5476 potest
2670 5405 2886 5475 intelligi
2916 5414 3053 5459 terra
3072 5406 3159 5460 illa
3188 5406 3499 5476 viventium,

1980 5574 1997 5606 ι
2026 5580 2121 5620 sm.
2144 5575 2219 5617 Er.
2247 5574 2299 5617 et
2321 5565 2543 5629 plerique
2561 5572 2690 5629 Ms_s.,
2708 5562 2882 5629 gratim
2904 5560 3211 5629 remissionis.

1978 5636 2000 5666 ³
2022 5620 2334 5705 t-‘loriaceusis
2548 5620 2975 5705 princepspwrtis.
2999 5625 3143 5678 Paulo
3164 5620 3402 5702 postlim.
3425 5633 3503 5679 Er.

1920 5703 1972 5751 et
1991 5694 2215 5760 met-utve
2233 5699 2362 5754 Mss,
2385 5703 2527 5755 quem
2541 5688 2970 5743 inviti
3164 5688 3181 5692 ⁷
3276 5690 3289 5702 ’

2756 5770 3221 5859 (νεηθιοήιιὸι.λ
