3874 6308
476 468 601 516 rent
620 456 703 512 vel
737 454 1063 509 voluntatem
1088 446 1343 520 jussionis
1379 455 1514 511 tuae,
1545 445 1685 502 sicut
1719 444 1912 502 Saulus
1951 442 2064 511 ait,

481 551 619 619 Quid
643 566 722 604 me
736 548 887 620 jubes
914 549 1080 615 facere
1108 542 1242 613 (Act.
1270 554 1346 602 ix,
1374 536 1467 611 6)?
1490 548 1582 593 aut
1612 553 1762 609 spem
1806 534 2068 592 mercedis

478 658 623 711 suae,
654 641 791 696 sicut
815 638 1096 699 dixerunt,
1123 631 1256 691 Ecce
1280 631 1562 686 dimisimus
1585 630 1758 686 omnia
1775 669 1792 697 ,
1834 639 1881 683 et
1910 626 2068 682 secuti

480 751 660 791 sumus
685 745 769 797 te;
795 730 916 802 quid
939 743 1058 800 ergo
1082 726 1174 781 erit
1203 723 1344 779 nobis
1371 720 1583 796 (Matth.
1609 737 1703 777 ιιι
1722 761 1740 789 ,
1765 720 1898 791 27)?
1943 717 2068 786 Quis

477 826 617 881 dedit
666 821 959 878 mulieribus
1012 827 1226 873 textura:
1277 814 1615 887 sapientiam,
1678 822 1726 869 et
1769 812 2067 867 varietatum

476 916 783 973 scientiam?
830 912 985 967 Texit
1017 918 1072 966 et
1112 907 1253 979 apud
1294 905 1640 963 Salomoncm
1681 904 1874 959 mulier
1899 901 2065 959 vesti-

474 1017 657 1065 menta
689 1005 801 1061 viro
824 1019 922 1059 suo
951 1001 1130 1075 (Prov.
1158 1014 1312 1064 XXXI,
1352 996 1563 1069 10-24).
1598 997 1773 1068 Opera
1813 1010 1941 1066 ergo
1985 995 2067 1050 in-

479 1098 764 1171 telligenda
795 1106 919 1153 sunt
944 1094 1306 1149 Ecclesiarum
1325 1132 1343 1159 ,
1372 1090 1567 1162 quibus
1586 1090 1879 1146 honoratur
1901 1089 2060 1145 Deus.

474 1191 608 1248 Nam
636 1200 690 1246 et
709 1190 822 1259 ipsa
848 1196 1054 1244 textura
1074 1227 1090 1252 ,
1118 1184 1170 1241 id
1196 1192 1301 1251 est,
1328 1184 1567 1238 inlirmos
1586 1181 1796 1249 fratres,
1815 1190 2065 1252 tanquam

473 1281 869 1351 lanuginantem
899 1288 1122 1333 tramam
1150 1276 1430 1331 lirmorum
1451 1282 1613 1346 atque
1636 1282 1935 1330 erectorum
1951 1272 2065 1342 spi-

472 1372 743 1430 ritualium
766 1372 807 1439 ¹,
834 1371 982 1443 quasi
1003 1368 1290 1426 staminum
1318 1368 1660 1425 contestione
1699 1367 2066 1439 constringere

474 1469 765 1520 maximum
787 1472 843 1518 et
861 1462 1129 1533 singulare
1153 1475 1288 1531 opus
1315 1468 1400 1516 est
1431 1458 1813 1514 Ecclesiarum.
1853 1458 1919 1513 Et
1964 1472 2063 1512 va-

474 1557 723 1613 rietatum
762 1554 985 1611 scientia
1016 1552 1084 1607 ad
1126 1551 1178 1607 id
1202 1552 1372 1618 valet,
1400 1559 1485 1619 ut,
1518 1560 1768 1622 tanquam
1814 1550 1867 1606 in
1914 1549 2064 1620 poly-

474 1649 605 1703 mito
628 1661 691 1702 ea
720 1656 803 1701 est
826 1645 1055 1700 varietas
1079 1643 1319 1699 colorum
1335 1683 1352 1710 ,
1376 1658 1481 1713 qua
1504 1657 1610 1697 non
1638 1642 1879 1698 turbetur
1901 1642 2063 1697 decus

476 1740 726 1805 unitatis;
750 1740 827 1794 sic
852 1738 905 1793 in
933 1736 1184 1793 fratribus
1199 1736 1268 1790 ita
1294 1734 1555 1789 sintdona
1580 1733 1816 1801 diversa,
1834 1741 1892 1786 ut
1915 1731 2061 1787 nulla

472 1830 685 1887 invidia:
715 1826 1070 1899 discrepantia
1112 1826 1418 1882 cohaereant
1446 1825 1583 1891 sibi,
1625 1824 1943 1880 sufferentes
1982 1821 2062 1876 in-

473 1924 642 1978 vicem
674 1923 725 1978 in
763 1921 1047 1977 dilectione
1070 1962 1085 1989 ,
1117 1920 1393 1975 studentes
1422 1933 1637 1975 servare
1665 1917 1920 1972 unitatem
1950 1915 2058 1985 spio

472 2019 605 2073 ritus
634 2016 683 2071 in
714 2015 922 2071 vinculo
951 2013 1096 2085 pacis
1130 2010 1347 2085 (Ephes.
1376 2028 1447 2080 iv,
1481 2011 1551 2077 2,
1579 2008 1658 2081 5).
1703 2009 1804 2063 Aut
1837 2008 1949 2079 quis
1989 2016 2063 2064 est

470 2109 555 2178 qui
578 2117 801 2162 numeret
828 2106 982 2162 nubes
1004 2104 1253 2174 sapientia
1272 2105 1298 2159 Ρ
1321 2102 1477 2159 Novit
1504 2102 1649 2158 enim
1676 2100 1932 2156 Dominus
1970 2099 2061 2171 qui

472 2210 594 2254 sunt
622 2200 736 2270 ejus
764 2199 832 2272 (ll
864 2198 999 2252 Tim.
1032 2213 1087 2263 ιι,
1122 2195 1208 2269 19)
1241 2195 1399 2266 :quis
1421 2202 1599 2249 autem
1621 2192 1721 2248 hoc
1760 2190 2058 2257 hominum,

471 2291 671 2359 inquit,
710 2290 889 2344 novit?
940 2286 1004 2343 Et
1043 2304 1235 2360 organa
1270 2284 1383 2341 coeli
1422 2284 1476 2339 in
1515 2293 1702 2339 terram
1752 2282 2063 2337 declinavit?

470 2374 705 2453 Angelos
742 2370 1149 2452 coelestes,iper
1166 2394 1303 2451 quos
1342 2377 1537 2434 divina:
1589 2391 1749 2433 voces
1794 2374 2060 2431 enuntiari

473 2473 666 2527 solent.
722 2472 837 2527 Non
886 2472 1030 2528 enim
1086 2470 1397 2526 ceciderunt
1428 2469 1569 2525 sicut
1619 2467 1709 2523 ille
1757 2482 1926 2535 unus,
1965 2463 2061 2521 sed

467 2567 608 2623 llexu
648 2564 965 2621 obedientize
993 2561 1242 2618 declinati
1290 2548 1416 2617 sunt
1456 2560 1509 2615 in
1551 2568 1780 2623 terram;
1830 2557 2063 2613 maxime

468 2674 590 2711 cum
613 2665 668 2710 et
692 2656 804 2725 ipse
832 2655 1089 2709 Dominus
1115 2637 1262 2708 esset
1291 2651 1343 2707 in
1372 2663 1532 2707 terra.
1574 2648 1706 2706 Nam
1735 2647 2060 2719 evangelista

467 2747 658 2818 inquit,
690 2745 755 2799 Et
780 2745 955 2817 Ληρειὶ
993 2742 1345 2797 ministrabant
1363 2742 1411 2796 ei
1439 2740 1658 2813 (Matth.
1691 2756 1763 2809 tv,
1799 2740 1912 2810 ll).
1939 2737 2063 2810 Dif-

466 2842 611 2911 fusus
634 2849 706 2893 est
726 2850 895 2893 autem
912 2837 1040 2892 sicut
1066 2846 1197 2890 terra
1225 2835 1353 2890 cinis
1371 2822 1400 2899 ,’
1415 2844 1461 2889 et
1477 2833 1805 2905 agglutinavit
1829 2849 1941 2886 eum
1960 2832 2061 2886 sic-

466 2941 523 2983 ut
567 2931 818 3000 lapidibus
860 2928 1083 2981 .ibum’.
1111 2926 1305 2981 Dillusa
1334 2934 1418 2980 est
1456 2925 1561 2979 late
1590 2932 1748 2994 atque
1779 2922 2057 2978 abundau-

476 3030 556 3076 ter
584 3020 853 3074 humilitas
876 3018 1225 3089 pmnitentim,
1249 3015 1316 3070 ad
1344 3014 1446 3070 hoc
1478 3023 1536 3069 ut
1567 3014 1822 3068 Dominus
1848 3014 1937 3084 qui
1964 3028 2057 3067 su-

472 3112 651 3180 perbis
679 3110 895 3175 resistit,
928 3107 1215 3162 humilibus
1235 3114 1414 3160 autem
1439 3104 1530 3158 dat
1553 3104 1775 3174 gratiam
1802 3102 1844 3175 (l
1870 3101 1983 3157 Pet.
2003 3118 2055 3170 v,

472 3205 552 3275 5),
576 3202 871 3258 cohaereret
891 3202 969 3256 eis
983 3209 1232 3271 tanquam
1248 3196 1450 3269 glutine
1465 3195 1759 3261 charitatis,
1779 3194 1941 3251 homo
1959 3196 2058 3251 ho-

474 3296 737 3359 minibus;
773 3304 827 3349 ut
868 3292 1133 3348 mediator
1157 3299 1305 3347 esset
1334 3288 1431 3345 Dei
1450 3297 1506 3345 et
1526 3287 1804 3343 hominum
1833 3287 1886 3362 (I
1916 3286 2054 3342 Tim.

471 3405 529 3457 ιι,
557 3387 634 3455 5),
661 3387 893 3457 seipsum
923 3384 1025 3439 illis
1045 3383 1178 3439 dans
1196 3382 1373 3438 cibum
1390 3396 1487 3453 per
1508 3380 1907 3437 Sacramentum
1934 3396 2057 3436 cor—

472 3480 616 3549 poris
654 3487 707 3533 et
735 3476 1007 3547 sanguinis
1030 3474 1133 3543 sui,
1161 3474 1321 3530 stulta
1348 3472 1532 3529 mundi
1571 3483 1820 3544 tanquam
1856 3472 2058 3543 lapides

471 3573 695 3645 eligens,
726 3580 783 3625 ut
806 3567 1096 3624 confundat
1119 3568 1387 3638 sapientes
1412 3564 1454 3640 (Ι
1477 3565 1595 3621 Cor.
1624 3580 1663 3633 ι,
1684 3564 1797 3639 27).
1840 3564 2058 3636 Angelis

467 3668 611 3723 cnim
658 3666 808 3721 cibus
851 3672 934 3719 est
978 3663 1029 3718 in
1061 3669 1318 3733 quantum
1366 3669 1449 3716 est
1490 3658 1721 3714 Verbum
1775 3658 1868 3713 Dei
1915 3657 2057 3728 apud

467 3758 635 3814 Deum
666 3775 679 3811 :
714 3756 976 3828 lapidibus
1005 3769 1183 3810 autem
1214 3762 1271 3809 ut
1290 3753 1441 3809 cibus
1468 3762 1613 3808 esset
1631 3793 1647 3820 ,
1674 3750 1906 3807 Verbum
1931 3766 2058 3807 caro

468 3850 666 3907 factum
705 3859 818 3912 est,
865 3856 921 3903 et
962 3846 1221 3903 habitavit
1261 3847 1314 3900 in
1345 3845 1501 3901 nobis
1522 3845 1781 3917 (Joan.t,
1823 3848 1886 3911 1,
1942 3847 2055 3919 ll).

469 3938 1051 4013 Ergo’agglutinabitur
1080 3937 1405 4004 hominibus,
1430 3936 1764 4006 princedente
1788 3938 2056 4007 pmniten-

475 4034 571 4100 tia,
604 4027 854 4101 tanquam
890 4029 1025 4084 cinis
1064 4027 1390 4083 diffundatur
1419 4026 1620 4081 iaciens
1640 4027 1689 4083 ei
1716 4028 1876 4082 viam.
1924 4027 2057 4084 llinc

470 4127 562 4182 ille
583 4125 674 4196 qui
698 4123 927 4187 dicebat,
957 4120 1136 4176 Facite
1164 4137 1282 4192 ergo
1308 4123 1501 4191 [ructus
1527 4118 1707 4189 dignos
1730 4120 2052 4190 pwnitentiw,

468 4229 515 4275 et
545 4235 607 4273 ne
635 4216 863 4271 dixeritis
888 4214 1043 4279 vobis,
1070 4212 1274 4267 Patrem
1296 4212 1538 4267 habemus
1561 4211 1819 4266 Abraham
1841 4228 1860 4267 :
1880 4221 2055 4282 potens

468 4321 542 4366 est
588 4309 722 4365 enim
770 4307 907 4361 Deus
950 4305 1014 4361 de
1055 4303 1309 4375 lapidibus
1359 4312 1605 4359 suscitare
1651 4303 1787 4372 filios
1838 4303 2055 4359 Abrahae

469 4400 686 4474 (Matth.
713 4415 799 4466 ιιι,
832 4400 886 4465 8,
913 4396 970 4470 9)
1004 4413 1018 4452 :
1046 4397 1237 4469 quibus
1259 4394 1522 4466 lapidibus
1546 4410 1669 4450 eum
1700 4404 1948 4467 tanquam
1978 4395 2055 4451 ci-

468 4493 595 4549 bum
650 4490 1081 4563 agglutinandum
1125 4504 1246 4544 esse
1286 4486 1581 4543 nuntiabat.
1633 4487 1688 4543 Si
1729 4497 1906 4543 autem
1946 4503 2053 4544 non

467 4581 724 4653 praecedit
759 4581 1027 4636 humilitas
1086 4577 1409 4650 pcenitcndi,
1461 4594 1570 4633 non
1620 4578 2049 4649 agglutinabitur,

466 4672 590 4743 quia
614 4672 821 4727 excelsa
847 4688 877 4725 a
902 4672 1055 4743 longe
1078 4669 1354 4742 cognoscit
1381 4666 1551 4739 (Psal.
1580 4684 1817 4734 cxxxvn,
1844 4672 1921 4739 6).
1953 4672 2055 4725 Aut

468 4764 639 4833 ctqrics
665 4760 800 4817 leoni
824 4778 979 4827 escas,
1009 4771 1099 4816 aut
1124 4761 1320 4815 animus
1361 4761 1638 4815 draconum
1677 4762 1928 4831 replebis?
1976 4763 2052 4820 De

468 4855 686 4913 diabolo
709 4852 909 4910 dictum
929 4862 1033 4921 est,
1065 4851 1133 4907 Et
1155 4850 1475 4907 conculcabis
1500 4851 1691 4907 leonem
1710 4862 1755 4906 et
1784 4852 2053 4909 draconem

467 4946 640 5021 (Psal.
673 4963 762 5012 xc,
788 4947 877 5019 15)
910 4964 924 5001 :
950 4955 1170 5018 propter
1194 4944 1416 5000 insidias
1439 4952 1497 5001 et
1516 4945 1667 5001 iram.
1695 4944 1895 5004 Omnes
1925 4963 2052 5021 ergo

461 5041 639 5114 angeli
664 5042 782 5113 ejus
802 5039 1042 5096 leonibus
1067 5048 1124 5095 et
1146 5038 1468 5094 draconibus
1504 5048 1900 5111 comparantur.
1957 5043 2050 5100 Ille

461 5147 639 5190 autem
665 5133 807 5205 capit
831 5133 910 5189 eis
938 5147 1109 5201 escas,
1138 5140 1193 5188 et
1217 5131 1423 5211 animas
1442 5147 1626 5189 eorum
1655 5135 1846 5206 replet,
1868 5136 1956 5208 qui
1980 5138 2050 5196 de

462 5229 736 5300 impietate
756 5228 1030 5284 convictos
1056 5226 1216 5283 tradit
1242 5226 1294 5282 in
1327 5225 1443 5298 ejus
1485 5235 1821 5297 potestatem.
1852 5229 2050 5287 Volunt

458 5325 602 5380 enim
633 5322 800 5379 latere
830 5323 1154 5395 impietatem
1180 5336 1331 5377 suam
1355 5362 1372 5390 ,
1400 5320 1493 5377 sed
1514 5336 1634 5376 cum
1660 5321 2046 5393 producuntur,

458 5416 647 5488 utique
670 5415 973 5486 capiuntur,
996 5422 1054 5469 ut
1080 5413 1188 5469 sint
1215 5413 1267 5468 in
1292 5420 1554 5484 potestate
1582 5411 1777 5469 diaboli
1805 5424 1860 5470 et
1885 5428 2047 5486 ange-

454 5506 634 5563 lorum
654 5504 793 5577 ejus,
824 5504 1018 5575 quibus
1045 5512 1452 5559 consenserunt.
1484 5501 1671 5557 Pavidi
1694 5504 1827 5558 enim
1856 5514 1972 5559 sunt
1992 5506 2046 5559 in

454 5599 703 5655 cubilibus
728 5598 833 5654 suis
865 5597 956 5652 :in
986 5594 1201 5651 latebris
1222 5594 1531 5651 insidiarum
1559 5610 1794 5653 suarum.
1836 5594 1970 5653 Nam
1998 5596 2043 5652 si

523 5755 536 5783 ⁸
565 5759 638 5801 Er.
676 5760 728 5801 et
743 5759 874 5809 Lov.,
898 5750 1155 5800 electorum
1176 5748 1513 5811 spiritualium.
1556 5757 1636 5811 _M.

503 5814 543 5878 f
566 5821 617 5865 in
647 5819 785 5875 Lxx,
809 5811 976 5872 hesper
1007 5811 1123 5861 litin)
1158 5809 1339 5872 unum,
1380 5810 1502 5862 sicut
1545 5809 1705 5875 lapide
1727 5813 1917 5867 cubum.

1687 5906 1701 5918 κ
1742 5895 1943 5923 ’.ι-..ρ

1462 333 1995 393 ΑΝΝΟΤΑΉΟΝΟΜ
2031 331 2098 388 ιιι
2135 330 2273 399 JOB,
2313 334 2371 390 S.
2412 332 2773 391 AUGUSTINI

2044 5880 2123 5891 ...,

2174 441 2354 512 pavidi
2385 458 2488 499 non
2515 454 2715 511 essent,
2736 444 2855 516 quis
2883 446 3244 506 subsisteret?
3270 449 3467 511 Pavent
3488 468 3634 520 autem
3652 467 3697 525 it.

2174 531 2275 588 lius
2300 532 2614 603 imperium,
2659 535 2762 589 sub
2788 550 2898 606 quo
2940 539 3346 608 exclamarunt,
3402 529 3529 613 Quid
3567 556 3697 615 venisti

2172 635 2287 680 ante
2308 636 2503 698 tempus
2523 628 2729 697 perdere
2767 631 2896 684 nos?
2926 631 2989 684 lit
3009 633 3453 701 quemadmodum
3478 641 3540 697 de
3562 648 3695 713 μοι-εὶς

2174 718 2508 773 manifestum
2531 727 2633 783 est,
2662 721 2804 791 quod
2832 722 2884 776 in
2912 738 3008 778 eos
3038 740 3144 781 non
3176 728 3361 793 issent,
3389 733 3484 788 nisi
3505 740 3697 804 permissi

2173 819 2355 865 essent
2385 808 2575 882 (Marc.
2607 828 2645 876 I,
2670 812 2775 877 24,
2806 824 2862 869 et
2888 830 2939 879 v,
2991 816 3206 888 “43),
3249 821 3327 876 sic
3361 822 3695 896 intelligendum

2172 911 2255 957 est
2275 902 2404 957 nihil
2433 919 2527 959 eos
2548 903 2602 959 in
2632 920 2949 977 quemquam
2973 923 3132 977 posse
3151 911 3253 966 nisi
3276 915 3550 983 permissos
3574 937 3586 973 :
3606 937 3694 991 per.

2172 992 2310 1047 mitti
2335 1004 2512 1048 autem
2537 994 2766 1064 justitia,
2789 1013 2890 1066 qua
2917 1010 3174 1069 reguntur
3196 1004 3395 1069 omnia,
3418 1006 3521 1062 sive
3547 1012 3694 1078 proba.

2174 1084 2333 1138 tionis
2368 1099 2529 1139 causa
2554 1126 2569 1149 ,
2612 1085 2726 1142 sive
2772 1088 3053 1157 Vindictae,
3099 1092 3186 1146 vel
3228 1092 3294 1147 ad
3323 1093 3695 1171 damnationem,

2171 1178 2256 1234 vel
2284 1178 2351 1234 ad
2379 1181 2765 1237 correctionem
2786 1181 3052 1253 irrogata'.
3077 1183 3148 1239 Et
3187 1186 3360 1241 sedent
3382 1189 3434 1243 in
3464 1192 3585 1247 silris
3608 1194 3698 1250 iusi-

2171 1272 2385 1326 diantes.
2416 1271 2531 1327 Non
2552 1274 2696 1328 enim
2733 1274 2960 1345 quiescit
3004 1276 3057 1331 in
3094 1278 3177 1332 eis
3220 1279 3457 1337 voluntas
3501 1287 3693 1353 nocendi,

2170 1364 2330 1418 etiam
2360 1380 2481 1419 cum
2526 1375 2761 1435 potestas
2803 1383 2908 1421 non
2937 1368 3113 1424 datur.
3146 1368 3443 1428 Observant
3488 1386 3637 1433 autem
3659 1378 3697 1435 iu

2172 1456 2379 1511 insidiis
2402 1458 2451 1511 in
2474 1465 2581 1511 tam
2607 1458 2799 1513 silvosa
2818 1458 3082 1516 densitate
3104 1463 3441 1517 occasionum
3460 1469 3695 1524 camalium

2170 1549 2291 1618 quis
2314 1548 2553 1619 capiatur
2576 1549 2769 1605 divinis
2790 1551 2995 1622 legibus
3017 1593 3033 1619 ,
3057 1552 3110 1607 id
3136 1563 3221 1609 est
3243 1596 3257 1619 ,
3300 1556 3616 1613 convincatur
3648 1560 3697 1616 de

2171 1652 2388 1711 peccato
2412 1660 2529 1708 suo,
2578 1643 2648 1697 ita
2686 1653 2744 1698 ut
2789 1660 2974 1699 eorum
3002 1660 3143 1700 esca:
3187 1646 3426 1719 deputari
3464 1661 3693 1706 mereatur.

2173 1732 2299 1797 Quis
2325 1743 2490 1786 autem
2519 1734 2823 1803 praeparavit
2844 1751 2991 1789 corvo
3010 1752 3175 1790 escam
3192 1737 3218 1791 7
3253 1737 3382 1808 pulli
3409 1740 3528 1792 enim
3549 1740 3697 1811 ejusad

2169 1821 2445 1877 Dominum
2472 1826 2776 1892 clamantes,
2806 1836 2853 1879 et
2878 1837 3102 1882 errantes
3126 1868 3144 1894 ,
3178 1838 3226 1882 et
3250 1846 3413 1883 escam
3439 1842 3695 1898 maerentes:

2171 1923 2229 1968 ιιι
2251 1924 2332 1969 est
2354 1914 2405 1969 in
2435 1914 2668 1976 Psalmo,
2702 1914 2765 1968 Et
2795 1918 2951 1986 pullis
2975 1934 3241 1973 corvorum
3263 1921 3585 1977 invocantibus
3609 1939 3692 1977 cum

2170 2007 2342 2079 (Psal.
2374 2024 2555 2075 chvt,
2584 2010 2663 2080 9).
2694 2011 2788 2071 (lui
2817 2013 3098 2067 sententia:
3116 2022 3203 2067 est
3229 2014 3373 2069 locus
3400 2014 3493 2071 iste
3533 2015 3694 2070 εὶιιιίηὶο

2169 2114 2308 2157 mus.
2339 2099 2526 2156 Neciu
2570 2101 2711 2155 man
2753 2110 2974 2171 possunt
3018 2102 3283 2175 intelligi,
3336 2105 3452 2176 quia
3501 2106 3694 2162 invocant

2168 2207 2313 2247 eum.
2353 2190 2731 2263 Significantur
2766 2209 2895 2265 ergo
2947 2195 3118 2267 nigri,
3177 2198 3278 2252 hoc
3318 2209 3399 2253 est
3444 2209 3692 2269 peccatores

2169 2283 2405 2338 nondum
2445 2284 2673 2339 dealbati
2717 2284 3033 2342 remissione
3064 2296 3422 2359 peccatorum.
3468 2288 3560 2344 Sed
3603 2289 3691 2345 ideo

2168 2374 2318 2445 pulli,
2345 2374 2466 2446 quia
2488 2374 2601 2444 jam
2630 2374 2860 2431 humiles
2888 2393 2901 2429 :
2936 2377 3057 2431 ideo
3076 2388 3338 2445 errantes,
3366 2379 3480 2451 quia
3507 2380 3689 2436 nondum

2169 2476 2541 2537 cognoverunt
2575 2467 2849 2523 veritatem
2876 2509 2892 2535 ,
2922 2484 3082 2540 quam
3125 2480 3302 2526 tamen
3346 2477 3425 2543 pie
3462 2480 3688 2542 quaerunt,

2166 2573 2289 2615 cum
2317 2558 2386 2615 ad
2429 2559 2709 2615 Dominum
2746 2561 2997 2617 clamant.
3040 2563 3337 2636 Prieparari
3374 2577 3537 2621 autem
3570 2580 3689 2621 corvo

2167 2667 2289 2707 esca
2319 2662 2530 2722 potest,
2562 2661 2779 2724 propter
2818 2654 2938 2725 ejus
2989 2658 3419 2726 prmscientiam,
3462 2659 3539 2728 qui
3579 2657 3688 2712 novit

2166 2743 2324 2797 etiam
2352 2744 2587 2799 nonduin
2618 2746 2870 2802 humilem
2896 2763 3166 2819 quemque
3181 2764 3484 2804 conversum
3517 2748 3569 2803 iri
3590 2747 3689 2803 :scd

2168 2842 2343 2888 tamen
2374 2834 2523 2904 pulli,
2553 2834 2655 2890 hoc
2687 2846 2802 2902 est,
2846 2838 3074 2895 humiles
3103 2839 3177 2894 ad
3205 2840 3472 2895 Dominum
3490 2840 3685 2895 clamant.

2237 2922 2336 2997 [1b.
2380 2924 2600 2999 sum]
2637 2926 2697 2981 Si
2718 2930 2992 2999 cognovisti
3024 2939 3227 3002 tempus
3265 2932 3484 3003 pariendi
3516 2928 3687 3001 (regela-

2164 3017 2379 3086 phorum
2423 3019 2627 3086 petrus?
2647 3025 2815 3090 τράγος
2845 3018 3023 3076 hircus
3048 3032 3169 3089 est,
3199 3031 3359 3096 ελαςιος
3392 3037 3588 3078 cervus:
3609 3030 3687 3075 tra-

2162 3107 2420 3179 gelaphus
2445 3126 2573 3181 ergo
2601 3113 2956 3183 compositum
2982 3131 3047 3169 ex
3074 3114 3234 3172 hirco
3270 3127 3321 3172 et
3348 3132 3495 3172 cervo
3518 3114 3684 3169 animal.

2161 3205 2435 3277 Signitit-at
2457 3207 2613 3278 igitur
2632 3217 2865 3264 mentem
2882 3212 3213 3267 servientem
3237 3214 3333 3285 legi
3350 3213 3435 3269 Dei
3453 3210 3684 3268 διουιιάιιιιι

2163 3298 2469 3355 interiorem
2512 3301 2807 3357 hominem.
2850 3302 3009 3359 Videt
3032 3314 3258 3373 autem,
3298 3316 3529 3377 quantum
3554 3302 3684 3358 adhuc

2162 3405 2226 3447 ex
2253 3402 2401 3461 parte
2432 3393 2611 3449 hircus
2634 3405 2715 3450 est
2733 3435 2748 3460 ,
2777 3395 2935 3450 aliam
2972 3397 3150 3469 legem
3181 3402 3232 3454 in
3262 3398 3497 3454 membris
3520 3396 3610 3451 suis
3626 3408 3685 3447 re-

2163 3498 2483 3560 pugnantem
2519 3490 2620 3560 legi
2647 3490 2841 3545 mentis
2869 3507 3009 3556 suae,
3031 3504 3087 3548 et
3113 3495 3460 3565 captivantem
3478 3506 3528 3546 se
3542 3489 3583 3544 in
3599 3490 3683 3557 lege

2164 3581 2365 3650 peccati
2405 3580 2590 3653 (Rom.
2622 3597 2728 3647 vn,
2769 3581 2872 3647 22,
2899 3582 3025 3654 23).
3069 3583 3503 3656 Peperit‘autetn
3533 3580 3680 3634 talibus

2164 3682 2343 3742 petras
2413 3681 2711 3743 opportuno
2772 3682 3015 3744 tempore
3043 3717 3058 3741 ,
3116 3677 3209 3732 ille
3259 3676 3343 3745 qui
3411 3675 3679 3729 ﬁrmamenta

2164 3763 2328 3817 solida
2360 3764 2729 3833 exemplorum
2774 3764 2826 3819 in
2879 3767 3173 3837 Scripturis
3205 3768 3402 3839 posuit.
3442 3766 3489 3820 in
3535 3762 3680 3833 quibus

2163 3865 2220 3912 et
2254 3858 2592 3927 quiescentes
2629 3856 2696 3911 de
2743 3872 2802 3912 se
2850 3874 2956 3913 non
2979 3858 3265 3929 desperent
3289 3902 3305 3926 ,
3348 3871 3549 3931 quorum
3588 3864 3681 3905 caro

2163 3950 2754 4020 concupiscitadversus
2774 3950 3017 4021 spiritum
3038 3963 3092 4009 ct
3111 3955 3329 4024 Spiritus
3351 3954 3575 4008 adversus
3594 3960 3680 4002 car-

2164 4056 2286 4096 nem
2306 4082 2320 4106 ,
2367 4041 2538 4096 donec
2574 4043 2855 4098 vivacitate
2885 4044 3027 4098 cervi
3059 4046 3377 4116 Serpentinis
3404 4038 3679 4098 suasionibus

2162 4131 2425 4204 superatis
2462 4133 2649 4202 Spiritu
2672 4134 2869 4201 vivant,
2885 4144 2940 4190 et
2958 4150 3020 4208 sp
3043 4136 3203 4192 ritum
3232 4146 3505 4197 sectentur,
3527 4129 3676 4201 (Galat-

2160 4237 2217 4288 v,
2268 4223 2360 4289 17,
2404 4223 2532 4292 18),
2591 4239 2657 4278 ne
2696 4234 2884 4295 regnet
2911 4236 3187 4296 peccatum
3229 4228 3397 4299 (unde
3446 4215 3677 4279 similitudo

2162 4312 2296 4369 hirci
2322 4314 2553 4385 ducitur)
2584 4315 2639 4371 in
2664 4312 2855 4371 eorum
2878 4320 3091 4373 mortali
3124 4336 3366 4392 corpore,
3393 4317 3453 4372 ad
3478 4312 3677 4369 obedien-

2160 4405 2285 4462 dum
2310 4408 2592 4464 desideriis
2619 4410 2734 4479 ejus
2764 4410 2947 4482 (Rom.
2979 4428 3064 4477 vt,
3089 4414 3202 4485 12).
3232 4416 3329 4470 Aut
3350 4419 3508 4483 partus
3545 4418 3677 4459 δίηται

2159 4516 2272 4553 rum
2296 4501 2592 4555 custodisti?
2626 4502 2984 4560 Ecclesiarum
3012 4505 3065 4560 in
3100 4522 3324 4563 numero
3350 4496 3671 4574 Spiritualiutn,

2160 4601 2403 4648 materno
2442 4593 2641 4648 all'ectu
2681 4593 3031 4653 imitationem
3075 4614 3225 4654 suam
3273 4588 3670 4668 persuadendum.

2157 4684 2351 4755 quibus
2363 4684 2473 4756 jam
2486 4686 2617 4741 nihil
2643 4698 2865 4758 possunt
2880 4691 3203 4761 serpentium
3218 4688 3668 4761 opinioni-sumere:

2160 4787 2336 4834 tamen
2373 4788 2427 4835 et
2472 4780 2605 4836 tales
2638 4780 3010 4837 custodiuntur
3050 4799 3155 4840 non
3191 4785 3255 4838 de
3291 4797 3381 4844 se,
3410 4774 3494 4832 sed
3516 4772 3571 4827 de
3586 4768 3667 4822 Deo

2158 4884 2559 4942 praesumentes.
2582 4873 2648 4927 Et
2671 4876 2944 4929 numerasti
2964 4893 3151 4931 menses
3177 4884 3344 4947 partus
3374 4863 3560 4925 earum?
3579 4858 3664 4914 Non

2156 4964 2300 5021 enim
2342 4966 2553 5034 pariunt
2586 4966 2686 5021 nisi
2718 4982 2813 5036 per
2841 4968 3208 5040 Evangelium,
3239 4963 3376 5038 quod
3402 4980 3429 5015 ιι
3455 4953 3668 5026 baptismo

2156 5070 2255 5125 suo
2295 5055 2550 5111 Dominus
2597 5072 2767 5128 usque
2813 5058 2878 5113 ad
2919 5062 3212 5129 passionem
3266 5067 3319 5115 ct
3361 5046 3664 5109 ascvnsioncnt

2156 5148 2309 5202 Suam
2337 5148 2499 5203 certis
2528 5150 2798 5203 mensibus
2832 5152 3119 5222 magisterii
3150 5152 3228 5207 sui
3254 5145 3540 5204 auctoritate
3565 5145 3656 5222 Pri"

2154 5226 2373 5319 dicavit.
2403 5239 2468 5294 Et
2487 5240 2685 5296 dolores
2704 5258 2880 5296 earum
2905 5221 3133 5298 solvisti?
3159 5244 3268 5299 Non
3283 5240 3413 5298 enim
3436 5233 3538 5289 sine
3549 5221 3646 5280 dolo

2157 5316 2217 5387 re
2243 5332 2537 5399 dicebatur,
2574 5331 2703 5388 Filii
2731 5333 2858 5399 mei,
2897 5350 3021 5404 quos
3068 5335 3243 5389 iterum
3283 5326 3507 5403 parturivi
3540 5316 3664 5371 40"“

2156 5426 2386 5485 Christus
2412 5429 2656 5497 formetur
2695 5426 2750 5479 in
2782 5424 2918 5479 vobis
2947 5424 3152 5497 (Galat.
3182 5440 3260 5489 tv,
3290 5421 3400 5491 l9).
3425 5412 3662 5471 Solvuntur

2152 5532 2331 5579 autem
2375 5522 2460 5577 isti
2495 5521 2708 5576 dolores
2738 5534 2858 5573 cum
2893 5517 3050 5574 fuerit
3079 5531 3257 5591 partus
3290 5513 3473 5573 editus,
3510 5500 3552 5555 id
3576 5501 3661 5595 est:

2160 5618 2355 5675 veritas
2398 5629 2649 5687 persuasa
2690 5614 2769 5669 eis
2796 5628 2891 5684 pro
2930 5613 3121 5683 quibus
3156 5615 3227 5670 ita
3265 5597 3596 5687 ingemiscitttr.
3622 5580 3660 5638 Ῐά

2153 5718 2346 5785 agente
2371 5682 2424 5765 in
2456 5682 2808 5765 interioribus:
2834 5682 3176 5762 conscientia:
3202 5701 3356 5759 verbo
3386 5692 3485 5751 Dei.
3511 5682 3660 5785 Etut-

2218 5816 2233 5848 ι
2260 5819 2394 5874 Lov.,
2412 5816 2574 5875 parat.
2593 5815 2650 5864 At
2667 5816 2767 5861 sm.
2786 5813 2861 5861 Er.
2881 5814 2936 5862 et
2951 5809 3102 5862 nostri
3124 5817 3292 5863 omnes
3310 5784 3609 5861 ιιεενιρσριιίι-
