3874 6308
140 378 294 435 Deus
321 376 509 432 catum
533 385 581 430 et
607 384 793 430 terram
824 373 972 445 (Gen.
1002 390 1038 439 ι,
1069 374 1149 444 l),
1178 383 1233 429 et
1254 372 1396 442 quod
1433 372 1487 425 in
1514 367 1758 441 principio

139 480 259 526 erat
291 468 518 523 Verbum
550 466 729 540 (Joan.
760 482 798 533 ι,
833 467 909 537 ι),
955 475 1009 521 et
1034 480 1381 536 quascumque
1419 464 1553 519 faeta
1583 461 1761 516 divina

141 562 234 619 vel
286 560 529 616 humana
576 558 945 615 tantummodo
1005 558 1375 631 cognoscenda
1426 566 1756 612 narrantur:

143 653 410 728 quaedam
439 668 568 707 vero
598 653 677 707 sic
701 666 820 707 esse
859 652 1029 720 jnssa,
1054 660 1111 706 ut
1143 650 1557 706 observarentur
1583 658 1637 703 et
1663 648 1759 702 lic-

110 738 297 813 ‘rent,
331 746 421 800 vel
444 743 731 816 prohibita,
776 759 843 800 ne
864 743 1079 804 fierent:
1110 753 1166 798 ιιι
1194 752 1296 809 est,
1330 742 1540 797 Honora
1567 752 1760 811 patrem

143 848 196 893 et
222 847 484 899 matrem;
527 844 603 899 et,
629 834 749 889 Non
783 836 1105 891 merclmberis
1132 833 1325 905 (Exod.
1356 851 1443 894 xx.
1474 834 1562 895 12.
1593 834 1681 897 Η,
1713 842 1760 888 et

146 927 350 984 Matth.
375 943 467 993 xv,
494 927 529 982 ὁ
544 944 559 991 ;
575 942 625 979 ν.
645 926 738 993 ‘27,
756 927 886 997 ‘28)?
916 928 1109 982 llorum
1132 936 1307 981 autem
1325 943 1442 996 qum
1457 924 1761 996 jubendoet

140 1019 395 1077 vetando
441 1020 636 1089 scripta
664 1030 806 1085 sunt,
835 1020 937 1076 alia
964 1032 1086 1076 sunt
1108 1030 1563 1076 sacramentorum
1593 1022 1760 1075 telala

145 1112 453 1184 mysteriis,
472 1128 590 1182 qua:
613 1111 775 1165 umlta
794 1111 998 1167 Veteris
1019 1113 1344 1168 'l‘cstamenti
1362 1114 1552 1180 pnj-tlltt
1580 1114 1651 1167 illi
1680 1113 1759 1167 fa-

145 1203 349 1261 cienda
374 1203 623 1258 mandata
645 1213 793 1268 sunt,
824 1219 995 1273 neque
1019 1221 1047 1255 a
1067 1220 1112 1273 p«
1138 1204 1262 1275 pulo
1290 1204 1580 1259 christiano
1621 1218 1761 1258 mtuc

145 1296 308 1361 ﬁunt,
336 1296 436 1351 sed
461 1295 826 1350 tautummodo
851 1295 1190 1364 intelligenda
1240 1296 1579 1365 requiruntur
1603 1306 1763 1365 atque

147 1398 462 1443 tmtanlur
486 1405 499 1439 :
522 1387 674 1441 sicuti
715 1397 798 1442 est
843 1387 1118 1441 sabbatum
1143 1390 1208 1440 ad
1238 1388 1492 1441 visibilem
1528 1388 1761 1441 vaeattio.

146 1497 275 1538 nem
312 1478 498 1554 (Dent.
523 1495 576 1543 v,
604 1479 711 1549 12),
737 1479 872 1533 sicut
894 1495 1077 1550 azyma
1107 1480 1158 1534 in
1178 1494 1312 1548 pane
1332 1480 1447 1533 sine
1476 1478 1760 1544 fermento,

147 1572 363 1629 Pascha
395 1573 453 1628 in
480 1574 595 1626 ovis
622 1574 889 1627 occisione
920 1572 1113 1645 (Exod.
1148 1574 1278 1643 xu);
1307 1573 1443 1627 sicut
1474 1584 1763 1644 totgeucra

148 1666 546 1722 sacriﬁciorum
580 1666 927 1736 ciborumque
970 1666 1326 1733 vitandorum,
1362 1674 1417 1721 et
1446 1667 1759 1732 neomenize,

147 1768 205 1814 et
222 1774 427 1812 annum
450 1757 835 1818 solemuitates,
863 1773 994 1828 quas
1014 1758 1301 1813 observant
1330 1775 1467 1813 nunc
1492 1774 1657 1829 usque
1673 1759 1765 1814 Ju-

148 1850 287 1917 daei;
319 1859 377 1905 et
410 1849 518 1904 illa:
543 1851 971 1919 justiﬁcationes,
1000 1866 1118 1920 qua:
1149 1852 1253 1905 non
1275 1852 1337 1905 ad
1357 1867 1518 1923 opera
1545 1853 1763 1920 justitize

150 1944 373 2017 proprie
400 1944 690 2013 pertinent,
713 1942 805 1997 sed
836 1943 1031 2013 aliquid
1062 1942 1759 2015 signiﬁcareintelliguntur.

150 2034 283 2103 Quis
309 2035 465 2088 enim
492 2034 814 2088 clu-istsanus
842 2034 1066 2103 »οιιιίιιιο
1110 2050 1253 2089 anno
1303 2037 1507 2106 cogitur
1549 2053 1762 2092 servum

154 2126 386 2182 reddere
435 2125 701 2188 libertati;
746 2132 803 2179 et.
847 2126 890 2177 si
936 2125 1213 2181 discedere
1243 2126 1330 2180 ille
1361 2128 1609 2191 noluerit,
1646 2128 1765 2195 ejus

152 2219 459 2273 auriculam
484 2215 669 2271 subula
689 2217 1008 2287 pertundere
1027 2217 1091 2271 ad
1118 2229 1320 2287 postem
1347 2217 1455 2288 (Id.
1478 2235 1585 2281 xxi,
1603 2219 1658 2284 ‘2,
1684 2217 1762 2291 6),

154 2320 210 2366 et
243 2321 450 2366 caetera
482 2308 821 2378 lmjumnodi?
853 2310 967 2365 Alia
997 2327 1123 2365 vero
1148 2312 1306 2366 etiam
1340 2328 1481 2367 llltllc
1527 2313 1763 2367 facienda

152 2414 302 2466 sum,
336 2402 381 2455 si
414 2400 654 2455 facienda
681 2411 942 2471 prmcepta
968 2387 1119 2465 sunt;
1149 2417 1247 2456 nec
1275 2400 1532 2463 faciemla,
1570 2404 1612 2456 si
1647 2418 1766 2472 pro-

157 2494 325 2550 hibita
347 2511 362 2561 ;
387 2493 566 2564 qualia
592 2502 714 2547 sunt
740 2492 825 2545 illa
848 2509 965 2560 qua:
990 2493 1121 2555 dixi,
1154 2491 1360 2547 llouoru
1380 2505 1571 2565 patrem
1599 2506 1644 2548 et
1661 2511 1769 2548 ma-

158 2596 322 2653 trem;
350 2596 431 2649 et,
468 2584 589 2640 Non
608 2585 952 2639 maechoberis.
981 2586 1052 2640 [le
1082 2586 1163 2639 bis
1192 2586 1351 2654 igitur
1375 2604 1492 2655 qua-
1532 2587 1600 2640 ita
1644 2597 1769 2642 sunt

160 2681 333 2750 posita
356 2681 410 2733 in
446 2678 660 2733 Litteris
686 2677 873 2745 sacris,
900 2678 978 2732 vel
1001 2677 1259 2746 jubemlo,
1292 2678 1373 2732 vel
1403 2679 1646 2740 vetando,
1686 2680 1768 2736 vel

160 2772 417 2837 sinendo,
453 2772 696 2825 utetiam
726 2786 886 2837 mtnc,
922 2770 971 2824 id
1006 2779 1088 2825 est
1114 2780 1352 2841 tempore
1402 2771 1532 2825 Νυγί
1581 2771 1768 2826 Testa-

165 2865 361 2929 menti,
404 2864 473 2918 ad
514 2864 673 2917 vitam
706 2863 843 2933 piam
874 2862 1227 2917 exercendam
1276 2879 1554 2934 moresque
1602 2864 1769 2935 perti-

166 2964 358 3020 neant,
385 2954 490 3009 hoc
510 2969 645 3023 opus
671 2952 811 3023 quod
854 2952 905 3007 in
957 2969 1147 3007 manus
1190 2954 1390 3022 sumpsi
1445 2969 1772 3025 etmtpoucre

165 3059 458 3119 aggressus
489 3061 639 3109 sum;
674 3052 729 3097 ut
763 3055 1017 3114 quantum
1049 3060 1133 3097 me
1166 3044 1303 3098 licus
1326 3044 1561 3115 adjuvat,
1594 3046 1770 3099 otunia

166 3136 298 3192 talia
330 3137 402 3192 de
427 3137 700 3192 canonicis
735 3134 908 3190 Libris
939 3136 1202 3206 colligam,
1233 3147 1391 3205 atque
1419 3145 1478 3191 ut
1509 3136 1662 3193 facile
1691 3140 1772 3193 itt-

167 3230 304 3301 Spici
340 3229 564 3300 possint,
598 3229 652 3283 in
678 3243 840 3282 ttutttn
864 3240 1111 3298 tauquam
1148 3228 1435 3297 Speculum
1465 3246 1772 3301 congeram.

165 3322 428 3393 Oportuit
443 3323 584 3375 enim
601 3321 679 3374 sic
692 3334 752 3374 ea
778 3320 900 3388 poni
923 3322 988 3372 ab
1009 3321 1316 3373 auctoribus
1340 3322 1555 3383 nostris,
1586 3338 1774 3390 quem-

165 3410 468 3466 admodum
491 3410 661 3479 posita
687 3420 829 3471 sum,
863 3420 916 3462 ut
941 3419 1201 3479 pmecepta
1253 3410 1644 3464 narrationibus
1692 3414 1777 3467 vel

166 3500 629 3570 diSputatiouibus
670 3498 898 3570 propriis
934 3502 1175 3569 ﬁgurata,
1205 3510 1257 3553 et
1287 3501 1521 3570 ﬁguratis
1567 3504 1777 3571 pr0pria

168 3591 559 3651 miscerentur,
589 3591 715 3644 dum
747 3606 922 3644 rermu
945 3600 1212 3659 gestarmu
1239 3590 1371 3645 ordo
1400 3605 1663 3657 servatur,
1684 3603 1777 3649 aut

173 3682 541 3752 re5pondetur
566 3681 824 3743 adversis,
852 3692 937 3735 aut
977 3682 1065 3752 qui
1102 3683 1325 3738 docendi
1360 3694 1484 3738 sunt
1512 3685 1785 3740 instruun-

180 3784 287 3837 tur,
319 3773 756 3827 autm'cultorum
786 3772 1088 3827 itnentionc
1111 3775 1500 3844 quodauunodo
1529 3793 1785 3834 renovanc

183 3875 270 3920 tur
292 3865 346 3919 hi
378 3865 466 3935 qui
498 3876 737 3935 prompta
768 3876 819 3919 et
848 3874 1030 3935 aperta
1052 3864 1328 3927 fastidiunt
1355 3885 1369 3921 :
1403 3884 1499 3923 nos
1521 3879 1699 3925 autem
1732 3871 1783 3926 iu

185 3955 484 4027 hocypere
514 3970 612 4010 uec
655 3954 924 4010 illﬁllt'iCIll
966 3956 1047 4009 vel
1086 3956 1396 4011 adducimus
1422 3960 1504 4013 vel
1549 3960 1784 4017 a-dilica-

185 4061 307 4102 mus
334 4047 401 4100 ad
428 4045 615 4106 ﬁdem;
645 4061 742 4100 nec
772 4062 1084 4102 exercemus
1120 4048 1434 4118 quibusdam
1487 4053 1787 4110 salubribus

188 4135 594 4191 difﬁcultatibus
640 4137 909 4207 ingenium
952 4138 1406 4210 intentionemque
1434 4141 1785 4210 discentium;

193 4230 285 4285 sed
304 4245 431 4285 eum
458 4235 547 4301 qui
573 4230 682 4300 jam
708 4230 934 4286 credens
962 4233 1179 4288 obedire
1207 4235 1316 4288 Deo
1342 4237 1588 4302 voluerit,
1622 4251 1677 4294 ut
1702 4241 1787 4297 hic

192 4334 252 4376 se
283 4322 554 4393 inspiciat,
596 4320 968 4386 admouemus,
1012 4334 1376 4398 quantumque
1403 4329 1455 4383 in
1484 4329 1636 4386 bonis
1675 4348 1789 4388 mo-

194 4413 343 4468 ribus
371 4414 727 4484 operibusque
767 4414 1068 4485 profecerit,
1093 4426 1147 4472 et
1186 4432 1442 4490 quantum
1486 4425 1583 4479 sibi
1625 4425 1785 4495 desit,

194 4508 452 4563 attendat.
494 4508 584 4563 Sic
605 4507 749 4564 enim
779 4518 952 4577 potest
977 4519 1032 4565 et
1055 4510 1123 4566 de
1151 4510 1236 4566 his
1262 4531 1381 4584 qua:
1410 4514 1569 4572 habet
1592 4521 1790 4590 gratias

196 4609 380 4668 agere;
407 4607 463 4655 et
490 4598 557 4653 de
583 4597 666 4653 bis
685 4614 803 4669 qua:
829 4615 933 4655 non
958 4599 1137 4667 habet,
1164 4612 1220 4658 ut
1242 4604 1433 4661 habeat
1452 4592 1581 4662 satis
1598 4625 1786 4680 agere;

158 4740 161 4745 ι
197 4701 259 4744 ac
296 4700 517 4761 pr0pter
540 4688 631 4745 illa
662 4692 921 4745 servanda
951 4707 1130 4747 curam
1161 4709 1453 4764 precesque
1476 4696 1645 4756 ﬁdelis
1675 4702 1789 4771 pie-

198 4788 319 4838 tatis
342 4784 619 4840 adhibere.
646 4783 701 4839 In
725 4784 809 4841 his
832 4796 1008 4841 autem
1036 4789 1281 4843 onuiibus
1309 4806 1427 4861 qua:
1467 4794 1789 4863 inspicienda

202 4887 399 4944 ponere
438 4876 665 4941 institui,
693 4892 1040 4947 qumcumque
1084 4878 1222 4935 inter
1245 4896 1301 4935 se
1330 4883 1648 4942 videbuntur
1671 4904 1792 4947 esse

203 4967 489 5034 contraria,
535 4976 719 5038 postea
747 4969 1030 5038 propositis
1058 4972 1441 5041 quaestionibus
1478 4982 1791 5049 exponenda

204 5065 359 5127 atque
404 5060 659 5115 solvenda
701 5070 845 5115 sunt.
873 5060 1012 5117 Sane
1042 5066 1297 5134 supplicia
1336 5069 1473 5124 male
1509 5070 1788 5142 factorum,

207 5155 259 5201 et
294 5151 509 5218 praemia
535 5162 683 5209 recte
713 5151 993 5215 factorum,
1021 5157 1261 5225 quamvis
1282 5162 1531 5217 nonnulla
1561 5180 1795 5221 comme-

211 5243 462 5297 moramla
505 5244 947 5311 existimaverim,
991 5257 1165 5303 tamen
1198 5249 1250 5304 in
1279 5250 1427 5308 Novo
1452 5254 1794 5315 Testamento

216 5328 485 5390 dissimilia
514 5338 782 5393 veteribus
811 5355 931 5395 esse
957 5341 1078 5411 quis
1108 5343 1342 5399 nesciat?
1371 5348 1452 5401 Ab
1481 5350 1591 5419 ipsa
1637 5353 1795 5421 igitur

201 5397 349 5495 lLege
367 5443 484 5498 qua:
508 5428 628 5485 data
650 5440 733 5487 est
760 5447 854 5501 per
879 5397 1117 5506 Movsen,
1157 5434 1456 5493 divinorum
1499 5397 1794 5517 praecepto-

217 5526 351 5583 nun,
376 5520 549 5590 qualia
594 5536 694 5576 nos
737 5537 1249 5584 commemoraturus
1278 5544 1396 5586 esse
1435 5535 1792 5605 promisimus,

217 5610 578 5680 aggrediamur
600 5613 893 5670 exordium.

939 256 998 314 S.
1040 254 1410 315 AUGUSTINI
1452 245 1816 311 SPECULUM
1857 245 1947 305 DE
1984 247 2370 308 SCRIPTURA
2408 249 2655 309 SACRA.

2382 365 2471 420 DE
2502 364 2703 423 LIBRO
2729 364 2948 434 LEGIS,

2324 472 2410 519 ‘30!
2439 473 2640 513 BXODUS
2678 473 3001 514 NOMINA'I'UR.

1942 546 2091 623 [Cap.
2122 548 2239 622 ιιι]
2270 547 2382 605 Non
2429 550 2588 607 lacies
2617 552 2709 606 tibi
2756 552 3019 621 sculptile,
3050 567 3224 625 neque
3251 571 3464 613 omnem

1869 640 2273 696 similitudinem
2318 657 2437 713 quae
2482 653 2565 697 est
2613 642 2667 697 in
2716 644 2854 699 cmlo
2889 644 3141 713 desuper.
3186 658 3241 702 et
3269 665 3389 718 quze
3412 649 3468 705 in

1871 740 2012 788 terra
2040 734 2323 799 deorsum,
2349 749 2447 790 nec
2478 749 2663 790 eorum
2685 751 2804 806 qua?
2831 746 2950 791 sunt
2983 753 3033 791 in
3060 739 3213 808 aquis
3240 739 3340 794 sub
3370 752 3470 796 ter~

1872 839 1927 878 ra
1958 841 1971 880 :
1997 841 2101 879 non
2125 824 2374 879 adorabis
2400 841 2484 891 ea,
2515 842 2687 896 neque
2708 828 2871 882 coles.
2895 826 3025 881 Item
3045 844 3063 883 :
3084 828 3198 884 Non
3228 846 3473 886 assumes

1850 932 2071 985 eomen
2118 918 2327 973 Domini
2372 918 2461 973 Dei
2494 918 2566 973 tui
2597 918 2648 974 iu
2681 936 2873 974 vanum
2906 937 2919 972 :
2951 936 3050 976 nec
3074 922 3215 977 enim
3255 922 3471 979 habebit

1869 1007 2133 1064 insontem
2164 1010 2419 1064 Dominus
2439 1026 2561 1067 eum
2591 1013 2679 1082 qui
2706 1013 3261 1084 assumpserituomeu
3293 1016 3471 1072 Domi-

1852 1100 1925 1175 qni
1961 1100 2051 1155 Dei
2101 1100 2180 1154 sui
2228 1101 2442 1155 frustra.
2504 1101 2568 1156 Et
2614 1104 2770 1173 paulo
2819 1115 2930 1175 post
2958 1104 3213 1160 :Honora
3267 1116 3470 1177 patrem

1873 1202 2019 1247 tuum
2052 1202 2105 1247 ‹·ι
2133 1204 2379 1257 matrem,
2419 1203 2477 1250 ut
2505 1195 2581 1250 sis
2606 1197 2877 1267 longrevus
2912 1213 3073 1267 super
3089 1208 3286 1254 terram
3309 1216 3472 1271 quam

1870 1283 2131 1339 Dominus
2154 1285 2295 1340 Deus
2325 1296 2444 1341 tuus
2466 1287 2613 1341 dabit
2640 1289 2754 1342 tibi.
2787 1288 2902 1343 Non
2920 1289 3153 1346 occides.
3189 1290 3306 1346 Non
3336 1306 3471 1349 mo:-

1852 1375 2139 1445 Vcbaberis.
2196 1376 2311 1431 Non
2367 1376 2562 1431 furtum
2608 1378 2787 1433 facies.
2829 1379 2943 1434 Non
3002 1380 3238 1449 loqueris
3286 1393 3471 1438 contra

1873 1468 2172 1537 proximum
2194 1478 2339 1522 ttmm
2362 1465 2553 1523 falsum
2573 1471 2959 1526 testimonium.
2982 1470 3097 1526 Non
3123 1473 3470 1543 concupisces

1870 1556 2087 1613 domum
2131 1558 2357 1628 proximi
2404 1559 2501 1621 tui,
2533 1575 2632 1615 nec
2674 1560 3007 1616 desiderabis
3051 1578 3272 1618 uxorem
3313 1563 3469 1634 ejus;

1872 1664 1978 1705 non
2001 1666 2235 1713 servum,
2269 1666 2373 1705 non
2400 1652 2669 1717 ancillam,
2699 1669 2803 1706 non
2845 1652 3055 1715 bovem,
3084 1668 3188 1708 non
3238 1655 3470 1722 asinum,

1870 1757 1970 1797 nec
1995 1746 2171 1797 tuuuia
2202 1760 2320 1814 quae
2353 1744 2493 1798 illius
2521 1756 2665 1798 sunt.
2716 1743 2846 1798 Item
2876 1755 2987 1815 post
3021 1744 3329 1819 Decologum
3355 1749 3473 1804 aliis

1870 1832 1923 1887 in
1940 1833 2085 1887 loris.
2111 1835 2219 1888 lucc
2248 1836 2298 1888 in
2326 1837 2497 1890 eodem
2520 1837 2647 1889 ῘιΙηυ
2670 1836 2987 1905 reperiuntur
3013 1849 3262 1910 pra'cepta
3300 1841 3474 1896 viven-

1871 1928 1966 1981 di:
1994 1927 2109 1981 Non
2156 1927 2359 1982 facietis
2410 1945 2615 1982 lttt'l'llltl
2648 1931 2661 1959 ‘
2696 1929 2828 1984 deos
2868 1940 3171 2001 argenteos,
3216 1947 3314 1987 nec
3339 1932 3472 1990 deos

1871 2032 2061 2072 aureos
2090 2019 2293 2073 facietis
2314 2019 2484 2074 Vultis.

1946 2109 2012 2164 Et
2040 2112 2297 2181 uiirpmnto
2330 2120 2437 2180 post
2469 2111 2625 2185 μη]
2658 2131 2670 2167 :
2700 2113 2797 2180 Qui
2828 2116 3149 2184 percusserit
3197 2115 3468 2173 hominem

1872 2204 2056 2257 volens
2082 2205 2347 2269 occidere,
2382 2217 2553 2260 morte
2599 2207 2876 2261 moriatur.
2924 2208 3023 2276 Qui
3055 2218 3229 2264 autem
3258 2227 3362 2264 non
3390 2220 3475 2267 est

1874 2296 2173 2357 insidiatus,
2194 2299 2284 2352 sed
2319 2299 2454 2352 heus
2478 2299 2623 2353 illtun
2653 2300 2865 2355 tradidit
2892 2300 2943 2354 in
2974 2317 3162 2357 manus
3185 2303 3321 2373 ejus,
3344 2318 3477 2359 con-

1877 2389 2093 2441 stituam
2129 2388 2223 2442 tibi
2277 2390 2446 2444 locum
2472 2406 2578 2459 quo
2629 2390 2807 2460 fugere
2834 2390 3046 2447 debeat.
3079 2393 3133 2448 Si
3160 2396 3278 2464 quis
3302 2395 3369 2450 de
3395 2396 3476 2450 in-

1873 2476 2073 2531 dttslt'ia
2104 2478 2357 2532 occiderit
2389 2481 2685 2548 proximum
2731 2497 2883 2537 somn
2918 2499 3011 2553 per
3039 2485 3278 2551 insidias,
3309 2486 3376 2540 ab
3399 2487 3478 2541 al-

1876 2568 1976 2622 tari
2011 2585 2129 2622 meo
2164 2570 2362 2623 evelles
2406 2586 2550 2636 ιιιιιιι,
2599 2582 2655 2624 ιιι
2698 2574 2974 2627 moriatur.
3024 2574 3122 2642 Qui
3155 2579 3477 2646 percusserit

1878 2670 2080 2727 patrem
2118 2676 2268 2712 suum
2315 2670 2369 2714 et
2411 2672 2657 2729 matrem,
2706 2674 2877 2720 morte
2930 2668 3206 2723 moriatur.
3260 2668 3360 2735 Qui
3406 2668 3480 2725 fu-

1876 2760 2026 2804 ratos
2071 2750 2228 2804 fuerit
2268 2752 2639 2820 botuiuem,et
2671 2756 2968 2811 vendiderit
3006 2773 3151 2821 cum,
3200 2760 3479 2817 convictus

1878 2858 2073 2906 nosne,
2147 2852 2319 2899 morte
2406 2846 2678 2900 moriatur.
2757 2847 2857 2914 Qui
2924 2847 3258 2905 mali-dixerit
3342 2853 3480 2923 patri

1856 2926 1976 2987 suo
2024 2941 2114 2987 aut
2155 2934 2356 3000 matri,
2408 2945 2579 2990 morte
2631 2937 2911 2993 moriatur.
2964 2939 3022 2994 Si
3072 2941 3227 2996 rixati
3282 2941 3481 3000 fuerint

1879 3024 2023 3089 viri,
2074 3034 2126 3078 et
2170 3026 2492 3094 percusserit
2550 3027 2684 3081 alter
2744 3030 3041 3099 proximum
3095 3045 3248 3086 suum
3304 3033 3481 3103 lapide

1881 3121 1963 3173 vel
1994 3137 2189 3191 pugno.
2215 3131 2267 3175 et
2298 3121 2384 3176 ille
2410 3132 2652 3177 mortuus
2683 3139 2784 3176 non
2812 3124 2990 3189 fuerit,
3041 3125 3136 3180 sed
3178 3126 3402 3196 jacuerit
3427 3129 3480 3184 in

1881 3209 2112 3275 lectulo;
2138 3211 2181 3264 si
2201 3213 2497 3266 surrexerit
2522 3223 2577 3267 et
2596 3214 2951 3270 ambulaverit
2982 3215 3109 3271 foris
3138 3232 3296 3287 super
3321 3218 3483 3274 bacu-

1884 3302 1991 3355 1ιιιιι
2037 3317 2213 3365 suum,
2266 3302 2520 3357 innocens
2546 3305 2646 3357 erit
2673 3305 2763 3373 qui
2792 3308 3055 3376 percussit
3080 3325 3093 3362 :
3124 3308 3193 3362 ita
3220 3319 3395 3364 tamen
3428 3318 3486 3365 ttt

1885 3406 2076 3461 operas
2102 3392 2218 3459 ejus
2235 3401 2287 3445 et
2316 3392 2586 3461 impensas
2616 3394 2667 3447 in
2698 3396 2933 3449 medicos
2953 3397 3213 3451 restituat.
3243 3399 3341 3467 Qui
3367 3416 3485 3471 per—

1886 3481 2111 3536 Cusserit
2140 3496 2352 3535 servum
2399 3496 2553 3537 suum
2601 3484 2683 3536 vel
2726 3487 2971 3539 ancillam
3024 3488 3192 3556 virga,
3240 3500 3294 3543 ct
3337 3508 3483 3547 tuor-

1891 3581 2010 3625 tuus
2032 3570 2189 3625 fuerit
2227 3573 2278 3627 in
2327 3574 2569 3627 manibus
2612 3574 2747 3642 ejus,
2780 3577 3017 3630 criminis
3063 3594 3187 3632 reus
3212 3584 3311 3635 erit
3354 3602 3365 3636 :
3403 3584 3484 3639 sin

1888 3674 2066 3718 autem
2108 3681 2214 3717 uno
2242 3666 2330 3720 die
2355 3667 2707 3736 supervixerit
2738 3671 2818 3725 vel
2850 3671 3077 3735 duobus,
3109 3688 3212 3728 non
3250 3675 3489 3743 subjace—

1890 3755 1967 3812 bit
1998 3773 2203 3827 pumze;
2235 3759 2357 3827 quia
2389 3761 2609 3829 pecunia
2655 3762 2797 3816 illius
2833 3773 2935 3819 e~t.
2979 3764 3035 3821 Si
3090 3767 3243 3820 rixati
3295 3768 3490 3824 fuerint

1891 3848 2012 3913 viri,
2046 3860 2098 3903 et
2130 3852 2451 3918 percusserit
2476 3854 2593 3922 quis
2614 3855 2885 3911 lllllilt'l'elll
2918 3871 3300 3927 pra-guantem,
3323 3871 3375 3915 et
3396 3862 3490 3915 ab-

1890 3942 2118 3997 ortivum
2166 3944 2377 4013 quidem
2413 3945 2614 4011 fecerit,
2647 3947 2740 4001 sed
2782 3949 2892 4018 ipsn
2936 3951 3155 4016 vixerit;
3200 3954 3491 4022 subjacvbit

1891 4032 2111 4099 damno,
2142 4046 2395 4101 quantum
2420 4038 2695 4105 expetierit
2730 4040 2949 4093 nutritus
2980 4042 3232 4105 mulieris,
3267 4054 3317 4099 et
3345 4044 3489 4099 arbi-

1892 4124 1959 4177 tri
1981 4123 2270 4193 jndicariot
2306 4144 2319 4179 :
2352 4126 2435 4179 sin
2465 4138 2642 4182 autem
2674 4143 2819 4184 mors
2846 4130 2963 4198 ejus
2992 4133 3143 4185 fuerit
3175 4133 3488 4201 subsecuta;

1893 4213 2080 4270 reddet
2105 4216 2335 4269 animam
2364 4232 2460 4286 pro
2479 4220 2677 4281 anima,
2710 4222 2921 4275 oculum
2942 4238 3038 4291 pro
3062 4225 3241 4289 Oculo,
3268 4224 3485 4282 dentem

1892 4321 1993 4378 pro
2015 4307 2195 4371 dente,
2242 4323 2457 4362 manum
2488 4325 2583 4378 pro
2628 4326 2812 4377 manu,
2847 4313 3031 4381 pedem
3060 4328 3157 4383 pro
3176 4315 3327 4384 pede,
3358 4316 3493 4371 adu-

1894 4401 2120 4454 stionem
2153 4416 2249 4469 pro
2274 4399 2578 4467 adustionc,
2613 4403 2805 4458 vulnus
2848 4420 2945 4474 pro
2990 4408 3229 4473 vulnere,
3273 4409 3492 4466 livorem

1894 4505 1994 4561 pro
2022 4490 2209 4545 livore.
2239 4490 2293 4546 Si
2322 4493 2643 4560 percusserit
2667 4494 2931 4565 quispiam
2969 4497 3182 4553 oculum
3224 4502 3364 4555 servi
3403 4501 3488 4557 sui

1894 4593 1985 4637 aut
2004 4583 2231 4649 ancillae,
2260 4593 2315 4639 et
2342 4584 2518 4641 luscos
2543 4601 2637 4641 eos
2666 4586 2885 4655 fecerit;
2917 4590 3148 4647 dimittet
3174 4592 3370 4650 liberos
3400 4610 3495 4666 pro

1895 4674 2053 4728 oculo
2073 4689 2229 4744 quem
2252 4675 2404 4729 eruit.
2437 4676 2656 4731 Denlcm
2686 4694 2898 4750 quoque
2921 4681 2965 4736 si
2988 4686 3282 4741 excusserit
3308 4701 3491 4753 servo,

1897 4766 2208 4820 autancillrc
2230 4782 2370 4832 sum;
2418 4768 2664 4825 similiter
2690 4770 2920 4828 dimittet
2941 4789 3035 4830 eos
3066 4775 3283 4832 liberos.
3315 4777 3371 4833 Si
3399 4780 3495 4835 bos

1897 4872 2062 4913 cornu
2091 4860 2301 4929 petierit
2321 4860 2491 4914 virum
2515 4873 2606 4917 aut
2632 4863 2930 4929 mulierem,
2952 4877 3007 4922 et
3026 4870 3218 4924 mortui
3257 4870 3493 4937 fuerint;

1900 4949 2162 5017 lapidibus
2188 4950 2463 5017 obruetur,
2509 4962 2563 5009 et
2608 4970 2711 5009 non
2741 4958 3089 5013 eomedentur
3120 4976 3309 5014 carnes
3348 4963 3493 5031 ejus;

1898 5041 2143 5097 dominus
2170 5059 2382 5114 quoque
2407 5045 2556 5102 bovis
2584 5048 2841 5105 innocens
2862 5050 2981 5104 erit.
3009 5050 3159 5117 Quod
3188 5051 3233 5106 si
3260 5052 3356 5108 bos
3381 5070 3498 5108 cor-

1901 5144 2091 5204 nupeta
2124 5135 2281 5190 fuerit
2312 5136 2382 5192 ab
2411 5138 2523 5194 lteri
2572 5149 2627 5194 et
2668 5141 3074 5205 nudiustertius,
3123 5153 3178 5198 et
3215 5146 3498 5202 contestati

1901 5238 2022 5281 sunt
2058 5226 2329 5282 dominum
2365 5231 2499 5298 ejus,
2542 5246 2643 5286 nec
2686 5232 2900 5287 reclusit
2939 5248 3083 5293 eum.
3131 5235 3496 5307 occideritque

1901 5318 2070 5372 virum
2098 5334 2160 5373 ac
2180 5320 2492 5385 mulierem;
2522 5332 2573 5375 et
2603 5322 2698 5377 bos
2725 5323 2984 5392 lapidibus
3012 5325 3286 5391 obruetur,
3314 5338 3370 5383 et
3401 5327 3497 5382 do-

1903 5409 2105 5464 miuum
2132 5410 2274 5464 illius
2303 5410 2566 5465 occident.
2614 5412 2763 5479 Quod
2804 5415 2846 5469 si
2891 5417 3113 5484 prclittm
3142 5418 3189 5472 ei
3216 5418 3368 5474 fuerit
3402 5419 3500 5474 im-

1903 5504 2155 5570 positum,
2171 5502 2313 5557 dabit
2330 5520 2422 5572 pro
2440 5506 2612 5559 anima
2625 5520 2718 5559 sua
2733 5507 2982 5579 quidquid
3004 5508 3154 5565 fuerit
3179 5511 3498 5582 postulatus.

1970 5614 1985 5643 ³
2010 5612 2254 5688 Particnla,
2274 5626 2478 5688 meeum,
2498 5628 2591 5688 non
2610 5618 2856 5688 reperitur
2881 5620 2927 5670 in
2946 5622 3108 5688 editis,
3119 5624 3357 5688 abestque
3372 5637 3502 5677 nunc

1904 5684 1935 5748 ξ
1959 5673 2190 5748 versione
2217 5673 2431 5748 Vulgata.
2456 5678 2547 5748 sed
2573 5673 2681 5748 eam
2700 5680 2881 5748 habent
2902 5690 3008 5735 Mss.
3032 5673 3175 5747 hujus
3195 5673 3358 5748 operis
3377 5673 3399 5741 ξ
3418 5673 3503 5737 ιιέ

1904 5734 1993 5807 bet
2008 5733 2445 5807 bebrzeustefxtt‘ts,
2471 5740 2567 5790 imo
2591 5743 2952 5807 etimnt‘ulgata
2970 5733 3133 5799 versio

1908 5794 2153 5846 volumine
2173 5806 2289 5849 ante
2312 5799 2404 5851 800
2425 5794 2574 5852 armos
2593 5794 2851 5867 descripto:
