3874 6308
534 249 640 310 895

531 368 865 425 moriantur:
888 371 1102 443 sanguis
1137 385 1323 427 eorum
1353 372 1436 428 .sit
1474 385 1636 443 super
1673 387 1786 428 eos.
1815 372 1913 442 Qui
1955 389 2115 444 supra

531 473 754 513 uxorem
785 460 947 515 tiliam
978 462 1189 517 duxerit
1216 473 1437 518 matrem
1469 468 1613 533 ejus,
1652 465 1826 519 seelus
1866 479 2117 535 operatus

530 559 645 615 est;
677 552 826 607 vivus
870 554 1077 609 ardebit
1113 571 1233 610 cum
1280 557 1389 622 eis,
1422 573 1520 612 nec
1549 560 1881 629 permanebit
1913 570 2114 613 mutum

531 642 680 697 nefas
729 641 781 697 in
829 645 1007 699 medio
1046 649 1226 701 vestri.
1265 648 1366 715 Qui
1409 666 1528 703 eum
1562 651 1806 719 jumequ
1843 662 1895 706 et
1924 667 2115 721 pecore

529 736 736 795 coierit.
769 747 938 792 morte
970 740 1227 795 moriatur
1255 759 1267 793 :
1301 758 1463 810 pecus
1490 759 1701 813 quoque
1730 745 1976 799 occidite.
2004 745 2117 799 Mu-

527 824 629 881 lier
656 843 777 896 qua:
818 830 1159 886 succubuerit
1185 834 1401 888 cuilibet
1427 836 1689 902 jtuuento,
1724 837 1880 890 simul
1915 838 2114 892 interli-

529 918 701 973 cietur
726 935 847 975 cum
877 937 970 987 eo;
992 926 1207 995 sanguis
1235 942 1421 981 eorum
1452 928 1522 982 sit
1559 944 1721 997 super
1744 945 1858 984 eos.
1887 931 1986 997 Qui
2026 946 2116 985 ac-

528 1011 731 1080 ceperit
771 1028 1007 1069 sororem
1052 1032 1224 1081 suatn,
1266 1018 1424 1073 filiam
1471 1021 1635 1090 patris
1678 1022 1780 1085 siti,
1824 1024 1905 1077 vel
1951 1025 2112 1078 tiliam

527 1104 716 1158 matris
743 1123 873 1169 sitas,
896 1118 949 1162 et
980 1109 1165 1164 viderit
1197 1114 1573 1181 turpitudinem
1600 1114 1736 1184 ejus,
1768 1116 1961 1186 illaque
1985 1133 2114 1172 con-

526 1196 761 1263 spexerit
807 1198 984 1252 fratris
1033 1200 1409 1269 ignominiam,
1458 1204 1712 1261 nefariam
1755 1222 1865 1262 rem
1908 1209 2112 1278 operati

526 1298 684 1353 sunt;
714 1291 1024 1346 occidentur
1053 1294 1103 1347 in
1131 1306 1420 1365 conspectu
1451 1300 1657 1368 populi,
1686 1315 1753 1356 eo
1774 1302 1913 1371 quod
1945 1302 2111 1370 turpi-

526 1381 763 1436 tudinem
790 1397 938 1437 suam
968 1396 1152 1441 mutuo
1172 1390 1523 1446 revelavcriut
1547 1410 1560 1456 ;
1589 1403 1645 1447 et
1684 1396 1970 1463 portabunt
2011 1396 2112 1449 ini-

521 1471 776 1540 quitatem
824 1491 995 1530 suam.
1039 1478 1137 1544 Qtti
1192 1482 1377 1535 coierit
1426 1498 1545 1537 cum
1592 1484 1814 1540 muliere
1864 1487 1914 1540 in
1964 1486 2110 1542 fluxu

523 1575 819 1630 menstruo,
849 1580 898 1622 et
932 1572 1249 1626 revelavcrit
1288 1576 1665 1646 turpitudinem
1702 1579 1848 1645 ejus,
1887 1580 2107 1650 ipsaque

522 1658 788 1724 aperuerit
815 1657 1013 1713 fontem
1037 1664 1308 1732 sanguinis
1329 1667 1431 1730 sui,
1455 1667 1841 1723 interlicientur
1861 1672 2019 1725 ambo
2039 1672 2106 1727 de

520 1746 696 1800 medio
739 1751 913 1818 populi
942 1752 1043 1805 sui.
1072 1753 1475 1823 'l'urpitudiucm
1519 1768 1820 1813 matertch
1848 1770 1900 1815 ct
1930 1762 2106 1817 amita:

520 1846 626 1892 tua:
670 1854 773 1893 non
808 1840 1187 1912 discooperies.
1224 1846 1324 1913 Qui
1366 1847 1466 1901 hoc
1511 1848 1714 1912 fecerit,
1764 1851 2103 1921 ignominiam

519 1929 696 1984 carnis
742 1946 852 1986 sua)
904 1935 1161 2001 nudavit;
1219 1938 1504 2007 portabunt
1555 1942 1712 1995 ambo
1770 1944 2102 2011 iniquitatem

518 2036 689 2076 suam.
714 2024 811 2089 Qui
837 2026 1023 2080 coierit
1051 2043 1170 2083 cum
1207 2046 1371 2085 uxore
1411 2032 1579 2101 patrui
1610 2032 1690 2087 vel
1722 2035 1968 2089 avunculi
1995 2036 2100 2101 sui,

515 2122 570 2169 et
592 2116 902 2172 revelavcrit
931 2120 1271 2191 ignominiam
1292 2126 1621 2194 cognationis
1648 2142 1790 2189 Sine;
1821 2129 2104 2196 portabunt

516 2204 674 2258 ambo
703 2218 972 2275 peccatum
1000 2226 1183 2275 suum;
1215 2213 1415 2283 absque
1446 2215 1630 2270 liberis
1659 2220 1973 2272 morientur.
2000 2219 2100 2285 Qui

514 2292 727 2350 duxerit
755 2313 973 2353 uxorem
1006 2299 1183 2357 fratris
1208 2305 1311 2370 sui,
1338 2320 1446 2358 rem
1476 2305 1600 2361 facit
1632 2308 1864 2363 illicitum
1892 2328 1904 2362 :
1937 2311 2101 2379 turpi-

512 2387 749 2444 tudinem
793 2389 971 2446 fratris
1007 2395 1086 2448 sui
1129 2397 1414 2461 revelavit;
1444 2399 1645 2468 absque
1676 2401 1794 2455 liliis
1825 2412 2000 2456 erunt.
2036 2403 2101 2457 Et

512 2482 565 2535 in
586 2483 688 2537 alio
716 2483 827 2538 loco
848 2503 867 2540 :
892 2485 982 2540 Vir
1005 2488 1117 2542 sive
1140 2490 1349 2557 mulier,
1375 2492 1427 2545 in
1456 2493 1646 2563 quibus
1674 2496 1992 2563 pytiionieus
2015 2498 2098 2552 vel

511 2573 851 2630 divinationis
868 2578 1020 2633 fuerit
1042 2581 1279 2649 spiritus,
1302 2594 1473 2637 morte
1495 2585 1814 2651 moriantur;
1836 2586 2098 2656 lapidibus

510 2665 736 2722 obruent
764 2684 858 2725 eos
882 2688 895 2723 :
922 2672 1136 2742 sanguis
1164 2690 1347 2729 eorum
1375 2676 1442 2729 sit
1468 2691 1630 2745 super
1659 2678 1793 2731 illos.

580 2758 608 2811 1
618 2769 809 2831 temque
844 2762 894 2815 in
930 2763 1031 2816 alio
1076 2766 1215 2829 loco,
1248 2784 1361 2819 cum
1406 2767 1469 2820 de
1503 2785 1696 2821 simnno
1722 2771 1978 2824 sacerdote
2016 2773 2094 2825 lo-

505 2861 740 2917 queretur
765 2850 961 2925 [xxn]:
1001 2854 1289 2925 Virginem,
1316 2858 1476 2926 inquit
1497 2900 1511 2919 .
1539 2859 1694 2915 ducet
1726 2876 1976 2925 uxorem;
2010 2864 2092 2918 vi-

505 2940 667 2996 duant
699 2955 753 2997 et
780 2947 1144 3014 repudiatam.
1171 2960 1223 3002 ct
1265 2950 1535 3005 Sordidum
1564 2962 1722 3022 atque
1758 2958 2091 3011 meretricem

506 3048 612 3086 non
641 3034 885 3103 accipiet,
914 3038 1005 3089 sed
1037 3040 1263 3106 puellam
1295 3041 1360 3093 de.
1392 3044 1585 3110 popqu
1611 3058 1707 3097 suo
1731 3062 1742 3097 :
1767 3062 1831 3098 ne
1851 3050 2097 3102 commis~

505 3134 622 3179 ceat
642 3125 860 3193 stirpem
889 3131 1100 3196 generis
1125 3130 1242 3193 sui,
1276 3134 1429 3201 vulgo
1451 3134 1626 3202 gentis
1660 3150 1770 3189 sum
1796 3154 1809 3202 ;
1838 3139 1957 3207 quia
1993 3155 2093 3210 ego

506 3214 765 3269 Dominus
793 3218 881 3287 qui
912 3218 1184 3273 sanetifico
1206 3239 1350 3275 cum.
1652 3288 1653 3291 η

578 3305 644 3359 Et
674 3318 785 3377 post
823 3310 981 3363 multa
1010 3308 1213 3384 [xxm]
1244 3330 1255 3363 :
1286 3313 1454 3368 llomo
1482 3316 1570 3384 qui
1605 3319 1939 3377 maledixerit
1980 3324 2092 3381 Deo

503 3409 603 3450 suo
624 3438 638 3459 ,
672 3398 897 3465 portabit
927 3412 1198 3468 peccatum
1225 3419 1399 3458 suum.
1433 3405 1499 3459 Et
1523 3410 1610 3476 qui
1642 3408 2116 3479 ldaSphemaverit'

502 3504 696 3544 nomen
723 3490 962 3555 Domini,
994 3505 1164 3548 tuorte
1197 3498 1451 3551 moriatur
1479 3518 1492 3551 :
1533 3499 1794 3569 lapidibus
1824 3507 2091 3573 opprimet

502 3595 622 3637 cum
645 3582 819 3635 oumis
847 3584 1156 3646 multitudo,
1188 3587 1299 3642 sive
1330 3588 1415 3643 ille
1444 3589 1576 3642 civis
1599 3631 1614 3653 ,
1642 3593 1752 3646 sive
1781 3596 2089 3666 peregrinus

501 3672 678 3727 fuerit.
709 3674 806 3739 Qui
836 3674 1280 3745 blasphemaverit
1301 3695 1492 3733 uoiuen
1526 3681 1750 3745 Doniiui,
1780 3696 1950 3741 morte
1968 3704 2086 3741 Ino-

499 3766 685 3819 riatur.
717 3765 817 3833 Qui
848 3770 1166 3837 percusserit
1192 3782 1246 3823 et
1275 3772 1530 3826 occiderit
1562 3773 1831 3830 hominem
1854 3816 1868 3837 ,
1915 3788 2086 3835 morte

498 3859 774 3913 moriatur.
805 3859 903 3926 Qui
947 3865 1265 3930 percusserit
1303 3866 1531 3929 animal,
1568 3867 1753 3922 reddat
1789 3870 2040 3928 vicarium
2065 3917 2080 3940 ,

498 3948 548 4001 id
577 3959 657 4003 est
677 3991 692 4014 ,
733 3950 962 4004 animant
997 3969 1089 4021 pro
1116 3954 1312 4006 anima.
1344 3956 1442 4022 Qui
1473 3957 1783 4027 irrogaverit
1822 3964 2081 4018 maculam

497 4038 711 4093 cuilibet
745 4041 935 4095 civium
963 4058 1201 4101 suorum.
1231 4043 1367 4100 sicut
1396 4046 1538 4111 fecit,
1563 4048 1652 4104 fiat
1676 4054 1724 4106 ci
1752 4068 1764 4104 ε
1797 4052 2080 4111 fracturam

494 4144 592 4201 pro
614 4130 859 4192 fractura.
885 4135 1094 4189 oculum
1120 4151 1215 4204 pro
1243 4140 1415 4203 oculo,
1439 4140 1651 4194 dentem
1676 4158 1770 4211 pro
1792 4145 1949 4199 dente
1972 4164 2080 4201 res-

493 4222 668 4287 tituet;
691 4225 897 4291 qualem
925 4226 1176 4282 indixerit
1204 4230 1487 4297 maculam,
1508 4232 1665 4286 talem
1696 4236 1959 4291 sustinere
1985 4256 2079 4294 co-

493 4325 667 4385 getur.
694 4316 791 4384 Qui
825 4320 1147 4387 percusserit
1183 4322 1481 4391 jumentum
1503 4367 1518 4391 ,
1564 4327 1748 4382 reddet
1787 4329 1947 4384 aliud.
1977 4331 2078 4399 Qui

490 4408 813 4477 percusserit
873 4408 1172 4476 hominem,
1224 4415 1489 4482 punietur.
1542 4415 1773 4488 Aiquum
1822 4420 2076 4486 judicium

488 4500 558 4556 sit
584 4501 721 4555 inter
760 4517 853 4555 vos
879 4544 895 4568 ,
926 4504 1043 4557 sive
1070 4510 1410 4575 peregrinus,
1442 4509 1554 4563 sive
1582 4511 1713 4566 civis
1745 4516 2074 4582 peccaverit;

488 4592 610 4661 quia
637 4609 737 4663 ego
761 4608 878 4648 sum
913 4595 1164 4649 Dominus
1196 4598 1330 4651 lli-us
1360 4611 1557 4655 vester.

560 4681 626 4737 Et
657 4695 768 4753 post
794 4686 1107 4755 aliquantum
1136 4687 1333 4762 [XXVL]
1363 4709 1374 4742 :
1406 4690 1520 4745 Non
1550 4691 1751 4749 facietis
1778 4697 1929 4752 vobis
1959 4698 2075 4754 ido-

486 4775 595 4832 lum
624 4785 678 4832 ct
709 4778 952 4847 sculptile
978 4826 984 4834 .
1013 4796 1112 4836 nec
1144 4782 1324 4837 titulos
1353 4783 1603 4853 erigetis,
1635 4802 1732 4842 nec
1762 4789 2021 4861 insignem
2056 4795 2072 4825 ¹

485 4867 716 4940 lapidem
745 4874 953 4942 ponetis
981 4873 1029 4926 in
1065 4882 1202 4927 terra
1231 4886 1424 4941 vestra,
1457 4888 1511 4932 ut
1532 4878 1764 4934 adoretis
1792 4898 1935 4936 cum.
1962 4884 2074 4955 Ego

484 4963 625 5016 enim
655 4976 770 5015 sum
797 4963 1049 5017 Dominus
1080 4964 1215 5017 Deus
1236 4978 1429 5022 vester.

559 5054 685 5109 lltec
704 5055 767 5108 de
794 5053 1033 5109 Leuitico.
1060 5054 1214 5110 Nunc
1235 5059 1297 5112 de
1323 5060 1449 5114 libro
1477 5064 1621 5134 cujus
1648 5081 1826 5120 nomen
1850 5076 1921 5121 est
1949 5065 2071 5121 Nu-

484 5149 626 5214 meri,
649 5165 762 5220 qua:
785 5149 890 5203 visa
919 5160 1033 5204 sunt
1059 5154 1494 5209 commemoranda
1520 5174 1784 5227 ponemus.

1053 5266 1139 5323 DE
1179 5268 1499 5327 NUMERIS.

555 5375 717 5452 [Cap.
762 5382 961 5454 xxvu.]
1008 5383 1178 5438 llonto
1224 5401 1343 5439 cum
1388 5397 1627 5442 mortuus
1676 5389 1831 5445 fuerit
1871 5392 2072 5463 absque

484 5472 616 5537 filio,
645 5474 709 5526 ad
739 5474 898 5528 liiiam
933 5477 1049 5541 ejus
1078 5478 1314 5530 transibit
1352 5476 1652 5534 llll‘l‘t‘tiilﬂs.
1683 5482 1737 5534 Si
1773 5482 1931 5537 filiam
1964 5499 2070 5538 non

486 5563 727 5617 habuerit
750 5605 764 5623 ,
810 5563 1024 5619 habebit
1062 5582 1403 5622 successores
1434 5567 1623 5623 fratres
1665 5586 1808 5625 suos.
1842 5573 1993 5641 Quod
2021 5572 2069 5631 si

549 5703 570 5738 ⁸
590 5703 663 5754 Sic
682 5706 940 5769 Itss.justa
958 5706 1219 5771 \‘ulgatam.
1245 5715 1301 5759 At
1324 5709 1455 5772 editi,
1475 5710 1526 5762 in
1557 5710 1762 5777 signum.

1724 256 1783 315 ε.
1824 255 2094 316 AUGUST

2223 257 2585 322 succuum
2962 341 2988 349 Δ
3380 246 3383 247 ί
3687 287 3761 349 εκ

2226 386 2279 431 et
2311 377 2500 435 fratres
2529 396 2632 436 non
2661 382 2935 452 habuerit,
2959 386 3157 444 dabitis
3174 389 3539 453 bzereditatem
3564 398 3758 464 fratribus

2226 474 2390 542 patris
2415 475 2548 544 ejus.
2596 477 2690 531 Sin
2717 488 2894 533 autem
2922 496 3020 537 nec
3048 494 3275 552 patruos
3306 486 3573 560 habuerit,
3594 493 3753 553 dabitur

2226 564 2507 620 haereditas
2548 568 2610 621 iis
2644 570 2734 639 qui
2765 571 2812 623 ei
2856 574 3079 641 proximi
3108 585 3242 631 sunt
3274 595 3289 630 :
3318 579 3522 649 eritque
3561 582 3647 639 hoc
3668 588 3753 642 liliis

2224 653 2385 710 Israel
2415 668 2655 713 sanctum
2683 662 2797 731 lege
2822 673 3095 733 perpetua,
3119 668 3265 723 sicut
3288 674 3533 743 enecepit
3557 675 3753 737 Dominus

2222 745 2409 818 Moysi.

2295 837 2361 891 Et
2393 850 2504 908 post
2526 843 2686 896 multa
2703 841 2912 918 [sum]
2946 846 3025 901 Ad
3069 850 3235 905 unius
3263 854 3609 913 testimonium
3627 862 3755 919 nullus

2222 931 2682 988 comlcniuabitnr.
2704 935 2821 991 Non
2848 940 3121 1011 accipietis
3150 946 3384 1014 pretium
3404 948 3472 1004 ab
3486 967 3548 1006 eo
3567 955 3643 1023 qui
3664 971 3751 1012 reus

2221 1033 2299 1076 est
2332 1026 2623 1090 Sanguinis.

2296 1112 2420 1167 Ha'c
2438 1116 2501 1168 de
2530 1115 2583 1169 N
2586 1120 2772 1174 umeris
2809 1122 3118 1193 invenimus,
3142 1142 3262 1196 quia
3286 1130 3582 1198 inspicienda
3603 1141 3751 1207 putari-

2219 1220 2352 1259 mus.
2376 1204 2823 1265 Deuteronomium
2848 1213 3083 1284 deinceps
3110 1220 3557 1279 considerabimus.
3604 1204 3613 1207 ﬁ
3750 1256 3759 1343 4

2668 1344 2756 1400 DE
2798 1346 3366 1412 DEUTERONOMIO.

2289 1470 2440 1545 [Cap.
2470 1475 2533 1550 t.]
2559 1476 2706 1533 Nulla
2733 1481 2836 1535 erit
2873 1481 3122 1540 distantia
3169 1503 3515 1557 personarum
3542 1510 3555 1548 :
3584 1495 3639 1550 ita
3660 1512 3747 1567 par-

2215 1580 2339 1620 vum
2367 1567 2592 1623 audietis
2624 1581 2679 1624 ut
2724 1588 2970 1643 maguum
2993 1618 3009 1640 ,
3052 1593 3154 1634 nec
3189 1582 3463 1651 accipietis
3496 1586 3743 1660 cujusquam

2214 1674 2518 1729 personam;
2546 1665 2667 1733 quia
2702 1664 2793 1720 Dei
2820 1667 3076 1736 judicium
3106 1682 3215 1727 est.

2287 1750 2354 1804 Et
2375 1754 2606 1820 plurimis
2626 1756 2950 1825 interpositis,
2984 1761 3069 1816 ubi
3125 1762 3440 1838 Decalogum
3464 1774 3619 1838 repetit
3656 1772 3740 1848 [πη

2214 1842 2491 1901 Custodite
2525 1848 2683 1917 igitur
2705 1852 2933 1908 sollicite
2962 1855 3174 1911 animas
3202 1869 3429 1915 vestias.
3457 1861 3560 1917 Non
3587 1842 3739 1921 vidistis

2211 1938 2440 2009 aliquam
2468 1942 2868 1999 similitudinem
2896 1946 2946 2001 iu
2968 1946 3175 2019 diequa
3203 1951 3414 2007 loeutus
3440 1966 3517 2009 est
3543 1954 3740 2013 Dominus

2210 2031 2361 2085 vobis
2394 2032 2445 2087 in
2477 2034 2654 2089 lloreh
2692 2036 2759 2091 de
2790 2039 2968 2094 medio
3012 2041 3150 2109 ignis
3179 2060 3193 2097 :
3227 2060 3296 2099 ne
3324 2044 3458 2102 forte
3479 2047 3656 2119 decepti
3680 2048 3735 2105 fa-

2210 2123 2362 2178 ciatis
2410 2126 2559 2181 vobis
2596 2128 2877 2198 sculptam
2901 2132 3344 2200 similitudinem,
3390 2148 3477 2193 aut
3513 2138 3732 2210 imaginem

2210 2216 2431 2271 masculi
2459 2217 2543 2271 vel
2570 2218 2814 2276 leminmz
2840 2222 3252 2281 similitudinem
3273 2228 3505 2283 onmium
3523 2228 3731 2299 jumento-

2209 2321 2325 2360 rmn
2359 2323 2479 2376 qua:
2506 2319 2631 2363 sunt
2658 2324 2821 2380 super
2847 2322 3079 2381 terram,
3113 2317 3197 2371 vel
3220 2318 3395 2373 avium
3420 2319 3513 2375 sub
3533 2321 3645 2376 οωΙο
3667 2336 3732 2375 vo-

2208 2395 2465 2462 lantium;
2496 2408 2654 2470 atque
2676 2403 2940 2471 replilimn
2963 2421 3081 2475 quae
3103 2420 3389 2465 moventur
3411 2411 3461 2465 in
3487 2420 3631 2478 terra,
3652 2412 3731 2467 sive

2205 2488 2431 2558 piscium
2475 2492 2563 2560 qui
2604 2493 2704 2546 sub
2746 2503 2887 2548 terra
2950 2508 3234 2554 morantur
3269 2501 3320 2554 in
3362 2500 3732 2570 aquiszneforte

2205 2584 2375 2638 oculis
2412 2586 2631 2641 elevatis
2662 2588 2729 2642 ad
2767 2591 2961 2644 etelutn
2994 2592 3184 2648 videas
3221 2596 3389 2650 solem
3414 2606 3465 2651 et
3499 2594 3728 2657 lunam,et

2204 2675 2382 2729 omnia
2413 2688 2553 2730 astra
2580 2679 2723 2744 cmli,
2748 2689 2799 2733 et
2826 2696 3011 2736 errore
3039 2683 3307 2753 deceptus
3326 2686 3508 2740 adores
3526 2725 3541 2747 ,
3564 2682 3726 2738 eleolas

2204 2781 2322 2835 qua:
2344 2770 2541 2821 creavit
2571 2770 2825 2824 Dominus
2850 2772 2985 2826 Deus
3014 2783 3137 2828 tuus
3169 2776 3221 2829 in
3262 2774 3587 2830 ministerium
3610 2784 3726 2826 cunc-

2204 2856 2272 2910 tis
2296 2858 2563 2926 gentibus,
2590 2876 2708 2929 qua:
2735 2864 2833 2915 sub
2854 2865 2992 2917 cudo
3017 2878 3164 2919 sunt.
3190 2866 3254 2919 lit
3276 2868 3426 2939 paulo
3451 2876 3550 2935 post
3570 2864 3721 2926 :Cave,

2202 2946 2393 3015 inquit,
2434 2966 2499 3002 ne
2529 2951 2740 3018 (pultndo
2768 2953 3098 3009 obliviscaris
3133 2959 3273 3027 pacti
3317 2956 3509 3012 Domini
3537 2954 3611 3009 Dei
3642 2952 3718 3015 lui.

2200 3040 2339 3109 quod
2373 3044 2565 3111 pepigit
2596 3053 2808 3109 tecum;
2841 3057 2894 3099 et
2934 3046 3095 3102 facias
3137 3051 3231 3105 tibi
3260 3051 3506 3121 sculptam
3532 3046 3721 3103 similitu-

2200 3130 2379 3183 dinetn
2428 3148 2647 3196 eorum,
2699 3152 2816 3204 qute
2870 3137 2983 3192 fieri
3034 3140 3299 3195 Dominus
3345 3135 3719 3212 prohibuittlluia

2201 3219 2457 3276 Dominus
2482 3222 2620 3279 Deus
2642 3236 2762 3282 tuus
2792 3228 2930 3297 ignis
2957 3245 3286 3288 consumens
3308 3242 3388 3287 est
3406 3272 3420 3298 ,
3451 3232 3573 3285 Deus
3592 3241 3718 3282 aemu-

2200 3309 2354 3365 lator.

2271 3403 2337 3458 Et
2363 3406 2464 3459 alio
2502 3408 2612 3461 loco
2766 3429 2779 3465 :
2807 3410 2921 3466 Non
2951 3412 3175 3471 habebis
3200 3416 3332 3471 deos
3358 3416 3540 3471 alienos
3561 3411 3603 3465 in
3618 3422 3716 3463 con-

2197 3507 2381 3565 spectu
2410 3515 2549 3553 meo.
2580 3501 2695 3556 Non
2724 3504 2884 3558 facies
2913 3506 3004 3559 tibi
3045 3510 3326 3578 sculptile.
3367 3522 3458 3563 nec
3479 3499 3715 3561 similitudi-

2196 3604 2318 3642 nem
2349 3593 2586 3645 omnimu
2626 3610 2745 3663 qua:
2776 3596 2827 3649 in
2858 3599 2996 3652 ccelo
3018 3610 3147 3654 sunt
3185 3602 3436 3671 desuper.
3476 3608 3521 3651 et
3554 3610 3648 3666 qum
3676 3592 3713 3645 ίη

2195 3687 2337 3733 terra
2364 3680 2611 3736 deorsum
2637 3725 2653 3749 ,
2694 3694 2747 3738 ct
2771 3703 2888 3755 qua:
2920 3702 3205 3745 versantur
3232 3693 3281 3745 in
3318 3692 3461 3760 aquis
3485 3687 3571 3742 sub
3593 3696 3710 3739 terra.

2193 3770 2310 3825 Non
2330 3773 2578 3828 adorabis
2603 3793 2663 3829 ca
2686 3819 2700 3839 ,
2736 3793 2905 3848 neque
2943 3783 3108 3837 coles.
3142 3785 3255 3855 ligo
3284 3783 3420 3839 enim
3449 3796 3551 3836 sum
3575 3774 3710 3832 Domi-

2195 3877 2295 3915 nus
2328 3862 2464 3917 Deus
2496 3876 2647 3929 tuus.
2681 3869 2821 3922 Deus
2844 3875 3155 3941 :emulator,
3188 3877 3409 3931 reddens
3447 3871 3707 3941 iuiqttilall'm

2194 3964 2399 4024 patrum
2427 3957 2479 4011 in
2512 3960 2645 4012 lilios
2670 3962 2720 4015 in
2752 3963 2959 4017 tertiam
2987 3976 3037 4019 et
3077 3979 3320 4036 quartam
3345 3963 3704 4036 generationem,

2192 4047 2257 4101 iis
2285 4050 2372 4117 qui
2403 4051 2625 4105 oderunt
2659 4070 2763 4116 me;
2790 4064 2845 4109 et
2871 4055 3070 4112 faciens
3096 4058 3498 4114 misericordiam
3518 4055 3562 4109 in
3585 4050 3704 4106 mulli

2190 4140 2353 4193 millia
2388 4140 2729 4213 diligentibus
2772 4163 2891 4212 me,
2940 4158 2995 4203 et
3046 4152 3456 4206 custodientibus
3502 4152 3703 4217 pnctcP“

2189 4246 2328 4287 mea.
2361 4232 2473 4287 Non
2513 4239 2793 4307 usurpahis
2832 4257 3024 4296 nomen
3056 4243 3266 4299 Domini
3298 4244 3383 4299 Dei
3415 4242 3480 4296 tui
3514 4238 3699 4292 frustra:

2187 4323 2309 4390 quia
2347 4340 2451 4378 non
2489 4327 2591 4380 erit
2633 4328 2958 4398 impunitus,
3003 4333 3092 4402 qui
3133 4350 3294 4405 super
3331 4350 3386 4390 re
3411 4347 3526 4385 vana
3552 4337 3699 4416 nomen

2186 4406 2302 4474 ejus
2327 4412 2692 4478 assnmpserit.
2726 4411 2794 4466 Et
2823 4424 2935 4485 post
2970 4419 3236 4485 paululum
3260 4435 3280 4473 :
3305 4419 3524 4477 "Ouum,
3550 4407 3697 4479 inquit.

2186 4506 2391 4564 patrem
2420 4510 2565 4555 tuum
2597 4513 2649 4557 et
2680 4514 2933 4572 matrem,
2963 4510 3101 4564 sicut
3125 4512 3370 4581 prmcepit
3394 4509 3477 4563 tibi
3501 4501 3697 4559 Dominus

2188 4588 2327 4644 Deus
2358 4600 2510 4656 tuus;
2541 4604 2592 4647 ut
2622 4594 2778 4666 longo
2815 4599 2958 4654 vivas
2989 4611 3246 4671 tempore.
3269 4612 3321 4657 ct
3347 4602 3469 4655 bene
3494 4592 3640 4650 sitlilti
3658 4589 3694 4640 in

2185 4688 2326 4736 terra
2354 4700 2511 4754 quam
2544 4687 2795 4745 Domintts
2828 4692 2965 4746 Deus
2993 4704 3113 4748 tuus
3140 4696 3355 4749 daturus
3381 4700 3455 4746 cst
3480 4686 3574 4742 tibi.
3607 4681 3691 4737 Νοιι

2182 4774 2423 4842 occides,
2456 4795 2625 4849 neque
2665 4782 3017 4838 tnmchaberis
3038 4827 3051 4848 ,
3091 4786 3385 4855 furtumque
3419 4798 3510 4835 non
3545 4776 3691 4831 facit“.

2182 4881 2282 4921 nec
2312 4870 2541 4938 loqueris
2574 4886 2754 4929 contra
2784 4878 3081 4946 proximum
3121 4889 3264 4935 tuum
3297 4877 3471 4933 falsum
3507 4868 3689 4925 lt‘alilllﬂ'

2181 4964 2349 5019 nium.
2380 4964 2491 5019 Non
2517 4970 2864 5035 coocupisccs
2890 4987 3107 5026 uxorem
3139 4971 3356 5044 proximi
3379 4969 3443 5024 lui
3462 5010 3475 5029 ,
3504 4978 3588 5017 non
3620 4955 3690 5007 dt!-

2179 5073 2325 5111 mum
2350 5098 2363 5120 ,
2408 5074 2511 5111 non
2540 5074 2724 5129 agrum
2745 5103 2759 5128 ,
2794 5077 2897 5116 non
2927 5078 3137 5120 servmn
3158 5106 3173 5130 ,
3205 5081 3307 5121 non
3334 5058 3552 5116 ancillam
3571 5092 3583 5115 ν
3609 5063 3634 5100 ﬂ
3652 5062 3685 5093 "'

2179 5148 2368 5204 bovem
2391 5192 2405 5216 ,
2435 5166 2536 5205 non
2560 5154 2768 5207 asinum
2792 5196 2807 5217 ,
2830 5164 2885 5209 et
2909 5157 3151 5211 universa
3180 5174 3295 5228 qua:
3322 5155 3451 5208 illius
3472 5154 3591 5202 sunt.

2255 5244 2319 5295 Et
2368 5244 2487 5298 alibi
2531 5247 2581 5298 in
2629 5249 2804 5302 eodem
2848 5250 2973 5305 libro
3019 5251 3137 5326 [vn]
3187 5271 3201 5306 :
3254 5251 3434 5319 Diliges
3463 5238 3683 5297 Dominum

2180 5336 2346 5390 Deum
2379 5346 2522 5392 tuum
2551 5354 2611 5393 ev
2648 5348 2758 5394 toni
2779 5342 2941 5398 corde
2969 5354 3091 5411 tuo,
3122 5354 3175 5401 et
3201 5360 3263 5399 ex
3291 5352 3389 5397 tota
3409 5337 3557 5392 anima
3589 5339 3682 5381 ιιιειι

2179 5436 2234 5482 et
2256 5444 2318 5483 cx
2354 5438 2461 5483 tota
2493 5429 2801 5486 fortitudine.
2824 5443 2930 5487 tua.
2965 5435 3031 5490 Et
3058 5437 3209 5505 paulo
3234 5445 3340 5507 post
3363 5449 3381 5486 :
3404 5430 3519 5485 Cum
3541 5429 3681 5476 (ἔθηκ’

2178 5518 2324 5575 deris
2349 5530 2399 5575 et
2428 5532 2694 5577 saturatus
2721 5524 2904 5591 lum-is,
2935 5542 3063 5582 cave
3087 5530 3355 5598 diligenter
3378 5537 3437 5574 ne
3458 5510 3682 5570 oblivisca-

2178 5613 2253 5669 ris
2293 5614 2535 5683 Domini,
2565 5618 2651 5686 qui
2682 5617 2860 5672 eduxit
2892 5629 2942 5674 te
2971 5620 3037 5676 de
3076 5632 3213 5678 terra
3250 5613 3445 5687 Egypti
3469 5608 3529 5663 de
3557 5602 3681 5695 domo

2181 5707 2471 5762 servitutis.
2506 5685 2787 5765 Dominum
2816 5710 2983 5767 Deum
3005 5720 3150 5770 tuum
3178 5685 3375 5767 timebis
3390 5744 3407 5774 ,
3425 5710 3475 5758 et
3498 5694 3582 5768 illi
3601 5685 3680 5747 l0“
