  <div class='ocr_page' id='page_1' title='image "/cluster/home/n/w/nwhite01/storage/ocr_20150623/34/uva.x000826574/470.png"; bbox 0 0 3874 6308; ppageno 0'>
   <div class='ocr_carea' id='block_1_1' title="bbox 87 284 2162 352">
    <p class='ocr_par' dir='ltr' id='par_1_1' title="bbox 87 284 2162 352">
     <span class='ocr_line' id='line_1_1' title="bbox 87 284 2162 352; baseline -0.002 -2"><span class='ocrx_word' id='word_1_1' title='bbox 87 291 200 352; x_wconf 79' lang='grc'><strong>897</strong></span> <span class='ocrx_word' id='word_1_2' title='bbox 838 287 841 290; x_wconf 70' lang='grc'><strong>’</strong></span> <span class='ocrx_word' id='word_1_3' title='bbox 905 288 930 298; x_wconf 74' lang='grc'><strong>”</strong></span> <span class='ocrx_word' id='word_1_4' title='bbox 1369 288 1458 345; x_wconf 82' lang='lat' dir='ltr'><strong>DE</strong></span> <span class='ocrx_word' id='word_1_5' title='bbox 1496 286 1874 346; x_wconf 73' lang='lat' dir='ltr'><strong>SClthTUHA</strong></span> <span class='ocrx_word' id='word_1_6' title='bbox 1917 284 2162 347; x_wconf 71' lang='lat' dir='ltr'><strong>SACRA.</strong></span> 
     </span>
    </p>
   </div>
   <div class='ocr_carea' id='block_1_2' title="bbox 89 395 1708 471">
    <p class='ocr_par' dir='ltr' id='par_1_2' title="bbox 89 395 1708 471">
     <span class='ocr_line' id='line_1_2' title="bbox 89 395 1708 471; baseline -0.002 -12"><span class='ocrx_word' id='word_1_7' title='bbox 89 415 312 459; x_wconf 70' lang='lat' dir='ltr'><strong>servre:</strong></span> <span class='ocrx_word' id='word_1_8' title='bbox 333 441 354 468; x_wconf 83' lang='lat'><em>.</em></span> <span class='ocrx_word' id='word_1_9' title='bbox 389 415 450 456; x_wconf 84' lang='lat' dir='ltr'><strong>ac</strong></span> <span class='ocrx_word' id='word_1_10' title='bbox 490 413 584 471; x_wconf 86' lang='lat' dir='ltr'><strong>per</strong></span> <span class='ocrx_word' id='word_1_11' title='bbox 623 414 818 456; x_wconf 86' lang='lat' dir='ltr'><strong>nomen</strong></span> <span class='ocrx_word' id='word_1_12' title='bbox 845 395 985 456; x_wconf 88' lang='lat' dir='ltr'><strong>illius</strong></span> <span class='ocrx_word' id='word_1_13' title='bbox 1009 397 1235 469; x_wconf 80' lang='lat' dir='ltr'><strong>iurabis.</strong></span> <span class='ocrx_word' id='word_1_14' title='bbox 1269 397 1384 454; x_wconf 82' lang='lat' dir='ltr'><strong>Non</strong></span> <span class='ocrx_word' id='word_1_15' title='bbox 1417 401 1562 455; x_wconf 86' lang='lat' dir='ltr'><strong>ibitis</strong></span> <span class='ocrx_word' id='word_1_16' title='bbox 1588 410 1708 471; x_wconf 90' lang='lat' dir='ltr'><strong>post</strong></span> 
     </span>
    </p>
   </div>
   <div class='ocr_carea' id='block_1_3' title="bbox 92 491 1709 564">
    <p class='ocr_par' dir='ltr' id='par_1_3' title="bbox 92 491 1709 564">
     <span class='ocr_line' id='line_1_3' title="bbox 92 491 1709 564; baseline -0.001 -14"><span class='ocrx_word' id='word_1_17' title='bbox 92 495 231 552; x_wconf 83' lang='lat' dir='ltr'><strong>deos</strong></span> <span class='ocrx_word' id='word_1_18' title='bbox 257 494 474 550; x_wconf 71' lang='lat' dir='ltr'><strong>alieom</strong></span> <span class='ocrx_word' id='word_1_19' title='bbox 499 502 811 548; x_wconf 87' lang='lat' dir='ltr'><strong>cunctarum</strong></span> <span class='ocrx_word' id='word_1_20' title='bbox 839 492 1076 564; x_wconf 74' lang='lat' dir='ltr'><strong>gentium</strong></span> <span class='ocrx_word' id='word_1_21' title='bbox 1102 507 1220 562; x_wconf 69' lang='lat' dir='ltr'><strong>qua:</strong></span> <span class='ocrx_word' id='word_1_22' title='bbox 1260 491 1311 545; x_wconf 92' lang='lat' dir='ltr'><strong>in</strong></span> <span class='ocrx_word' id='word_1_23' title='bbox 1332 491 1554 548; x_wconf 89' lang='lat' dir='ltr'><strong>circuitu</strong></span> <span class='ocrx_word' id='word_1_24' title='bbox 1615 508 1709 548; x_wconf 84' lang='lat' dir='ltr'><strong>ve-</strong></span> 
     </span>
    </p>
   </div>
   <div class='ocr_carea' id='block_1_4' title="bbox 93 581 1713 653">
    <p class='ocr_par' dir='ltr' id='par_1_4' title="bbox 93 581 1713 653">
     <span class='ocr_line' id='line_1_4' title="bbox 93 581 1713 653; baseline 0 -13"><span class='ocrx_word' id='word_1_25' title='bbox 93 594 215 641; x_wconf 84' lang='lat' dir='ltr'><strong>stro</strong></span> <span class='ocrx_word' id='word_1_26' title='bbox 256 593 394 640; x_wconf 83' lang='lat' dir='ltr'><strong>sum</strong></span> <span class='ocrx_word' id='word_1_27' title='bbox 426 601 439 636; x_wconf 93' lang='lat'><strong>:</strong></span> <span class='ocrx_word' id='word_1_28' title='bbox 470 583 720 653; x_wconf 87' lang='lat' dir='ltr'><strong>quoniatn</strong></span> <span class='ocrx_word' id='word_1_29' title='bbox 764 582 904 637; x_wconf 89' lang='lat' dir='ltr'><strong>Deus</strong></span> <span class='ocrx_word' id='word_1_30' title='bbox 931 583 1241 644; x_wconf 83' lang='lat' dir='ltr'><strong>a-tnulator,</strong></span> <span class='ocrx_word' id='word_1_31' title='bbox 1274 581 1528 638; x_wconf 83' lang='lat' dir='ltr'><strong>Dominus</strong></span> <span class='ocrx_word' id='word_1_32' title='bbox 1573 582 1713 640; x_wconf 85' lang='lat' dir='ltr'><strong>Deus</strong></span> 
     </span>
    </p>
   </div>
   <div class='ocr_carea' id='block_1_5' title="bbox 93 672 1710 742">
    <p class='ocr_par' dir='ltr' id='par_1_5' title="bbox 93 672 1710 742">
     <span class='ocr_line' id='line_1_5' title="bbox 93 672 1710 742; baseline -0.003 -10"><span class='ocrx_word' id='word_1_33' title='bbox 93 683 226 732; x_wconf 85' lang='lat' dir='ltr'><strong>tuus</strong></span> <span class='ocrx_word' id='word_1_34' title='bbox 269 676 328 728; x_wconf 90' lang='lat' dir='ltr'><strong>in</strong></span> <span class='ocrx_word' id='word_1_35' title='bbox 361 672 540 729; x_wconf 88' lang='lat' dir='ltr'><strong>medio</strong></span> <span class='ocrx_word' id='word_1_36' title='bbox 565 674 675 737; x_wconf 91' lang='lat' dir='ltr'><strong>tui;</strong></span> <span class='ocrx_word' id='word_1_37' title='bbox 705 688 774 729; x_wconf 88' lang='lat' dir='ltr'><strong>ne</strong></span> <span class='ocrx_word' id='word_1_38' title='bbox 797 672 1010 742; x_wconf 82' lang='lat' dir='ltr'><strong>quando</strong></span> <span class='ocrx_word' id='word_1_39' title='bbox 1035 673 1294 728; x_wconf 75' lang='lat' dir='ltr'><strong>irascatur</strong></span> <span class='ocrx_word' id='word_1_40' title='bbox 1324 672 1471 728; x_wconf 87' lang='lat' dir='ltr'><strong>furor</strong></span> <span class='ocrx_word' id='word_1_41' title='bbox 1502 673 1710 728; x_wconf 79' lang='lat' dir='ltr'><strong>Domini</strong></span> 
     </span>
    </p>
   </div>
   <div class='ocr_carea' id='block_1_6' title="bbox 66 762 1708 834">
    <p class='ocr_par' dir='ltr' id='par_1_6' title="bbox 66 762 1708 834">
     <span class='ocr_line' id='line_1_6' title="bbox 66 762 1708 834; baseline -0.002 -13"><span class='ocrx_word' id='word_1_42' title='bbox 66 765 194 828; x_wconf 70' lang='lat' dir='ltr'><strong>iDei</strong></span> <span class='ocrx_word' id='word_1_43' title='bbox 234 764 316 819; x_wconf 89' lang='lat' dir='ltr'><strong>lui</strong></span> <span class='ocrx_word' id='word_1_44' title='bbox 349 774 535 819; x_wconf 91' lang='lat' dir='ltr'><strong>contra</strong></span> <span class='ocrx_word' id='word_1_45' title='bbox 565 772 652 829; x_wconf 92' lang='lat' dir='ltr'><strong>te,</strong></span> <span class='ocrx_word' id='word_1_46' title='bbox 681 773 734 819; x_wconf 92' lang='lat' dir='ltr'><strong>et</strong></span> <span class='ocrx_word' id='word_1_47' title='bbox 776 762 980 819; x_wconf 87' lang='lat' dir='ltr'><strong>auferat</strong></span> <span class='ocrx_word' id='word_1_48' title='bbox 1023 771 1073 817; x_wconf 88' lang='lat' dir='ltr'><strong>te</strong></span> <span class='ocrx_word' id='word_1_49' title='bbox 1101 766 1169 819; x_wconf 90' lang='lat' dir='ltr'><strong>de</strong></span> <span class='ocrx_word' id='word_1_50' title='bbox 1207 765 1489 834; x_wconf 80' lang='lat' dir='ltr'><strong>superficie</strong></span> <span class='ocrx_word' id='word_1_51' title='bbox 1530 777 1708 820; x_wconf 64' lang='lat' dir='ltr'><strong>terrai.</strong></span> 
     </span>
    </p>
   </div>
   <div class='ocr_carea' id='block_1_7' title="bbox 50 855 1179 930">
    <p class='ocr_par' dir='ltr' id='par_1_7' title="bbox 50 855 1179 930">
     <span class='ocr_line' id='line_1_7' title="bbox 50 855 1179 930; baseline -0.003 -17"><span class='ocrx_word' id='word_1_52' title='bbox 50 891 66 930; x_wconf 44' lang='grc' dir='ltr'><strong>ς,</strong></span> <span class='ocrx_word' id='word_1_53' title='bbox 97 857 218 914; x_wconf 71' lang='lat' dir='ltr'><strong>Non</strong></span> <span class='ocrx_word' id='word_1_54' title='bbox 252 857 493 911; x_wconf 87' lang='lat' dir='ltr'><strong>tentabis</strong></span> <span class='ocrx_word' id='word_1_55' title='bbox 519 855 796 911; x_wconf 90' lang='lat' dir='ltr'><strong>Dominmn</strong></span> <span class='ocrx_word' id='word_1_56' title='bbox 827 855 1179 925; x_wconf 86' lang='lat' dir='ltr'><strong>Dcumtuum.</strong></span> 
     </span>
    </p>
   </div>
   <div class='ocr_carea' id='block_1_8' title="bbox 55 934 1710 1020">
    <p class='ocr_par' dir='ltr' id='par_1_8' title="bbox 55 934 1710 1020">
     <span class='ocr_line' id='line_1_8' title="bbox 55 934 1710 1020; baseline -0.001 -18"><span class='ocrx_word' id='word_1_57' title='bbox 172 946 316 1002; x_wconf 83' lang='lat' dir='ltr'><strong>Item</strong></span> <span class='ocrx_word' id='word_1_58' title='bbox 358 947 514 1017; x_wconf 81' lang='lat' dir='ltr'><strong>paulo</strong></span> <span class='ocrx_word' id='word_1_59' title='bbox 542 956 653 1017; x_wconf 72' lang='lat' dir='ltr'><strong>post</strong></span> <span class='ocrx_word' id='word_1_60' title='bbox 675 987 688 1009; x_wconf 90' lang='lat'><strong>,</strong></span> <span class='ocrx_word' id='word_1_61' title='bbox 719 963 834 1001; x_wconf 81' lang='lat' dir='ltr'><strong>cum</strong></span> <span class='ocrx_word' id='word_1_62' title='bbox 860 946 924 1000; x_wconf 83' lang='lat' dir='ltr'><strong>de</strong></span> <span class='ocrx_word' id='word_1_63' title='bbox 949 945 1245 1018; x_wconf 74' lang='lat' dir='ltr'><strong>alienigenis</strong></span> <span class='ocrx_word' id='word_1_64' title='bbox 1269 946 1494 1014; x_wconf 75' lang='lat' dir='ltr'><strong>loquitur</strong></span> <span class='ocrx_word' id='word_1_65' title='bbox 1523 944 1663 1020; x_wconf 87' lang='lat' dir='ltr'><strong>[vn.]</strong></span> <span class='ocrx_word' id='word_1_66' title='bbox 1696 963 1710 1000; x_wconf 89' lang='lat'>:</span> 
     </span>
    </p>
   </div>
   <div class='ocr_carea' id='block_1_9' title="bbox 53 1029 1716 1112">
    <p class='ocr_par' dir='ltr' id='par_1_9' title="bbox 53 1029 1716 1112">
     <span class='ocr_line' id='line_1_9' title="bbox 53 1029 1716 1112; baseline -0.001 -18"><span class='ocrx_word' id='word_1_67' title='bbox 97 1038 294 1109; x_wconf 81' lang='lat' dir='ltr'><strong>Neque</strong></span> <span class='ocrx_word' id='word_1_68' title='bbox 326 1038 562 1093; x_wconf 75' lang='lat' dir='ltr'><strong>social-is</strong></span> <span class='ocrx_word' id='word_1_69' title='bbox 589 1052 709 1092; x_wconf 92' lang='lat' dir='ltr'><strong>cum</strong></span> <span class='ocrx_word' id='word_1_70' title='bbox 741 1039 819 1092; x_wconf 86' lang='lat' dir='ltr'><strong>eis</strong></span> <span class='ocrx_word' id='word_1_71' title='bbox 844 1037 1108 1108; x_wconf 77' lang='lat' dir='ltr'><strong>coniugia;</strong></span> <span class='ocrx_word' id='word_1_72' title='bbox 1140 1039 1298 1091; x_wconf 81' lang='lat' dir='ltr'><strong>tiliam</strong></span> <span class='ocrx_word' id='word_1_73' title='bbox 1323 1047 1463 1092; x_wconf 90' lang='lat' dir='ltr'><strong>tuam</strong></span> <span class='ocrx_word' id='word_1_74' title='bbox 1487 1055 1590 1091; x_wconf 92' lang='lat' dir='ltr'><strong>non</strong></span> <span class='ocrx_word' id='word_1_75' title='bbox 1623 1038 1716 1092; x_wconf 84' lang='lat' dir='ltr'><strong>da-</strong></span> 
     </span>
    </p>
   </div>
   <div class='ocr_carea' id='block_1_10' title="bbox 56 1113 1713 1200">
    <p class='ocr_par' dir='ltr' id='par_1_10' title="bbox 56 1113 1713 1200">
     <span class='ocr_line' id='line_1_10' title="bbox 56 1113 1713 1200; baseline -0.001 -14"><span class='ocrx_word' id='word_1_76' title='bbox 56 1113 68 1126; x_wconf 32' lang='lat'><strong>?</strong></span> <span class='ocrx_word' id='word_1_77' title='bbox 101 1133 185 1186; x_wconf 90' lang='lat' dir='ltr'><strong>bis</strong></span> <span class='ocrx_word' id='word_1_78' title='bbox 216 1130 336 1185; x_wconf 87' lang='lat' dir='ltr'><strong>lilio</strong></span> <span class='ocrx_word' id='word_1_79' title='bbox 374 1131 490 1199; x_wconf 80' lang='lat' dir='ltr'><strong>ejus</strong></span> <span class='ocrx_word' id='word_1_80' title='bbox 511 1172 526 1193; x_wconf 86' lang='lat'><strong>,</strong></span> <span class='ocrx_word' id='word_1_81' title='bbox 555 1145 654 1184; x_wconf 88' lang='lat' dir='ltr'><strong>nec</strong></span> <span class='ocrx_word' id='word_1_82' title='bbox 685 1130 842 1183; x_wconf 88' lang='lat' dir='ltr'><strong>liliatn</strong></span> <span class='ocrx_word' id='word_1_83' title='bbox 875 1130 1014 1184; x_wconf 91' lang='lat' dir='ltr'><strong>illius</strong></span> <span class='ocrx_word' id='word_1_84' title='bbox 1040 1130 1273 1200; x_wconf 77' lang='lat' dir='ltr'><strong>accipies</strong></span> <span class='ocrx_word' id='word_1_85' title='bbox 1299 1130 1406 1184; x_wconf 86' lang='lat' dir='ltr'><strong>lilio</strong></span> <span class='ocrx_word' id='word_1_86' title='bbox 1438 1139 1548 1184; x_wconf 90' lang='lat' dir='ltr'><strong>tuo.</strong></span> <span class='ocrx_word' id='word_1_87' title='bbox 1578 1130 1713 1198; x_wconf 84' lang='lat' dir='ltr'><strong>Quia</strong></span> 
     </span>
    </p>
   </div>
   <div class='ocr_carea' id='block_1_11' title="bbox 97 1223 1715 1294">
    <p class='ocr_par' dir='ltr' id='par_1_11' title="bbox 97 1223 1715 1294">
     <span class='ocr_line' id='line_1_11' title="bbox 97 1223 1715 1294; baseline -0.001 -16"><span class='ocrx_word' id='word_1_88' title='bbox 97 1223 330 1279; x_wconf 85' lang='lat' dir='ltr'><strong>seducet</strong></span> <span class='ocrx_word' id='word_1_89' title='bbox 366 1223 530 1276; x_wconf 90' lang='lat' dir='ltr'><strong>lilium</strong></span> <span class='ocrx_word' id='word_1_90' title='bbox 550 1234 696 1277; x_wconf 91' lang='lat' dir='ltr'><strong>tuum</strong></span> <span class='ocrx_word' id='word_1_91' title='bbox 721 1239 786 1277; x_wconf 93' lang='lat' dir='ltr'><strong>ne</strong></span> <span class='ocrx_word' id='word_1_92' title='bbox 812 1234 1068 1294; x_wconf 81' lang='lat' dir='ltr'><strong>Sequatur</strong></span> <span class='ocrx_word' id='word_1_93' title='bbox 1089 1239 1173 1278; x_wconf 91' lang='lat' dir='ltr'><strong>me</strong></span> <span class='ocrx_word' id='word_1_94' title='bbox 1195 1265 1210 1289; x_wconf 91' lang='lat'><strong>,</strong></span> <span class='ocrx_word' id='word_1_95' title='bbox 1239 1233 1294 1278; x_wconf 90' lang='lat' dir='ltr'><strong>et</strong></span> <span class='ocrx_word' id='word_1_96' title='bbox 1319 1232 1376 1278; x_wconf 92' lang='lat' dir='ltr'><strong>ut</strong></span> <span class='ocrx_word' id='word_1_97' title='bbox 1407 1224 1574 1292; x_wconf 77' lang='lat' dir='ltr'><strong>magis</strong></span> <span class='ocrx_word' id='word_1_98' title='bbox 1595 1239 1715 1278; x_wconf 91' lang='lat' dir='ltr'><strong>ser-</strong></span> 
     </span>
    </p>
   </div>
   <div class='ocr_carea' id='block_1_12' title="bbox 3294 300 3402 360">
    <p class='ocr_par' dir='ltr' id='par_1_12' title="bbox 3294 300 3402 360">
     <span class='ocr_line' id='line_1_12' title="bbox 3294 300 3402 360; baseline 0 0"><span class='ocrx_word' id='word_1_99' title='bbox 3294 300 3402 360; x_wconf 81' lang='lat'><strong>898</strong></span> 
     </span>
    </p>
   </div>
   <div class='ocr_carea' id='block_1_13' title="bbox 1819 393 3406 475">
    <p class='ocr_par' dir='ltr' id='par_1_13' title="bbox 1819 393 3406 475">
     <span class='ocr_line' id='line_1_13' title="bbox 1819 393 3406 475; baseline 0.013 -21"><span class='ocrx_word' id='word_1_100' title='bbox 1819 399 1980 464; x_wconf 87' lang='lat' dir='ltr'><strong>illius.</strong></span> <span class='ocrx_word' id='word_1_101' title='bbox 2004 409 2094 456; x_wconf 93' lang='lat' dir='ltr'><strong>aut</strong></span> <span class='ocrx_word' id='word_1_102' title='bbox 2121 400 2460 458; x_wconf 88' lang='lat' dir='ltr'><strong>somniatoris</strong></span> <span class='ocrx_word' id='word_1_103' title='bbox 2486 419 2499 456; x_wconf 88' lang='lat'><strong>:</strong></span> <span class='ocrx_word' id='word_1_104' title='bbox 2530 405 2650 474; x_wconf 88' lang='lat' dir='ltr'><strong>quia</strong></span> <span class='ocrx_word' id='word_1_105' title='bbox 2683 413 2854 463; x_wconf 87' lang='lat' dir='ltr'><strong>tentat</strong></span> <span class='ocrx_word' id='word_1_106' title='bbox 2883 408 3247 469; x_wconf 90' lang='lat' dir='ltr'><strong>vosDominus</strong></span> <span class='ocrx_word' id='word_1_107' title='bbox 3259 393 3406 475; x_wconf 79' lang='lat' dir='ltr'><strong>Deus</strong></span> 
     </span>
    </p>
   </div>
   <div class='ocr_carea' id='block_1_14' title="bbox 1816 490 3404 569">
    <p class='ocr_par' dir='ltr' id='par_1_14' title="bbox 1816 490 3404 569">
     <span class='ocr_line' id='line_1_14' title="bbox 1816 490 3404 569; baseline 0.013 -26"><span class='ocrx_word' id='word_1_108' title='bbox 1816 501 2017 555; x_wconf 79' lang='lat' dir='ltr'><strong>vester,</strong></span> <span class='ocrx_word' id='word_1_109' title='bbox 2041 501 2093 543; x_wconf 93' lang='lat' dir='ltr'><strong>ut</strong></span> <span class='ocrx_word' id='word_1_110' title='bbox 2125 491 2293 558; x_wconf 87' lang='lat' dir='ltr'><strong>palam</strong></span> <span class='ocrx_word' id='word_1_111' title='bbox 2325 490 2415 547; x_wconf 74' lang='lat' dir='ltr'><strong>fiat</strong></span> <span class='ocrx_word' id='word_1_112' title='bbox 2440 503 2616 548; x_wconf 90' lang='lat' dir='ltr'><strong>utrum</strong></span> <span class='ocrx_word' id='word_1_113' title='bbox 2650 495 2878 566; x_wconf 80' lang='lat' dir='ltr'><strong>diligatis</strong></span> <span class='ocrx_word' id='word_1_114' title='bbox 2908 514 3050 561; x_wconf 82' lang='lat' dir='ltr'><strong>eum,</strong></span> <span class='ocrx_word' id='word_1_115' title='bbox 3090 516 3156 555; x_wconf 91' lang='lat' dir='ltr'><strong>an</strong></span> <span class='ocrx_word' id='word_1_116' title='bbox 3190 519 3313 569; x_wconf 85' lang='lat' dir='ltr'><strong>non,</strong></span> <span class='ocrx_word' id='word_1_117' title='bbox 3347 507 3404 564; x_wconf 87' lang='lat' dir='ltr'><strong>in</strong></span> 
     </span>
    </p>
   </div>
   <div class='ocr_carea' id='block_1_15' title="bbox 1819 581 3403 654">
    <p class='ocr_par' dir='ltr' id='par_1_15' title="bbox 1819 581 3403 654">
     <span class='ocr_line' id='line_1_15' title="bbox 1819 581 3403 654; baseline 0.013 -20"><span class='ocrx_word' id='word_1_118' title='bbox 1819 589 1930 634; x_wconf 91' lang='lat' dir='ltr'><strong>toto</strong></span> <span class='ocrx_word' id='word_1_119' title='bbox 1956 581 2117 635; x_wconf 87' lang='lat' dir='ltr'><strong>corde</strong></span> <span class='ocrx_word' id='word_1_120' title='bbox 2155 592 2208 637; x_wconf 90' lang='lat' dir='ltr'><strong>et</strong></span> <span class='ocrx_word' id='word_1_121' title='bbox 2239 584 2288 636; x_wconf 90' lang='lat' dir='ltr'><strong>in</strong></span> <span class='ocrx_word' id='word_1_122' title='bbox 2320 592 2425 637; x_wconf 85' lang='lat' dir='ltr'><strong>tota</strong></span> <span class='ocrx_word' id='word_1_123' title='bbox 2452 585 2630 640; x_wconf 89' lang='lat' dir='ltr'><strong>anima</strong></span> <span class='ocrx_word' id='word_1_124' title='bbox 2667 597 2862 642; x_wconf 86' lang='lat' dir='ltr'><strong>vestra.</strong></span> <span class='ocrx_word' id='word_1_125' title='bbox 2912 589 3190 649; x_wconf 87' lang='lat' dir='ltr'><strong>Dominum</strong></span> <span class='ocrx_word' id='word_1_126' title='bbox 3235 596 3403 654; x_wconf 88' lang='lat' dir='ltr'><strong>Deum</strong></span> 
     </span>
    </p>
   </div>
   <div class='ocr_carea' id='block_1_16' title="bbox 1818 675 3408 748">
    <p class='ocr_par' dir='ltr' id='par_1_16' title="bbox 1818 675 3408 748">
     <span class='ocr_line' id='line_1_16' title="bbox 1818 675 3408 748; baseline 0.016 -26"><span class='ocrx_word' id='word_1_127' title='bbox 1818 681 2053 728; x_wconf 87' lang='lat' dir='ltr'><strong>vestrum</strong></span> <span class='ocrx_word' id='word_1_128' title='bbox 2095 675 2401 744; x_wconf 86' lang='lat' dir='ltr'><strong>sequimini,</strong></span> <span class='ocrx_word' id='word_1_129' title='bbox 2433 689 2487 732; x_wconf 90' lang='lat' dir='ltr'><strong>et</strong></span> <span class='ocrx_word' id='word_1_130' title='bbox 2523 678 2694 748; x_wconf 89' lang='lat' dir='ltr'><strong>ipsum</strong></span> <span class='ocrx_word' id='word_1_131' title='bbox 2725 681 2906 735; x_wconf 90' lang='lat' dir='ltr'><strong>timete</strong></span> <span class='ocrx_word' id='word_1_132' title='bbox 2943 701 2956 736; x_wconf 91' lang='lat'><strong>:</strong></span> <span class='ocrx_word' id='word_1_133' title='bbox 2989 685 3233 741; x_wconf 63' lang='lat' dir='ltr'><strong>mandata</strong></span> <span class='ocrx_word' id='word_1_134' title='bbox 3266 690 3408 747; x_wconf 81' lang='lat' dir='ltr'><strong>illius</strong></span> 
     </span>
    </p>
   </div>
   <div class='ocr_carea' id='block_1_17' title="bbox 1818 767 3406 855">
    <p class='ocr_par' dir='ltr' id='par_1_17' title="bbox 1818 767 3406 855">
     <span class='ocr_line' id='line_1_17' title="bbox 1818 767 3406 855; baseline 0.012 -33"><span class='ocrx_word' id='word_1_135' title='bbox 1818 767 2101 830; x_wconf 85' lang='lat' dir='ltr'><strong>custodite,</strong></span> <span class='ocrx_word' id='word_1_136' title='bbox 2127 778 2182 823; x_wconf 89' lang='lat' dir='ltr'><strong>et</strong></span> <span class='ocrx_word' id='word_1_137' title='bbox 2203 769 2380 824; x_wconf 89' lang='lat' dir='ltr'><strong>audite</strong></span> <span class='ocrx_word' id='word_1_138' title='bbox 2411 787 2594 826; x_wconf 85' lang='lat' dir='ltr'><strong>vocem</strong></span> <span class='ocrx_word' id='word_1_139' title='bbox 2621 773 2737 842; x_wconf 85' lang='lat' dir='ltr'><strong>ejus</strong></span> <span class='ocrx_word' id='word_1_140' title='bbox 2765 791 2777 826; x_wconf 91' lang='lat'>:</span> <span class='ocrx_word' id='word_1_141' title='bbox 2811 773 2907 844; x_wconf 66' lang='lat' dir='ltr'><strong>ipsi</strong></span> <span class='ocrx_word' id='word_1_142' title='bbox 2937 778 3206 847; x_wconf 79' lang='lat' dir='ltr'><strong>servietis,</strong></span> <span class='ocrx_word' id='word_1_143' title='bbox 3237 796 3284 837; x_wconf 90' lang='lat' dir='ltr'><strong>et</strong></span> <span class='ocrx_word' id='word_1_144' title='bbox 3309 785 3406 855; x_wconf 83' lang='lat' dir='ltr'><strong>ipsi</strong></span> 
     </span>
    </p>
   </div>
   <div class='ocr_carea' id='block_1_18' title="bbox 1820 861 3402 934">
    <p class='ocr_par' dir='ltr' id='par_1_18' title="bbox 1820 861 3402 934">
     <span class='ocr_line' id='line_1_18' title="bbox 1820 861 3402 934; baseline 0.006 -21"><span class='ocrx_word' id='word_1_145' title='bbox 1820 861 2177 917; x_wconf 76' lang='lat' dir='ltr'><strong>adlnrrebitis.</strong></span> <span class='ocrx_word' id='word_1_146' title='bbox 2205 863 2466 932; x_wconf 73' lang='lat' dir='ltr'><strong>Propheta</strong></span> <span class='ocrx_word' id='word_1_147' title='bbox 2490 877 2664 918; x_wconf 89' lang='lat' dir='ltr'><strong>autem</strong></span> <span class='ocrx_word' id='word_1_148' title='bbox 2685 866 2769 920; x_wconf 84' lang='lat' dir='ltr'><strong>ille</strong></span> <span class='ocrx_word' id='word_1_149' title='bbox 2789 877 2875 921; x_wconf 88' lang='lat' dir='ltr'><strong>aut</strong></span> <span class='ocrx_word' id='word_1_150' title='bbox 2899 867 3051 924; x_wconf 88' lang='lat' dir='ltr'><strong>lictor</strong></span> <span class='ocrx_word' id='word_1_151' title='bbox 3069 876 3402 934; x_wconf 73' lang='lat' dir='ltr'><strong>Somniorum</strong></span> 
     </span>
    </p>
   </div>
   <div class='ocr_carea' id='block_1_19' title="bbox 1821 951 3406 1022">
    <p class='ocr_par' dir='ltr' id='par_1_19' title="bbox 1821 951 3406 1022">
     <span class='ocr_line' id='line_1_19' title="bbox 1821 951 3406 1022; baseline 0.01 -17"><span class='ocrx_word' id='word_1_152' title='bbox 1821 951 2199 1017; x_wconf 84' lang='lat' dir='ltr'><strong>interlieietur;</strong></span> <span class='ocrx_word' id='word_1_153' title='bbox 2231 955 2353 1022; x_wconf 89' lang='lat' dir='ltr'><strong>quia</strong></span> <span class='ocrx_word' id='word_1_154' title='bbox 2386 954 2592 1009; x_wconf 89' lang='lat' dir='ltr'><strong>locutus</strong></span> <span class='ocrx_word' id='word_1_155' title='bbox 2620 967 2723 1022; x_wconf 85' lang='lat' dir='ltr'><strong>est,</strong></span> <span class='ocrx_word' id='word_1_156' title='bbox 2747 966 2806 1012; x_wconf 87' lang='lat' dir='ltr'><strong>ut</strong></span> <span class='ocrx_word' id='word_1_157' title='bbox 2844 973 2938 1012; x_wconf 87' lang='lat' dir='ltr'><strong>vos</strong></span> <span class='ocrx_word' id='word_1_158' title='bbox 2958 974 3224 1020; x_wconf 80' lang='lat' dir='ltr'><strong>arerteret</strong></span> <span class='ocrx_word' id='word_1_159' title='bbox 3248 982 3277 1020; x_wconf 90' lang='lat' dir='ltr'><strong>a</strong></span> <span class='ocrx_word' id='word_1_160' title='bbox 3305 968 3406 1021; x_wconf 81' lang='lat' dir='ltr'><strong>Do-</strong></span> 
     </span>
    </p>
   </div>
   <div class='ocr_carea' id='block_1_20' title="bbox 1821 1045 3406 1132">
    <p class='ocr_par' dir='ltr' id='par_1_20' title="bbox 1821 1045 3406 1132">
     <span class='ocr_line' id='line_1_20' title="bbox 1821 1045 3406 1132; baseline 0.013 -33"><span class='ocrx_word' id='word_1_161' title='bbox 1821 1045 1967 1099; x_wconf 88' lang='lat' dir='ltr'><strong>mino</strong></span> <span class='ocrx_word' id='word_1_162' title='bbox 1996 1047 2103 1102; x_wconf 82' lang='lat' dir='ltr'><strong>Deo</strong></span> <span class='ocrx_word' id='word_1_163' title='bbox 2131 1057 2328 1111; x_wconf 86' lang='lat' dir='ltr'><strong>vestro,</strong></span> <span class='ocrx_word' id='word_1_164' title='bbox 2361 1050 2450 1119; x_wconf 91' lang='lat' dir='ltr'><strong>qui</strong></span> <span class='ocrx_word' id='word_1_165' title='bbox 2487 1049 2668 1104; x_wconf 74' lang='lat' dir='ltr'><strong>eduxit</strong></span> <span class='ocrx_word' id='word_1_166' title='bbox 2693 1069 2788 1105; x_wconf 82' lang='lat' dir='ltr'><strong>vos</strong></span> <span class='ocrx_word' id='word_1_167' title='bbox 2815 1055 2883 1109; x_wconf 89' lang='lat' dir='ltr'><strong>de</strong></span> <span class='ocrx_word' id='word_1_168' title='bbox 2911 1067 3048 1112; x_wconf 89' lang='lat' dir='ltr'><strong>terra</strong></span> <span class='ocrx_word' id='word_1_169' title='bbox 3087 1060 3324 1132; x_wconf 59' lang='lat' dir='ltr'><strong>(Egypti,</strong></span> <span class='ocrx_word' id='word_1_170' title='bbox 3351 1074 3406 1120; x_wconf 91' lang='lat' dir='ltr'><strong>ct</strong></span> 
     </span>
    </p>
   </div>
   <div class='ocr_carea' id='block_1_21' title="bbox 1821 1137 3409 1210">
    <p class='ocr_par' dir='ltr' id='par_1_21' title="bbox 1821 1137 3409 1210">
     <span class='ocr_line' id='line_1_21' title="bbox 1821 1137 3409 1210; baseline 0.013 -20"><span class='ocrx_word' id='word_1_171' title='bbox 1821 1137 2045 1192; x_wconf 85' lang='lat' dir='ltr'><strong>redemit</strong></span> <span class='ocrx_word' id='word_1_172' title='bbox 2072 1138 2138 1194; x_wconf 89' lang='lat' dir='ltr'><strong>de</strong></span> <span class='ocrx_word' id='word_1_173' title='bbox 2165 1139 2324 1192; x_wconf 91' lang='lat' dir='ltr'><strong>domo</strong></span> <span class='ocrx_word' id='word_1_174' title='bbox 2353 1141 2650 1206; x_wconf 89' lang='lat' dir='ltr'><strong>servitutis;</strong></span> <span class='ocrx_word' id='word_1_175' title='bbox 2674 1153 2728 1196; x_wconf 93' lang='lat' dir='ltr'><strong>ut</strong></span> <span class='ocrx_word' id='word_1_176' title='bbox 2747 1162 2926 1202; x_wconf 84' lang='lat' dir='ltr'><strong>errare</strong></span> <span class='ocrx_word' id='word_1_177' title='bbox 2943 1157 2992 1204; x_wconf 89' lang='lat' dir='ltr'><strong>te</strong></span> <span class='ocrx_word' id='word_1_178' title='bbox 3015 1149 3213 1207; x_wconf 79' lang='lat' dir='ltr'><strong>facezel</strong></span> <span class='ocrx_word' id='word_1_179' title='bbox 3238 1153 3304 1207; x_wconf 92' lang='lat' dir='ltr'><strong>de</strong></span> <span class='ocrx_word' id='word_1_180' title='bbox 3327 1155 3409 1210; x_wconf 89' lang='lat' dir='ltr'><strong>via</strong></span> 
     </span>
    </p>
   </div>
   <div class='ocr_carea' id='block_1_22' title="bbox 101 1313 1716 1385">
    <p class='ocr_par' dir='ltr' id='par_1_22' title="bbox 101 1313 1716 1385">
     <span class='ocr_line' id='line_1_22' title="bbox 101 1313 1716 1385; baseline 0.001 -19"><span class='ocrx_word' id='word_1_181' title='bbox 101 1316 212 1369; x_wconf 86' lang='lat' dir='ltr'><strong>viat</strong></span> <span class='ocrx_word' id='word_1_182' title='bbox 238 1313 350 1368; x_wconf 84' lang='lat' dir='ltr'><strong>diis</strong></span> <span class='ocrx_word' id='word_1_183' title='bbox 377 1315 568 1369; x_wconf 87' lang='lat' dir='ltr'><strong>alienis</strong></span> <span class='ocrx_word' id='word_1_184' title='bbox 589 1333 601 1368; x_wconf 93' lang='lat'>:</span> <span class='ocrx_word' id='word_1_185' title='bbox 623 1315 987 1385; x_wconf 83' lang='lat' dir='ltr'><strong>irasceturque</strong></span> <span class='ocrx_word' id='word_1_186' title='bbox 1015 1314 1162 1368; x_wconf 88' lang='lat' dir='ltr'><strong>furor</strong></span> <span class='ocrx_word' id='word_1_187' title='bbox 1189 1315 1418 1376; x_wconf 86' lang='lat' dir='ltr'><strong>Domini,</strong></span> <span class='ocrx_word' id='word_1_188' title='bbox 1438 1325 1489 1370; x_wconf 89' lang='lat' dir='ltr'><strong>et</strong></span> <span class='ocrx_word' id='word_1_189' title='bbox 1511 1314 1716 1369; x_wconf 85' lang='lat' dir='ltr'><strong>delebit</strong></span> 
     </span>
    </p>
   </div>
   <div class='ocr_carea' id='block_1_23' title="bbox 100 1407 1714 1476">
    <p class='ocr_par' dir='ltr' id='par_1_23' title="bbox 100 1407 1714 1476">
     <span class='ocr_line' id='line_1_23' title="bbox 100 1407 1714 1476; baseline 0 -16"><span class='ocrx_word' id='word_1_190' title='bbox 100 1415 153 1462; x_wconf 89' lang='lat' dir='ltr'><strong>te</strong></span> <span class='ocrx_word' id='word_1_191' title='bbox 182 1407 318 1460; x_wconf 89' lang='lat' dir='ltr'><strong>cito.</strong></span> <span class='ocrx_word' id='word_1_192' title='bbox 352 1407 494 1474; x_wconf 81' lang='lat' dir='ltr'><strong>Quin</strong></span> <span class='ocrx_word' id='word_1_193' title='bbox 522 1407 693 1476; x_wconf 83' lang='lat' dir='ltr'><strong>potius</strong></span> <span class='ocrx_word' id='word_1_194' title='bbox 717 1407 830 1462; x_wconf 81' lang='lat' dir='ltr'><strong>lia-.c</strong></span> <span class='ocrx_word' id='word_1_195' title='bbox 855 1407 1056 1461; x_wconf 82' lang='lat' dir='ltr'><strong>facietis</strong></span> <span class='ocrx_word' id='word_1_196' title='bbox 1083 1407 1161 1462; x_wconf 88' lang='lat' dir='ltr'><strong>eis</strong></span> <span class='ocrx_word' id='word_1_197' title='bbox 1190 1425 1202 1460; x_wconf 93' lang='lat'>:</span> <span class='ocrx_word' id='word_1_198' title='bbox 1231 1423 1353 1462; x_wconf 90' lang='lat' dir='ltr'><strong>aras</strong></span> <span class='ocrx_word' id='word_1_199' title='bbox 1373 1422 1558 1462; x_wconf 87' lang='lat' dir='ltr'><strong>eorum</strong></span> <span class='ocrx_word' id='word_1_200' title='bbox 1584 1407 1714 1462; x_wconf 88' lang='lat' dir='ltr'><strong>sub-</strong></span> 
     </span>
    </p>
   </div>
   <div class='ocr_carea' id='block_1_24' title="bbox 100 1499 1718 1571">
    <p class='ocr_par' dir='ltr' id='par_1_24' title="bbox 100 1499 1718 1571">
     <span class='ocr_line' id='line_1_24' title="bbox 100 1499 1718 1571; baseline 0.003 -19"><span class='ocrx_word' id='word_1_201' title='bbox 100 1499 341 1562; x_wconf 87' lang='lat' dir='ltr'><strong>vertitc.</strong></span> <span class='ocrx_word' id='word_1_202' title='bbox 392 1499 712 1570; x_wconf 76' lang='lat' dir='ltr'><strong>confringite</strong></span> <span class='ocrx_word' id='word_1_203' title='bbox 749 1509 985 1564; x_wconf 81' lang='lat' dir='ltr'><strong>statuas,</strong></span> <span class='ocrx_word' id='word_1_204' title='bbox 1033 1499 1287 1571; x_wconf 85' lang='lat' dir='ltr'><strong>lucosque</strong></span> <span class='ocrx_word' id='word_1_205' title='bbox 1327 1501 1583 1557; x_wconf 85' lang='lat' dir='ltr'><strong>succidite</strong></span> <span class='ocrx_word' id='word_1_206' title='bbox 1607 1545 1622 1566; x_wconf 93' lang='lat'><strong>,</strong></span> <span class='ocrx_word' id='word_1_207' title='bbox 1663 1509 1718 1557; x_wconf 91' lang='lat' dir='ltr'><strong>et</strong></span> 
     </span>
    </p>
   </div>
   <div class='ocr_carea' id='block_1_25' title="bbox 99 1593 1715 1668">
    <p class='ocr_par' dir='ltr' id='par_1_25' title="bbox 99 1593 1715 1668">
     <span class='ocr_line' id='line_1_25' title="bbox 99 1593 1715 1668; baseline 0.001 -20"><span class='ocrx_word' id='word_1_208' title='bbox 99 1593 379 1661; x_wconf 85' lang='lat' dir='ltr'><strong>sculptilia</strong></span> <span class='ocrx_word' id='word_1_209' title='bbox 408 1593 728 1649; x_wconf 90' lang='lat' dir='ltr'><strong>eomburite.</strong></span> <span class='ocrx_word' id='word_1_210' title='bbox 764 1593 830 1648; x_wconf 83' lang='lat' dir='ltr'><strong>Et</strong></span> <span class='ocrx_word' id='word_1_211' title='bbox 859 1602 970 1663; x_wconf 72' lang='lat' dir='ltr'><strong>post</strong></span> <span class='ocrx_word' id='word_1_212' title='bbox 999 1593 1373 1668; x_wconf 84' lang='lat' dir='ltr'><strong>aliquantulum</strong></span> <span class='ocrx_word' id='word_1_213' title='bbox 1395 1611 1413 1648; x_wconf 90' lang='lat'><strong><em>:</em></strong></span> <span class='ocrx_word' id='word_1_214' title='bbox 1440 1593 1715 1663; x_wconf 81' lang='lat' dir='ltr'><strong>Seulptilia</strong></span> 
     </span>
    </p>
   </div>
   <div class='ocr_carea' id='block_1_26' title="bbox 101 1687 1718 1757">
    <p class='ocr_par' dir='ltr' id='par_1_26' title="bbox 101 1687 1718 1757">
     <span class='ocr_line' id='line_1_26' title="bbox 101 1687 1718 1757; baseline 0.001 -15"><span class='ocrx_word' id='word_1_215' title='bbox 101 1703 298 1742; x_wconf 87' lang='lat' dir='ltr'><strong>eorum</strong></span> <span class='ocrx_word' id='word_1_216' title='bbox 341 1687 465 1757; x_wconf 81' lang='lat' dir='ltr'><strong>igne</strong></span> <span class='ocrx_word' id='word_1_217' title='bbox 495 1689 800 1744; x_wconf 89' lang='lat' dir='ltr'><strong>combures.</strong></span> <span class='ocrx_word' id='word_1_218' title='bbox 839 1687 954 1742; x_wconf 88' lang='lat' dir='ltr'><strong>Non</strong></span> <span class='ocrx_word' id='word_1_219' title='bbox 982 1689 1328 1757; x_wconf 82' lang='lat' dir='ltr'><strong>concupisces</strong></span> <span class='ocrx_word' id='word_1_220' title='bbox 1356 1699 1633 1756; x_wconf 76' lang='lat' dir='ltr'><strong>argentum</strong></span> <span class='ocrx_word' id='word_1_221' title='bbox 1663 1699 1718 1744; x_wconf 93' lang='lat' dir='ltr'><strong>et</strong></span> 
     </span>
    </p>
   </div>
   <div class='ocr_carea' id='block_1_27' title="bbox 100 1777 1716 1851">
    <p class='ocr_par' dir='ltr' id='par_1_27' title="bbox 100 1777 1716 1851">
     <span class='ocr_line' id='line_1_27' title="bbox 100 1777 1716 1851; baseline 0.002 -20"><span class='ocrx_word' id='word_1_222' title='bbox 100 1793 301 1832; x_wconf 88' lang='lat' dir='ltr'><strong>aurum</strong></span> <span class='ocrx_word' id='word_1_223' title='bbox 351 1777 426 1834; x_wconf 93' lang='lat' dir='ltr'><strong>de</strong></span> <span class='ocrx_word' id='word_1_224' title='bbox 455 1779 648 1849; x_wconf 88' lang='lat' dir='ltr'><strong>quilms</strong></span> <span class='ocrx_word' id='word_1_225' title='bbox 687 1779 822 1834; x_wconf 89' lang='lat' dir='ltr'><strong>facta</strong></span> <span class='ocrx_word' id='word_1_226' title='bbox 850 1788 1010 1843; x_wconf 81' lang='lat' dir='ltr'><strong>stmt,</strong></span> <span class='ocrx_word' id='word_1_227' title='bbox 1057 1795 1227 1851; x_wconf 85' lang='lat' dir='ltr'><strong>neque</strong></span> <span class='ocrx_word' id='word_1_228' title='bbox 1255 1796 1498 1836; x_wconf 84' lang='lat' dir='ltr'><strong>assumes</strong></span> <span class='ocrx_word' id='word_1_229' title='bbox 1535 1797 1601 1836; x_wconf 74' lang='lat' dir='ltr'><strong>ex</strong></span> <span class='ocrx_word' id='word_1_230' title='bbox 1638 1781 1716 1836; x_wconf 88' lang='lat' dir='ltr'><strong>eis</strong></span> 
     </span>
    </p>
   </div>
   <div class='ocr_carea' id='block_1_28' title="bbox 104 1871 1716 1943">
    <p class='ocr_par' dir='ltr' id='par_1_28' title="bbox 104 1871 1716 1943">
     <span class='ocr_line' id='line_1_28' title="bbox 104 1871 1716 1943; baseline 0 -17"><span class='ocrx_word' id='word_1_231' title='bbox 104 1871 200 1926; x_wconf 84' lang='lat' dir='ltr'><strong>tibi</strong></span> <span class='ocrx_word' id='word_1_232' title='bbox 227 1871 553 1943; x_wconf 74' lang='lat' dir='ltr'><strong>quidquam.</strong></span> <span class='ocrx_word' id='word_1_233' title='bbox 587 1887 653 1926; x_wconf 87' lang='lat' dir='ltr'><strong>tte</strong></span> <span class='ocrx_word' id='word_1_234' title='bbox 670 1871 931 1935; x_wconf 75' lang='lat' dir='ltr'><strong>ollendas;</strong></span> <span class='ocrx_word' id='word_1_235' title='bbox 961 1883 1262 1943; x_wconf 74' lang='lat' dir='ltr'><strong>propterea,</strong></span> <span class='ocrx_word' id='word_1_236' title='bbox 1294 1873 1413 1940; x_wconf 83' lang='lat' dir='ltr'><strong>quia</strong></span> <span class='ocrx_word' id='word_1_237' title='bbox 1441 1872 1716 1927; x_wconf 85' lang='lat' dir='ltr'><strong>abomina-</strong></span> 
     </span>
    </p>
   </div>
   <div class='ocr_carea' id='block_1_29' title="bbox 105 1961 1716 2034">
    <p class='ocr_par' dir='ltr' id='par_1_29' title="bbox 105 1961 1716 2034">
     <span class='ocr_line' id='line_1_29' title="bbox 105 1961 1716 2034; baseline 0.002 -18"><span class='ocrx_word' id='word_1_238' title='bbox 105 1962 178 2016; x_wconf 91' lang='lat' dir='ltr'><strong>tio</strong></span> <span class='ocrx_word' id='word_1_239' title='bbox 203 1969 294 2018; x_wconf 67' lang='lat' dir='ltr'><strong>est</strong></span> <span class='ocrx_word' id='word_1_240' title='bbox 323 1961 540 2017; x_wconf 89' lang='lat' dir='ltr'><strong>Domini</strong></span> <span class='ocrx_word' id='word_1_241' title='bbox 572 1963 662 2016; x_wconf 91' lang='lat' dir='ltr'><strong>Dei</strong></span> <span class='ocrx_word' id='word_1_242' title='bbox 691 1963 784 2016; x_wconf 86' lang='lat' dir='ltr'><strong>tui.</strong></span> <span class='ocrx_word' id='word_1_243' title='bbox 815 1962 924 2018; x_wconf 83' lang='lat' dir='ltr'><strong>Nec</strong></span> <span class='ocrx_word' id='word_1_244' title='bbox 955 1964 1149 2019; x_wconf 81' lang='lat' dir='ltr'><strong>inferes</strong></span> <span class='ocrx_word' id='word_1_245' title='bbox 1178 1964 1446 2034; x_wconf 79' lang='lat' dir='ltr'><strong>quidpiam</strong></span> <span class='ocrx_word' id='word_1_246' title='bbox 1478 1980 1542 2019; x_wconf 79' lang='lat' dir='ltr'><strong>ex</strong></span> <span class='ocrx_word' id='word_1_247' title='bbox 1576 1964 1716 2019; x_wconf 90' lang='lat' dir='ltr'><strong>idolo</strong></span> 
     </span>
    </p>
   </div>
   <div class='ocr_carea' id='block_1_30' title="bbox 105 2053 1713 2118">
    <p class='ocr_par' dir='ltr' id='par_1_30' title="bbox 105 2053 1713 2118">
     <span class='ocr_line' id='line_1_30' title="bbox 105 2053 1713 2118; baseline 0 -10"><span class='ocrx_word' id='word_1_248' title='bbox 105 2054 158 2108; x_wconf 90' lang='lat' dir='ltr'><strong>in</strong></span> <span class='ocrx_word' id='word_1_249' title='bbox 187 2053 420 2108; x_wconf 87' lang='lat' dir='ltr'><strong>domqu</strong></span> <span class='ocrx_word' id='word_1_250' title='bbox 447 2062 619 2117; x_wconf 86' lang='lat' dir='ltr'><strong>tuam;</strong></span> <span class='ocrx_word' id='word_1_251' title='bbox 651 2071 718 2107; x_wconf 90' lang='lat' dir='ltr'><strong>ne</strong></span> <span class='ocrx_word' id='word_1_252' title='bbox 741 2053 836 2108; x_wconf 85' lang='lat' dir='ltr'><strong>ﬁas</strong></span> <span class='ocrx_word' id='word_1_253' title='bbox 862 2057 1169 2118; x_wconf 83' lang='lat' dir='ltr'><strong>anatl.etna,</strong></span> <span class='ocrx_word' id='word_1_254' title='bbox 1198 2055 1335 2109; x_wconf 83' lang='lat' dir='ltr'><strong>sicut</strong></span> <span class='ocrx_word' id='word_1_255' title='bbox 1358 2065 1411 2107; x_wconf 85' lang='lat' dir='ltr'><strong>et</strong></span> <span class='ocrx_word' id='word_1_256' title='bbox 1430 2054 1558 2108; x_wconf 89' lang='lat' dir='ltr'><strong>illud</strong></span> <span class='ocrx_word' id='word_1_257' title='bbox 1589 2064 1668 2108; x_wconf 85' lang='lat' dir='ltr'><strong>est</strong></span> <span class='ocrx_word' id='word_1_258' title='bbox 1700 2072 1713 2108; x_wconf 88' lang='lat'><strong>:</strong></span> 
     </span>
    </p>
   </div>
   <div class='ocr_carea' id='block_1_31' title="bbox 104 2145 1718 2219">
    <p class='ocr_par' dir='ltr' id='par_1_31' title="bbox 104 2145 1718 2219">
     <span class='ocr_line' id='line_1_31' title="bbox 104 2145 1718 2219; baseline 0 -19"><span class='ocrx_word' id='word_1_259' title='bbox 104 2145 259 2219; x_wconf 84' lang='lat' dir='ltr'><strong>quasi</strong></span> <span class='ocrx_word' id='word_1_260' title='bbox 306 2146 624 2216; x_wconf 82' lang='lat' dir='ltr'><strong>spurcitiem</strong></span> <span class='ocrx_word' id='word_1_261' title='bbox 666 2145 1056 2211; x_wconf 86' lang='lat' dir='ltr'><strong>detestaberis,</strong></span> <span class='ocrx_word' id='word_1_262' title='bbox 1085 2155 1139 2200; x_wconf 90' lang='lat' dir='ltr'><strong>et</strong></span> <span class='ocrx_word' id='word_1_263' title='bbox 1165 2146 1307 2200; x_wconf 87' lang='lat' dir='ltr'><strong>velut</strong></span> <span class='ocrx_word' id='word_1_264' title='bbox 1350 2146 1718 2216; x_wconf 85' lang='lat' dir='ltr'><strong>inquinamen-</strong></span> 
     </span>
    </p>
   </div>
   <div class='ocr_carea' id='block_1_32' title="bbox 107 2237 1717 2309">
    <p class='ocr_par' dir='ltr' id='par_1_32' title="bbox 107 2237 1717 2309">
     <span class='ocr_line' id='line_1_32' title="bbox 107 2237 1717 2309; baseline 0.001 -18"><span class='ocrx_word' id='word_1_265' title='bbox 107 2245 220 2292; x_wconf 88' lang='lat' dir='ltr'><strong>tum</strong></span> <span class='ocrx_word' id='word_1_266' title='bbox 250 2254 318 2294; x_wconf 88' lang='lat' dir='ltr'><strong>ac</strong></span> <span class='ocrx_word' id='word_1_267' title='bbox 343 2238 542 2295; x_wconf 83' lang='lat' dir='ltr'><strong>sordes</strong></span> <span class='ocrx_word' id='word_1_268' title='bbox 579 2239 960 2294; x_wconf 89' lang='lat' dir='ltr'><strong>abominationi</strong></span> <span class='ocrx_word' id='word_1_269' title='bbox 999 2238 1250 2304; x_wconf 81' lang='lat' dir='ltr'><strong>habebis;</strong></span> <span class='ocrx_word' id='word_1_270' title='bbox 1277 2238 1399 2309; x_wconf 84' lang='lat' dir='ltr'><strong>quia</strong></span> <span class='ocrx_word' id='word_1_271' title='bbox 1435 2237 1717 2294; x_wconf 81' lang='lat' dir='ltr'><strong>anathema</strong></span> 
     </span>
    </p>
   </div>
   <div class='ocr_carea' id='block_1_33' title="bbox 105 2335 1335 2386">
    <p class='ocr_par' dir='ltr' id='par_1_33' title="bbox 105 2335 1335 2386">
     <span class='ocr_line' id='line_1_33' title="bbox 105 2335 1335 2386; baseline 0.002 -2"><span class='ocrx_word' id='word_1_272' title='bbox 105 2338 212 2386; x_wconf 80' lang='lat' dir='ltr'><strong>est.</strong></span> <span class='ocrx_word' id='word_1_273' title='bbox 1333 2335 1335 2338; x_wconf 81' lang='grc'><strong>’</strong></span> 
     </span>
    </p>
   </div>
   <div class='ocr_carea' id='block_1_34' title="bbox 183 2419 1719 2496">
    <p class='ocr_par' dir='ltr' id='par_1_34' title="bbox 183 2419 1719 2496">
     <span class='ocr_line' id='line_1_34' title="bbox 183 2419 1719 2496; baseline 0.001 -20"><span class='ocrx_word' id='word_1_274' title='bbox 183 2419 250 2476; x_wconf 82' lang='grc' dir='ltr'>Ει</span> <span class='ocrx_word' id='word_1_275' title='bbox 276 2423 391 2478; x_wconf 82' lang='lat' dir='ltr'><strong>alio</strong></span> <span class='ocrx_word' id='word_1_276' title='bbox 411 2421 466 2476; x_wconf 84' lang='lat' dir='ltr'><strong>in</strong></span> <span class='ocrx_word' id='word_1_277' title='bbox 493 2422 604 2476; x_wconf 83' lang='lat' dir='ltr'><strong>loco</strong></span> <span class='ocrx_word' id='word_1_278' title='bbox 630 2420 789 2496; x_wconf 63' lang='lat' dir='ltr'><strong>[vnn]</strong></span> <span class='ocrx_word' id='word_1_279' title='bbox 819 2440 832 2476; x_wconf 89' lang='lat'><strong>:</strong></span> <span class='ocrx_word' id='word_1_280' title='bbox 863 2422 1096 2478; x_wconf 76' lang='lat' dir='ltr'><strong>Observa</strong></span> <span class='ocrx_word' id='word_1_281' title='bbox 1118 2463 1134 2488; x_wconf 90' lang='lat'><strong>,</strong></span> <span class='ocrx_word' id='word_1_282' title='bbox 1167 2429 1222 2476; x_wconf 88' lang='lat' dir='ltr'><strong>et</strong></span> <span class='ocrx_word' id='word_1_283' title='bbox 1254 2436 1382 2477; x_wconf 88' lang='lat' dir='ltr'><strong>cave</strong></span> <span class='ocrx_word' id='word_1_284' title='bbox 1413 2437 1481 2477; x_wconf 91' lang='lat' dir='ltr'><strong>ne</strong></span> <span class='ocrx_word' id='word_1_285' title='bbox 1504 2421 1719 2493; x_wconf 87' lang='lat' dir='ltr'><strong>quando</strong></span> 
     </span>
    </p>
   </div>
   <div class='ocr_carea' id='block_1_35' title="bbox 109 2514 1716 2584">
    <p class='ocr_par' dir='ltr' id='par_1_35' title="bbox 109 2514 1716 2584">
     <span class='ocr_line' id='line_1_35' title="bbox 109 2514 1716 2584; baseline -0.001 -14"><span class='ocrx_word' id='word_1_286' title='bbox 109 2514 460 2571; x_wconf 80' lang='lat' dir='ltr'><strong>obliviscaris</strong></span> <span class='ocrx_word' id='word_1_287' title='bbox 487 2515 693 2570; x_wconf 87' lang='lat' dir='ltr'><strong>Domini</strong></span> <span class='ocrx_word' id='word_1_288' title='bbox 729 2515 819 2570; x_wconf 90' lang='lat' dir='ltr'><strong>Dei</strong></span> <span class='ocrx_word' id='word_1_289' title='bbox 849 2515 944 2577; x_wconf 88' lang='lat' dir='ltr'><strong>tui.</strong></span> <span class='ocrx_word' id='word_1_290' title='bbox 968 2523 1024 2570; x_wconf 86' lang='lat' dir='ltr'><strong>et</strong></span> <span class='ocrx_word' id='word_1_291' title='bbox 1045 2514 1279 2584; x_wconf 80' lang='lat' dir='ltr'><strong>negligas</strong></span> <span class='ocrx_word' id='word_1_292' title='bbox 1305 2514 1549 2569; x_wconf 89' lang='lat' dir='ltr'><strong>mandata</strong></span> <span class='ocrx_word' id='word_1_293' title='bbox 1577 2515 1716 2584; x_wconf 86' lang='lat' dir='ltr'><strong>ejus,</strong></span> 
     </span>
    </p>
   </div>
   <div class='ocr_carea' id='block_1_36' title="bbox 112 2605 1717 2677">
    <p class='ocr_par' dir='ltr' id='par_1_36' title="bbox 112 2605 1717 2677">
     <span class='ocr_line' id='line_1_36' title="bbox 112 2605 1717 2677; baseline 0.001 -18"><span class='ocrx_word' id='word_1_294' title='bbox 112 2615 276 2677; x_wconf 88' lang='lat' dir='ltr'><strong>atque</strong></span> <span class='ocrx_word' id='word_1_295' title='bbox 301 2606 534 2677; x_wconf 88' lang='lat' dir='ltr'><strong>judicia,</strong></span> <span class='ocrx_word' id='word_1_296' title='bbox 575 2617 632 2663; x_wconf 90' lang='lat' dir='ltr'><strong>et</strong></span> <span class='ocrx_word' id='word_1_297' title='bbox 667 2606 1000 2662; x_wconf 86' lang='lat' dir='ltr'><strong>ceremonias</strong></span> <span class='ocrx_word' id='word_1_298' title='bbox 1019 2647 1033 2670; x_wconf 83' lang='lat'><strong>,</strong></span> <span class='ocrx_word' id='word_1_299' title='bbox 1063 2621 1195 2675; x_wconf 80' lang='lat' dir='ltr'><strong>quas</strong></span> <span class='ocrx_word' id='word_1_300' title='bbox 1221 2620 1322 2677; x_wconf 82' lang='lat' dir='ltr'><strong>ego</strong></span> <span class='ocrx_word' id='word_1_301' title='bbox 1349 2605 1598 2676; x_wconf 60' lang='lat' dir='ltr'><strong>praecipio</strong></span> <span class='ocrx_word' id='word_1_302' title='bbox 1625 2607 1717 2662; x_wconf 89' lang='lat' dir='ltr'><strong>tibi</strong></span> 
     </span>
    </p>
   </div>
   <div class='ocr_carea' id='block_1_37' title="bbox 114 2697 1716 2770">
    <p class='ocr_par' dir='ltr' id='par_1_37' title="bbox 114 2697 1716 2770">
     <span class='ocr_line' id='line_1_37' title="bbox 114 2697 1716 2770; baseline 0.001 -19"><span class='ocrx_word' id='word_1_303' title='bbox 114 2697 276 2756; x_wconf 87' lang='lat' dir='ltr'><strong>hodie</strong></span> <span class='ocrx_word' id='word_1_304' title='bbox 301 2717 315 2753; x_wconf 88' lang='lat'><strong>:</strong></span> <span class='ocrx_word' id='word_1_305' title='bbox 350 2715 423 2755; x_wconf 93' lang='lat' dir='ltr'><strong>ne</strong></span> <span class='ocrx_word' id='word_1_306' title='bbox 445 2709 722 2770; x_wconf 87' lang='lat' dir='ltr'><strong>postquam</strong></span> <span class='ocrx_word' id='word_1_307' title='bbox 745 2697 1046 2753; x_wconf 87' lang='lat' dir='ltr'><strong>comederis</strong></span> <span class='ocrx_word' id='word_1_308' title='bbox 1070 2706 1125 2752; x_wconf 77' lang='grc' dir='ltr'><strong>ιιι</strong></span> <span class='ocrx_word' id='word_1_309' title='bbox 1148 2698 1371 2752; x_wconf 84' lang='lat' dir='ltr'><strong>satiatus</strong></span> <span class='ocrx_word' id='word_1_310' title='bbox 1394 2697 1559 2752; x_wconf 88' lang='lat' dir='ltr'><strong>fueris</strong></span> <span class='ocrx_word' id='word_1_311' title='bbox 1578 2740 1594 2764; x_wconf 94' lang='lat'><strong>,</strong></span> <span class='ocrx_word' id='word_1_312' title='bbox 1615 2699 1716 2753; x_wconf 88' lang='lat' dir='ltr'><strong>do-</strong></span> 
     </span>
    </p>
   </div>
   <div class='ocr_carea' id='block_1_38' title="bbox 115 2787 1718 2863">
    <p class='ocr_par' dir='ltr' id='par_1_38' title="bbox 115 2787 1718 2863">
     <span class='ocr_line' id='line_1_38' title="bbox 115 2787 1718 2863; baseline -0.001 -18"><span class='ocrx_word' id='word_1_313' title='bbox 115 2806 230 2846; x_wconf 87' lang='lat' dir='ltr'><strong>mos</strong></span> <span class='ocrx_word' id='word_1_314' title='bbox 262 2791 522 2863; x_wconf 82' lang='lat' dir='ltr'><strong>pulchras</strong></span> <span class='ocrx_word' id='word_1_315' title='bbox 545 2790 928 2855; x_wconf 54' lang='lat' dir='ltr'><strong>ardilicaveris,</strong></span> <span class='ocrx_word' id='word_1_316' title='bbox 969 2799 1018 2844; x_wconf 90' lang='lat' dir='ltr'><strong>et</strong></span> <span class='ocrx_word' id='word_1_317' title='bbox 1053 2787 1372 2844; x_wconf 77' lang='lat' dir='ltr'><strong>ltabizaveris</strong></span> <span class='ocrx_word' id='word_1_318' title='bbox 1399 2789 1450 2842; x_wconf 91' lang='lat' dir='ltr'><strong>iu</strong></span> <span class='ocrx_word' id='word_1_319' title='bbox 1481 2790 1592 2853; x_wconf 86' lang='lat' dir='ltr'><strong>eis;</strong></span> <span class='ocrx_word' id='word_1_320' title='bbox 1622 2789 1718 2843; x_wconf 88' lang='lat' dir='ltr'><strong>ba-</strong></span> 
     </span>
    </p>
   </div>
   <div class='ocr_carea' id='block_1_39' title="bbox 115 2883 1720 2955">
    <p class='ocr_par' dir='ltr' id='par_1_39' title="bbox 115 2883 1720 2955">
     <span class='ocr_line' id='line_1_39' title="bbox 115 2883 1720 2955; baseline 0.002 -18"><span class='ocrx_word' id='word_1_321' title='bbox 115 2883 412 2955; x_wconf 88' lang='lat' dir='ltr'><strong>buerisque</strong></span> <span class='ocrx_word' id='word_1_322' title='bbox 436 2893 676 2939; x_wconf 89' lang='lat' dir='ltr'><strong>armenta</strong></span> <span class='ocrx_word' id='word_1_323' title='bbox 706 2892 762 2939; x_wconf 91' lang='lat' dir='ltr'><strong>et</strong></span> <span class='ocrx_word' id='word_1_324' title='bbox 788 2885 970 2938; x_wconf 90' lang='lat' dir='ltr'><strong>ovium</strong></span> <span class='ocrx_word' id='word_1_325' title='bbox 999 2898 1216 2954; x_wconf 77' lang='lat' dir='ltr'><strong>greges,</strong></span> <span class='ocrx_word' id='word_1_326' title='bbox 1263 2885 1466 2954; x_wconf 81' lang='lat' dir='ltr'><strong>argenti</strong></span> <span class='ocrx_word' id='word_1_327' title='bbox 1508 2892 1563 2938; x_wconf 91' lang='lat' dir='ltr'><strong>et</strong></span> <span class='ocrx_word' id='word_1_328' title='bbox 1603 2883 1720 2940; x_wconf 87' lang='lat' dir='ltr'><strong>auri</strong></span> 
     </span>
    </p>
   </div>
   <div class='ocr_carea' id='block_1_40' title="bbox 115 2975 1720 3048">
    <p class='ocr_par' dir='ltr' id='par_1_40' title="bbox 115 2975 1720 3048">
     <span class='ocr_line' id='line_1_40' title="bbox 115 2975 1720 3048; baseline 0.002 -18"><span class='ocrx_word' id='word_1_329' title='bbox 115 2987 546 3048; x_wconf 87' lang='lat' dir='ltr'><strong>cunctarumque</strong></span> <span class='ocrx_word' id='word_1_330' title='bbox 577 2992 754 3032; x_wconf 90' lang='lat' dir='ltr'><strong>rerum</strong></span> <span class='ocrx_word' id='word_1_331' title='bbox 795 2977 1039 3045; x_wconf 87' lang='lat' dir='ltr'><strong>copiam,</strong></span> <span class='ocrx_word' id='word_1_332' title='bbox 1075 2975 1311 3030; x_wconf 87' lang='lat' dir='ltr'><strong>elevetnr</strong></span> <span class='ocrx_word' id='word_1_333' title='bbox 1335 2991 1428 3030; x_wconf 92' lang='lat' dir='ltr'><strong>cor</strong></span> <span class='ocrx_word' id='word_1_334' title='bbox 1451 2987 1596 3030; x_wconf 90' lang='lat' dir='ltr'><strong>tuum</strong></span> <span class='ocrx_word' id='word_1_335' title='bbox 1618 3019 1632 3041; x_wconf 90' lang='lat'><strong>,</strong></span> <span class='ocrx_word' id='word_1_336' title='bbox 1665 2987 1720 3033; x_wconf 89' lang='lat' dir='ltr'><strong>et</strong></span> 
     </span>
    </p>
   </div>
   <div class='ocr_carea' id='block_1_41' title="bbox 114 3066 1718 3138">
    <p class='ocr_par' dir='ltr' id='par_1_41' title="bbox 114 3066 1718 3138">
     <span class='ocr_line' id='line_1_41' title="bbox 114 3066 1718 3138; baseline -0.001 -16"><span class='ocrx_word' id='word_1_337' title='bbox 114 3082 220 3122; x_wconf 85' lang='lat' dir='ltr'><strong>non</strong></span> <span class='ocrx_word' id='word_1_338' title='bbox 265 3068 632 3124; x_wconf 79' lang='lat' dir='ltr'><strong>reminiscaris</strong></span> <span class='ocrx_word' id='word_1_339' title='bbox 661 3069 864 3123; x_wconf 87' lang='lat' dir='ltr'><strong>Domini</strong></span> <span class='ocrx_word' id='word_1_340' title='bbox 901 3068 990 3122; x_wconf 87' lang='lat' dir='ltr'><strong>Dei</strong></span> <span class='ocrx_word' id='word_1_341' title='bbox 1026 3069 1119 3121; x_wconf 78' lang='lat' dir='ltr'><strong>lui.</strong></span> <span class='ocrx_word' id='word_1_342' title='bbox 1158 3066 1222 3120; x_wconf 80' lang='lat' dir='ltr'><strong>Et</strong></span> <span class='ocrx_word' id='word_1_343' title='bbox 1255 3079 1576 3138; x_wconf 76' lang='lat' dir='ltr'><strong>postpauros</strong></span> <span class='ocrx_word' id='word_1_344' title='bbox 1605 3086 1718 3122; x_wconf 85' lang='lat' dir='ltr'><strong>rer-</strong></span> 
     </span>
    </p>
   </div>
   <div class='ocr_carea' id='block_1_42' title="bbox 115 3159 1716 3230">
    <p class='ocr_par' dir='ltr' id='par_1_42' title="bbox 115 3159 1716 3230">
     <span class='ocr_line' id='line_1_42' title="bbox 115 3159 1716 3230; baseline 0.002 -17"><span class='ocrx_word' id='word_1_345' title='bbox 115 3175 201 3215; x_wconf 72' lang='lat' dir='ltr'><strong>sus</strong></span> <span class='ocrx_word' id='word_1_346' title='bbox 225 3177 245 3216; x_wconf 91' lang='lat'><strong><em>:</em></strong></span> <span class='ocrx_word' id='word_1_347' title='bbox 271 3161 356 3214; x_wconf 80' lang='lat' dir='ltr'><strong>Ad</strong></span> <span class='ocrx_word' id='word_1_348' title='bbox 382 3172 701 3221; x_wconf 80' lang='lat' dir='ltr'><strong>extrenuuu.</strong></span> <span class='ocrx_word' id='word_1_349' title='bbox 726 3161 915 3230; x_wconf 80' lang='lat' dir='ltr'><strong>inquit,</strong></span> <span class='ocrx_word' id='word_1_350' title='bbox 951 3159 1202 3213; x_wconf 88' lang='lat' dir='ltr'><strong>misertus</strong></span> <span class='ocrx_word' id='word_1_351' title='bbox 1227 3169 1308 3213; x_wconf 68' lang='lat' dir='ltr'><strong>est</strong></span> <span class='ocrx_word' id='word_1_352' title='bbox 1330 3159 1437 3220; x_wconf 88' lang='lat' dir='ltr'><strong>tui;</strong></span> <span class='ocrx_word' id='word_1_353' title='bbox 1481 3176 1548 3214; x_wconf 90' lang='lat' dir='ltr'><strong>ne</strong></span> <span class='ocrx_word' id='word_1_354' title='bbox 1573 3159 1716 3216; x_wconf 85' lang='lat' dir='ltr'><strong>diee-</strong></span> 
     </span>
    </p>
   </div>
   <div class='ocr_carea' id='block_1_43' title="bbox 115 3251 1719 3313">
    <p class='ocr_par' dir='ltr' id='par_1_43' title="bbox 115 3251 1719 3313">
     <span class='ocr_line' id='line_1_43' title="bbox 115 3251 1719 3313; baseline 0.001 -5"><span class='ocrx_word' id='word_1_355' title='bbox 115 3267 202 3309; x_wconf 88' lang='lat' dir='ltr'><strong>res</strong></span> <span class='ocrx_word' id='word_1_356' title='bbox 226 3253 282 3308; x_wconf 91' lang='lat' dir='ltr'><strong>in</strong></span> <span class='ocrx_word' id='word_1_357' title='bbox 304 3254 472 3308; x_wconf 89' lang='lat' dir='ltr'><strong>corde</strong></span> <span class='ocrx_word' id='word_1_358' title='bbox 498 3262 590 3308; x_wconf 89' lang='lat' dir='ltr'><strong>tuo</strong></span> <span class='ocrx_word' id='word_1_359' title='bbox 609 3292 624 3313; x_wconf 89' lang='lat'><strong>,</strong></span> <span class='ocrx_word' id='word_1_360' title='bbox 656 3251 933 3306; x_wconf 79' lang='lat' dir='ltr'><strong>Fortitudo</strong></span> <span class='ocrx_word' id='word_1_361' title='bbox 954 3268 1069 3305; x_wconf 86' lang='lat' dir='ltr'><strong>mea</strong></span> <span class='ocrx_word' id='word_1_362' title='bbox 1099 3261 1153 3306; x_wconf 87' lang='lat' dir='ltr'><strong>et</strong></span> <span class='ocrx_word' id='word_1_363' title='bbox 1178 3251 1341 3304; x_wconf 87' lang='lat' dir='ltr'><strong>rolmr</strong></span> <span class='ocrx_word' id='word_1_364' title='bbox 1366 3268 1555 3306; x_wconf 89' lang='lat' dir='ltr'><strong>tnanus</strong></span> <span class='ocrx_word' id='word_1_365' title='bbox 1585 3270 1719 3308; x_wconf 73' lang='lat' dir='ltr'><strong>mea:</strong></span> 
     </span>
    </p>
   </div>
   <div class='ocr_carea' id='block_1_44' title="bbox 115 3340 1718 3412">
    <p class='ocr_par' dir='ltr' id='par_1_44' title="bbox 115 3340 1718 3412">
     <span class='ocr_line' id='line_1_44' title="bbox 115 3340 1718 3412; baseline 0.001 -14"><span class='ocrx_word' id='word_1_366' title='bbox 115 3344 233 3399; x_wconf 78' lang='lat' dir='ltr'><strong>lucc</strong></span> <span class='ocrx_word' id='word_1_367' title='bbox 266 3343 404 3398; x_wconf 81' lang='lat' dir='ltr'><strong>tnilti</strong></span> <span class='ocrx_word' id='word_1_368' title='bbox 432 3344 606 3397; x_wconf 90' lang='lat' dir='ltr'><strong>omnia</strong></span> <span class='ocrx_word' id='word_1_369' title='bbox 635 3344 997 3412; x_wconf 69' lang='lat' dir='ltr'><strong>praestiterunt</strong></span> <span class='ocrx_word' id='word_1_370' title='bbox 1026 3358 1038 3393; x_wconf 95' lang='lat'>:</span> <span class='ocrx_word' id='word_1_371' title='bbox 1069 3340 1164 3394; x_wconf 89' lang='lat' dir='ltr'><strong>sed</strong></span> <span class='ocrx_word' id='word_1_372' title='bbox 1188 3342 1488 3396; x_wconf 71' lang='lat' dir='ltr'><strong>recorderis</strong></span> <span class='ocrx_word' id='word_1_373' title='bbox 1509 3345 1718 3400; x_wconf 90' lang='lat' dir='ltr'><strong>Domini</strong></span> 
     </span>
    </p>
   </div>
   <div class='ocr_carea' id='block_1_45' title="bbox 119 3429 1294 3504">
    <p class='ocr_par' dir='ltr' id='par_1_45' title="bbox 119 3429 1294 3504">
     <span class='ocr_line' id='line_1_45' title="bbox 119 3429 1294 3504; baseline -0.004 -14"><span class='ocrx_word' id='word_1_374' title='bbox 119 3435 216 3490; x_wconf 78' lang='lat' dir='ltr'><strong>ltei</strong></span> <span class='ocrx_word' id='word_1_375' title='bbox 251 3434 332 3488; x_wconf 90' lang='lat' dir='ltr'><strong>tui</strong></span> <span class='ocrx_word' id='word_1_376' title='bbox 352 3475 367 3496; x_wconf 86' lang='lat'><strong>,</strong></span> <span class='ocrx_word' id='word_1_377' title='bbox 393 3433 534 3504; x_wconf 89' lang='lat' dir='ltr'><strong>quod</strong></span> <span class='ocrx_word' id='word_1_378' title='bbox 564 3434 677 3502; x_wconf 87' lang='lat' dir='ltr'><strong>ipse</strong></span> <span class='ocrx_word' id='word_1_379' title='bbox 708 3432 797 3487; x_wconf 89' lang='lat' dir='ltr'><strong>tibi</strong></span> <span class='ocrx_word' id='word_1_380' title='bbox 825 3433 966 3486; x_wconf 88' lang='lat' dir='ltr'><strong>vires</strong></span> <span class='ocrx_word' id='word_1_381' title='bbox 987 3429 1294 3502; x_wconf 85' lang='lat' dir='ltr'><strong>pra-buerit.</strong></span> 
     </span>
    </p>
   </div>
   <div class='ocr_carea' id='block_1_46' title="bbox 186 3521 1721 3597">
    <p class='ocr_par' dir='ltr' id='par_1_46' title="bbox 186 3521 1721 3597">
     <span class='ocr_line' id='line_1_46' title="bbox 186 3521 1721 3597; baseline 0 -17"><span class='ocrx_word' id='word_1_382' title='bbox 186 3524 262 3580; x_wconf 82' lang='lat' dir='ltr'><strong>Et</strong></span> <span class='ocrx_word' id='word_1_383' title='bbox 291 3535 409 3594; x_wconf 75' lang='lat' dir='ltr'><strong>post</strong></span> <span class='ocrx_word' id='word_1_384' title='bbox 438 3526 753 3594; x_wconf 80' lang='lat' dir='ltr'><strong>aliquantum</strong></span> <span class='ocrx_word' id='word_1_385' title='bbox 777 3521 852 3597; x_wconf 75' lang='lat' dir='ltr'><strong>[xi</strong></span> <span class='ocrx_word' id='word_1_386' title='bbox 881 3521 938 3596; x_wconf 91' lang='lat'><strong>]:</strong></span> <span class='ocrx_word' id='word_1_387' title='bbox 963 3522 1030 3578; x_wconf 70' lang='lat' dir='ltr'><strong>L‘t</strong></span> <span class='ocrx_word' id='word_1_388' title='bbox 1058 3521 1156 3592; x_wconf 90' lang='lat' dir='ltr'><strong>ipsi</strong></span> <span class='ocrx_word' id='word_1_389' title='bbox 1185 3521 1477 3577; x_wconf 83' lang='lat' dir='ltr'><strong>comedatis</strong></span> <span class='ocrx_word' id='word_1_390' title='bbox 1498 3564 1514 3588; x_wconf 90' lang='lat'><strong>,</strong></span> <span class='ocrx_word' id='word_1_391' title='bbox 1545 3539 1609 3580; x_wconf 91' lang='lat' dir='ltr'><strong>ac</strong></span> <span class='ocrx_word' id='word_1_392' title='bbox 1636 3540 1721 3580; x_wconf 87' lang='lat' dir='ltr'><strong>sa-</strong></span> 
     </span>
    </p>
   </div>
   <div class='ocr_carea' id='block_1_47' title="bbox 118 3616 1724 3686">
    <p class='ocr_par' dir='ltr' id='par_1_47' title="bbox 118 3616 1724 3686">
     <span class='ocr_line' id='line_1_47' title="bbox 118 3616 1724 3686; baseline 0 -12"><span class='ocrx_word' id='word_1_393' title='bbox 118 3618 404 3674; x_wconf 88' lang='lat' dir='ltr'><strong>turemini.</strong></span> <span class='ocrx_word' id='word_1_394' title='bbox 435 3617 633 3674; x_wconf 87' lang='lat' dir='ltr'><strong>Cavete</strong></span> <span class='ocrx_word' id='word_1_395' title='bbox 662 3633 728 3672; x_wconf 90' lang='lat' dir='ltr'><strong>ne</strong></span> <span class='ocrx_word' id='word_1_396' title='bbox 758 3617 894 3672; x_wconf 79' lang='lat' dir='ltr'><strong>forte</strong></span> <span class='ocrx_word' id='word_1_397' title='bbox 923 3616 1218 3686; x_wconf 86' lang='lat' dir='ltr'><strong>decipiatur</strong></span> <span class='ocrx_word' id='word_1_398' title='bbox 1240 3631 1334 3671; x_wconf 87' lang='lat' dir='ltr'><strong>cor</strong></span> <span class='ocrx_word' id='word_1_399' title='bbox 1367 3625 1640 3681; x_wconf 82' lang='lat' dir='ltr'><strong>vestrum,</strong></span> <span class='ocrx_word' id='word_1_400' title='bbox 1669 3627 1724 3674; x_wconf 89' lang='lat' dir='ltr'><strong>et</strong></span> 
     </span>
    </p>
   </div>
   <div class='ocr_carea' id='block_1_48' title="bbox 119 3710 1725 3781">
    <p class='ocr_par' dir='ltr' id='par_1_48' title="bbox 119 3710 1725 3781">
     <span class='ocr_line' id='line_1_48' title="bbox 119 3710 1725 3781; baseline 0.001 -14"><span class='ocrx_word' id='word_1_401' title='bbox 119 3712 392 3768; x_wconf 58' lang='lat' dir='ltr'><strong>recedatis-</strong></span> <span class='ocrx_word' id='word_1_402' title='bbox 417 3728 447 3766; x_wconf 90' lang='lat' dir='ltr'><strong>a</strong></span> <span class='ocrx_word' id='word_1_403' title='bbox 481 3712 706 3766; x_wconf 74' lang='lat' dir='ltr'><strong>Domino</strong></span> <span class='ocrx_word' id='word_1_404' title='bbox 743 3712 886 3776; x_wconf 84' lang='lat' dir='ltr'><strong>Deo,</strong></span> <span class='ocrx_word' id='word_1_405' title='bbox 919 3710 1268 3781; x_wconf 74' lang='lat' dir='ltr'><strong>serviatisque</strong></span> <span class='ocrx_word' id='word_1_406' title='bbox 1292 3710 1392 3764; x_wconf 75' lang='lat' dir='ltr'><strong>diis</strong></span> <span class='ocrx_word' id='word_1_407' title='bbox 1417 3711 1640 3779; x_wconf 86' lang='lat' dir='ltr'><strong>alienis,</strong></span> <span class='ocrx_word' id='word_1_408' title='bbox 1668 3722 1725 3768; x_wconf 90' lang='lat' dir='ltr'><strong>et</strong></span> 
     </span>
    </p>
   </div>
   <div class='ocr_carea' id='block_1_49' title="bbox 121 3801 1578 3874">
    <p class='ocr_par' dir='ltr' id='par_1_49' title="bbox 121 3801 1578 3874">
     <span class='ocr_line' id='line_1_49' title="bbox 121 3801 1578 3874; baseline -0.001 -16"><span class='ocrx_word' id='word_1_409' title='bbox 121 3803 367 3858; x_wconf 83' lang='lat' dir='ltr'><strong>adoretis</strong></span> <span class='ocrx_word' id='word_1_410' title='bbox 390 3804 804 3874; x_wconf 84' lang='lat' dir='ltr'><strong>eos;iratusque</strong></span> <span class='ocrx_word' id='word_1_411' title='bbox 837 3803 1092 3857; x_wconf 84' lang='lat' dir='ltr'><strong>Dominus</strong></span> <span class='ocrx_word' id='word_1_412' title='bbox 1120 3801 1331 3857; x_wconf 89' lang='lat' dir='ltr'><strong>claudat</strong></span> <span class='ocrx_word' id='word_1_413' title='bbox 1359 3803 1578 3858; x_wconf 65' lang='lat' dir='ltr'><strong>coelum.</strong></span> 
     </span>
    </p>
   </div>
   <div class='ocr_carea' id='block_1_50' title="bbox 196 3891 1724 3967">
    <p class='ocr_par' dir='ltr' id='par_1_50' title="bbox 196 3891 1724 3967">
     <span class='ocr_line' id='line_1_50' title="bbox 196 3891 1724 3967; baseline 0.002 -19"><span class='ocrx_word' id='word_1_414' title='bbox 196 3893 265 3949; x_wconf 72' lang='lat' dir='ltr'><strong>Et</strong></span> <span class='ocrx_word' id='word_1_415' title='bbox 288 3904 404 3963; x_wconf 69' lang='lat' dir='ltr'><strong>post</strong></span> <span class='ocrx_word' id='word_1_416' title='bbox 427 3897 740 3967; x_wconf 81' lang='lat' dir='ltr'><strong>aliquantum</strong></span> <span class='ocrx_word' id='word_1_417' title='bbox 768 3891 909 3967; x_wconf 67' lang='lat' dir='ltr'><strong>[sm]</strong></span> <span class='ocrx_word' id='word_1_418' title='bbox 944 3911 957 3943; x_wconf 74' lang='grc' dir='ltr'><strong><em>τ</em></strong></span> <span class='ocrx_word' id='word_1_419' title='bbox 986 3894 1288 3948; x_wconf 85' lang='lat' dir='ltr'><strong>Subvcrtile</strong></span> <span class='ocrx_word' id='word_1_420' title='bbox 1309 3895 1486 3948; x_wconf 86' lang='lat' dir='ltr'><strong>omnia</strong></span> <span class='ocrx_word' id='word_1_421' title='bbox 1529 3895 1640 3949; x_wconf 92' lang='lat' dir='ltr'><strong>loca</strong></span> <span class='ocrx_word' id='word_1_422' title='bbox 1671 3896 1724 3952; x_wconf 85' lang='lat' dir='ltr'><strong>in</strong></span> 
     </span>
    </p>
   </div>
   <div class='ocr_carea' id='block_1_51' title="bbox 125 3987 1725 4062">
    <p class='ocr_par' dir='ltr' id='par_1_51' title="bbox 125 3987 1725 4062">
     <span class='ocr_line' id='line_1_51' title="bbox 125 3987 1725 4062; baseline -0.001 -18"><span class='ocrx_word' id='word_1_423' title='bbox 125 3990 323 4062; x_wconf 88' lang='lat' dir='ltr'><strong>quibus</strong></span> <span class='ocrx_word' id='word_1_424' title='bbox 356 3988 637 4044; x_wconf 87' lang='lat' dir='ltr'><strong>coluerunt</strong></span> <span class='ocrx_word' id='word_1_425' title='bbox 662 3996 847 4058; x_wconf 79' lang='lat' dir='ltr'><strong>gentes</strong></span> <span class='ocrx_word' id='word_1_426' title='bbox 870 4028 887 4050; x_wconf 92' lang='lat'><strong>,</strong></span> <span class='ocrx_word' id='word_1_427' title='bbox 918 4001 1052 4056; x_wconf 78' lang='lat' dir='ltr'><strong>quas</strong></span> <span class='ocrx_word' id='word_1_428' title='bbox 1083 3987 1378 4055; x_wconf 88' lang='lat' dir='ltr'><strong>possessuri</strong></span> <span class='ocrx_word' id='word_1_429' title='bbox 1401 3988 1566 4053; x_wconf 81' lang='lat' dir='ltr'><strong>estis,</strong></span> <span class='ocrx_word' id='word_1_430' title='bbox 1593 3988 1725 4043; x_wconf 87' lang='lat' dir='ltr'><strong>deos</strong></span> 
     </span>
    </p>
   </div>
   <div class='ocr_carea' id='block_1_52' title="bbox 127 4076 1721 4152">
    <p class='ocr_par' dir='ltr' id='par_1_52' title="bbox 127 4076 1721 4152">
     <span class='ocr_line' id='line_1_52' title="bbox 127 4076 1721 4152; baseline -0.001 -17"><span class='ocrx_word' id='word_1_431' title='bbox 127 4096 290 4145; x_wconf 84' lang='lat' dir='ltr'><strong>suos.</strong></span> <span class='ocrx_word' id='word_1_432' title='bbox 331 4096 493 4152; x_wconf 89' lang='lat' dir='ltr'><strong>super</strong></span> <span class='ocrx_word' id='word_1_433' title='bbox 535 4089 744 4134; x_wconf 89' lang='lat' dir='ltr'><strong>montes</strong></span> <span class='ocrx_word' id='word_1_434' title='bbox 782 4079 1022 4133; x_wconf 81' lang='lat' dir='ltr'><strong>excelsos</strong></span> <span class='ocrx_word' id='word_1_435' title='bbox 1060 4086 1115 4131; x_wconf 84' lang='lat' dir='ltr'><strong>et</strong></span> <span class='ocrx_word' id='word_1_436' title='bbox 1149 4076 1348 4144; x_wconf 86' lang='lat' dir='ltr'><strong>colles,</strong></span> <span class='ocrx_word' id='word_1_437' title='bbox 1390 4088 1443 4133; x_wconf 91' lang='lat' dir='ltr'><strong>et</strong></span> <span class='ocrx_word' id='word_1_438' title='bbox 1481 4079 1664 4134; x_wconf 90' lang='lat' dir='ltr'><strong>subter</strong></span> <span class='ocrx_word' id='word_1_439' title='bbox 1704 4080 1721 4112; x_wconf 86' lang='grc'>¹</span> 
     </span>
    </p>
   </div>
   <div class='ocr_carea' id='block_1_53' title="bbox 129 4169 1726 4244">
    <p class='ocr_par' dir='ltr' id='par_1_53' title="bbox 129 4169 1726 4244">
     <span class='ocr_line' id='line_1_53' title="bbox 129 4169 1726 4244; baseline -0.003 -14"><span class='ocrx_word' id='word_1_440' title='bbox 129 4189 291 4230; x_wconf 79' lang='lat' dir='ltr'><strong>etnne</strong></span> <span class='ocrx_word' id='word_1_441' title='bbox 326 4176 525 4244; x_wconf 78' lang='lat' dir='ltr'><strong>lignum</strong></span> <span class='ocrx_word' id='word_1_442' title='bbox 569 4171 902 4226; x_wconf 86' lang='lat' dir='ltr'><strong>frondosum.</strong></span> <span class='ocrx_word' id='word_1_443' title='bbox 936 4169 1198 4239; x_wconf 90' lang='lat' dir='ltr'><strong>Dissipate</strong></span> <span class='ocrx_word' id='word_1_444' title='bbox 1242 4183 1362 4222; x_wconf 85' lang='lat' dir='ltr'><strong>aras</strong></span> <span class='ocrx_word' id='word_1_445' title='bbox 1404 4185 1626 4236; x_wconf 90' lang='lat' dir='ltr'><strong>eorum,</strong></span> <span class='ocrx_word' id='word_1_446' title='bbox 1672 4180 1726 4226; x_wconf 92' lang='lat' dir='ltr'><strong>ct</strong></span> 
     </span>
    </p>
   </div>
   <div class='ocr_carea' id='block_1_54' title="bbox 129 4259 1724 4335">
    <p class='ocr_par' dir='ltr' id='par_1_54' title="bbox 129 4259 1724 4335">
     <span class='ocr_line' id='line_1_54' title="bbox 129 4259 1724 4335; baseline -0.004 -14"><span class='ocrx_word' id='word_1_447' title='bbox 129 4264 450 4335; x_wconf 78' lang='lat' dir='ltr'><strong>confringite</strong></span> <span class='ocrx_word' id='word_1_448' title='bbox 499 4272 735 4326; x_wconf 84' lang='lat' dir='ltr'><strong>statuas;</strong></span> <span class='ocrx_word' id='word_1_449' title='bbox 769 4261 917 4316; x_wconf 84' lang='lat' dir='ltr'><strong>lucos</strong></span> <span class='ocrx_word' id='word_1_450' title='bbox 954 4259 1076 4329; x_wconf 77' lang='lat' dir='ltr'><strong>igne</strong></span> <span class='ocrx_word' id='word_1_451' title='bbox 1125 4260 1458 4321; x_wconf 88' lang='lat' dir='ltr'><strong>comlmrite.</strong></span> <span class='ocrx_word' id='word_1_452' title='bbox 1500 4269 1553 4315; x_wconf 85' lang='lat' dir='ltr'><strong>et</strong></span> <span class='ocrx_word' id='word_1_453' title='bbox 1584 4261 1724 4318; x_wconf 87' lang='lat' dir='ltr'><strong>idola</strong></span> 
     </span>
    </p>
   </div>
   <div class='ocr_carea' id='block_1_55' title="bbox 130 4352 1720 4426">
    <p class='ocr_par' dir='ltr' id='par_1_55' title="bbox 130 4352 1720 4426">
     <span class='ocr_line' id='line_1_55' title="bbox 130 4352 1720 4426; baseline -0.006 -13"><span class='ocrx_word' id='word_1_454' title='bbox 130 4359 477 4413; x_wconf 88' lang='lat' dir='ltr'><strong>connuiuuite</strong></span> <span class='ocrx_word' id='word_1_455' title='bbox 511 4375 524 4410; x_wconf 88' lang='lat'><strong>:</strong></span> <span class='ocrx_word' id='word_1_456' title='bbox 552 4354 844 4426; x_wconf 89' lang='lat' dir='ltr'><strong>disperdite</strong></span> <span class='ocrx_word' id='word_1_457' title='bbox 884 4353 1095 4407; x_wconf 89' lang='lat' dir='ltr'><strong>nomina</strong></span> <span class='ocrx_word' id='word_1_458' title='bbox 1125 4369 1310 4407; x_wconf 90' lang='lat' dir='ltr'><strong>eorum</strong></span> <span class='ocrx_word' id='word_1_459' title='bbox 1339 4352 1406 4406; x_wconf 92' lang='lat' dir='ltr'><strong>de</strong></span> <span class='ocrx_word' id='word_1_460' title='bbox 1434 4353 1563 4406; x_wconf 72' lang='lat' dir='ltr'><strong>locis</strong></span> <span class='ocrx_word' id='word_1_461' title='bbox 1595 4353 1720 4410; x_wconf 79' lang='lat' dir='ltr'><strong>illis.</strong></span> 
     </span>
    </p>
   </div>
   <div class='ocr_carea' id='block_1_56' title="bbox 131 4445 1725 4516">
    <p class='ocr_par' dir='ltr' id='par_1_56' title="bbox 131 4445 1725 4516">
     <span class='ocr_line' id='line_1_56' title="bbox 131 4445 1725 4516; baseline -0.003 -11"><span class='ocrx_word' id='word_1_462' title='bbox 131 4448 200 4505; x_wconf 80' lang='grc' dir='ltr'>Ει</span> <span class='ocrx_word' id='word_1_463' title='bbox 235 4449 540 4515; x_wconf 65' lang='lat' dir='ltr'><strong>quibusdam</strong></span> <span class='ocrx_word' id='word_1_464' title='bbox 574 4447 878 4516; x_wconf 73' lang='lat' dir='ltr'><strong>interpositis</strong></span> <span class='ocrx_word' id='word_1_465' title='bbox 897 4487 912 4509; x_wconf 93' lang='lat'><strong>,</strong></span> <span class='ocrx_word' id='word_1_466' title='bbox 943 4463 1056 4498; x_wconf 87' lang='lat' dir='ltr'><strong>cum</strong></span> <span class='ocrx_word' id='word_1_467' title='bbox 1096 4446 1160 4499; x_wconf 69' lang='lat' dir='ltr'><strong>de</strong></span> <span class='ocrx_word' id='word_1_468' title='bbox 1179 4445 1474 4515; x_wconf 69' lang='lat' dir='ltr'><strong>alienigenis</strong></span> <span class='ocrx_word' id='word_1_469' title='bbox 1501 4445 1725 4515; x_wconf 76' lang='lat' dir='ltr'><strong>loquere-</strong></span> 
     </span>
    </p>
   </div>
   <div class='ocr_carea' id='block_1_57' title="bbox 134 4536 1726 4606">
    <p class='ocr_par' dir='ltr' id='par_1_57' title="bbox 134 4536 1726 4606">
     <span class='ocr_line' id='line_1_57' title="bbox 134 4536 1726 4606; baseline -0.003 -10"><span class='ocrx_word' id='word_1_470' title='bbox 134 4553 214 4596; x_wconf 84' lang='lat' dir='ltr'><strong>tur</strong></span> <span class='ocrx_word' id='word_1_471' title='bbox 245 4559 263 4597; x_wconf 90' lang='lat'><strong><em>:</em></strong></span> <span class='ocrx_word' id='word_1_472' title='bbox 289 4544 437 4600; x_wconf 84' lang='lat' dir='ltr'><strong>Cave</strong></span> <span class='ocrx_word' id='word_1_473' title='bbox 478 4559 544 4596; x_wconf 88' lang='lat' dir='ltr'><strong>ne</strong></span> <span class='ocrx_word' id='word_1_474' title='bbox 574 4538 801 4594; x_wconf 86' lang='lat' dir='ltr'><strong>imiteris</strong></span> <span class='ocrx_word' id='word_1_475' title='bbox 840 4553 931 4592; x_wconf 84' lang='lat' dir='ltr'><strong>eas</strong></span> <span class='ocrx_word' id='word_1_476' title='bbox 953 4578 969 4604; x_wconf 90' lang='lat'><strong>,</strong></span> <span class='ocrx_word' id='word_1_477' title='bbox 1013 4546 1288 4606; x_wconf 87' lang='lat' dir='ltr'><strong>postquam</strong></span> <span class='ocrx_word' id='word_1_478' title='bbox 1323 4547 1374 4590; x_wconf 89' lang='lat' dir='ltr'><strong>te</strong></span> <span class='ocrx_word' id='word_1_479' title='bbox 1411 4536 1601 4591; x_wconf 81' lang='lat' dir='ltr'><strong>fuerint</strong></span> <span class='ocrx_word' id='word_1_480' title='bbox 1645 4539 1726 4592; x_wconf 84' lang='lat' dir='ltr'><strong>in-</strong></span> 
     </span>
    </p>
   </div>
   <div class='ocr_carea' id='block_1_58' title="bbox 132 4628 1716 4697">
    <p class='ocr_par' dir='ltr' id='par_1_58' title="bbox 132 4628 1716 4697">
     <span class='ocr_line' id='line_1_58' title="bbox 132 4628 1716 4697; baseline -0.003 -10"><span class='ocrx_word' id='word_1_481' title='bbox 132 4642 381 4690; x_wconf 89' lang='lat' dir='ltr'><strong>troeunte</strong></span> <span class='ocrx_word' id='word_1_482' title='bbox 425 4633 694 4686; x_wconf 67' lang='lat' dir='ltr'><strong>subversas</strong></span> <span class='ocrx_word' id='word_1_483' title='bbox 717 4672 733 4693; x_wconf 88' lang='lat'><strong>,</strong></span> <span class='ocrx_word' id='word_1_484' title='bbox 773 4638 828 4685; x_wconf 92' lang='lat' dir='ltr'><strong>ct</strong></span> <span class='ocrx_word' id='word_1_485' title='bbox 867 4628 1102 4694; x_wconf 87' lang='lat' dir='ltr'><strong>requiras</strong></span> <span class='ocrx_word' id='word_1_486' title='bbox 1131 4628 1463 4682; x_wconf 81' lang='lat' dir='ltr'><strong>ceretnonias</strong></span> <span class='ocrx_word' id='word_1_487' title='bbox 1497 4645 1716 4697; x_wconf 89' lang='lat' dir='ltr'><strong>earum,</strong></span> 
     </span>
    </p>
   </div>
   <div class='ocr_carea' id='block_1_59' title="bbox 133 4718 1726 4793">
    <p class='ocr_par' dir='ltr' id='par_1_59' title="bbox 133 4718 1726 4793">
     <span class='ocr_line' id='line_1_59' title="bbox 133 4718 1726 4793; baseline -0.002 -15"><span class='ocrx_word' id='word_1_488' title='bbox 133 4725 315 4780; x_wconf 52' lang='lat' dir='ltr'><strong>dicen;</strong></span> <span class='ocrx_word' id='word_1_489' title='bbox 334 4767 351 4793; x_wconf 87' lang='lat'><strong>,</strong></span> <span class='ocrx_word' id='word_1_490' title='bbox 383 4725 530 4782; x_wconf 87' lang='lat' dir='ltr'><strong>Sicut</strong></span> <span class='ocrx_word' id='word_1_491' title='bbox 556 4725 833 4778; x_wconf 84' lang='lat' dir='ltr'><strong>coluerunt</strong></span> <span class='ocrx_word' id='word_1_492' title='bbox 859 4729 1050 4791; x_wconf 81' lang='lat' dir='ltr'><strong>gentes</strong></span> <span class='ocrx_word' id='word_1_493' title='bbox 1079 4719 1191 4773; x_wconf 71' lang='lat' dir='ltr'><strong>ista:</strong></span> <span class='ocrx_word' id='word_1_494' title='bbox 1221 4718 1350 4772; x_wconf 84' lang='lat' dir='ltr'><strong>deos</strong></span> <span class='ocrx_word' id='word_1_495' title='bbox 1377 4733 1504 4773; x_wconf 90' lang='lat' dir='ltr'><strong>suos</strong></span> <span class='ocrx_word' id='word_1_496' title='bbox 1523 4759 1540 4786; x_wconf 93' lang='lat'><strong>,</strong></span> <span class='ocrx_word' id='word_1_497' title='bbox 1572 4721 1640 4772; x_wconf 91' lang='lat' dir='ltr'><strong>ita</strong></span> <span class='ocrx_word' id='word_1_498' title='bbox 1671 4731 1726 4775; x_wconf 93' lang='lat' dir='ltr'><strong>et</strong></span> 
     </span>
    </p>
   </div>
   <div class='ocr_carea' id='block_1_60' title="bbox 133 4809 1724 4887">
    <p class='ocr_par' dir='ltr' id='par_1_60' title="bbox 133 4809 1724 4887">
     <span class='ocr_line' id='line_1_60' title="bbox 133 4809 1724 4887; baseline -0.004 -16"><span class='ocrx_word' id='word_1_499' title='bbox 133 4831 231 4887; x_wconf 81' lang='lat' dir='ltr'><strong>ego</strong></span> <span class='ocrx_word' id='word_1_500' title='bbox 254 4817 453 4872; x_wconf 87' lang='lat' dir='ltr'><strong>colam.</strong></span> <span class='ocrx_word' id='word_1_501' title='bbox 479 4815 592 4870; x_wconf 82' lang='lat' dir='ltr'><strong>Non</strong></span> <span class='ocrx_word' id='word_1_502' title='bbox 621 4813 783 4867; x_wconf 86' lang='lat' dir='ltr'><strong>facies</strong></span> <span class='ocrx_word' id='word_1_503' title='bbox 807 4811 1054 4865; x_wconf 81' lang='lat' dir='ltr'><strong>similiter</strong></span> <span class='ocrx_word' id='word_1_504' title='bbox 1073 4809 1296 4863; x_wconf 85' lang='lat' dir='ltr'><strong>Domino</strong></span> <span class='ocrx_word' id='word_1_505' title='bbox 1327 4810 1435 4864; x_wconf 89' lang='lat' dir='ltr'><strong>Deo</strong></span> <span class='ocrx_word' id='word_1_506' title='bbox 1463 4822 1572 4864; x_wconf 89' lang='lat' dir='ltr'><strong>tuo.</strong></span> <span class='ocrx_word' id='word_1_507' title='bbox 1593 4812 1724 4865; x_wconf 87' lang='lat' dir='ltr'><strong>0m-</strong></span> 
     </span>
    </p>
   </div>
   <div class='ocr_carea' id='block_1_61' title="bbox 137 4901 1721 4973">
    <p class='ocr_par' dir='ltr' id='par_1_61' title="bbox 137 4901 1721 4973">
     <span class='ocr_line' id='line_1_61' title="bbox 137 4901 1721 4973; baseline -0.003 -13"><span class='ocrx_word' id='word_1_508' title='bbox 137 4921 230 4960; x_wconf 83' lang='lat' dir='ltr'><strong>nes</strong></span> <span class='ocrx_word' id='word_1_509' title='bbox 271 4910 418 4963; x_wconf 86' lang='lat' dir='ltr'><strong>enim</strong></span> <span class='ocrx_word' id='word_1_510' title='bbox 461 4904 881 4961; x_wconf 72' lang='lat' dir='ltr'><strong>abominationes</strong></span> <span class='ocrx_word' id='word_1_511' title='bbox 934 4917 1066 4973; x_wconf 90' lang='lat' dir='ltr'><strong>quas</strong></span> <span class='ocrx_word' id='word_1_512' title='bbox 1109 4912 1389 4955; x_wconf 88' lang='lat' dir='ltr'><strong>aversatur</strong></span> <span class='ocrx_word' id='word_1_513' title='bbox 1431 4901 1721 4967; x_wconf 83' lang='lat' dir='ltr'><strong>Dominus,</strong></span> 
     </span>
    </p>
   </div>
   <div class='ocr_carea' id='block_1_62' title="bbox 140 4994 1722 5058">
    <p class='ocr_par' dir='ltr' id='par_1_62' title="bbox 140 4994 1722 5058">
     <span class='ocr_line' id='line_1_62' title="bbox 140 4994 1722 5058; baseline -0.002 -6"><span class='ocrx_word' id='word_1_514' title='bbox 140 4998 377 5056; x_wconf 78' lang='lat' dir='ltr'><strong>fecerunt</strong></span> <span class='ocrx_word' id='word_1_515' title='bbox 403 5001 505 5054; x_wconf 85' lang='lat' dir='ltr'><strong>diis</strong></span> <span class='ocrx_word' id='word_1_516' title='bbox 526 5001 669 5058; x_wconf 85' lang='lat' dir='ltr'><strong>suis.</strong></span> <span class='ocrx_word' id='word_1_517' title='bbox 697 4998 983 5051; x_wconf 82' lang='lat' dir='ltr'><strong>olferentcs</strong></span> <span class='ocrx_word' id='word_1_518' title='bbox 1015 4994 1152 5049; x_wconf 84' lang='lat' dir='ltr'><strong>lilios</strong></span> <span class='ocrx_word' id='word_1_519' title='bbox 1171 5005 1219 5048; x_wconf 90' lang='lat' dir='ltr'><strong>et</strong></span> <span class='ocrx_word' id='word_1_520' title='bbox 1247 4994 1399 5056; x_wconf 84' lang='lat' dir='ltr'><strong>tilias,</strong></span> <span class='ocrx_word' id='word_1_521' title='bbox 1428 5004 1482 5050; x_wconf 92' lang='lat' dir='ltr'><strong>et</strong></span> <span class='ocrx_word' id='word_1_522' title='bbox 1499 4997 1722 5050; x_wconf 84' lang='lat' dir='ltr'><strong>combu-</strong></span> 
     </span>
    </p>
   </div>
   <div class='ocr_carea' id='block_1_63' title="bbox 141 5086 1726 5164">
    <p class='ocr_par' dir='ltr' id='par_1_63' title="bbox 141 5086 1726 5164">
     <span class='ocr_line' id='line_1_63' title="bbox 141 5086 1726 5164; baseline 0.001 -21"><span class='ocrx_word' id='word_1_523' title='bbox 141 5103 316 5147; x_wconf 85' lang='lat' dir='ltr'><strong>rentes</strong></span> <span class='ocrx_word' id='word_1_524' title='bbox 346 5092 476 5164; x_wconf 80' lang='lat' dir='ltr'><strong>igni.</strong></span> <span class='ocrx_word' id='word_1_525' title='bbox 520 5090 671 5158; x_wconf 80' lang='lat' dir='ltr'><strong>Quod</strong></span> <span class='ocrx_word' id='word_1_526' title='bbox 714 5087 962 5158; x_wconf 78' lang='lat' dir='ltr'><strong>pnecipio</strong></span> <span class='ocrx_word' id='word_1_527' title='bbox 1002 5087 1130 5151; x_wconf 88' lang='lat' dir='ltr'><strong>tibi,</strong></span> <span class='ocrx_word' id='word_1_528' title='bbox 1179 5086 1280 5141; x_wconf 79' lang='lat' dir='ltr'><strong>hoc</strong></span> <span class='ocrx_word' id='word_1_529' title='bbox 1323 5096 1523 5141; x_wconf 90' lang='lat' dir='ltr'><strong>tantum</strong></span> <span class='ocrx_word' id='word_1_530' title='bbox 1567 5087 1726 5144; x_wconf 88' lang='lat' dir='ltr'><strong>facito</strong></span> 
     </span>
    </p>
   </div>
   <div class='ocr_carea' id='block_1_64' title="bbox 147 5178 1436 5250">
    <p class='ocr_par' dir='ltr' id='par_1_64' title="bbox 147 5178 1436 5250">
     <span class='ocr_line' id='line_1_64' title="bbox 147 5178 1436 5250; baseline -0.002 -16"><span class='ocrx_word' id='word_1_531' title='bbox 147 5180 394 5245; x_wconf 80' lang='lat' dir='ltr'><strong>Dtltniuo;</strong></span> <span class='ocrx_word' id='word_1_532' title='bbox 427 5201 525 5240; x_wconf 90' lang='lat' dir='ltr'><strong>nec</strong></span> <span class='ocrx_word' id='word_1_533' title='bbox 544 5181 709 5237; x_wconf 76' lang='lat' dir='ltr'><strong>addas</strong></span> <span class='ocrx_word' id='word_1_534' title='bbox 733 5179 1051 5250; x_wconf 76' lang='lat' dir='ltr'><strong>quidquam,</strong></span> <span class='ocrx_word' id='word_1_535' title='bbox 1082 5195 1179 5232; x_wconf 86' lang='lat' dir='ltr'><strong>nec</strong></span> <span class='ocrx_word' id='word_1_536' title='bbox 1209 5178 1436 5233; x_wconf 86' lang='lat' dir='ltr'><strong>minuas.</strong></span> 
     </span>
    </p>
   </div>
   <div class='ocr_carea' id='block_1_65' title="bbox 213 5271 1727 5349">
    <p class='ocr_par' dir='ltr' id='par_1_65' title="bbox 213 5271 1727 5349">
     <span class='ocr_line' id='line_1_65' title="bbox 213 5271 1727 5349; baseline -0.003 -19"><span class='ocrx_word' id='word_1_537' title='bbox 213 5273 382 5349; x_wconf 65' lang='lat' dir='ltr'><strong>[sun]</strong></span> <span class='ocrx_word' id='word_1_538' title='bbox 420 5276 475 5332; x_wconf 87' lang='lat' dir='ltr'><strong>Si</strong></span> <span class='ocrx_word' id='word_1_539' title='bbox 530 5273 824 5329; x_wconf 75' lang='lat' dir='ltr'><strong>surrexerit</strong></span> <span class='ocrx_word' id='word_1_540' title='bbox 868 5273 917 5326; x_wconf 92' lang='lat' dir='ltr'><strong>in</strong></span> <span class='ocrx_word' id='word_1_541' title='bbox 969 5271 1146 5326; x_wconf 90' lang='lat' dir='ltr'><strong>medio</strong></span> <span class='ocrx_word' id='word_1_542' title='bbox 1183 5271 1255 5324; x_wconf 91' lang='lat' dir='ltr'><strong>tui</strong></span> <span class='ocrx_word' id='word_1_543' title='bbox 1286 5271 1604 5339; x_wconf 78' lang='lat' dir='ltr'><strong>prophetes,</strong></span> <span class='ocrx_word' id='word_1_544' title='bbox 1637 5281 1727 5327; x_wconf 90' lang='lat' dir='ltr'><strong>aut</strong></span> 
     </span>
    </p>
   </div>
   <div class='ocr_carea' id='block_1_66' title="bbox 147 5363 1725 5435">
    <p class='ocr_par' dir='ltr' id='par_1_66' title="bbox 147 5363 1725 5435">
     <span class='ocr_line' id='line_1_66' title="bbox 147 5363 1725 5435; baseline 0 -17"><span class='ocrx_word' id='word_1_545' title='bbox 147 5366 232 5435; x_wconf 90' lang='lat' dir='ltr'><strong>qui</strong></span> <span class='ocrx_word' id='word_1_546' title='bbox 262 5369 526 5423; x_wconf 87' lang='lat' dir='ltr'><strong>somnium</strong></span> <span class='ocrx_word' id='word_1_547' title='bbox 557 5367 754 5422; x_wconf 73' lang='lat' dir='ltr'><strong>vidisse</strong></span> <span class='ocrx_word' id='word_1_548' title='bbox 781 5381 838 5419; x_wconf 85' lang='lat' dir='ltr'><strong>se</strong></span> <span class='ocrx_word' id='word_1_549' title='bbox 882 5363 1018 5418; x_wconf 89' lang='lat' dir='ltr'><strong>dicat</strong></span> <span class='ocrx_word' id='word_1_550' title='bbox 1044 5405 1058 5426; x_wconf 90' lang='lat'><strong>,</strong></span> <span class='ocrx_word' id='word_1_551' title='bbox 1091 5371 1144 5417; x_wconf 87' lang='lat' dir='ltr'><strong>et</strong></span> <span class='ocrx_word' id='word_1_552' title='bbox 1175 5363 1475 5432; x_wconf 66' lang='lat' dir='ltr'><strong>prasdixerit</strong></span> <span class='ocrx_word' id='word_1_553' title='bbox 1519 5364 1725 5431; x_wconf 74' lang='lat' dir='ltr'><strong>signum</strong></span> 
     </span>
    </p>
   </div>
   <div class='ocr_carea' id='block_1_67' title="bbox 151 5459 1730 5536">
    <p class='ocr_par' dir='ltr' id='par_1_67' title="bbox 151 5459 1730 5536">
     <span class='ocr_line' id='line_1_67' title="bbox 151 5459 1730 5536; baseline 0.003 -26"><span class='ocrx_word' id='word_1_554' title='bbox 151 5469 301 5530; x_wconf 84' lang='lat' dir='ltr'><strong>atque</strong></span> <span class='ocrx_word' id='word_1_555' title='bbox 346 5471 683 5536; x_wconf 86' lang='lat' dir='ltr'><strong>portentum;</strong></span> <span class='ocrx_word' id='word_1_556' title='bbox 733 5469 788 5515; x_wconf 86' lang='lat' dir='ltr'><strong>et</strong></span> <span class='ocrx_word' id='word_1_557' title='bbox 827 5460 1065 5514; x_wconf 90' lang='lat' dir='ltr'><strong>evenerit</strong></span> <span class='ocrx_word' id='word_1_558' title='bbox 1105 5459 1244 5527; x_wconf 93' lang='lat' dir='ltr'><strong>quod</strong></span> <span class='ocrx_word' id='word_1_559' title='bbox 1301 5459 1504 5512; x_wconf 86' lang='lat' dir='ltr'><strong>loeutus</strong></span> <span class='ocrx_word' id='word_1_560' title='bbox 1529 5468 1643 5520; x_wconf 86' lang='lat' dir='ltr'><strong>est.</strong></span> <span class='ocrx_word' id='word_1_561' title='bbox 1675 5468 1730 5514; x_wconf 88' lang='lat' dir='ltr'><strong>et</strong></span> 
     </span>
    </p>
   </div>
   <div class='ocr_carea' id='block_1_68' title="bbox 152 5549 1730 5624">
    <p class='ocr_par' dir='ltr' id='par_1_68' title="bbox 152 5549 1730 5624">
     <span class='ocr_line' id='line_1_68' title="bbox 152 5549 1730 5624; baseline 0.001 -19"><span class='ocrx_word' id='word_1_562' title='bbox 152 5549 338 5611; x_wconf 69' lang='lat' dir='ltr'><strong>dixerit</strong></span> <span class='ocrx_word' id='word_1_563' title='bbox 364 5557 476 5617; x_wconf 85' lang='lat' dir='ltr'><strong>tibi.</strong></span> <span class='ocrx_word' id='word_1_564' title='bbox 512 5555 708 5610; x_wconf 77' lang='lat' dir='ltr'><strong>Eamus</strong></span> <span class='ocrx_word' id='word_1_565' title='bbox 735 5563 791 5609; x_wconf 86' lang='lat' dir='ltr'><strong>et</strong></span> <span class='ocrx_word' id='word_1_566' title='bbox 840 5569 1125 5624; x_wconf 87' lang='lat' dir='ltr'><strong>sequamur</strong></span> <span class='ocrx_word' id='word_1_567' title='bbox 1155 5551 1286 5606; x_wconf 82' lang='lat' dir='ltr'><strong>deus</strong></span> <span class='ocrx_word' id='word_1_568' title='bbox 1314 5561 1542 5615; x_wconf 62' lang='lat' dir='ltr'><strong>altenos,</strong></span> <span class='ocrx_word' id='word_1_569' title='bbox 1595 5568 1730 5620; x_wconf 86' lang='lat' dir='ltr'><strong>quos</strong></span> 
     </span>
    </p>
   </div>
   <div class='ocr_carea' id='block_1_69' title="bbox 155 5641 1728 5720">
    <p class='ocr_par' dir='ltr' id='par_1_69' title="bbox 155 5641 1728 5720">
     <span class='ocr_line' id='line_1_69' title="bbox 155 5641 1728 5720; baseline 0 -17"><span class='ocrx_word' id='word_1_570' title='bbox 155 5641 376 5717; x_wconf 62' lang='lat' dir='ltr'><strong>latioras,</strong></span> <span class='ocrx_word' id='word_1_571' title='bbox 401 5659 455 5706; x_wconf 89' lang='lat' dir='ltr'><strong>et</strong></span> <span class='ocrx_word' id='word_1_572' title='bbox 475 5653 770 5705; x_wconf 85' lang='lat' dir='ltr'><strong>serviamus</strong></span> <span class='ocrx_word' id='word_1_573' title='bbox 789 5647 900 5708; x_wconf 86' lang='lat' dir='ltr'><strong>eis;</strong></span> <span class='ocrx_word' id='word_1_574' title='bbox 923 5663 1026 5700; x_wconf 90' lang='lat' dir='ltr'><strong>non</strong></span> <span class='ocrx_word' id='word_1_575' title='bbox 1050 5645 1234 5699; x_wconf 80' lang='lat' dir='ltr'><strong>audias</strong></span> <span class='ocrx_word' id='word_1_576' title='bbox 1263 5647 1420 5702; x_wconf 84' lang='lat' dir='ltr'><strong>verba</strong></span> <span class='ocrx_word' id='word_1_577' title='bbox 1453 5647 1728 5720; x_wconf 75' lang='lat' dir='ltr'><strong>propheta:</strong></span> 
     </span>
    </p>
   </div>
   <div class='ocr_carea' id='block_1_70' title="bbox 216 5757 1320 5827">
    <p class='ocr_par' dir='ltr' id='par_1_70' title="bbox 216 5757 1320 5827">
     <span class='ocr_line' id='line_1_70' title="bbox 216 5757 1320 5827; baseline -0.005 -12"><span class='ocrx_word' id='word_1_578' title='bbox 216 5759 234 5794; x_wconf 83' lang='grc'>⁸</span> <span class='ocrx_word' id='word_1_579' title='bbox 262 5762 334 5818; x_wconf 73' lang='grc' dir='ltr'><strong>διο</strong></span> <span class='ocrx_word' id='word_1_580' title='bbox 350 5769 460 5818; x_wconf 62' lang='lat' dir='ltr'><strong>In.</strong></span> <span class='ocrx_word' id='word_1_581' title='bbox 476 5763 618 5827; x_wconf 75' lang='lat' dir='ltr'><strong>juxta</strong></span> <span class='ocrx_word' id='word_1_582' title='bbox 637 5759 899 5823; x_wconf 67' lang='lat' dir='ltr'><strong>\‘ulgatam.</strong></span> <span class='ocrx_word' id='word_1_583' title='bbox 925 5765 981 5810; x_wconf 73' lang='grc' dir='ltr'><strong>ιιι</strong></span> <span class='ocrx_word' id='word_1_584' title='bbox 1001 5757 1140 5820; x_wconf 75' lang='lat' dir='ltr'><strong>editi,</strong></span> <span class='ocrx_word' id='word_1_585' title='bbox 1159 5769 1320 5822; x_wconf 74' lang='lat' dir='ltr'><strong>super.</strong></span> 
     </span>
    </p>
   </div>
   <div class='ocr_carea' id='block_1_71' title="bbox 1821 1232 3411 1306">
    <p class='ocr_par' dir='ltr' id='par_1_71' title="bbox 1821 1232 3411 1306">
     <span class='ocr_line' id='line_1_71' title="bbox 1821 1232 3411 1306; baseline 0.014 -25"><span class='ocrx_word' id='word_1_586' title='bbox 1821 1246 1979 1300; x_wconf 91' lang='lat' dir='ltr'><strong>quam</strong></span> <span class='ocrx_word' id='word_1_587' title='bbox 2013 1232 2107 1286; x_wconf 92' lang='lat' dir='ltr'><strong>tibi</strong></span> <span class='ocrx_word' id='word_1_588' title='bbox 2141 1243 2467 1302; x_wconf 82' lang='lat' dir='ltr'><strong>pra-ceperat</strong></span> <span class='ocrx_word' id='word_1_589' title='bbox 2497 1234 2748 1290; x_wconf 71' lang='lat' dir='ltr'><strong>llotninus</strong></span> <span class='ocrx_word' id='word_1_590' title='bbox 2778 1239 2913 1294; x_wconf 68' lang='lat' dir='ltr'><strong>licus</strong></span> <span class='ocrx_word' id='word_1_591' title='bbox 2942 1252 3085 1306; x_wconf 74' lang='lat' dir='ltr'><strong>tuus;</strong></span> <span class='ocrx_word' id='word_1_592' title='bbox 3119 1253 3169 1298; x_wconf 91' lang='lat' dir='ltr'><strong>et</strong></span> <span class='ocrx_word' id='word_1_593' title='bbox 3199 1246 3411 1303; x_wconf 86' lang='lat' dir='ltr'><strong>auferes</strong></span> 
     </span>
    </p>
   </div>
   <div class='ocr_carea' id='block_1_72' title="bbox 1821 1323 3410 1400">
    <p class='ocr_par' dir='ltr' id='par_1_72' title="bbox 1821 1323 3410 1400">
     <span class='ocr_line' id='line_1_72' title="bbox 1821 1323 3410 1400; baseline 0.009 -22"><span class='ocrx_word' id='word_1_594' title='bbox 1821 1325 2020 1378; x_wconf 89' lang='lat' dir='ltr'><strong>malum</strong></span> <span class='ocrx_word' id='word_1_595' title='bbox 2049 1323 2116 1379; x_wconf 91' lang='lat' dir='ltr'><strong>de</strong></span> <span class='ocrx_word' id='word_1_596' title='bbox 2146 1325 2322 1379; x_wconf 91' lang='lat' dir='ltr'><strong>medio</strong></span> <span class='ocrx_word' id='word_1_597' title='bbox 2353 1326 2446 1380; x_wconf 88' lang='lat' dir='ltr'><strong>tui.</strong></span> <span class='ocrx_word' id='word_1_598' title='bbox 2477 1326 2531 1381; x_wconf 90' lang='lat' dir='ltr'><strong>Si</strong></span> <span class='ocrx_word' id='word_1_599' title='bbox 2554 1328 2644 1380; x_wconf 90' lang='lat' dir='ltr'><strong>tibi</strong></span> <span class='ocrx_word' id='word_1_600' title='bbox 2666 1331 2882 1384; x_wconf 82' lang='lat' dir='ltr'><strong>voluerit</strong></span> <span class='ocrx_word' id='word_1_601' title='bbox 2907 1335 3223 1400; x_wconf 85' lang='lat' dir='ltr'><strong>persuadere</strong></span> <span class='ocrx_word' id='word_1_602' title='bbox 3249 1336 3410 1394; x_wconf 83' lang='lat' dir='ltr'><strong>frater</strong></span> 
     </span>
    </p>
   </div>
   <div class='ocr_carea' id='block_1_73' title="bbox 1822 1417 3410 1493">
    <p class='ocr_par' dir='ltr' id='par_1_73' title="bbox 1822 1417 3410 1493">
     <span class='ocr_line' id='line_1_73' title="bbox 1822 1417 3410 1493; baseline 0.009 -22"><span class='ocrx_word' id='word_1_603' title='bbox 1822 1425 1966 1479; x_wconf 86' lang='lat' dir='ltr'><strong>tuus,</strong></span> <span class='ocrx_word' id='word_1_604' title='bbox 2003 1417 2138 1472; x_wconf 79' lang='lat' dir='ltr'><strong>ﬁlius</strong></span> <span class='ocrx_word' id='word_1_605' title='bbox 2161 1419 2348 1472; x_wconf 90' lang='lat' dir='ltr'><strong>matris</strong></span> <span class='ocrx_word' id='word_1_606' title='bbox 2379 1427 2503 1483; x_wconf 71' lang='lat' dir='ltr'><strong>lum,</strong></span> <span class='ocrx_word' id='word_1_607' title='bbox 2538 1429 2627 1472; x_wconf 91' lang='lat' dir='ltr'><strong>aut</strong></span> <span class='ocrx_word' id='word_1_608' title='bbox 2657 1422 2794 1476; x_wconf 81' lang='lat' dir='ltr'><strong>filius</strong></span> <span class='ocrx_word' id='word_1_609' title='bbox 2827 1433 2969 1489; x_wconf 84' lang='lat' dir='ltr'><strong>tuus,</strong></span> <span class='ocrx_word' id='word_1_610' title='bbox 3014 1427 3094 1480; x_wconf 86' lang='lat' dir='ltr'><strong>vel</strong></span> <span class='ocrx_word' id='word_1_611' title='bbox 3140 1428 3192 1481; x_wconf 89' lang='lat' dir='ltr'><strong>lil</strong></span> <span class='ocrx_word' id='word_1_612' title='bbox 3215 1445 3266 1493; x_wconf 92' lang='lat' dir='ltr'><strong>a,</strong></span> <span class='ocrx_word' id='word_1_613' title='bbox 3297 1431 3410 1486; x_wconf 84' lang='lat' dir='ltr'><strong>sive</strong></span> 
     </span>
    </p>
   </div>
   <div class='ocr_carea' id='block_1_74' title="bbox 1824 1512 3410 1592">
    <p class='ocr_par' dir='ltr' id='par_1_74' title="bbox 1824 1512 3410 1592">
     <span class='ocr_line' id='line_1_74' title="bbox 1824 1512 3410 1592; baseline 0.011 -30"><span class='ocrx_word' id='word_1_614' title='bbox 1824 1525 1958 1563; x_wconf 71' lang='lat' dir='ltr'><strong>uxor</strong></span> <span class='ocrx_word' id='word_1_615' title='bbox 1982 1525 2101 1580; x_wconf 73' lang='lat' dir='ltr'><strong>qua:</strong></span> <span class='ocrx_word' id='word_1_616' title='bbox 2129 1520 2212 1565; x_wconf 82' lang='lat' dir='ltr'><strong>est</strong></span> <span class='ocrx_word' id='word_1_617' title='bbox 2237 1512 2286 1564; x_wconf 93' lang='lat' dir='ltr'><strong>in</strong></span> <span class='ocrx_word' id='word_1_618' title='bbox 2318 1513 2435 1565; x_wconf 90' lang='lat' dir='ltr'><strong>sinu</strong></span> <span class='ocrx_word' id='word_1_619' title='bbox 2460 1521 2570 1577; x_wconf 91' lang='lat' dir='ltr'><strong>tuo,</strong></span> <span class='ocrx_word' id='word_1_620' title='bbox 2594 1524 2682 1566; x_wconf 87' lang='lat' dir='ltr'><strong>attt</strong></span> <span class='ocrx_word' id='word_1_621' title='bbox 2712 1516 2911 1571; x_wconf 73' lang='lat' dir='ltr'><strong>amicus</strong></span> <span class='ocrx_word' id='word_1_622' title='bbox 2939 1534 3095 1588; x_wconf 89' lang='lat' dir='ltr'><strong>quem</strong></span> <span class='ocrx_word' id='word_1_623' title='bbox 3136 1522 3310 1592; x_wconf 73' lang='lat' dir='ltr'><strong>diligis</strong></span> <span class='ocrx_word' id='word_1_624' title='bbox 3353 1535 3410 1582; x_wconf 87' lang='lat' dir='ltr'><strong>ut</strong></span> 
     </span>
    </p>
   </div>
   <div class='ocr_carea' id='block_1_75' title="bbox 1822 1600 3410 1680">
    <p class='ocr_par' dir='ltr' id='par_1_75' title="bbox 1822 1600 3410 1680">
     <span class='ocr_line' id='line_1_75' title="bbox 1822 1600 3410 1680; baseline 0.013 -28"><span class='ocrx_word' id='word_1_625' title='bbox 1822 1600 2052 1653; x_wconf 86' lang='lat' dir='ltr'><strong>animam</strong></span> <span class='ocrx_word' id='word_1_626' title='bbox 2086 1609 2252 1665; x_wconf 89' lang='lat' dir='ltr'><strong>tuam,</strong></span> <span class='ocrx_word' id='word_1_627' title='bbox 2274 1601 2636 1666; x_wconf 88' lang='lat' dir='ltr'><strong>clamdieeus.</strong></span> <span class='ocrx_word' id='word_1_628' title='bbox 2674 1605 2868 1660; x_wconf 79' lang='lat' dir='ltr'><strong>Eamus</strong></span> <span class='ocrx_word' id='word_1_629' title='bbox 2889 1617 2941 1660; x_wconf 85' lang='lat' dir='ltr'><strong>et</strong></span> <span class='ocrx_word' id='word_1_630' title='bbox 2961 1624 3249 1680; x_wconf 86' lang='lat' dir='ltr'><strong>sequamur</strong></span> <span class='ocrx_word' id='word_1_631' title='bbox 3276 1615 3410 1672; x_wconf 90' lang='lat' dir='ltr'><strong>deos</strong></span> 
     </span>
    </p>
   </div>
   <div class='ocr_carea' id='block_1_76' title="bbox 1822 1690 3412 1768">
    <p class='ocr_par' dir='ltr' id='par_1_76' title="bbox 1822 1690 3412 1768">
     <span class='ocr_line' id='line_1_76' title="bbox 1822 1690 3412 1768; baseline 0.012 -24"><span class='ocrx_word' id='word_1_632' title='bbox 1822 1690 2053 1748; x_wconf 87' lang='lat' dir='ltr'><strong>alienos.</strong></span> <span class='ocrx_word' id='word_1_633' title='bbox 2083 1709 2219 1763; x_wconf 89' lang='lat' dir='ltr'><strong>quos</strong></span> <span class='ocrx_word' id='word_1_634' title='bbox 2267 1703 2320 1747; x_wconf 92' lang='grc' dir='ltr'><strong>ιιι</strong></span> <span class='ocrx_word' id='word_1_635' title='bbox 2353 1695 2562 1764; x_wconf 81' lang='lat' dir='ltr'><strong>ignoras</strong></span> <span class='ocrx_word' id='word_1_636' title='bbox 2584 1708 2638 1750; x_wconf 88' lang='lat' dir='ltr'><strong>et</strong></span> <span class='ocrx_word' id='word_1_637' title='bbox 2668 1708 2843 1765; x_wconf 71' lang='lat' dir='ltr'><strong>patres</strong></span> <span class='ocrx_word' id='word_1_638' title='bbox 2894 1701 2991 1768; x_wconf 89' lang='lat' dir='ltr'><strong>tui,</strong></span> <span class='ocrx_word' id='word_1_639' title='bbox 3021 1717 3328 1761; x_wconf 82' lang='lat' dir='ltr'><strong>cum-tarum</strong></span> <span class='ocrx_word' id='word_1_640' title='bbox 3358 1709 3412 1768; x_wconf 92' lang='lat' dir='ltr'><strong>in</strong></span> 
     </span>
    </p>
   </div>
   <div class='ocr_carea' id='block_1_77' title="bbox 1822 1785 3412 1861">
    <p class='ocr_par' dir='ltr' id='par_1_77' title="bbox 1822 1785 3412 1861">
     <span class='ocr_line' id='line_1_77' title="bbox 1822 1785 3412 1861; baseline 0.012 -24"><span class='ocrx_word' id='word_1_641' title='bbox 1822 1785 2044 1837; x_wconf 80' lang='lat' dir='ltr'><strong>circuitu</strong></span> <span class='ocrx_word' id='word_1_642' title='bbox 2073 1786 2329 1854; x_wconf 79' lang='lat' dir='ltr'><strong>gentium,</strong></span> <span class='ocrx_word' id='word_1_643' title='bbox 2361 1803 2480 1856; x_wconf 80' lang='lat' dir='ltr'><strong>quae</strong></span> <span class='ocrx_word' id='word_1_644' title='bbox 2503 1788 2650 1854; x_wconf 77' lang='lat' dir='ltr'><strong>juxta</strong></span> <span class='ocrx_word' id='word_1_645' title='bbox 2676 1791 2759 1845; x_wconf 90' lang='lat' dir='ltr'><strong>vel</strong></span> <span class='ocrx_word' id='word_1_646' title='bbox 2796 1795 2978 1861; x_wconf 80' lang='lat' dir='ltr'><strong>procul</strong></span> <span class='ocrx_word' id='word_1_647' title='bbox 3011 1806 3134 1851; x_wconf 93' lang='lat' dir='ltr'><strong>sunt</strong></span> <span class='ocrx_word' id='word_1_648' title='bbox 3163 1798 3233 1851; x_wconf 88' lang='lat' dir='ltr'><strong>ab</strong></span> <span class='ocrx_word' id='word_1_649' title='bbox 3260 1799 3412 1856; x_wconf 91' lang='lat' dir='ltr'><strong>initio</strong></span> 
     </span>
    </p>
   </div>
   <div class='ocr_carea' id='block_1_78' title="bbox 1824 1875 3404 1959">
    <p class='ocr_par' dir='ltr' id='par_1_78' title="bbox 1824 1875 3404 1959">
     <span class='ocr_line' id='line_1_78' title="bbox 1824 1875 3404 1959; baseline 0.011 -29"><span class='ocrx_word' id='word_1_650' title='bbox 1824 1891 1992 1942; x_wconf 85' lang='lat' dir='ltr'><strong>usque</strong></span> <span class='ocrx_word' id='word_1_651' title='bbox 2009 1875 2074 1929; x_wconf 91' lang='lat' dir='ltr'><strong>ad</strong></span> <span class='ocrx_word' id='word_1_652' title='bbox 2094 1875 2226 1931; x_wconf 89' lang='lat' dir='ltr'><strong>lines</strong></span> <span class='ocrx_word' id='word_1_653' title='bbox 2247 1887 2430 1940; x_wconf 70' lang='lat' dir='ltr'><strong>terrm;</strong></span> <span class='ocrx_word' id='word_1_654' title='bbox 2454 1895 2557 1933; x_wconf 91' lang='lat' dir='ltr'><strong>non</strong></span> <span class='ocrx_word' id='word_1_655' title='bbox 2578 1882 2886 1950; x_wconf 89' lang='lat' dir='ltr'><strong>acquiescas</strong></span> <span class='ocrx_word' id='word_1_656' title='bbox 2904 1885 2976 1946; x_wconf 87' lang='lat' dir='ltr'><strong>ei.</strong></span> <span class='ocrx_word' id='word_1_657' title='bbox 3003 1902 3173 1956; x_wconf 89' lang='lat' dir='ltr'><strong>neque.</strong></span> <span class='ocrx_word' id='word_1_658' title='bbox 3196 1889 3404 1959; x_wconf 88' lang='lat' dir='ltr'><strong>audias,</strong></span> 
     </span>
    </p>
   </div>
   <div class='ocr_carea' id='block_1_79' title="bbox 1824 1970 3413 2044">
    <p class='ocr_par' dir='ltr' id='par_1_79' title="bbox 1824 1970 3413 2044">
     <span class='ocr_line' id='line_1_79' title="bbox 1824 1970 3413 2044; baseline 0.011 -22"><span class='ocrx_word' id='word_1_659' title='bbox 1824 1984 1996 2038; x_wconf 86' lang='lat' dir='ltr'><strong>neque</strong></span> <span class='ocrx_word' id='word_1_660' title='bbox 2027 1980 2201 2039; x_wconf 86' lang='lat' dir='ltr'><strong>parcat</strong></span> <span class='ocrx_word' id='word_1_661' title='bbox 2233 1970 2280 2024; x_wconf 88' lang='lat' dir='ltr'><strong>ei</strong></span> <span class='ocrx_word' id='word_1_662' title='bbox 2301 1972 2486 2026; x_wconf 91' lang='lat' dir='ltr'><strong>oculus</strong></span> <span class='ocrx_word' id='word_1_663' title='bbox 2515 1982 2657 2036; x_wconf 86' lang='lat' dir='ltr'><strong>tuus,</strong></span> <span class='ocrx_word' id='word_1_664' title='bbox 2683 1983 2739 2028; x_wconf 91' lang='lat' dir='ltr'><strong>ut</strong></span> <span class='ocrx_word' id='word_1_665' title='bbox 2761 1975 3082 2042; x_wconf 72' lang='lat' dir='ltr'><strong>miserearis,</strong></span> <span class='ocrx_word' id='word_1_666' title='bbox 3107 1990 3161 2035; x_wconf 88' lang='lat' dir='ltr'><strong>et</strong></span> <span class='ocrx_word' id='word_1_667' title='bbox 3177 1986 3413 2044; x_wconf 85' lang='lat' dir='ltr'><strong>occultes</strong></span> 
     </span>
    </p>
   </div>
   <div class='ocr_carea' id='block_1_80' title="bbox 1822 2060 3414 2146">
    <p class='ocr_par' dir='ltr' id='par_1_80' title="bbox 1822 2060 3414 2146">
     <span class='ocr_line' id='line_1_80' title="bbox 1822 2060 3414 2146; baseline 0.013 -33"><span class='ocrx_word' id='word_1_668' title='bbox 1822 2073 1943 2113; x_wconf 91' lang='lat' dir='ltr'><strong>eum</strong></span> <span class='ocrx_word' id='word_1_669' title='bbox 1970 2079 1982 2112; x_wconf 88' lang='lat'><strong><em>:</em></strong></span> <span class='ocrx_word' id='word_1_670' title='bbox 2017 2060 2108 2114; x_wconf 88' lang='lat' dir='ltr'><strong>sed</strong></span> <span class='ocrx_word' id='word_1_671' title='bbox 2137 2062 2314 2115; x_wconf 91' lang='lat' dir='ltr'><strong>statim</strong></span> <span class='ocrx_word' id='word_1_672' title='bbox 2334 2063 2650 2128; x_wconf 89' lang='lat' dir='ltr'><strong>iutcrticies;</strong></span> <span class='ocrx_word' id='word_1_673' title='bbox 2682 2065 2750 2120; x_wconf 74' lang='lat' dir='ltr'><strong>sit</strong></span> <span class='ocrx_word' id='word_1_674' title='bbox 2778 2065 2921 2135; x_wconf 78' lang='lat' dir='ltr'><strong>prius</strong></span> <span class='ocrx_word' id='word_1_675' title='bbox 2942 2086 3130 2126; x_wconf 85' lang='lat' dir='ltr'><strong>manus</strong></span> <span class='ocrx_word' id='word_1_676' title='bbox 3150 2083 3234 2129; x_wconf 91' lang='lat' dir='ltr'><strong>tua</strong></span> <span class='ocrx_word' id='word_1_677' title='bbox 3252 2091 3414 2146; x_wconf 86' lang='lat' dir='ltr'><strong>super</strong></span> 
     </span>
    </p>
   </div>
   <div class='ocr_carea' id='block_1_81' title="bbox 1824 2153 3413 2237">
    <p class='ocr_par' dir='ltr' id='par_1_81' title="bbox 1824 2153 3413 2237">
     <span class='ocr_line' id='line_1_81' title="bbox 1824 2153 3413 2237; baseline 0.013 -35"><span class='ocrx_word' id='word_1_678' title='bbox 1824 2164 1975 2214; x_wconf 89' lang='lat' dir='ltr'><strong>eum;</strong></span> <span class='ocrx_word' id='word_1_679' title='bbox 2006 2160 2057 2206; x_wconf 91' lang='lat' dir='ltr'><strong>et</strong></span> <span class='ocrx_word' id='word_1_680' title='bbox 2087 2161 2207 2220; x_wconf 89' lang='lat' dir='ltr'><strong>post</strong></span> <span class='ocrx_word' id='word_1_681' title='bbox 2235 2162 2285 2207; x_wconf 90' lang='lat' dir='ltr'><strong>te</strong></span> <span class='ocrx_word' id='word_1_682' title='bbox 2311 2153 2328 2185; x_wconf 76' lang='grc'><strong><em>⁸</em></strong></span> <span class='ocrx_word' id='word_1_683' title='bbox 2351 2153 2526 2208; x_wconf 90' lang='lat' dir='ltr'><strong>omnis</strong></span> <span class='ocrx_word' id='word_1_684' title='bbox 2557 2156 2782 2225; x_wconf 86' lang='lat' dir='ltr'><strong>populus</strong></span> <span class='ocrx_word' id='word_1_685' title='bbox 2809 2157 2980 2214; x_wconf 89' lang='lat' dir='ltr'><strong>mittat</strong></span> <span class='ocrx_word' id='word_1_686' title='bbox 3005 2177 3217 2218; x_wconf 88' lang='lat' dir='ltr'><strong>mamun</strong></span> <span class='ocrx_word' id='word_1_687' title='bbox 3241 2183 3254 2218; x_wconf 87' lang='lat'><strong>:</strong></span> <span class='ocrx_word' id='word_1_688' title='bbox 3282 2166 3413 2237; x_wconf 81' lang='lat' dir='ltr'><strong>lapi-</strong></span> 
     </span>
    </p>
   </div>
   <div class='ocr_carea' id='block_1_82' title="bbox 1822 2240 3411 2319">
    <p class='ocr_par' dir='ltr' id='par_1_82' title="bbox 1822 2240 3411 2319">
     <span class='ocr_line' id='line_1_82' title="bbox 1822 2240 3411 2319; baseline 0.014 -24"><span class='ocrx_word' id='word_1_689' title='bbox 1822 2240 1981 2296; x_wconf 87' lang='lat' dir='ltr'><strong>dibus</strong></span> <span class='ocrx_word' id='word_1_690' title='bbox 2006 2241 2229 2297; x_wconf 90' lang='lat' dir='ltr'><strong>obrutus</strong></span> <span class='ocrx_word' id='word_1_691' title='bbox 2259 2244 2554 2312; x_wconf 86' lang='lat' dir='ltr'><strong>uecabitur,</strong></span> <span class='ocrx_word' id='word_1_692' title='bbox 2602 2247 2723 2319; x_wconf 89' lang='lat' dir='ltr'><strong>quia</strong></span> <span class='ocrx_word' id='word_1_693' title='bbox 2756 2258 2806 2306; x_wconf 92' lang='lat' dir='ltr'><strong>te</strong></span> <span class='ocrx_word' id='word_1_694' title='bbox 2835 2251 2999 2307; x_wconf 89' lang='lat' dir='ltr'><strong>voluit</strong></span> <span class='ocrx_word' id='word_1_695' title='bbox 3035 2254 3347 2316; x_wconf 81' lang='lat' dir='ltr'><strong>ab5trabere</strong></span> <span class='ocrx_word' id='word_1_696' title='bbox 3379 2275 3411 2316; x_wconf 84' lang='lat' dir='ltr'><strong>a</strong></span> 
     </span>
    </p>
   </div>
   <div class='ocr_carea' id='block_1_83' title="bbox 1823 2334 2318 2392">
    <p class='ocr_par' dir='ltr' id='par_1_83' title="bbox 1823 2334 2318 2392">
     <span class='ocr_line' id='line_1_83' title="bbox 1823 2334 2318 2392; baseline 0.006 -4"><span class='ocrx_word' id='word_1_697' title='bbox 1823 2334 2051 2390; x_wconf 87' lang='lat' dir='ltr'><strong>Domino</strong></span> <span class='ocrx_word' id='word_1_698' title='bbox 2079 2336 2187 2392; x_wconf 85' lang='lat' dir='ltr'><strong>Deo</strong></span> <span class='ocrx_word' id='word_1_699' title='bbox 2210 2349 2318 2391; x_wconf 91' lang='lat' dir='ltr'><strong>tuo.</strong></span> 
     </span>
    </p>
   </div>
   <div class='ocr_carea' id='block_1_84' title="bbox 1897 2424 3411 2506">
    <p class='ocr_par' dir='ltr' id='par_1_84' title="bbox 1897 2424 3411 2506">
     <span class='ocr_line' id='line_1_84' title="bbox 1897 2424 3411 2506; baseline 0.016 -28"><span class='ocrx_word' id='word_1_700' title='bbox 1897 2424 1963 2478; x_wconf 84' lang='lat' dir='ltr'><strong>Et</strong></span> <span class='ocrx_word' id='word_1_701' title='bbox 1995 2437 2106 2494; x_wconf 81' lang='lat' dir='ltr'><strong>post</strong></span> <span class='ocrx_word' id='word_1_702' title='bbox 2157 2429 2424 2496; x_wconf 80' lang='lat' dir='ltr'><strong>paululum</strong></span> <span class='ocrx_word' id='word_1_703' title='bbox 2473 2428 2676 2503; x_wconf 71' lang='lat' dir='ltr'><strong>[xm]:</strong></span> <span class='ocrx_word' id='word_1_704' title='bbox 2710 2432 2822 2488; x_wconf 83' lang='lat' dir='ltr'><strong>Non</strong></span> <span class='ocrx_word' id='word_1_705' title='bbox 2871 2450 2966 2490; x_wconf 89' lang='lat' dir='ltr'><strong>vos</strong></span> <span class='ocrx_word' id='word_1_706' title='bbox 3008 2438 3281 2506; x_wconf 80' lang='lat' dir='ltr'><strong>incidetis,</strong></span> <span class='ocrx_word' id='word_1_707' title='bbox 3310 2460 3411 2503; x_wconf 89' lang='lat' dir='ltr'><strong>nec</strong></span> 
     </span>
    </p>
   </div>
   <div class='ocr_carea' id='block_1_85' title="bbox 1824 2513 3411 2606">
    <p class='ocr_par' dir='ltr' id='par_1_85' title="bbox 1824 2513 3411 2606">
     <span class='ocr_line' id='line_1_85' title="bbox 1824 2513 3411 2606; baseline 0.015 -36"><span class='ocrx_word' id='word_1_708' title='bbox 1824 2514 2031 2572; x_wconf 79' lang='lat' dir='ltr'><strong>facietis</strong></span> <span class='ocrx_word' id='word_1_709' title='bbox 2070 2518 2338 2573; x_wconf 74' lang='lat' dir='ltr'><strong>calvitium</strong></span> <span class='ocrx_word' id='word_1_710' title='bbox 2385 2535 2546 2590; x_wconf 88' lang='lat' dir='ltr'><strong>super</strong></span> <span class='ocrx_word' id='word_1_711' title='bbox 2577 2513 2832 2579; x_wconf 80' lang='lat' dir='ltr'><strong>mortuo:</strong></span> <span class='ocrx_word' id='word_1_712' title='bbox 2887 2531 3137 2598; x_wconf 90' lang='lat' dir='ltr'><strong>quoniam</strong></span> <span class='ocrx_word' id='word_1_713' title='bbox 3186 2536 3411 2606; x_wconf 78' lang='lat' dir='ltr'><strong>populus</strong></span> 
     </span>
    </p>
   </div>
   <div class='ocr_carea' id='block_1_86' title="bbox 1824 2611 2634 2668">
    <p class='ocr_par' dir='ltr' id='par_1_86' title="bbox 1824 2611 2634 2668">
     <span class='ocr_line' id='line_1_86' title="bbox 1824 2611 2634 2668; baseline 0.007 -6"><span class='ocrx_word' id='word_1_714' title='bbox 1824 2619 2037 2663; x_wconf 87' lang='lat' dir='ltr'><strong>sanctus</strong></span> <span class='ocrx_word' id='word_1_715' title='bbox 2064 2625 2126 2664; x_wconf 86' lang='lat' dir='ltr'><strong>es</strong></span> <span class='ocrx_word' id='word_1_716' title='bbox 2146 2611 2368 2666; x_wconf 92' lang='lat' dir='ltr'><strong>Domino</strong></span> <span class='ocrx_word' id='word_1_717' title='bbox 2394 2613 2503 2666; x_wconf 90' lang='lat' dir='ltr'><strong>Deo</strong></span> <span class='ocrx_word' id='word_1_718' title='bbox 2525 2623 2634 2668; x_wconf 90' lang='lat' dir='ltr'><strong>tuo.</strong></span> 
     </span>
    </p>
   </div>
   <div class='ocr_carea' id='block_1_87' title="bbox 1896 2699 3408 2789">
    <p class='ocr_par' dir='ltr' id='par_1_87' title="bbox 1896 2699 3408 2789">
     <span class='ocr_line' id='line_1_87' title="bbox 1896 2699 3408 2789; baseline 0.013 -36"><span class='ocrx_word' id='word_1_719' title='bbox 1896 2699 1964 2753; x_wconf 82' lang='lat' dir='ltr'><strong>Et</strong></span> <span class='ocrx_word' id='word_1_720' title='bbox 1989 2701 2090 2754; x_wconf 85' lang='lat' dir='ltr'><strong>alio</strong></span> <span class='ocrx_word' id='word_1_721' title='bbox 2117 2704 2224 2755; x_wconf 86' lang='lat' dir='ltr'><strong>loco</strong></span> <span class='ocrx_word' id='word_1_722' title='bbox 2251 2700 2389 2775; x_wconf 58' lang='lat' dir='ltr'><strong>[xw]</strong></span> <span class='ocrx_word' id='word_1_723' title='bbox 2415 2719 2429 2755; x_wconf 88' lang='lat'><strong>:</strong></span> <span class='ocrx_word' id='word_1_724' title='bbox 2462 2705 2516 2759; x_wconf 91' lang='lat' dir='ltr'><strong>Si</strong></span> <span class='ocrx_word' id='word_1_725' title='bbox 2547 2721 2701 2770; x_wconf 80' lang='lat' dir='ltr'><strong>unus,</strong></span> <span class='ocrx_word' id='word_1_726' title='bbox 2723 2707 2986 2776; x_wconf 85' lang='lat' dir='ltr'><strong>inquit,dc</strong></span> <span class='ocrx_word' id='word_1_727' title='bbox 3005 2711 3254 2772; x_wconf 83' lang='lat' dir='ltr'><strong>fratribus</strong></span> <span class='ocrx_word' id='word_1_728' title='bbox 3284 2719 3408 2789; x_wconf 87' lang='lat' dir='ltr'><strong>tuis,</strong></span> 
     </span>
    </p>
   </div>
   <div class='ocr_carea' id='block_1_88' title="bbox 1825 2790 3408 2877">
    <p class='ocr_par' dir='ltr' id='par_1_88' title="bbox 1825 2790 3408 2877">
     <span class='ocr_line' id='line_1_88' title="bbox 1825 2790 3408 2877; baseline 0.014 -36"><span class='ocrx_word' id='word_1_729' title='bbox 1825 2790 1912 2859; x_wconf 88' lang='lat' dir='ltr'><strong>qui</strong></span> <span class='ocrx_word' id='word_1_730' title='bbox 1936 2799 2172 2845; x_wconf 89' lang='lat' dir='ltr'><strong>moratur</strong></span> <span class='ocrx_word' id='word_1_731' title='bbox 2201 2792 2337 2846; x_wconf 89' lang='lat' dir='ltr'><strong>intra</strong></span> <span class='ocrx_word' id='word_1_732' title='bbox 2371 2803 2546 2861; x_wconf 90' lang='lat' dir='ltr'><strong>portas</strong></span> <span class='ocrx_word' id='word_1_733' title='bbox 2573 2797 2801 2852; x_wconf 78' lang='lat' dir='ltr'><strong>civitatis</strong></span> <span class='ocrx_word' id='word_1_734' title='bbox 2841 2807 2967 2863; x_wconf 68' lang='lat' dir='ltr'><strong>tuae,</strong></span> <span class='ocrx_word' id='word_1_735' title='bbox 3002 2801 3052 2856; x_wconf 91' lang='lat' dir='ltr'><strong>in</strong></span> <span class='ocrx_word' id='word_1_736' title='bbox 3081 2813 3218 2859; x_wconf 86' lang='lat' dir='ltr'><strong>terra</strong></span> <span class='ocrx_word' id='word_1_737' title='bbox 3248 2823 3408 2877; x_wconf 88' lang='lat' dir='ltr'><strong>quam</strong></span> 
     </span>
    </p>
   </div>
   <div class='ocr_carea' id='block_1_89' title="bbox 1826 2878 3406 2962">
    <p class='ocr_par' dir='ltr' id='par_1_89' title="bbox 1826 2878 3406 2962">
     <span class='ocr_line' id='line_1_89' title="bbox 1826 2878 3406 2962; baseline 0.012 -29"><span class='ocrx_word' id='word_1_738' title='bbox 1826 2878 2084 2934; x_wconf 90' lang='lat' dir='ltr'><strong>Dominus</strong></span> <span class='ocrx_word' id='word_1_739' title='bbox 2108 2880 2246 2936; x_wconf 86' lang='lat' dir='ltr'><strong>Deus</strong></span> <span class='ocrx_word' id='word_1_740' title='bbox 2275 2891 2395 2936; x_wconf 90' lang='lat' dir='ltr'><strong>tuus</strong></span> <span class='ocrx_word' id='word_1_741' title='bbox 2417 2883 2640 2939; x_wconf 90' lang='lat' dir='ltr'><strong>daturus</strong></span> <span class='ocrx_word' id='word_1_742' title='bbox 2673 2896 2756 2942; x_wconf 91' lang='lat' dir='ltr'><strong>est</strong></span> <span class='ocrx_word' id='word_1_743' title='bbox 2802 2888 2913 2952; x_wconf 92' lang='lat' dir='ltr'><strong>tibi,</strong></span> <span class='ocrx_word' id='word_1_744' title='bbox 2944 2890 3008 2944; x_wconf 92' lang='lat' dir='ltr'><strong>ad</strong></span> <span class='ocrx_word' id='word_1_745' title='bbox 3041 2905 3406 2962; x_wconf 81' lang='lat' dir='ltr'><strong>paupertatem</strong></span> 
     </span>
    </p>
   </div>
   <div class='ocr_carea' id='block_1_90' title="bbox 1824 2973 3412 3044">
    <p class='ocr_par' dir='ltr' id='par_1_90' title="bbox 1824 2973 3412 3044">
     <span class='ocr_line' id='line_1_90' title="bbox 1824 2973 3412 3044; baseline 0.011 -18"><span class='ocrx_word' id='word_1_746' title='bbox 1824 2974 2060 3039; x_wconf 85' lang='lat' dir='ltr'><strong>venerit;</strong></span> <span class='ocrx_word' id='word_1_747' title='bbox 2099 2990 2204 3029; x_wconf 91' lang='lat' dir='ltr'><strong>non</strong></span> <span class='ocrx_word' id='word_1_748' title='bbox 2233 2973 2523 3031; x_wconf 89' lang='lat' dir='ltr'><strong>obdorabis</strong></span> <span class='ocrx_word' id='word_1_749' title='bbox 2545 2994 2639 3033; x_wconf 90' lang='lat' dir='ltr'><strong>cor</strong></span> <span class='ocrx_word' id='word_1_750' title='bbox 2660 2989 2828 3044; x_wconf 91' lang='lat' dir='ltr'><strong>tuum,</strong></span> <span class='ocrx_word' id='word_1_751' title='bbox 2859 2997 2958 3037; x_wconf 86' lang='lat' dir='ltr'><strong>nec</strong></span> <span class='ocrx_word' id='word_1_752' title='bbox 2982 2988 3264 3041; x_wconf 87' lang='lat' dir='ltr'><strong>contrach</strong></span> <span class='ocrx_word' id='word_1_753' title='bbox 3294 3005 3412 3042; x_wconf 80' lang='lat' dir='ltr'><strong>ma-</strong></span> 
     </span>
    </p>
   </div>
   <div class='ocr_carea' id='block_1_91' title="bbox 1824 3065 3414 3149">
    <p class='ocr_par' dir='ltr' id='par_1_91' title="bbox 1824 3065 3414 3149">
     <span class='ocr_line' id='line_1_91' title="bbox 1824 3065 3414 3149; baseline 0.011 -32"><span class='ocrx_word' id='word_1_754' title='bbox 1824 3079 1950 3119; x_wconf 90' lang='lat' dir='ltr'><strong>num</strong></span> <span class='ocrx_word' id='word_1_755' title='bbox 1981 3082 1993 3118; x_wconf 89' lang='lat'><strong>:</strong></span> <span class='ocrx_word' id='word_1_756' title='bbox 2023 3065 2115 3119; x_wconf 90' lang='lat' dir='ltr'><strong>sed</strong></span> <span class='ocrx_word' id='word_1_757' title='bbox 2145 3065 2352 3135; x_wconf 83' lang='lat' dir='ltr'><strong>aperies</strong></span> <span class='ocrx_word' id='word_1_758' title='bbox 2368 3082 2484 3121; x_wconf 89' lang='lat' dir='ltr'><strong>eam</strong></span> <span class='ocrx_word' id='word_1_759' title='bbox 2518 3070 2757 3138; x_wconf 75' lang='lat' dir='ltr'><strong>pauperi,</strong></span> <span class='ocrx_word' id='word_1_760' title='bbox 2784 3082 2836 3125; x_wconf 91' lang='lat' dir='ltr'><strong>et</strong></span> <span class='ocrx_word' id='word_1_761' title='bbox 2863 3070 3014 3127; x_wconf 88' lang='lat' dir='ltr'><strong>dabis</strong></span> <span class='ocrx_word' id='word_1_762' title='bbox 3041 3085 3277 3133; x_wconf 84' lang='lat' dir='ltr'><strong>llllllllllm</strong></span> <span class='ocrx_word' id='word_1_763' title='bbox 3305 3095 3414 3149; x_wconf 92' lang='lat' dir='ltr'><strong>quo</strong></span> 
     </span>
    </p>
   </div>
   <div class='ocr_carea' id='block_1_92' title="bbox 1823 3156 3413 3240">
    <p class='ocr_par' dir='ltr' id='par_1_92' title="bbox 1823 3156 3413 3240">
     <span class='ocr_line' id='line_1_92' title="bbox 1823 3156 3413 3240; baseline 0.013 -30"><span class='ocrx_word' id='word_1_764' title='bbox 1823 3171 1944 3210; x_wconf 92' lang='lat' dir='ltr'><strong>eum</strong></span> <span class='ocrx_word' id='word_1_765' title='bbox 1979 3156 2213 3225; x_wconf 81' lang='lat' dir='ltr'><strong>indigere</strong></span> <span class='ocrx_word' id='word_1_766' title='bbox 2245 3160 2596 3229; x_wconf 76' lang='lat' dir='ltr'><strong>perspexeris.</strong></span> <span class='ocrx_word' id='word_1_767' title='bbox 2627 3161 2769 3216; x_wconf 80' lang='lat' dir='ltr'><strong>Cave</strong></span> <span class='ocrx_word' id='word_1_768' title='bbox 2799 3179 2865 3217; x_wconf 89' lang='lat' dir='ltr'><strong>ne</strong></span> <span class='ocrx_word' id='word_1_769' title='bbox 2889 3163 3024 3219; x_wconf 88' lang='lat' dir='ltr'><strong>forte</strong></span> <span class='ocrx_word' id='word_1_770' title='bbox 3039 3168 3287 3240; x_wconf 89' lang='lat' dir='ltr'><strong>subrepat</strong></span> <span class='ocrx_word' id='word_1_771' title='bbox 3319 3172 3413 3230; x_wconf 83' lang='lat' dir='ltr'><strong>tibi</strong></span> 
     </span>
    </p>
   </div>
   <div class='ocr_carea' id='block_1_93' title="bbox 1825 3245 3414 3331">
    <p class='ocr_par' dir='ltr' id='par_1_93' title="bbox 1825 3245 3414 3331">
     <span class='ocr_line' id='line_1_93' title="bbox 1825 3245 3414 3331; baseline 0.013 -33"><span class='ocrx_word' id='word_1_772' title='bbox 1825 3245 1984 3314; x_wconf 91' lang='lat' dir='ltr'><strong>impia</strong></span> <span class='ocrx_word' id='word_1_773' title='bbox 2027 3248 2296 3316; x_wconf 78' lang='lat' dir='ltr'><strong>cogitatio,</strong></span> <span class='ocrx_word' id='word_1_774' title='bbox 2327 3258 2382 3303; x_wconf 91' lang='lat' dir='ltr'><strong>et</strong></span> <span class='ocrx_word' id='word_1_775' title='bbox 2405 3249 2554 3305; x_wconf 87' lang='lat' dir='ltr'><strong>dicas</strong></span> <span class='ocrx_word' id='word_1_776' title='bbox 2591 3252 2640 3306; x_wconf 90' lang='lat' dir='ltr'><strong>in</strong></span> <span class='ocrx_word' id='word_1_777' title='bbox 2666 3252 2828 3307; x_wconf 88' lang='lat' dir='ltr'><strong>corde</strong></span> <span class='ocrx_word' id='word_1_778' title='bbox 2860 3263 2970 3319; x_wconf 75' lang='lat' dir='ltr'><strong>tito,</strong></span> <span class='ocrx_word' id='word_1_779' title='bbox 3011 3257 3414 3331; x_wconf 81' lang='lat' dir='ltr'><strong>Appropinquat</strong></span> 
     </span>
    </p>
   </div>
   <div class='ocr_carea' id='block_1_94' title="bbox 1825 3335 3413 3422">
    <p class='ocr_par' dir='ltr' id='par_1_94' title="bbox 1825 3335 3413 3422">
     <span class='ocr_line' id='line_1_94' title="bbox 1825 3335 3413 3422; baseline 0.014 -35"><span class='ocrx_word' id='word_1_780' title='bbox 1825 3335 2082 3403; x_wconf 89' lang='lat' dir='ltr'><strong>septimus</strong></span> <span class='ocrx_word' id='word_1_781' title='bbox 2105 3351 2277 3390; x_wconf 92' lang='lat' dir='ltr'><strong>annos</strong></span> <span class='ocrx_word' id='word_1_782' title='bbox 2307 3338 2665 3404; x_wconf 82' lang='lat' dir='ltr'><strong>remis-iouis;</strong></span> <span class='ocrx_word' id='word_1_783' title='bbox 2696 3351 2750 3396; x_wconf 91' lang='lat' dir='ltr'><strong>et</strong></span> <span class='ocrx_word' id='word_1_784' title='bbox 2789 3353 2999 3399; x_wconf 75' lang='lat' dir='ltr'><strong>avertas</strong></span> <span class='ocrx_word' id='word_1_785' title='bbox 3027 3348 3209 3403; x_wconf 89' lang='lat' dir='ltr'><strong>oculos</strong></span> <span class='ocrx_word' id='word_1_786' title='bbox 3227 3367 3258 3405; x_wconf 89' lang='lat' dir='ltr'><strong>a</strong></span> <span class='ocrx_word' id='word_1_787' title='bbox 3280 3369 3413 3422; x_wconf 88' lang='lat' dir='ltr'><strong>pau-</strong></span> 
     </span>
    </p>
   </div>
   <div class='ocr_carea' id='block_1_95' title="bbox 1826 3425 3416 3503">
    <p class='ocr_par' dir='ltr' id='par_1_95' title="bbox 1826 3425 3416 3503">
     <span class='ocr_line' id='line_1_95' title="bbox 1826 3425 3416 3503; baseline 0.015 -26"><span class='ocrx_word' id='word_1_788' title='bbox 1826 3440 1952 3496; x_wconf 89' lang='lat' dir='ltr'><strong>pere</strong></span> <span class='ocrx_word' id='word_1_789' title='bbox 1976 3425 2139 3482; x_wconf 74' lang='lat' dir='ltr'><strong>fzatre</strong></span> <span class='ocrx_word' id='word_1_790' title='bbox 2167 3437 2278 3492; x_wconf 90' lang='lat' dir='ltr'><strong>tuo,</strong></span> <span class='ocrx_word' id='word_1_791' title='bbox 2303 3430 2490 3485; x_wconf 88' lang='lat' dir='ltr'><strong>nolens</strong></span> <span class='ocrx_word' id='word_1_792' title='bbox 2517 3431 2567 3487; x_wconf 89' lang='lat' dir='ltr'><strong>ei</strong></span> <span class='ocrx_word' id='word_1_793' title='bbox 2589 3433 2726 3501; x_wconf 89' lang='lat' dir='ltr'><strong>quod</strong></span> <span class='ocrx_word' id='word_1_794' title='bbox 2751 3437 2982 3503; x_wconf 67' lang='lat' dir='ltr'><strong>postulat</strong></span> <span class='ocrx_word' id='word_1_795' title='bbox 3005 3449 3240 3496; x_wconf 90' lang='lat' dir='ltr'><strong>mutuum</strong></span> <span class='ocrx_word' id='word_1_796' title='bbox 3268 3460 3416 3501; x_wconf 81' lang='lat' dir='ltr'><strong>com-</strong></span> 
     </span>
    </p>
   </div>
   <div class='ocr_carea' id='block_1_96' title="bbox 1827 3517 3416 3595">
    <p class='ocr_par' dir='ltr' id='par_1_96' title="bbox 1827 3517 3416 3595">
     <span class='ocr_line' id='line_1_96' title="bbox 1827 3517 3416 3595; baseline 0.013 -24"><span class='ocrx_word' id='word_1_797' title='bbox 1827 3517 2077 3582; x_wconf 82' lang='lat' dir='ltr'><strong>modare;</strong></span> <span class='ocrx_word' id='word_1_798' title='bbox 2112 3535 2177 3573; x_wconf 93' lang='lat' dir='ltr'><strong>ne</strong></span> <span class='ocrx_word' id='word_1_799' title='bbox 2207 3521 2403 3576; x_wconf 88' lang='lat' dir='ltr'><strong>clamet</strong></span> <span class='ocrx_word' id='word_1_800' title='bbox 2426 3533 2610 3576; x_wconf 72' lang='lat' dir='ltr'><strong>Cttllll‘a</strong></span> <span class='ocrx_word' id='word_1_801' title='bbox 2634 3533 2685 3577; x_wconf 91' lang='lat' dir='ltr'><strong>te</strong></span> <span class='ocrx_word' id='word_1_802' title='bbox 2709 3525 2775 3579; x_wconf 88' lang='lat' dir='ltr'><strong>ad</strong></span> <span class='ocrx_word' id='word_1_803' title='bbox 2807 3525 3111 3595; x_wconf 89' lang='lat' dir='ltr'><strong>Domimun,</strong></span> <span class='ocrx_word' id='word_1_804' title='bbox 3135 3542 3187 3585; x_wconf 92' lang='lat' dir='ltr'><strong>ct</strong></span> <span class='ocrx_word' id='word_1_805' title='bbox 3215 3533 3298 3587; x_wconf 86' lang='lat' dir='ltr'><strong>tiat</strong></span> <span class='ocrx_word' id='word_1_806' title='bbox 3321 3535 3416 3592; x_wconf 89' lang='lat' dir='ltr'><strong>tibi</strong></span> 
     </span>
    </p>
   </div>
   <div class='ocr_carea' id='block_1_97' title="bbox 1829 3609 3416 3690">
    <p class='ocr_par' dir='ltr' id='par_1_97' title="bbox 1829 3609 3416 3690">
     <span class='ocr_line' id='line_1_97' title="bbox 1829 3609 3416 3690; baseline 0.013 -27"><span class='ocrx_word' id='word_1_807' title='bbox 1829 3609 1879 3664; x_wconf 91' lang='lat' dir='ltr'><strong>in</strong></span> <span class='ocrx_word' id='word_1_808' title='bbox 1910 3620 2180 3678; x_wconf 79' lang='lat' dir='ltr'><strong>peccatum</strong></span> <span class='ocrx_word' id='word_1_809' title='bbox 2209 3631 2221 3665; x_wconf 91' lang='lat'><strong>:</strong></span> <span class='ocrx_word' id='word_1_810' title='bbox 2251 3612 2343 3666; x_wconf 88' lang='lat' dir='ltr'><strong>sed</strong></span> <span class='ocrx_word' id='word_1_811' title='bbox 2374 3613 2526 3668; x_wconf 91' lang='lat' dir='ltr'><strong>dabis</strong></span> <span class='ocrx_word' id='word_1_812' title='bbox 2554 3614 2639 3679; x_wconf 90' lang='lat' dir='ltr'><strong>ei;</strong></span> <span class='ocrx_word' id='word_1_813' title='bbox 2668 3632 2766 3670; x_wconf 89' lang='lat' dir='ltr'><strong>nec</strong></span> <span class='ocrx_word' id='word_1_814' title='bbox 2787 3633 2912 3688; x_wconf 74' lang='lat' dir='ltr'><strong>ages</strong></span> <span class='ocrx_word' id='word_1_815' title='bbox 2927 3621 3197 3690; x_wconf 88' lang='lat' dir='ltr'><strong>quidpiam</strong></span> <span class='ocrx_word' id='word_1_816' title='bbox 3224 3625 3416 3684; x_wconf 81' lang='lat' dir='ltr'><strong>callide</strong></span> 
     </span>
    </p>
   </div>
   <div class='ocr_carea' id='block_1_98' title="bbox 1830 3701 3415 3776">
    <p class='ocr_par' dir='ltr' id='par_1_98' title="bbox 1830 3701 3415 3776">
     <span class='ocr_line' id='line_1_98' title="bbox 1830 3701 3415 3776; baseline 0.013 -21"><span class='ocrx_word' id='word_1_817' title='bbox 1830 3701 1881 3756; x_wconf 92' lang='lat' dir='ltr'><strong>in</strong></span> <span class='ocrx_word' id='word_1_818' title='bbox 1912 3702 2029 3768; x_wconf 86' lang='lat' dir='ltr'><strong>ejus</strong></span> <span class='ocrx_word' id='word_1_819' title='bbox 2060 3704 2464 3761; x_wconf 79' lang='lat' dir='ltr'><strong>necessitatibus</strong></span> <span class='ocrx_word' id='word_1_820' title='bbox 2507 3707 2846 3763; x_wconf 76' lang='lat' dir='ltr'><strong>sublevandis</strong></span> <span class='ocrx_word' id='word_1_821' title='bbox 2880 3728 2893 3762; x_wconf 88' lang='lat'><strong>:</strong></span> <span class='ocrx_word' id='word_1_822' title='bbox 2929 3721 2984 3764; x_wconf 90' lang='grc' dir='ltr'><strong>ιιι</strong></span> <span class='ocrx_word' id='word_1_823' title='bbox 3016 3712 3290 3771; x_wconf 88' lang='lat' dir='ltr'><strong>benedieat</strong></span> <span class='ocrx_word' id='word_1_824' title='bbox 3320 3718 3415 3776; x_wconf 81' lang='lat' dir='ltr'><strong>tibi</strong></span> 
     </span>
    </p>
   </div>
   <div class='ocr_carea' id='block_1_99' title="bbox 1829 3793 3414 3869">
    <p class='ocr_par' dir='ltr' id='par_1_99' title="bbox 1829 3793 3414 3869">
     <span class='ocr_line' id='line_1_99' title="bbox 1829 3793 3414 3869; baseline 0.012 -21"><span class='ocrx_word' id='word_1_825' title='bbox 1829 3793 2086 3848; x_wconf 92' lang='lat' dir='ltr'><strong>Dominus</strong></span> <span class='ocrx_word' id='word_1_826' title='bbox 2113 3795 2249 3848; x_wconf 87' lang='lat' dir='ltr'><strong>Deus</strong></span> <span class='ocrx_word' id='word_1_827' title='bbox 2273 3807 2394 3849; x_wconf 89' lang='lat' dir='ltr'><strong>tttus</strong></span> <span class='ocrx_word' id='word_1_828' title='bbox 2422 3797 2472 3850; x_wconf 94' lang='lat' dir='ltr'><strong>in</strong></span> <span class='ocrx_word' id='word_1_829' title='bbox 2502 3799 2646 3852; x_wconf 86' lang='lat' dir='ltr'><strong>otnni</strong></span> <span class='ocrx_word' id='word_1_830' title='bbox 2679 3810 2937 3869; x_wconf 85' lang='lat' dir='ltr'><strong>tempore,</strong></span> <span class='ocrx_word' id='word_1_831' title='bbox 2958 3814 3011 3858; x_wconf 90' lang='lat' dir='ltr'><strong>et</strong></span> <span class='ocrx_word' id='word_1_832' title='bbox 3042 3806 3092 3860; x_wconf 87' lang='lat' dir='ltr'><strong>in</strong></span> <span class='ocrx_word' id='word_1_833' title='bbox 3125 3810 3330 3864; x_wconf 83' lang='lat' dir='ltr'><strong>eunetis</strong></span> <span class='ocrx_word' id='word_1_834' title='bbox 3345 3811 3414 3867; x_wconf 89' lang='lat' dir='ltr'><strong>ad</strong></span> 
     </span>
    </p>
   </div>
   <div class='ocr_carea' id='block_1_100' title="bbox 1827 3889 3416 3964">
    <p class='ocr_par' dir='ltr' id='par_1_100' title="bbox 1827 3889 3416 3964">
     <span class='ocr_line' id='line_1_100' title="bbox 1827 3889 3416 3964; baseline 0.014 -26"><span class='ocrx_word' id='word_1_835' title='bbox 1827 3901 1945 3955; x_wconf 66' lang='lat' dir='ltr'><strong>quae</strong></span> <span class='ocrx_word' id='word_1_836' title='bbox 1975 3901 2188 3940; x_wconf 88' lang='lat' dir='ltr'><strong>mamnn</strong></span> <span class='ocrx_word' id='word_1_837' title='bbox 2221 3889 2448 3942; x_wconf 88' lang='lat' dir='ltr'><strong>miseris.</strong></span> <span class='ocrx_word' id='word_1_838' title='bbox 2482 3889 2596 3944; x_wconf 85' lang='lat' dir='ltr'><strong>Non</strong></span> <span class='ocrx_word' id='word_1_839' title='bbox 2628 3890 2850 3947; x_wconf 89' lang='lat' dir='ltr'><strong>deerunt</strong></span> <span class='ocrx_word' id='word_1_840' title='bbox 2887 3910 3146 3964; x_wconf 87' lang='lat' dir='ltr'><strong>pauperes</strong></span> <span class='ocrx_word' id='word_1_841' title='bbox 3189 3901 3241 3954; x_wconf 90' lang='lat' dir='ltr'><strong>in</strong></span> <span class='ocrx_word' id='word_1_842' title='bbox 3275 3910 3416 3961; x_wconf 83' lang='lat' dir='ltr'><strong>terra</strong></span> 
     </span>
    </p>
   </div>
   <div class='ocr_carea' id='block_1_101' title="bbox 1829 3977 3418 4064">
    <p class='ocr_par' dir='ltr' id='par_1_101' title="bbox 1829 3977 3418 4064">
     <span class='ocr_line' id='line_1_101' title="bbox 1829 3977 3418 4064; baseline 0.014 -33"><span class='ocrx_word' id='word_1_843' title='bbox 1829 3977 2170 4034; x_wconf 70' lang='lat' dir='ltr'><strong>habitationis</strong></span> <span class='ocrx_word' id='word_1_844' title='bbox 2194 3991 2294 4037; x_wconf 71' lang='lat' dir='ltr'><strong>tuae</strong></span> <span class='ocrx_word' id='word_1_845' title='bbox 2322 4000 2334 4035; x_wconf 90' lang='lat'><strong>:</strong></span> <span class='ocrx_word' id='word_1_846' title='bbox 2379 3982 2574 4037; x_wconf 91' lang='lat' dir='ltr'><strong>idcireo</strong></span> <span class='ocrx_word' id='word_1_847' title='bbox 2602 4001 2701 4052; x_wconf 67' lang='lat' dir='ltr'><strong>ego</strong></span> <span class='ocrx_word' id='word_1_848' title='bbox 2731 3987 2979 4058; x_wconf 73' lang='lat' dir='ltr'><strong>praecipio</strong></span> <span class='ocrx_word' id='word_1_849' title='bbox 3006 3992 3096 4048; x_wconf 91' lang='lat' dir='ltr'><strong>tibi</strong></span> <span class='ocrx_word' id='word_1_850' title='bbox 3133 4003 3190 4047; x_wconf 91' lang='grc' dir='ltr'><strong>ιιι</strong></span> <span class='ocrx_word' id='word_1_851' title='bbox 3208 3997 3418 4064; x_wconf 84' lang='lat' dir='ltr'><strong>aperias</strong></span> 
     </span>
    </p>
   </div>
   <div class='ocr_carea' id='block_1_102' title="bbox 1828 4071 3418 4151">
    <p class='ocr_par' dir='ltr' id='par_1_102' title="bbox 1828 4071 3418 4151">
     <span class='ocr_line' id='line_1_102' title="bbox 1828 4071 3418 4151; baseline 0.013 -26"><span class='ocrx_word' id='word_1_852' title='bbox 1828 4087 2042 4126; x_wconf 89' lang='lat' dir='ltr'><strong>manmn</strong></span> <span class='ocrx_word' id='word_1_853' title='bbox 2075 4071 2222 4128; x_wconf 78' lang='lat' dir='ltr'><strong>fratri</strong></span> <span class='ocrx_word' id='word_1_854' title='bbox 2246 4083 2335 4128; x_wconf 89' lang='lat' dir='ltr'><strong>tuo</strong></span> <span class='ocrx_word' id='word_1_855' title='bbox 2350 4091 2516 4146; x_wconf 85' lang='lat' dir='ltr'><strong>egeno</strong></span> <span class='ocrx_word' id='word_1_856' title='bbox 2537 4086 2590 4131; x_wconf 91' lang='lat' dir='ltr'><strong>et</strong></span> <span class='ocrx_word' id='word_1_857' title='bbox 2613 4080 2952 4151; x_wconf 84' lang='lat' dir='ltr'><strong>pauperi,qui</strong></span> <span class='ocrx_word' id='word_1_858' title='bbox 2981 4092 3152 4139; x_wconf 86' lang='lat' dir='ltr'><strong>tecum</strong></span> <span class='ocrx_word' id='word_1_859' title='bbox 3179 4098 3418 4146; x_wconf 84' lang='lat' dir='ltr'><strong>versatur</strong></span> 
     </span>
    </p>
   </div>
   <div class='ocr_carea' id='block_1_103' title="bbox 1829 4162 2070 4218">
    <p class='ocr_par' dir='ltr' id='par_1_103' title="bbox 1829 4162 2070 4218">
     <span class='ocr_line' id='line_1_103' title="bbox 1829 4162 2070 4218; baseline 0 -1"><span class='ocrx_word' id='word_1_860' title='bbox 1829 4162 1880 4218; x_wconf 91' lang='lat' dir='ltr'><strong>in</strong></span> <span class='ocrx_word' id='word_1_861' title='bbox 1909 4172 2070 4218; x_wconf 84' lang='lat' dir='ltr'><strong>terra.</strong></span> 
     </span>
    </p>
   </div>
   <div class='ocr_carea' id='block_1_104' title="bbox 1900 4252 3417 4333">
    <p class='ocr_par' dir='ltr' id='par_1_104' title="bbox 1900 4252 3417 4333">
     <span class='ocr_line' id='line_1_104' title="bbox 1900 4252 3417 4333; baseline 0.012 -27"><span class='ocrx_word' id='word_1_862' title='bbox 1900 4252 1966 4307; x_wconf 83' lang='lat' dir='ltr'><strong>Et</strong></span> <span class='ocrx_word' id='word_1_863' title='bbox 1993 4264 2105 4324; x_wconf 78' lang='lat' dir='ltr'><strong>post</strong></span> <span class='ocrx_word' id='word_1_864' title='bbox 2125 4253 2435 4325; x_wconf 81' lang='lat' dir='ltr'><strong>aliquantum</strong></span> <span class='ocrx_word' id='word_1_865' title='bbox 2452 4256 2608 4330; x_wconf 65' lang='grc' dir='ltr'><strong>[κη]</strong></span> <span class='ocrx_word' id='word_1_866' title='bbox 2635 4277 2647 4312; x_wconf 88' lang='lat'><strong>:</strong></span> <span class='ocrx_word' id='word_1_867' title='bbox 2675 4259 2888 4315; x_wconf 84' lang='lat' dir='ltr'><strong>Judices</strong></span> <span class='ocrx_word' id='word_1_868' title='bbox 2913 4272 2967 4318; x_wconf 89' lang='lat' dir='ltr'><strong>et</strong></span> <span class='ocrx_word' id='word_1_869' title='bbox 2989 4265 3267 4333; x_wconf 78' lang='lat' dir='ltr'><strong>magistros</strong></span> <span class='ocrx_word' id='word_1_870' title='bbox 3295 4282 3417 4324; x_wconf 83' lang='lat' dir='ltr'><strong>con-</strong></span> 
     </span>
    </p>
   </div>
   <div class='ocr_carea' id='block_1_105' title="bbox 1829 4349 3418 4423">
    <p class='ocr_par' dir='ltr' id='par_1_105' title="bbox 1829 4349 3418 4423">
     <span class='ocr_line' id='line_1_105' title="bbox 1829 4349 3418 4423; baseline 0.008 -20"><span class='ocrx_word' id='word_1_871' title='bbox 1829 4349 2017 4404; x_wconf 85' lang='lat' dir='ltr'><strong>stitues</strong></span> <span class='ocrx_word' id='word_1_872' title='bbox 2047 4349 2099 4404; x_wconf 92' lang='lat' dir='ltr'><strong>in</strong></span> <span class='ocrx_word' id='word_1_873' title='bbox 2129 4350 2376 4403; x_wconf 86' lang='lat' dir='ltr'><strong>omnilms</strong></span> <span class='ocrx_word' id='word_1_874' title='bbox 2405 4351 2571 4419; x_wconf 85' lang='lat' dir='ltr'><strong>portis</strong></span> <span class='ocrx_word' id='word_1_875' title='bbox 2603 4353 2703 4406; x_wconf 86' lang='lat' dir='ltr'><strong>tuis</strong></span> <span class='ocrx_word' id='word_1_876' title='bbox 2723 4394 2739 4417; x_wconf 91' lang='lat'><strong>,</strong></span> <span class='ocrx_word' id='word_1_877' title='bbox 2786 4369 2919 4423; x_wconf 88' lang='lat' dir='ltr'><strong>quas</strong></span> <span class='ocrx_word' id='word_1_878' title='bbox 2972 4357 3221 4412; x_wconf 80' lang='lat' dir='ltr'><strong>lr-ominns</strong></span> <span class='ocrx_word' id='word_1_879' title='bbox 3277 4361 3418 4418; x_wconf 85' lang='lat' dir='ltr'><strong>Deus</strong></span> 
     </span>
    </p>
   </div>
   <div class='ocr_carea' id='block_1_106' title="bbox 1830 4440 3419 4520">
    <p class='ocr_par' dir='ltr' id='par_1_106' title="bbox 1830 4440 3419 4520">
     <span class='ocr_line' id='line_1_106' title="bbox 1830 4440 3419 4520; baseline 0.008 -26"><span class='ocrx_word' id='word_1_880' title='bbox 1830 4449 1952 4494; x_wconf 91' lang='lat' dir='ltr'><strong>tuus</strong></span> <span class='ocrx_word' id='word_1_881' title='bbox 1980 4440 2187 4495; x_wconf 80' lang='lat' dir='ltr'><strong>dederit</strong></span> <span class='ocrx_word' id='word_1_882' title='bbox 2222 4440 2336 4497; x_wconf 88' lang='lat' dir='ltr'><strong>tibi.</strong></span> <span class='ocrx_word' id='word_1_883' title='bbox 2356 4457 2450 4509; x_wconf 86' lang='lat' dir='ltr'><strong>per</strong></span> <span class='ocrx_word' id='word_1_884' title='bbox 2478 4442 2713 4511; x_wconf 81' lang='lat' dir='ltr'><strong>singulas</strong></span> <span class='ocrx_word' id='word_1_885' title='bbox 2745 4445 2911 4498; x_wconf 88' lang='lat' dir='ltr'><strong>trilms</strong></span> <span class='ocrx_word' id='word_1_886' title='bbox 2943 4455 3078 4508; x_wconf 85' lang='lat' dir='ltr'><strong>tuas,</strong></span> <span class='ocrx_word' id='word_1_887' title='bbox 3100 4459 3155 4502; x_wconf 94' lang='lat' dir='ltr'><strong>ut</strong></span> <span class='ocrx_word' id='word_1_888' title='bbox 3177 4449 3419 4520; x_wconf 81' lang='lat' dir='ltr'><strong>judicent</strong></span> 
     </span>
    </p>
   </div>
   <div class='ocr_carea' id='block_1_107' title="bbox 1831 4531 3417 4610">
    <p class='ocr_par' dir='ltr' id='par_1_107' title="bbox 1831 4531 3417 4610">
     <span class='ocr_line' id='line_1_107' title="bbox 1831 4531 3417 4610; baseline 0.011 -27"><span class='ocrx_word' id='word_1_889' title='bbox 1831 4534 2079 4601; x_wconf 67' lang='lat' dir='ltr'><strong>poliu&#39;um</strong></span> <span class='ocrx_word' id='word_1_890' title='bbox 2127 4531 2274 4598; x_wconf 89' lang='lat' dir='ltr'><strong>justo</strong></span> <span class='ocrx_word' id='word_1_891' title='bbox 2305 4531 2505 4600; x_wconf 83' lang='lat' dir='ltr'><strong>judicio</strong></span> <span class='ocrx_word' id='word_1_892' title='bbox 2540 4551 2552 4586; x_wconf 92' lang='lat'>:</span> <span class='ocrx_word' id='word_1_893' title='bbox 2587 4551 2686 4588; x_wconf 85' lang='lat' dir='ltr'><strong>nee</strong></span> <span class='ocrx_word' id='word_1_894' title='bbox 2723 4536 2774 4590; x_wconf 92' lang='lat' dir='ltr'><strong>in</strong></span> <span class='ocrx_word' id='word_1_895' title='bbox 2807 4537 3030 4592; x_wconf 86' lang='lat' dir='ltr'><strong>alteram</strong></span> <span class='ocrx_word' id='word_1_896' title='bbox 3077 4553 3277 4610; x_wconf 87' lang='lat' dir='ltr'><strong>partetn</strong></span> <span class='ocrx_word' id='word_1_897' title='bbox 3318 4543 3417 4600; x_wconf 84' lang='lat' dir='ltr'><strong>de-</strong></span> 
     </span>
    </p>
   </div>
   <div class='ocr_carea' id='block_1_108' title="bbox 1829 4620 3419 4706">
    <p class='ocr_par' dir='ltr' id='par_1_108' title="bbox 1829 4620 3419 4706">
     <span class='ocr_line' id='line_1_108' title="bbox 1829 4620 3419 4706; baseline 0.011 -31"><span class='ocrx_word' id='word_1_898' title='bbox 1829 4621 2026 4676; x_wconf 86' lang='lat' dir='ltr'><strong>clinent</strong></span> <span class='ocrx_word' id='word_1_899' title='bbox 2069 4620 2180 4675; x_wconf 88' lang='lat' dir='ltr'><strong>Non</strong></span> <span class='ocrx_word' id='word_1_900' title='bbox 2213 4623 2444 4692; x_wconf 84' lang='lat' dir='ltr'><strong>accipias</strong></span> <span class='ocrx_word' id='word_1_901' title='bbox 2490 4639 2795 4692; x_wconf 87' lang='lat' dir='ltr'><strong>personam,</strong></span> <span class='ocrx_word' id='word_1_902' title='bbox 2846 4644 2940 4683; x_wconf 91' lang='lat' dir='ltr'><strong>nec</strong></span> <span class='ocrx_word' id='word_1_903' title='bbox 2993 4647 3244 4698; x_wconf 84' lang='lat' dir='ltr'><strong>munera;</strong></span> <span class='ocrx_word' id='word_1_904' title='bbox 3293 4636 3419 4706; x_wconf 81' lang='lat' dir='ltr'><strong>quia</strong></span> 
     </span>
    </p>
   </div>
   <div class='ocr_carea' id='block_1_109' title="bbox 1831 4714 3418 4785">
    <p class='ocr_par' dir='ltr' id='par_1_109' title="bbox 1831 4714 3418 4785">
     <span class='ocr_line' id='line_1_109' title="bbox 1831 4714 3418 4785; baseline 0.009 -19"><span class='ocrx_word' id='word_1_905' title='bbox 1831 4728 2050 4766; x_wconf 88' lang='lat' dir='ltr'><strong>nmnera</strong></span> <span class='ocrx_word' id='word_1_906' title='bbox 2079 4726 2346 4769; x_wconf 68' lang='lat' dir='ltr'><strong>esca-cant</strong></span> <span class='ocrx_word' id='word_1_907' title='bbox 2380 4714 2561 4768; x_wconf 83' lang='lat' dir='ltr'><strong>oeulos</strong></span> <span class='ocrx_word' id='word_1_908' title='bbox 2583 4716 2924 4785; x_wconf 84' lang='lat' dir='ltr'><strong>sapientium,</strong></span> <span class='ocrx_word' id='word_1_909' title='bbox 2957 4733 3009 4773; x_wconf 89' lang='lat' dir='ltr'><strong>et</strong></span> <span class='ocrx_word' id='word_1_910' title='bbox 3031 4733 3232 4775; x_wconf 85' lang='lat' dir='ltr'><strong>mtuant</strong></span> <span class='ocrx_word' id='word_1_911' title='bbox 3257 4725 3418 4782; x_wconf 83' lang='lat' dir='ltr'><strong>verba</strong></span> 
     </span>
    </p>
   </div>
   <div class='ocr_carea' id='block_1_110' title="bbox 1825 4804 3414 4880">
    <p class='ocr_par' dir='ltr' id='par_1_110' title="bbox 1825 4804 3414 4880">
     <span class='ocr_line' id='line_1_110' title="bbox 1825 4804 3414 4880; baseline 0.008 -24"><span class='ocrx_word' id='word_1_912' title='bbox 1825 4804 2109 4874; x_wconf 87' lang='lat' dir='ltr'><strong>justorum.</strong></span> <span class='ocrx_word' id='word_1_913' title='bbox 2134 4804 2285 4859; x_wconf 87' lang='lat' dir='ltr'><strong>.luste</strong></span> <span class='ocrx_word' id='word_1_914' title='bbox 2301 4805 2440 4875; x_wconf 92' lang='lat' dir='ltr'><strong>quod</strong></span> <span class='ocrx_word' id='word_1_915' title='bbox 2465 4806 2665 4876; x_wconf 90' lang='lat' dir='ltr'><strong>justum</strong></span> <span class='ocrx_word' id='word_1_916' title='bbox 2685 4820 2760 4862; x_wconf 75' lang='lat' dir='ltr'><strong>est</strong></span> <span class='ocrx_word' id='word_1_917' title='bbox 2791 4813 3144 4880; x_wconf 59' lang='lat' dir='ltr'><strong>persequeris,</strong></span> <span class='ocrx_word' id='word_1_918' title='bbox 3168 4823 3224 4866; x_wconf 88' lang='lat' dir='ltr'><strong>ut</strong></span> <span class='ocrx_word' id='word_1_919' title='bbox 3251 4815 3414 4876; x_wconf 79' lang='lat' dir='ltr'><strong>vivas.</strong></span> 
     </span>
    </p>
   </div>
   <div class='ocr_carea' id='block_1_111' title="bbox 1830 4896 3416 4967">
    <p class='ocr_par' dir='ltr' id='par_1_111' title="bbox 1830 4896 3416 4967">
     <span class='ocr_line' id='line_1_111' title="bbox 1830 4896 3416 4967; baseline 0.006 -16"><span class='ocrx_word' id='word_1_920' title='bbox 1830 4907 1882 4952; x_wconf 88' lang='lat' dir='ltr'><strong>et</strong></span> <span class='ocrx_word' id='word_1_921' title='bbox 1910 4896 2183 4967; x_wconf 77' lang='lat' dir='ltr'><strong>possideas</strong></span> <span class='ocrx_word' id='word_1_922' title='bbox 2210 4906 2404 4952; x_wconf 86' lang='lat' dir='ltr'><strong>terram</strong></span> <span class='ocrx_word' id='word_1_923' title='bbox 2435 4916 2592 4967; x_wconf 83' lang='lat' dir='ltr'><strong>quam</strong></span> <span class='ocrx_word' id='word_1_924' title='bbox 2633 4899 2888 4955; x_wconf 50' lang='lat' dir='ltr'><strong>Domino.-</strong></span> <span class='ocrx_word' id='word_1_925' title='bbox 2922 4904 3058 4957; x_wconf 81' lang='lat' dir='ltr'><strong>Deus</strong></span> <span class='ocrx_word' id='word_1_926' title='bbox 3102 4915 3222 4959; x_wconf 88' lang='lat' dir='ltr'><strong>tuus</strong></span> <span class='ocrx_word' id='word_1_927' title='bbox 3252 4906 3416 4961; x_wconf 88' lang='lat' dir='ltr'><strong>dede-</strong></span> 
     </span>
    </p>
   </div>
   <div class='ocr_carea' id='block_1_112' title="bbox 1831 4988 3417 5065">
    <p class='ocr_par' dir='ltr' id='par_1_112' title="bbox 1831 4988 3417 5065">
     <span class='ocr_line' id='line_1_112' title="bbox 1831 4988 3417 5065; baseline 0.005 -20"><span class='ocrx_word' id='word_1_928' title='bbox 1831 4989 1898 5045; x_wconf 91' lang='lat' dir='ltr'><strong>rit</strong></span> <span class='ocrx_word' id='word_1_929' title='bbox 1931 4989 2040 5044; x_wconf 90' lang='lat' dir='ltr'><strong>tibi.</strong></span> <span class='ocrx_word' id='word_1_930' title='bbox 2059 4988 2124 5043; x_wconf 84' lang='lat' dir='ltr'><strong>Et</strong></span> <span class='ocrx_word' id='word_1_931' title='bbox 2147 5001 2258 5060; x_wconf 76' lang='lat' dir='ltr'><strong>post</strong></span> <span class='ocrx_word' id='word_1_932' title='bbox 2292 5007 2488 5059; x_wconf 83' lang='lat' dir='ltr'><strong>pauca:</strong></span> <span class='ocrx_word' id='word_1_933' title='bbox 2509 4991 2620 5045; x_wconf 81' lang='lat' dir='ltr'><strong>Non</strong></span> <span class='ocrx_word' id='word_1_934' title='bbox 2640 4992 2797 5047; x_wconf 77' lang='lat' dir='ltr'><strong>facies</strong></span> <span class='ocrx_word' id='word_1_935' title='bbox 2817 4995 2930 5058; x_wconf 90' lang='lat' dir='ltr'><strong>tibi,</strong></span> <span class='ocrx_word' id='word_1_936' title='bbox 2952 5010 3110 5065; x_wconf 71' lang='lat' dir='ltr'><strong>atque</strong></span> <span class='ocrx_word' id='word_1_937' title='bbox 3127 4997 3417 5053; x_wconf 84' lang='lat' dir='ltr'><strong>constitues</strong></span> 
     </span>
    </p>
   </div>
   <div class='ocr_carea' id='block_1_113' title="bbox 1830 5083 2987 5155">
    <p class='ocr_par' dir='ltr' id='par_1_113' title="bbox 1830 5083 2987 5155">
     <span class='ocr_line' id='line_1_113' title="bbox 1830 5083 2987 5155; baseline -0.001 -15"><span class='ocrx_word' id='word_1_938' title='bbox 1830 5083 2080 5143; x_wconf 71' lang='lat' dir='ltr'><strong>statuam.</strong></span> <span class='ocrx_word' id='word_1_939' title='bbox 2114 5101 2233 5155; x_wconf 75' lang='lat' dir='ltr'><strong>qua:</strong></span> <span class='ocrx_word' id='word_1_940' title='bbox 2263 5085 2375 5138; x_wconf 91' lang='lat' dir='ltr'><strong>odit</strong></span> <span class='ocrx_word' id='word_1_941' title='bbox 2403 5085 2656 5140; x_wconf 81' lang='lat' dir='ltr'><strong>lbnninus</strong></span> <span class='ocrx_word' id='word_1_942' title='bbox 2679 5087 2816 5140; x_wconf 86' lang='lat' dir='ltr'><strong>Deus</strong></span> <span class='ocrx_word' id='word_1_943' title='bbox 2845 5101 2987 5142; x_wconf 86' lang='lat' dir='ltr'><strong>lllllS.</strong></span> 
     </span>
    </p>
   </div>
   <div class='ocr_carea' id='block_1_114' title="bbox 1902 5178 3419 5252">
    <p class='ocr_par' dir='ltr' id='par_1_114' title="bbox 1902 5178 3419 5252">
     <span class='ocr_line' id='line_1_114' title="bbox 1902 5178 3419 5252; baseline 0.003 -19"><span class='ocrx_word' id='word_1_944' title='bbox 1902 5179 2034 5233; x_wconf 76' lang='lat' dir='ltr'><strong>Item</strong></span> <span class='ocrx_word' id='word_1_945' title='bbox 2061 5193 2169 5250; x_wconf 82' lang='lat' dir='ltr'><strong>post</strong></span> <span class='ocrx_word' id='word_1_946' title='bbox 2199 5197 2362 5250; x_wconf 81' lang='lat' dir='ltr'><strong>puum</strong></span> <span class='ocrx_word' id='word_1_947' title='bbox 2391 5178 2574 5251; x_wconf 75' lang='lat' dir='ltr'><strong>[xvtL]</strong></span> <span class='ocrx_word' id='word_1_948' title='bbox 2609 5196 2622 5227; x_wconf 73' lang='grc' dir='ltr'><em>τ</em></span> <span class='ocrx_word' id='word_1_949' title='bbox 2655 5181 2784 5231; x_wconf 69' lang='lat' dir='ltr'><strong>(Item</strong></span> <span class='ocrx_word' id='word_1_950' title='bbox 2836 5180 3028 5248; x_wconf 80' lang='lat' dir='ltr'><strong>reperti</strong></span> <span class='ocrx_word' id='word_1_951' title='bbox 3063 5179 3253 5234; x_wconf 86' lang='lat' dir='ltr'><strong>fuerint</strong></span> <span class='ocrx_word' id='word_1_952' title='bbox 3279 5182 3419 5252; x_wconf 85' lang='lat' dir='ltr'><strong>apud</strong></span> 
     </span>
    </p>
   </div>
   <div class='ocr_carea' id='block_1_115' title="bbox 1835 5272 3420 5340">
    <p class='ocr_par' dir='ltr' id='par_1_115' title="bbox 1835 5272 3420 5340">
     <span class='ocr_line' id='line_1_115' title="bbox 1835 5272 3420 5340; baseline 0.003 -14"><span class='ocrx_word' id='word_1_953' title='bbox 1835 5281 1886 5326; x_wconf 92' lang='lat' dir='ltr'><strong>te</strong></span> <span class='ocrx_word' id='word_1_954' title='bbox 1917 5272 2052 5326; x_wconf 87' lang='lat' dir='ltr'><strong>intra</strong></span> <span class='ocrx_word' id='word_1_955' title='bbox 2086 5289 2241 5325; x_wconf 88' lang='lat' dir='ltr'><strong>ttnatn</strong></span> <span class='ocrx_word' id='word_1_956' title='bbox 2270 5280 2388 5340; x_wconf 69' lang='grc' dir='ltr'>μοι-ι</span> <span class='ocrx_word' id='word_1_957' title='bbox 2408 5287 2538 5323; x_wconf 83' lang='grc' dir='ltr'>.ι·ιιιιι</span> <span class='ocrx_word' id='word_1_958' title='bbox 2571 5279 2799 5332; x_wconf 70' lang='lat' dir='ltr'><strong>lnat&#39;mn,</strong></span> <span class='ocrx_word' id='word_1_959' title='bbox 2829 5285 2958 5339; x_wconf 84' lang='lat' dir='ltr'><strong>quas</strong></span> <span class='ocrx_word' id='word_1_960' title='bbox 3002 5272 3252 5325; x_wconf 80' lang='lat' dir='ltr'><strong>llotnintts</strong></span> <span class='ocrx_word' id='word_1_961' title='bbox 3282 5274 3420 5330; x_wconf 80' lang='lat' dir='ltr'><strong>Ileus</strong></span> 
     </span>
    </p>
   </div>
   <div class='ocr_carea' id='block_1_116' title="bbox 1836 5361 3416 5428">
    <p class='ocr_par' dir='ltr' id='par_1_116' title="bbox 1836 5361 3416 5428">
     <span class='ocr_line' id='line_1_116' title="bbox 1836 5361 3416 5428; baseline 0.001 -8"><span class='ocrx_word' id='word_1_962' title='bbox 1836 5377 1954 5420; x_wconf 91' lang='lat' dir='ltr'><strong>tuus</strong></span> <span class='ocrx_word' id='word_1_963' title='bbox 1980 5365 2123 5418; x_wconf 89' lang='lat' dir='ltr'><strong>dabit</strong></span> <span class='ocrx_word' id='word_1_964' title='bbox 2154 5363 2268 5426; x_wconf 85' lang='lat' dir='ltr'><strong>tibi,</strong></span> <span class='ocrx_word' id='word_1_965' title='bbox 2323 5363 2404 5415; x_wconf 86' lang='lat' dir='ltr'><strong>vir</strong></span> <span class='ocrx_word' id='word_1_966' title='bbox 2429 5371 2517 5413; x_wconf 88' lang='lat' dir='ltr'><strong>aut</strong></span> <span class='ocrx_word' id='word_1_967' title='bbox 2549 5361 2756 5416; x_wconf 76' lang='lat' dir='ltr'><strong>umber.</strong></span> <span class='ocrx_word' id='word_1_968' title='bbox 2794 5361 2879 5428; x_wconf 78' lang='lat' dir='ltr'><strong>qui</strong></span> <span class='ocrx_word' id='word_1_969' title='bbox 2915 5361 3109 5416; x_wconf 84' lang='lat' dir='ltr'><strong>faciant</strong></span> <span class='ocrx_word' id='word_1_970' title='bbox 3140 5367 3332 5418; x_wconf 85' lang='lat' dir='ltr'><strong>ma&#39;mn</strong></span> <span class='ocrx_word' id='word_1_971' title='bbox 3360 5365 3416 5422; x_wconf 89' lang='lat' dir='ltr'><strong>itt</strong></span> 
     </span>
    </p>
   </div>
   <div class='ocr_carea' id='block_1_117' title="bbox 1834 5456 3415 5528">
    <p class='ocr_par' dir='ltr' id='par_1_117' title="bbox 1834 5456 3415 5528">
     <span class='ocr_line' id='line_1_117' title="bbox 1834 5456 3415 5528; baseline -0.003 -16"><span class='ocrx_word' id='word_1_972' title='bbox 1834 5468 2120 5527; x_wconf 80' lang='lat' dir='ltr'><strong>conspectu</strong></span> <span class='ocrx_word' id='word_1_973' title='bbox 2151 5457 2356 5510; x_wconf 88' lang='lat' dir='ltr'><strong>Domini</strong></span> <span class='ocrx_word' id='word_1_974' title='bbox 2384 5456 2472 5508; x_wconf 82' lang='lat' dir='ltr'><strong>llei</strong></span> <span class='ocrx_word' id='word_1_975' title='bbox 2503 5456 2606 5515; x_wconf 86' lang='lat' dir='ltr'><strong>tui,</strong></span> <span class='ocrx_word' id='word_1_976' title='bbox 2641 5466 2687 5504; x_wconf 87' lang='lat' dir='ltr'><strong>et</strong></span> <span class='ocrx_word' id='word_1_977' title='bbox 2723 5456 3176 5516; x_wconf 60' lang='lat' dir='ltr'><strong>transgrediuntur</strong></span> <span class='ocrx_word' id='word_1_978' title='bbox 3205 5470 3415 5528; x_wconf 86' lang='lat' dir='ltr'><strong>pactum</strong></span> 
     </span>
    </p>
   </div>
   <div class='ocr_carea' id='block_1_118' title="bbox 1836 5548 3420 5616">
    <p class='ocr_par' dir='ltr' id='par_1_118' title="bbox 1836 5548 3420 5616">
     <span class='ocr_line' id='line_1_118' title="bbox 1836 5548 3420 5616; baseline 0.001 -8"><span class='ocrx_word' id='word_1_979' title='bbox 1836 5554 1995 5616; x_wconf 76' lang='lat' dir='ltr'><strong>iliins,</strong></span> <span class='ocrx_word' id='word_1_980' title='bbox 2028 5562 2083 5604; x_wconf 92' lang='lat' dir='ltr'><strong>nt</strong></span> <span class='ocrx_word' id='word_1_981' title='bbox 2113 5549 2325 5613; x_wconf 73' lang='lat' dir='ltr'><strong>vadunt,</strong></span> <span class='ocrx_word' id='word_1_982' title='bbox 2356 5557 2410 5602; x_wconf 88' lang='lat' dir='ltr'><strong>et</strong></span> <span class='ocrx_word' id='word_1_983' title='bbox 2437 5548 2662 5602; x_wconf 56' lang='lat' dir='ltr'><strong>serviant</strong></span> <span class='ocrx_word' id='word_1_984' title='bbox 2705 5548 2804 5602; x_wconf 85' lang='lat' dir='ltr'><strong>diis</strong></span> <span class='ocrx_word' id='word_1_985' title='bbox 2858 5549 3066 5611; x_wconf 67' lang='lat' dir='ltr'><strong>alienis,</strong></span> <span class='ocrx_word' id='word_1_986' title='bbox 3099 5561 3153 5605; x_wconf 87' lang='lat' dir='ltr'><strong>et</strong></span> <span class='ocrx_word' id='word_1_987' title='bbox 3195 5552 3420 5610; x_wconf 77' lang='lat' dir='ltr'><strong>adorent</strong></span> 
     </span>
    </p>
   </div>
   <div class='ocr_carea' id='block_1_119' title="bbox 1835 5642 3429 5726">
    <p class='ocr_par' dir='ltr' id='par_1_119' title="bbox 1835 5642 3429 5726">
     <span class='ocr_line' id='line_1_119' title="bbox 1835 5642 3429 5726; baseline -0.004 -21"><span class='ocrx_word' id='word_1_988' title='bbox 1835 5663 1929 5705; x_wconf 86' lang='lat' dir='ltr'><strong>eos</strong></span> <span class='ocrx_word' id='word_1_989' title='bbox 1951 5687 1968 5712; x_wconf 89' lang='lat'><strong>,</strong></span> <span class='ocrx_word' id='word_1_990' title='bbox 2020 5644 2185 5698; x_wconf 86' lang='lat' dir='ltr'><strong>solem</strong></span> <span class='ocrx_word' id='word_1_991' title='bbox 2215 5652 2268 5696; x_wconf 93' lang='lat' dir='ltr'><strong>et</strong></span> <span class='ocrx_word' id='word_1_992' title='bbox 2299 5642 2475 5694; x_wconf 91' lang='lat' dir='ltr'><strong>lunam</strong></span> <span class='ocrx_word' id='word_1_993' title='bbox 2505 5651 2558 5696; x_wconf 84' lang='lat' dir='ltr'><strong>et</strong></span> <span class='ocrx_word' id='word_1_994' title='bbox 2603 5656 2813 5695; x_wconf 74' lang='lat' dir='ltr'><strong>omnem</strong></span> <span class='ocrx_word' id='word_1_995' title='bbox 2847 5642 3090 5697; x_wconf 79' lang='lat' dir='ltr'><strong>militiam</strong></span> <span class='ocrx_word' id='word_1_996' title='bbox 3118 5642 3264 5713; x_wconf 67' lang='lat' dir='ltr'><strong>coali,</strong></span> <span class='ocrx_word' id='word_1_997' title='bbox 3298 5659 3429 5726; x_wconf 45' lang='lat' dir='ltr'><strong>qua</strong></span> 
     </span>
    </p>
   </div>
   <div class='ocr_carea' id='block_1_120' title="bbox 1901 5753 3047 5820">
    <p class='ocr_par' dir='ltr' id='par_1_120' title="bbox 1901 5753 3047 5820">
     <span class='ocr_line' id='line_1_120' title="bbox 1901 5753 3047 5820; baseline -0.002 -10"><span class='ocrx_word' id='word_1_998' title='bbox 1901 5763 1918 5793; x_wconf 78' lang='grc' dir='ltr'><strong>ι</strong></span> <span class='ocrx_word' id='word_1_999' title='bbox 1945 5765 1997 5810; x_wconf 83' lang='grc' dir='ltr'><strong>ιιι</strong></span> <span class='ocrx_word' id='word_1_1000' title='bbox 2017 5755 2176 5808; x_wconf 74' lang='lat' dir='ltr'><strong>latinis</strong></span> <span class='ocrx_word' id='word_1_1001' title='bbox 2194 5754 2582 5820; x_wconf 74' lang='lat' dir='ltr'><strong>castigatioribus</strong></span> <span class='ocrx_word' id='word_1_1002' title='bbox 2601 5753 2780 5819; x_wconf 60' lang='lat' dir='ltr'><strong>melius.</strong></span> <span class='ocrx_word' id='word_1_1003' title='bbox 2799 5758 2846 5806; x_wconf 79' lang='lat' dir='ltr'><strong>et</strong></span> <span class='ocrx_word' id='word_1_1004' title='bbox 2864 5759 3047 5818; x_wconf 69' lang='lat' dir='ltr'><strong>postea.</strong></span> 
     </span>
    </p>
   </div>
   <div class='ocr_carea' id='block_1_121' title="bbox 3438 5454 3464 5485">
    <p class='ocr_par' dir='ltr' id='par_1_121' title="bbox 3438 5454 3464 5485">
     <span class='ocr_line' id='line_1_121' title="bbox 3438 5454 3464 5485; baseline 0 0"><span class='ocrx_word' id='word_1_1005' title='bbox 3438 5454 3464 5485; x_wconf 67' lang='grc' dir='ltr'>ει</span> 
     </span>
    </p>
   </div>
   <div class='ocr_carea' id='block_1_122' title="bbox 3449 5413 3464 5429">
    <p class='ocr_par' dir='ltr' id='par_1_122' title="bbox 3449 5413 3464 5429">
     <span class='ocr_line' id='line_1_122' title="bbox 3449 5413 3464 5429; baseline 0 0"><span class='ocrx_word' id='word_1_1006' title='bbox 3449 5413 3464 5429; x_wconf 91' lang='grc'><strong><em>1</em></strong></span> 
     </span>
    </p>
   </div>
   <div class='ocr_carea' id='block_1_123' title="bbox 3442 5507 3473 5557">
    <p class='ocr_par' dir='ltr' id='par_1_123' title="bbox 3442 5507 3473 5557">
     <span class='ocr_line' id='line_1_123' title="bbox 3442 5507 3473 5557; baseline 0 0"><span class='ocrx_word' id='word_1_1007' title='bbox 3442 5507 3473 5557; x_wconf 67' lang='grc' dir='ltr'>ι’</span> 
     </span>
    </p>
   </div>
   <div class='ocr_carea' id='block_1_124' title="bbox 3449 5569 3471 5626">
    <p class='ocr_par' dir='ltr' id='par_1_124' title="bbox 3449 5569 3471 5626">
     <span class='ocr_line' id='line_1_124' title="bbox 3449 5569 3471 5626; baseline 0 0"><span class='ocrx_word' id='word_1_1008' title='bbox 3449 5569 3471 5626; x_wconf 69' lang='lat' dir='ltr'><strong>i</strong></span> 
     </span>
    </p>
   </div>
   <div class='ocr_carea' id='block_1_125' title="bbox 3461 5627 3489 5656">
    <p class='ocr_par' dir='ltr' id='par_1_125' title="bbox 3461 5627 3489 5656">
     <span class='ocr_line' id='line_1_125' title="bbox 3461 5627 3489 5656; baseline 0 -5"><span class='ocrx_word' id='word_1_1009' title='bbox 3461 5627 3489 5656; x_wconf 66' lang='grc' dir='ltr'>ι.</span> 
     </span>
    </p>
   </div>
  </div>
