3874 6328
458 374 560 414 non
585 352 840 425 prreeepi:
870 359 925 407 et
953 349 1052 405 hoc
1084 348 1172 402 tibi
1198 345 1352 402 fuerit
1376 344 1695 410 nuntiatum,
1716 343 2041 414 audiensque

455 443 1097 516 inmisit-risdiligenter,
1147 451 1198 494 et
1249 443 1430 493 ve‘rt'u'n‘
1483 441 1604 492 esse
1642 435 1936 506 repeteris,
1989 441 2043 488 et

457 547 522 596 ab
548 539 780 596 sntinatizt
808 533 942 591 facta
977 537 1056 590 est
1087 536 1135 588 in
1171 531 1330 590 tuae!
1356 549 1367 585 :
1398 525 1591 585 educes
1619 529 1786 583 virum
1813 537 1876 582 ac
1920 543 2040 581 mu-

457 637 661 690 lieret‘n.
695 632 784 700 q’ui
812 646 920 683 rent
954 627 1417 682 sceleratissimam
1461 619 1894 696 perpdraverunt
1915 662 1928 686 ,
1974 618 2042 674 ad

459 724 883 796 polltl‘t'lVlLIllS
915 732 1038 785 tur,
1067 723 1120 772 et
1169 715 1428 786 lapidibus
1476 713 1787 768 oliruetlttlr.
1844 713 1898 766 in
1946 727 2042 768 ore

458 821 689 873 duorum
723 823 810 868 aut
857 814 1016 867 trium
1056 811 1268 864 testium
1300 806 1511 877 peribit,
1553 808 1646 876 qui
1675 803 2038 860 interficietul‘.

458 909 626 965 Nemo
657 906 925 959 ut‘t'ltlultlt'
965 911 1069 957 uno
1105 911 1286 953 contra
1319 912 1376 951 se
1419 893 1628 952 dicente
1659 896 2037 951 testimonium.

455 1003 639 1058 Manus
670 999 878 1053 testium
914 997 1082 1062 prima
1128 987 1409 1046 interficiat
1435 1007 1578 1053 cum,
1620 996 1676 1045 et
1701 995 1890 1043 manus
1917 981 2042 1047 reli-

454 1095 542 1168 qul
587 1092 760 1163 populi
797 1097 1032 1144 eXtrema‘
1077 1087 1349 1150 utitt‘atur‘;
1396 1091 1452 1138 u’t
1492 1084 1706 1139 auferas
1751 1083 1947 1139 mahun
1974 1083 2042 1138 de

457 1191 632 1246 medio
685 1189 777 1242 tui.
811 1183 940 1240 Item
973 1192 1083 1253 post
1126 1182 1441 1252 aliquantum
1479 1179 1617 1248 :Qui
1649 1181 1826 1233 autem
1857 1192 2041 1246 super-

453 1282 609 1340 bler'it
637 1280 821 1333 uolens
851 1275 1071 1329 obedire
1098 1271 1390 1328 sacerdotis
1425 1269 1670 1340 imperio,
1697 1269 1785 1338 qui
1810 1283 1876 1323 eo
1903 1273 2042 1321 tem-

457 1389 584 1444 pore.
617 1369 878 1427 ministrat
906 1367 1128 1421 Domino
1160 1365 1267 1418 Deo
1299 1373 1408 1428 tuo,
1439 1369 1494 1417 et
1520 1363 1737 1416 decreto
1784 1357 2037 1430 ‘judicis;

454 1467 711 1522 moriatur
733 1459 1000 1516 houioille
1033 1477 1044 1511 :
1075 1466 1127 1511 et
1150 1455 1357 1510 auferes
1376 1455 1570 1508 malum
1596 1453 1661 1507 de
1688 1452 1845 1506 Israel
1871 1468 1885 1514 ξ
1913 1468 2037 1506 cuu-

451 1568 674 1625 ctusquc
703 1551 928 1624 populus
955 1548 1177 1604 audiens
1219 1545 1444 1614 timebit,
1498 1555 1554 1600 ut
1584 1543 1761 1600 nullus
1791 1542 2040 1614 deinceps

453 1649 771 1705 intumest'at
801 1642 1070 1710 snperbia.

522 1736 590 1793 Et
617 1745 728 1807 post
755 1731 981 1804 quietiam
1012 1730 1324 1801 interposita,
1376 1743 1488 1784 cum
1531 1726 1594 1782 de
1629 1728 1921 1799 alienigenis
1948 1725 2040 1781 ad-

455 1836 674 1887 moneret
698 1817 906 1900 [κήτη
932 1844 944 1878 :
977 1815 1138 1891 Cave,
1171 1823 1433 1894 inquit.ne
1457 1823 1647 1875 imitari
1679 1823 1807 1876 velis
1835 1822 2040 1876 abomi-

453 1922 691 1980 nationes
719 1919 924 1973 illarum
966 1916 1225 1987 gentium.
1281 1911 1387 1969 Nec
1419 1914 1720 1967 inveniatur
1767 1913 1816 1966 in
1846 1922 1917 1978 te,
1947 1913 2038 1983 qui

451 2019 638 2074 lustret
663 2014 826 2069 filium
857 2021 1008 2066 Suum
1050 2021 1141 2066 aut
1175 2010 1332 2064 filiam
1364 2007 1566 2063 ducens
1597 2012 1690 2078 per
1720 2007 1918 2078 ignem,
1949 2014 2039 2061 aut

451 2109 538 2182 qui
585 2107 818 2162 hariolos
875 2105 1194 2166 sciscitetur,
1235 2111 1288 2158 et
1334 2101 1585 2156 observet
1634 2100 1836 2154 somnia
1879 2110 2038 2171 atque

450 2200 696 2272 auguria;
727 2213 823 2254 nec
839 2199 905 2250 sit
936 2197 1228 2257 maleficus,
1262 2209 1358 2248 nec
1386 2194 1701 2256 incantator,
1731 2207 1902 2262 neque
1930 2207 2028 2266 py.

450 2291 643 2347 thones
667 2289 914 2344 consulas
943 2301 1038 2340 nec
1059 2285 1286 2346 divinos,
1309 2291 1363 2337 et
1379 2299 1584 2354 qtnrras
1609 2299 1638 2336 a
1667 2283 1890 2338 mortuis
1912 2282 2040 2338 veri-

452 2395 633 2442 tatem.
662 2383 848 2436 Omnia
879 2382 1018 2434 enim
1052 2377 1165 2430 haze
1192 2376 1526 2430 abomiualur
1553 2375 1827 2429 Dominus.

525 2472 590 2530 Et
613 2483 722 2544 post
749 2474 1060 2541 aliqu/mlum
1093 2465 1205 2540 [χιχ
1232 2465 1254 2539 ]
1285 2484 1298 2522 :
1353 2465 1465 2520 Non
1497 2465 1658 2520 stabit
1706 2466 1855 2522 testis
1899 2481 2037 2526 unus

448 2577 636 2626 eontra
684 2566 936 2635 alimtczn‘,
979 2558 1230 2629 quidquid
1275 2558 1400 2613 illud
1454 2559 1654 2628 pecmti
1687 2569 1739 2613 ct
1787 2557 2036 2613 facinoris

447 2660 642 2717 fuerit:
678 2658 769 2712 sed
820 2655 872 2708 in
926 2668 1022 2707 ore
1051 2651 1273 2706 duorum
1304 2661 1391 2703 aut
1423 2655 1579 2704 trium
1635 2651 1845 2705 testium
1878 2649 2037 2705 stabit

455 2763 615 2808 omne
642 2747 881 2804 verbum.
912 2743 968 2799 Si
999 2743 1199 2797 Steterlt
1229 2744 1377 2798 testis
1406 2741 1628 2796 mendax
1655 2752 1835 2795 contra
1857 2739 2035 2794 homi—

447 2857 593 2907 nem,
643 2851 895 2894 accusans
925 2842 1044 2890 eum
1081 2831 1564 2904 prevaricalionis;
1591 2833 1809 2886 stalnmt
1853 2832 2032 2900 ambo,

448 2946 674 3005 quorum
705 2944 860 2982 causa
889 2935 990 2990 est,
1018 2934 1141 2980 aute
1163 2925 1442 2978 Dominum
1469 2924 1519 2977 in
1541 2931 1834 2992 conSpeetn
1853 2938 2034 2977 sacer-

462 3024 649 3079 dotum
681 3028 734 3075 et
757 3017 1118 3089 judicnm,qui
1147 3014 1336 3070 fin-rint
1367 3015 1417 3068 in
1448 3013 1633 3068 diebus
1662 3011 2035 3084 illiszcunique

445 3113 848 3185 diligentissime
878 3115 1271 3185 perscrutantes
1297 3105 1588 3161 invenerint
1615 3103 1803 3159 falsum
1840 3115 2029 3159 testem

445 3207 644 3264 dixisse
669 3210 854 3259 contra
898 3200 1118 3256 fratrem
1144 3214 1297 3253 suum
1326 3197 1656 3252 mendacimn
1681 3214 1695 3262 ;
1737 3195 1957 3251 reddent
1985 3197 2034 3251 ei

447 3299 584 3355 sient
615 3294 762 3351 fratri
789 3304 886 3348 suo
915 3290 1140 3348 reddere
1173 3287 1452 3360 Cogitavit;
1494 3295 1548 3342 et
1593 3286 1807 3342 auferes
1836 3287 2031 3342 malum

448 3388 517 3448 de
544 3390 729 3445 medio
750 3389 824 3443 toi
850 3406 862 3442 :
895 3389 950 3441 ul
979 3383 1251 3439 audientes
1279 3381 1458 3440 eailcri
1501 3383 1742 3436 timorem
1783 3381 2030 3446 habeant,

447 3489 501 3542 et
531 3490 860 3554 nequaquam
891 3480 1013 3532 talia
1043 3476 1274 3532 audeant
1306 3474 1498 3528 facere.
1534 3473 1652 3528 Non
1695 3472 2032 3527 misereberis

445 3577 596 3647 eius;
639 3572 734 3629 sed
777 3571 1006 3626 animam
1045 3573 1139 3638 pro
1187 3567 1359 3621 anima
1387 3607 1403 3632 ,
1452 3564 1662 3619 oeulum
1697 3580 1792 3634 pro
1843 3563 2030 3628 oculo,

445 3668 660 3726 dentem
691 3671 786 3736 pro
811 3662 1221 3728 detue,tnanum
1245 3663 1344 3734 pro
1371 3672 1551 3725 manu,
1578 3655 1763 3727 pedem
1782 3670 1878 3728 pro
1900 3653 2035 3724 pede

443 3760 644 3828 exiges.
1507 3833 1510 3836 .

519 3849 586 3906 Et
634 3847 755 3902 alibi
783 3846 834 3899 in
865 3843 1036 3900 eodem
1067 3841 1194 3896 libro
1241 3837 1408 3913 [ξιιμ]
1437 3857 1450 3893 :
1484 3839 1538 3895 Si
1585 3839 1829 3911 genuerit
1873 3838 2032 3894 homo

448 3943 612 3999 lilium
635 3947 1001 3994 contumacem
1023 3943 1074 3990 et
1099 3943 1421 4004 protervum,
1438 3932 1524 4002 qui
1544 3949 1648 3987 non
1674 3932 1851 3988 audiat
1869 3933 2033 4003 patris

446 4047 510 4089 ac
536 4031 720 4088 matris
741 4028 1040 4100 imperium,
1075 4034 1128 4082 et
1149 4025 1409 4080 coercitus
1436 4024 1653 4080 obedire
1682 4035 2027 4095 centempse-

448 4127 548 4189 rit;
581 4120 985 4196 appreltendent
1009 4127 1152 4186 eum,
1181 4127 1235 4173 et
1259 4117 1520 4173 deducent
1545 4119 1615 4172 ad
1633 4119 1872 4175 seniores
1897 4119 2031 4173 civi-

447 4218 570 4274 latis
592 4217 768 4280 illius,
813 4221 868 4268 et
911 4211 976 4266 ad
1031 4221 1235 4282 portatu
1259 4209 1466 4284 jndicii,
1497 4211 1784 4282 diccutque
1817 4209 1881 4264 ad
1914 4227 2028 4273 eos,

447 4307 613 4366 Filius
643 4313 825 4362 noster
852 4304 951 4359 iste
981 4311 1259 4374 protervus
1287 4311 1340 4358 et
1370 4311 1651 4358 eontnmax
1685 4311 1787 4370 est,
1831 4303 2029 4358 monita

449 4410 628 4456 nostra
669 4398 853 4453 audire
878 4403 1018 4451 conti
1038 4393 1216 4466 nupsit.
1259 4393 1735 4450 cetncssatiunihns
1781 4405 1928 4452 vacat
1977 4403 2032 4451 et

445 4493 586 4551 limit
604 4495 666 4548 ia:
694 4502 851 4564 atque
871 4489 1125 4544 conviviis
1148 4506 1161 4543 :
1188 4487 1444 4558 lapidibus
1458 4506 1578 4546 eum
1601 4487 1789 4545 obruet
1807 4487 2029 4558 populus

445 4586 697 4650 civitatis,
725 4594 775 4638 et
805 4584 1091 4658 morietur;
1123 4589 1177 4635 ut
1215 4582 1469 4636 anfet'atis
1513 4579 1710 4635 malum
1749 4581 1814 4637 de
1854 4579 2028 4638 medio

445 4678 628 4742 vestri,
649 4687 701 4730 ct
727 4675 1006 4728 univemts
1035 4673 1190 4728 Israel
1214 4670 1434 4728 audiens
1455 4670 1812 4742 pertimescat.

525 4769 588 4825 Et
605 4777 890 4841 postpancu
913 4763 1130 4840 [um]:
1159 4761 1274 4819 Non
1307 4763 1506 4820 videbis
1536 4762 1722 4818 bovem
1752 4756 1932 4819 fratris
1955 4765 2030 4820 tui

447 4872 540 4920 aut
563 4878 715 4917 ovem
746 4870 1036 4926 Cl‘l‘illllcm,
1067 4868 1122 4914 et
1151 4855 1476 4929 prartcribis;
1523 4851 1616 4913 sed
1649 4857 1870 4916 reduces
1918 4856 2030 4912 fra-

447 4961 513 5016 tri
550 4970 638 5015 tuo
668 4975 681 5012 :
712 4955 919 5011 etiamsi
967 4970 1074 5010 non
1102 4963 1182 5007 cst
1211 4952 1534 5026 propinquus
1566 4961 1684 5010 tuus
1714 4950 1897 5018 frater,
1929 4969 2029 5010 nec

445 5052 588 5110 nosti
643 5065 764 5105 cum
789 5089 804 5115 ,
841 5047 1005 5102 duces
1045 5045 1095 5099 in
1127 5043 1342 5096 domum
1384 5051 1555 5114 tuam,
1594 5051 1650 5097 et
1690 5053 1845 5099 erunt
1889 5044 2029 5115 apud

446 5153 499 5200 te
527 5143 778 5216 quamdiu
807 5147 1006 5212 quau-at
1037 5153 1098 5192 ea
1122 5135 1285 5190 frater
1315 5145 1468 5202 tuus;
1496 5143 1551 5191 et
1578 5135 1818 5206 recipiat.
1870 5136 2029 5194 Simi-

447 5236 570 5293 liter
591 5236 753 5291 lacies
781 5233 846 5288 de
872 5231 1023 5286 asino
1043 5238 1096 5285 et
1125 5231 1458 5297 restituente,
1489 5228 1636 5292 ct,de
1661 5231 1804 5285 omni
1836 5248 1894 5288 re
1921 5229 2028 5287 fra-

507 5389 712 5451 ttev.,~
755 5397 822 5441 ea:
873 5387 1066 5440 decreto
1108 5401 1127 5438 :
1171 5389 1242 5439 uti
1295 5387 1406 5439 olim
1445 5389 1728 5453 quibusdam
1781 5393 1837 5442 in”
1874 5394 2031 5446 ntbliis

441 5453 719 5520 ιιεδυμειωτ.
749 5461 802 5520 ,μ
845 5461 941 5504 Ani.
973 5460 1054 5520 ιιὶιν.Δ
1085 5460 1138 5520 et
1173 5465 1296 5512 ΜΒ..
1335 5459 1380 5506 et
1416 5453 1606 5520 dacrelo
1635 5467 1652 5504 :
1690 5457 2025 5520 subintellige,

443 5491 1020 5582 iitilenspbedii'epnani:
1033 5491 1461 5582 'ltelirwus'tte‘xitti's
1493 5491 1574 5582 διέ
1598 5491 1880 5582 ιργυέέδιιῖιῖ

440 5551 618 5648 ἱὲξςξῗὲῖ
629 5551 1012 5648 ὥῖᾶίὶρῖὶιιὶξῖξᾶ
1035 5551 1931 5648 ἱὶυνοὶ”ηἷιὶι³ἕιιῖὶτιὲηἷιῗάᾌᾰῖἑῖάοῖἕιὲἶῗτξ.
1945 5551 2032 5648 iiii

442 5639 770 5710 “judicent,
811 5639 1058 5710 molienti“,
1094 5650 1191 5710 etc.
1217 5650 1272 5696 At
1292 5655 1438 5706 graec.
1461 5647 1592 5704 LXX.
1625 5650 1676 5696 ut
1705 5657 1803 5700 rm
1833 5643 2032 5705 obedire

443 5695 767 5751 “cludat”;
811 5695 1074 5764 vetjudici',
1113 5709 1206 5752 etc.

1638 226 1690 284 s.
1735 203 2104 287 AUGUSTINI
2141 215 2501 293 specuum
3637 221 3730 300 906

2153 348 2248 402 tris
2281 350 2356 404 tui
2400 366 2517 424 quae
2545 352 2763 425 perierit
2792 369 2805 406 :
2835 352 2881 407 si
2922 353 3186 410 inveneris
3224 369 3365 420 eam,
3404 372 3473 412 ne
3507 359 3729 426 negligas

2147 442 2296 512 quasi
2314 442 2561 498 alienant.
2596 444 2650 500 Si
2680 446 2879 503 videris
2908 448 3112 500 asiuuzn
3135 450 3308 501 fratris
3333 447 3515 503 tuiaut
3548 452 3722 504 borea

2149 533 2406 588 cecidisse
2440 537 2488 588 in
2513 536 2615 600 via,
2637 554 2738 590 non
2766 537 3046 606 despicies,
3069 554 3095 592 s
3115 540 3160 591 ιιι
3179 524 3622 596 διιῗιιιξκνειὶιικωηη
3649 563 3724 597 eo.

2149 615 2264 679 Non
2299 625 2543 683 induetur
2587 619 2774 683 mulier
2803 641 2951 686 veSIe
2983 631 3251 696 virili,nec
3283 633 3364 686 vir
3394 643 3574 686 utetur
3597 648 3728 689 veste

2150 713 2374 772 feminea
2411 738 2424 774 :
2455 707 2824 776 abominabilis
2849 724 2991 779 enim
3021 726 3158 794 apud
3207 711 3492 780 Dominum
3537 739 3616 780 est
3645 733 3724 797 tl'll

2148 811 2274 867 facit
2300 799 2430 867 hate.
2467 813 2592 868 Item
2621 827 2732 886 post
2762 834 2926 888 pauca
2955 833 2974 876 ;
3001 827 3131 872 bum
3153 818 3504 874 ωάὶίὶιτινυτίλ
3526 821 3683 874 domu
3705 842 3732 874 η

2149 919 2366 970 novatn,
2390 906 2549 961 facies
2578 924 2785 964 murum
2815 911 2936 966 teeti
2959 927 3049 979 per
3069 912 3382 974 circuitum;
3405 928 3474 966 ne
3503 915 3733 967 effunda-

2148 1002 2234 1051 tur
2263 997 2474 1066 sanguis
2507 997 2563 1051 ιη
2584 999 2746 1054 domo
2777 1009 2884 1064 tua,
2917 1012 2970 1056 et
2995 1004 3068 1059 sis
3095 1019 3215 1058 reus
3243 1004 3454 1058 labente
3480 1005 3587 1060 alio
3608 1017 3658 1058 et
3686 1009 3729 1059 in

2147 1103 2384 1160 prmceps
2419 1099 2624 1144 ruente.
2656 1089 2788 1146 Item
2826 1091 2979 1159 paulo
3009 1103 3116 1163 post
3143 1094 3231 1150 :Si
3259 1096 3473 1149 duxerit
3503 1099 3588 1150 vir
3613 1115 3732 1150 nxn.

2146 1194 2282 1242 rem,
2326 1189 2380 1234 et
2421 1188 2598 1250 postea
2628 1198 2746 1238 eam
2773 1182 2896 1238 odio
2923 1185 3193 1248 habuerit;
3223 1188 3610 1258 qutesieritquc
3655 1205 3735 1246 ot:-

2147 1271 2389 1328 casiones
2412 1273 2604 1342 quibus
2625 1260 2855 1330 dimittat
2875 1293 3015 1342 eam,
3043 1277 3302 1350 objicich
3322 1280 3369 1331 ei
3399 1295 3598 1333 nomen
3626 1298 3736 1350 pes-

2146 1362 2359 1427 simum,
2383 1372 2438 1420 et
2462 1365 2672 1429 dixerit,
2704 1352 2933 1421 Uxorem
2969 1368 3102 1424 hanc
3140 1371 3350 1436 accepi,
3380 1380 3436 1425 et
3470 1372 3737 1442 ingressus

2147 1447 2354 1507 adeam
2383 1471 2486 1508 non
2528 1456 2707 1510 inveni
2751 1458 3006 1527 virginem
3039 1476 3050 1511 :
3087 1459 3274 1513 tolleat
3326 1476 3448 1514 eam
3502 1473 3650 1528 pater
3687 1473 3740 1518 et

2145 1556 2317 1602 mater
2343 1543 2478 1620 ejus,
2519 1557 2576 1603 et
2606 1543 2775 1602 ferent
2801 1564 2979 1606 seetun
3009 1550 3157 1619 signa
3181 1547 3504 1619 virginitatis
3526 1556 3642 1620 ejus
3669 1554 3734 1608 ad

2145 1637 2384 1690 seniores
2417 1637 2578 1700 urbis,
2615 1638 2701 1706 qtti
2734 1639 2782 1692 in
2822 1647 2968 1708 porta
3000 1651 3150 1705 sunt;
3179 1651 3232 1694 et
3256 1641 3398 1696 dicet
3442 1652 3614 1711 pater,
3649 1644 3730 1699 Fi-

2146 1725 2268 1781 liam
2310 1741 2481 1782 meam
2513 1728 2634 1782 dedi
2682 1727 2802 1785 huic
2843 1746 3084 1794 uxorem,
3121 1747 3277 1801 quam
3315 1733 3436 1802 quia
3477 1735 3610 1793 odit.
3642 1735 3731 1788 im-

2144 1820 2292 1890 ponit
2317 1820 2364 1873 ei
2397 1837 2585 1875 nomen
2619 1823 2926 1894 pchimum,
2958 1832 3013 1876 nt
3042 1821 3200 1887 dicat,
3221 1814 3330 1877 Non
3363 1825 3543 1877 inveni
3575 1827 3732 1882 tiliam

2148 1921 2288 1966 tuam
2319 1913 2573 1985 virginem
2607 1932 2620 1966 :
2649 1925 2702 1969 et
2729 1931 2856 1970 ecce
2890 1915 3003 1970 hcc
3038 1930 3162 1974 sunt
3203 1918 3350 1986 signa
3408 1918 3732 1987 virginitatis

2147 2001 2269 2057 lilia!)
2298 2020 2448 2058 meae.
2481 2003 2791 2078 Ettpandent
2815 2007 3186 2062 vestimentum
3208 2024 3388 2063 coram
3431 2008 3733 2066 senioribus

2147 2094 2376 2148 civitatis
2407 2114 2418 2149 :
2448 2095 2951 2169 apprehendeutque
2989 2113 3142 2153 senes
3173 2097 3317 2151 urbis
3349 2099 3493 2152 illius
3541 2101 3732 2168 virum,

2144 2194 2196 2241 et
2218 2188 2568 2242 verberabant
2595 2188 2741 2243 illum
2769 2206 2784 2255 ;
2817 2191 3236 2244 condemuantes
3266 2191 3488 2261 insuper
3518 2202 3731 2249 centum

2142 2278 2287 2334 siclis
2308 2283 2531 2350 argenti,
2563 2298 2696 2351 quos
2725 2283 2869 2337 dabit
2897 2285 3028 2352 puri
3057 2287 3271 2353 puellm;
3297 2287 3556 2355 quoniam
3581 2288 3730 2341 diffa-

2142 2373 2301 2428 mavit
2330 2387 2522 2426 nomen
2547 2374 2835 2446 pessimum
2859 2390 3018 2444 super
3035 2377 3289 2446 virginem
3325 2377 3489 2434 Israel
3523 2397 3536 2431 :
3576 2379 3737 2433 hahe-

2143 2463 2322 2535 hitqne
2351 2479 2467 2520 eam
2510 2481 2767 2534 uxorem,
2807 2475 2991 2526 etnon
3037 2470 3225 2540 pulerit
3269 2469 3541 2528 dimittere
3591 2474 3739 2530 omni

2144 2557 2382 2626 tempore
2417 2555 2534 2611 vita:
2565 2574 2694 2610 sua'.
2718 2557 2866 2628 Quod
2891 2560 2933 2612 si
2967 2574 3146 2613 verum
3183 2563 3421 2630 estquod
3454 2562 3659 2633 objicit,
3683 2572 3739 2618 ct

2143 2666 2246 2703 non
2313 2661 2393 2704 est
2448 2651 2496 2704 in
2541 2651 2712 2724 puella
2770 2651 2978 2708 inventa
3021 2654 3320 2725 virginitas;
3357 2652 3570 2726 ejicient
3615 2671 3738 2710 eam

2141 2752 2289 2796 extra
2319 2736 2459 2795 fores
2483 2742 2675 2796 domus
2705 2743 2868 2812 patris
2891 2743 2991 2810 sui,
3024 2752 3077 2797 et
3097 2743 3356 2812 lzqidibns
3379 2746 3603 2800 obruent
3632 2744 3736 2802 viri

2140 2833 2365 2889 civitatis
2398 2832 2531 2905 ejus,
2583 2846 2635 2890 et
2687 2836 2976 2902 morietur;
3029 2837 3276 2906 quOniaut
3317 2837 3436 2890 fecit
3477 2839 3625 2891 nefas
3677 2838 3743 2893 in

2141 2921 2330 2993 Israel,
2364 2936 2418 2981 ut
2453 2925 2801 2986 furuit-aretur
2830 2929 2877 2982 in
2910 2928 3067 2982 domo
3095 2928 3256 2999 patris
3287 2930 3366 2985 sui
3399 2947 3411 2982 :
3440 2941 3489 2984 ct
3518 2932 3739 2985 auferes

2148 3020 2346 3074 malum
2395 3020 2462 3074 de
2510 3022 2685 3076 medio
2733 3013 2832 3078 tui,
2868 3022 2921 3078 Si
2972 3022 3248 3078 dortnicrit
3281 3024 3358 3077 vir
3399 3040 3514 3077 eum
3557 3040 3741 3080 uxore

2140 3111 2378 3179 alterius,
2413 3121 2632 3182 uterque
2658 3113 2932 3180 moriatur,
2955 3114 3003 3168 id
3025 3124 3105 3168 est
3135 3115 3341 3169 adulter
3367 3125 3420 3170 et
3447 3114 3738 3183 adultera;

2140 3211 2193 3256 et
2221 3202 2432 3256 auferes
2485 3204 2684 3258 malum
2741 3203 2807 3258 de
2858 3198 3040 3260 Israel.
3094 3205 3146 3259 Si
3198 3206 3425 3272 [uellam
3468 3203 3739 3275 virginem

2140 3289 2484 3364 tleSpondt-rit
2510 3294 2608 3360 vir,
2632 3306 2680 3348 et
2705 3296 2963 3350 invenerit
2987 3309 3102 3348 cani
3130 3296 3318 3368 aliquis
3339 3298 3388 3348 in
3410 3293 3645 3361 civitate,
3675 3305 3744 3351 et

2140 3384 2484 3438 concubuerit
2515 3401 2635 3440 cum
2683 3383 2801 3450 illa;
2835 3385 3351 3456 educesutrumque
3395 3385 3458 3441 ad
3513 3397 3740 3454 portam

2140 3476 2368 3530 civitatis
2399 3478 2570 3542 illius,
2617 3487 2668 3530 et
2701 3473 2962 3547 lapidibus
2999 3477 3320 3542 obruentur;
3362 3479 3547 3547 puclla,
3598 3480 3741 3548 quia

2140 3582 2245 3622 neu
2277 3567 2542 3636 clammit,
2571 3583 2688 3620 cum
2712 3578 2851 3622 essm
2872 3569 2921 3623 in
2950 3568 3191 3634 civitate;
3219 3569 3315 3633 vir,
3337 3570 3453 3636 quia
3480 3568 3746 3621 humili..-

2140 3659 2213 3713 vit
2246 3675 2465 3713 uxorem
2501 3658 2722 3728 proximi
2751 3661 2828 3714 sui
2864 3677 2878 3714 :
2906 3670 2956 3714 et
2992 3659 3203 3713 auferes
3235 3660 3426 3713 malum
3453 3659 3517 3714 de
3542 3661 3742 3717 medio

2139 3753 2231 3808 tui.
2267 3753 2357 3805 Siti
2387 3763 2560 3805 autem
2592 3752 2640 3804 in
2669 3768 2794 3823 agro
2814 3754 3068 3821 repererit
3098 3753 3176 3805 vir
3206 3752 3434 3826 puellam
3465 3770 3584 3822 qua:
3625 3754 3736 3807 de-

2138 3857 2384 3914 Sptmsata
2415 3856 2515 3908 cSI,
2540 3856 2594 3899 et
2635 3845 3040 3915 apprehendens
3065 3847 3404 3901 t‘oncnhnerit
3443 3863 3556 3900 cum
3612 3846 3738 3914 illa,

2137 3934 2251 4008 ipse
2283 3936 2542 3991 morietur
2573 3938 2716 3992 solus
2743 3957 2756 3989 :
2792 3938 2959 4007 puella
2991 3935 3116 3990 nihil
3143 3938 3499 4008 p:'it3ctur,nee
3520 3949 3606 3991 εει
3633 3954 3737 3996 rea

2139 4029 2324 4084 mortis
2357 4045 2376 4093 :,
2399 4029 2646 4099 queuiam
2679 4031 2813 4083 sicut
2840 4030 2970 4083 latro
3001 4031 3267 4100 consurgit
3289 4040 3466 4083 contra
3498 4029 3735 4086 fratrem

2137 4140 2314 4192 suum,
2343 4134 2396 4178 et
2422 4123 2616 4178 occidit
2647 4125 2878 4179 animam
2905 4123 3048 4192 ejus;
3078 4125 3144 4177 ita
3173 4132 3222 4178 et
3249 4126 3417 4194 puelfa
3465 4139 3732 4195 perpessa

2137 4225 2223 4270 est
2252 4233 2264 4267 :
2301 4219 2412 4268 sola
2441 4224 2556 4268 erat
2607 4216 2656 4267 in
2687 4231 2833 4285 agro,
2880 4215 3146 4282 clamavit,
3177 4229 3225 4270 et
3256 4216 3427 4269 nullus
3452 4214 3594 4269 alii:
3633 4216 3734 4286 qui

2137 4309 2385 4364 liberaret
2409 4323 2546 4363 eam.
2579 4306 2632 4363 Si
2663 4309 2922 4363 invenerit
2951 4310 3031 4362 vir
3052 4309 3276 4376 puellam
3309 4309 3575 4380 virginem,
3595 4326 3733 4378 qmc

2137 4417 2239 4454 non
2296 4399 2454 4453 habet
2496 4416 2748 4468 Sponstlttt
2775 4443 2788 4458 ,
2835 4408 2889 4452 et
2921 4399 3328 4470 aiprehendens
3373 4400 3736 4458 coacubimrit

2136 4508 2254 4548 cum
2284 4507 2367 4560 ea,
2404 4502 2455 4546 et
2477 4507 2560 4545 res
2588 4489 2650 4544 ad
2677 4491 2935 4564 judicium
2973 4494 3200 4552 venerit;
3230 4491 3375 4545 dabit
3401 4492 3482 4560 qui
3507 4490 3728 4546 dormi-

2136 4587 2209 4640 vit
2231 4602 2348 4640 cum
2377 4602 2460 4648 ea,
2491 4588 2621 4658 patri
2653 4586 2837 4654 puella:
2865 4597 3074 4639 centum
3104 4585 3260 4638 sit-los
3285 4583 3505 4654 argenti,
3534 4591 3584 4635 et
3620 4585 3728 4638 ha-

2135 4676 2280 4738 bebit
2305 4696 2420 4736 eam
2449 4697 2688 4738 uxorem.
2721 4680 2837 4748 quia
2870 4679 3160 4734 humiliavit
3189 4694 3303 4733 eam
3335 4697 3346 4729 :
3381 4695 3479 4732 non
3520 4687 3625 4743 poti
3656 4681 3733 4736 rit

2135 4773 2402 4830 dimittere
2429 4772 2631 4830 cunctis
2657 4773 2845 4832 diebus
2873 4773 2988 4828 vitm
3012 4787 3139 4825 sum.
3167 4771 3276 4826 Non
3304 4770 3519 4838 arripiet
3549 4771 3727 4825 homo

2136 4883 2355 4921 uxorem
2392 4865 2558 4934 patris
2589 4865 2689 4928 Siti,
2725 4880 2820 4918 nec
2863 4863 3116 4918 revelahit
3156 4867 3535 4931 operimentum
3568 4862 3729 4930 ejus.

2207 4957 2274 5012 Et
2297 4967 2406 5029 post
2431 4957 2693 5028 paululum
2717 4954 2918 5035 [xxt:|.]
2944 4973 2956 5009 :
2980 4954 3206 5012 Nonerit
3227 4955 3471 5008 meretrix
3489 4949 3553 5006 de
3581 4955 3735 5008 lilia-

2135 5051 2232 5107 has
2259 5050 2440 5112 Israel,
2470 5065 2568 5108 nec
2597 5060 2857 5106 scortator
2882 5049 2950 5104 de
2982 5046 3102 5100 filiis
3132 5046 3309 5100 Israel.
3351 5045 3412 5098 Et
3435 5055 3541 5117 ραι
3577 5063 3729 5117 pmi-

2138 5143 2336 5196 litium:
2368 5142 2479 5197 Non
2513 5143 2771 5198 fenerabis
2797 5140 2943 5196 fratri
2980 5148 3066 5195 tuo
3087 5140 3150 5192 ad
3179 5154 3390 5196 usoram
3416 5136 3728 5210 pet‘miam,

2137 5251 2235 5294 nec
2248 5235 2416 5306 iuges,
2433 5229 3000 5306 ιιθςιιιιςιιιιιίΙιθιειΙὶτῖιιι
3023 5248 3164 5293 rem;
3194 5233 3288 5288 sed
3305 5232 3494 5285 ξιιμ-ιιι).
3519 5223 3580 5281 Et
3597 5241 3728 5298 post

2139 5345 2325 5400 panros
2370 5345 2539 5382 versus
2569 5342 2588 5381 :
2616 5327 2742 5380 Cum
2772 5327 2978 5379 voveris
3006 5335 3180 5378 votum
3214 5325 3434 5378 Domini
3461 5323 3565 5375 ilco
3596 5333 3721 5386 tuo,

2138 5437 2240 5476 non
2273 5420 2503 5476 tat-dabis
2541 5418 2797 5482 reddere;
2844 5419 2964 5490 quia
3011 5417 3241 5487 requiret
3283 5413 3404 5468 illud
3462 5409 3724 5467 Dominus

2139 5509 2277 5569 Deus
2307 5523 2447 5579 tuus,
2481 5521 2534 5568 et
2577 5514 2618 5565 si
2649 5521 2882 5566 moratus
2933 5510 3112 5576 fueris,
3167 5507 3496 5578 reputabitur
3539 5505 3630 5558 tibi
3668 5508 3725 5562 in

2139 5616 2432 5676 peccatum.
2463 5603 2516 5660 Si
2549 5604 2780 5659 nolueris
2806 5601 3061 5674 polliceri,
3099 5600 3298 5670 absque
3321 5609 3536 5674 peccato
3563 5597 3678 5652 eris
3713 5618 3725 5653 :

2139 5700 2282 5771 quod
2304 5708 2479 5758 autem
2505 5698 2670 5756 semel
2699 5711 2970 5770 egressum
3001 5705 3081 5754 est
3100 5693 3331 5752 delabiis
3367 5690 3492 5762 tuis,
3527 5688 3726 5748 observ-
