3874 6308
232 367 353 425 91⁸5

233 486 411 540 bitiitr
437 480 612 535 vivere.
641 473 731 529 sed
754 480 810 527 ut
839 472 933 525 hoc
962 466 1175 540 faciant,
1204 475 1319 532 qute
1337 456 1431 514 sibi
1455 454 1678 525 aptanda
1697 460 1846 518 atque

234 574 555 630 ot'se't'unda
594 573 692 623 siut
714 609 729 631 ,
774 572 1022 635 quierunt.
1077 556 1203 611 ιιωο
1243 555 1413 623 itaque
1453 550 1516 602 de
1560 542 1847 600 Proverbiis

238 667 544 726 Salomonis
570 661 805 735 pauenda
834 657 1100 712 credimus.

775 749 863 805 DE
906 738 1324 802 PllOVERFllS.

317 850 476 925 [Cap.
519 846 583 921 1.]
615 846 799 901 Timor
842 838 1045 896 Domini
1092 832 1408 905 principium
1452 824 1711 882 scientite.
1751 821 1851 877 Sa-

236 913 504 1017 pientiam
536 913 694 1007 alque
725 932 1022 989 doctrinam
1053 926 1199 983 stulti
1225 921 1546 992 despiciunt.
1575 917 1742 978 Audi,
1774 913 1849 967 [ili

236 1036 345 1101 mi,
376 1031 710 1102 disciplinam
737 1024 902 1098 patris
924 1022 1019 1087 tui,
1048 1030 1102 1075 et
1127 1033 1194 1072 ne
1216 1015 1451 1069 dimittas
1471 1010 1640 1080 legem
1666 1005 1851 1060 matris

238 1138 379 1186 tute.
428 1124 493 1178 Et
537 1131 648 1195 post
689 1094 1067 1189 quatuordetim
1094 1124 1285 1167 versus,
1332 1119 1447 1157 cum
1484 1100 1547 1154 de
1585 1094 1852 1151 homicidia

238 1222 538 1293 loqueretur
560 1231 580 1270 :
606 1214 708 1284 Ipsi
729 1253 743 1275 ,
772 1209 951 1279 inquit,
982 1213 1165 1259 contra
1192 1196 1506 1268 sanguinem
1538 1206 1691 1246 suum
1720 1188 1853 1243 insi-

238 1315 488 1374 diantur,
516 1317 569 1365 et
592 1304 888 1361 moliuntur
919 1296 1130 1354 frandes
1154 1301 1338 1348 eontra
1366 1290 1571 1343 animas
1594 1297 1735 1337 suas.
1764 1280 1856 1336 Sic

238 1414 464 1462 semita:
485 1399 659 1454 OltllllS
678 1394 822 1451 avari
841 1392 1049 1446 animas
1066 1382 1446 1456 possidentium
1471 1377 1699 1447 rapiunt.
1723 1371 1749 1427 Ι
1757 1382 1856 1427 tem

242 1506 365 1571 post
393 1503 611 1566 quatuor
636 1503 809 1544 versus
841 1501 859 1540 :
888 1483 1209 1553 llsqnequo,
1251 1474 1488 1547 parvuli,
1523 1468 1741 1540 diligitis
1774 1467 1859 1521 in-

241 1565 479 1644 l‘antiam
502 1627 516 1649 ,
553 1592 607 1639 et
634 1580 779 1637 stulti
807 1593 869 1633 ca
901 1591 1018 1644 qu:e
1049 1572 1147 1625 sibi
1177 1572 1301 1625 sn‘nt
1336 1567 1489 1622 noxia
1515 1566 1760 1633 cupiunt,
1802 1565 1859 1613 et

242 1677 627 1750 imprudentes
647 1670 834 1727 odiunt
854 1663 1168 1722 scientiam?
1189 1660 1256 1715 Et
1279 1671 1388 1732 post
1406 1657 1636 1711 undecim
1654 1666 1821 1707 verm:
1838 1664 1859 1703 :

240 1775 408 1829 Tune
431 1767 755 1825 invocabant
779 1778 883 1821 mc.
908 1768 965 1816 et
988 1774 1093 1814 non
1115 1756 1427 1815 exaudiam;
1459 1764 1613 1804 mane
1635 1759 1861 1802 consur-

244 1876 408 1937 gent,
433 1869 489 1916 ct
508 1876 613 1915 non
637 1859 707 1913 in'
726 1856 909 1912 euient
934 1868 1018 1906 me
1041 1868 1055 1904 :
1081 1867 1146 1905 eo
1168 1846 1308 1919 quod
1335 1859 1549 1898 t‘Xttsaltt
1578 1837 1860 1895 halmeriut

241 1956 627 2025 disciplinau'i,
659 1961 713 2003 et
743 1948 986 2002 timorem
1018 1940 1223 1997 Domini
1255 1954 1357 1992 non
1381 1932 1732 2003 suseepcrint,
1761 1943 1860 1983 nec

242 2047 621 2119 acquieverint
669 2040 894 2097 consilio
938 2053 1095 2097 meo,
1132 2044 1186 2088 et
1227 2026 1554 2085 detraxerint
1598 2024 1861 2079 universa:

244 2137 587 2210 correptioni
633 2150 786 2188 tne-.e.
832 2128 1123 2185 CttlltCthlll
1155 2125 1312 2196 igitur
1349 2122 1552 2175 fructus
1588 2119 1686 2169 vi:e
1726 2130 1859 2181 snas,

246 2236 482 2305 suiSque
524 2227 763 2285 consiliis
807 2223 1203 2279 saturalnunnr.
1259 2214 1481 2270 Aversio
1523 2209 1861 2281 parvulorum

248 2324 547 2382 interlieiet
576 2336 700 2380 eos.
735 2325 790 2372 et
831 2312 1154 2386 prosperitas
1188 2308 1471 2364 stultorum
1507 2302 1693 2373 perdet
1722 2300 1861 2355 illos.

248 2419 359 2487 Qui
390 2425 570 2470 autem
601 2427 687 2467 me
716 2406 965 2471 audierit,
995 2406 1196 2473 absque
1226 2409 1431 2454 terrore
1459 2396 1780 2466 requiescet,
1810 2400 1867 2446 et

251 2507 592 2567 abundantia
623 2502 958 2575 perfruetur,
988 2496 1246 2550 malorum
1280 2492 1470 2546 timore
1495 2488 1725 2544 sublato.

332 2600 411 2657 Et
445 2607 556 2671 post
597 2608 695 2650 tres
724 2609 895 2649 versus
922 2586 1027 2663 [tt.]
1056 2604 1069 2640 :
1098 2586 1154 2641 Si
1186 2586 1327 2641 enim
1358 2581 1673 2649 sapientiam
1714 2581 1866 2632 invo-

255 2692 478 2749 caveris
498 2733 513 2757 ,
545 2698 598 2743 et
624 2682 962 2741 inclinavcris
988 2694 1083 2735 cor
1112 2687 1257 2732 tuum
1291 2674 1614 2745 prudentiae;
1645 2672 1687 2725 si
1719 2686 1867 2740 quae-

257 2787 429 2844 sieris
448 2800 566 2840 eam
588 2781 736 2853 quasi
762 2776 1060 2849 pecuniam,
1083 2781 1139 2827 et
1157 2773 1293 2826 sicut
1315 2769 1593 2823 thesauros
1618 2762 1870 2820 ell'uderis

262 2880 419 2935 illam
452 2895 466 2932 :
500 2886 625 2929 tunc
655 2870 919 2939 intelliges
949 2868 1195 2921 timorem
1234 2860 1479 2924 Domini,
1512 2868 1565 2913 et
1592 2855 1868 2912 scientiam

264 2974 367 3029 Dei
399 2968 675 3033 invenies;
698 2965 820 3037 quia
852 2960 1108 3016 Dominus
1136 2956 1223 3010 dat
1252 2953 1587 3026 sapientiam,
1619 2958 1675 3005 et
1692 2964 1757 3003 ex
1778 2961 1871 3002 ore

269 3066 394 3137 ejus
424 3063 644 3119 scientia
680 3068 735 3115 et
772 3054 1068 3127 prudentia.
1109 3048 1387 3106 Custodiet
1426 3053 1690 3099 rectorum
1727 3040 1870 3094 salu-

270 3168 386 3213 tem
406 3201 420 3219 ,
453 3166 507 3211 et
546 3159 786 3224 proteget
813 3149 1118 3221 gradientes
1153 3140 1466 3211 simpliciter
1494 3156 1508 3192 :
1535 3149 1755 3192 servans
1784 3148 1872 3188 se-

274 3246 717 3318 Initasjustitize,
755 3251 807 3295 ct
850 3240 960 3294 vias
1003 3246 1308 3291 sanctorum
1353 3229 1680 3285 custodiens.
1724 3224 1878 3280 Tune

275 3341 551 3409 intelliges
591 3334 886 3404 justitiam,
926 3338 981 3384 et
1016 3326 1311 3397 judicium,
1352 3331 1405 3375 et
1445 3320 1779 3389 a-quitatem,
1824 3324 1879 3369 et

278 3447 501 3487 omnem
532 3428 776 3483 semitam
819 3423 1035 3476 bonam.
1074 3416 1131 3472 Si
1170 3414 1446 3469 intraverit
1490 3410 1748 3481 sapientia
1784 3422 1881 3462 cor

280 3537 461 3591 tuum,
493 3532 546 3578 et
572 3520 789 3578 scicntia
816 3516 1009 3571 anima:
1034 3523 1138 3567 tu:e
1169 3508 1457 3581 placuerit;
1489 3503 1767 3559 consilium
1789 3516 1881 3555 cu-

280 3615 487 3673 stodiet
517 3625 587 3672 te.
617 3621 670 3665 et
701 3605 979 3679 prudentia
1011 3598 1245 3657 servabit
1273 3609 1356 3661 te;
1390 3607 1446 3650 ut
1474 3591 1680 3650 eruaris
1703 3591 1771 3645 de
1796 3590 1882 3645 via

281 3711 461 3775 mala,
490 3718 543 3763 et
578 3706 642 3760 alt
677 3702 892 3757 homine
918 3699 1005 3769 qui
1038 3708 1284 3767 perversa
1317 3690 1568 3761 loquitur.
1596 3686 1695 3755 Qui
1723 3685 1881 3740 derc-

282 3805 539 3872 linqntn.t
563 3800 663 3853 iter
684 3804 906 3853 rectum,
927 3799 981 3844 et
1001 3786 1270 3842 ambulant
1296 3799 1389 3854 per
1410 3782 1519 3835 vias
1542 3779 1881 3834 tenebrosus:

286 3897 381 3968 qui
408 3896 654 3948 laetamur
679 3903 800 3942 cum
827 3878 1221 3944 ntalel‘ereriut,
1257 3884 1312 3931 et
1345 3874 1609 3929 exsultant
1647 3871 1697 3924 in
1727 3868 1886 3924 rebus

290 3988 541 4062 pessimis
570 4004 581 4038 :
610 3996 834 4054 quorum
865 3977 961 4032 via:
996 3986 1286 4047 perversm,
1326 3978 1379 4023 et
1419 3965 1642 4020 infames
1675 3975 1889 4031 gressus

292 4098 502 4140 eormn.
536 4079 605 4135 Ut
643 4073 849 4131 eruaris
888 4086 919 4124 a
959 4067 1177 4122 muliere
1219 4062 1426 4126 aliena,
1461 4058 1610 4113 etab
1638 4064 1890 4111 extranea

294 4192 415 4247 quze
444 4172 615 4227 mollit
640 4179 917 4223 sermones
950 4175 1075 4215 suos
1096 4200 1109 4222 ,
1139 4164 1194 4211 et
1229 4151 1438 4221 reliquit
1470 4149 1657 4204 ducem
1691 4144 1888 4217 puber-

296 4272 424 4327 tatis
446 4285 588 4332 suae,
619 4273 676 4319 et
702 4260 840 4332 pacti
874 4257 963 4312 Dei
993 4254 1072 4309 sui
1105 4250 1265 4304 oblita
1292 4254 1391 4302 est.

370 4362 440 4418 Et
461 4368 569 4431 post
596 4353 830 4410 tredecim
852 4363 1017 4404 versus
1032 4341 1163 4417 [nn]
1189 4359 1202 4395 :
1230 4333 1581 4393 Misericordia
1608 4339 1663 4386 et
1692 4331 1890 4385 veritas

299 4472 408 4513 non
441 4465 492 4508 te
531 4451 818 4506 deserant:
847 4437 1115 4497 circumda
1149 4449 1243 4489 eas
1288 4429 1484 4503 gutturi
1532 4438 1622 4481 tuo
1645 4467 1661 4491 ,
1700 4433 1753 4480 et
1794 4423 1891 4478 dc-

302 4548 481 4606 scribe
510 4546 562 4599 in
583 4541 778 4596 tabulis
808 4534 986 4591 cordis
1013 4531 1118 4596 tui;
1142 4536 1197 4583 et
1220 4522 1463 4581 invenies
1488 4520 1706 4591 gratiam
1739 4523 1796 4571 et
1816 4515 1899 4569 di-

303 4641 585 4711 sciplinain
605 4635 796 4688 bonam
820 4641 1000 4683 comm
1019 4624 1149 4686 Deo,
1169 4630 1222 4675 et
1243 4614 1570 4671 hominibus.
1597 4610 1740 4665 llabe
1764 4607 1899 4661 lidu-

304 4738 444 4792 ciam
474 4735 524 4786 in
558 4732 781 4784 Domino
800 4740 865 4779 ex
896 4731 1006 4776 toto
1028 4716 1190 4774 corde
1213 4724 1323 4775 tuo.
1345 4719 1397 4766 et
1425 4705 1751 4763 ncinnitaris
1774 4717 1901 4772 pru-

307 4828 506 4887 denti:e
532 4834 655 4879 tuze.
684 4820 739 4875 lu
765 4816 1014 4872 omnibus
1040 4813 1139 4866 viis
1161 4808 1263 4863 tuis
1302 4804 1473 4875 cogita
1498 4802 1663 4863 illum,
1694 4806 1749 4851 et
1787 4795 1901 4865 ipse

312 4923 506 4991 diriget
533 4926 749 4987 gressus
780 4918 917 4963 tuos.
939 4904 1018 4960 Ne
1038 4904 1113 4958 sis
1132 4900 1343 4969 sapiens
1364 4893 1500 4965 apud
1536 4889 1896 4959 temetipsum.

309 5014 466 5070 Tune
494 5010 679 5070 Deum,
709 5012 764 5058 ct
783 4998 973 5056 recede
998 5012 1026 5049 a
1050 4993 1209 5049 malo.
1242 4987 1305 5042 Et
1328 4996 1439 5057 post
1460 5000 1615 5038 unum
1645 4994 1845 5036 versum
1873 4990 1897 5033 :

313 5105 530 5160 llonora
558 5096 841 5155 Dominum
879 5089 947 5145 de
980 5096 1068 5143 tua
1116 5080 1408 5138 substantia
1428 5119 1443 5143 ,
1466 5085 1520 5131 et
1548 5076 1614 5129 de
1658 5070 1903 5145 primitiis

315 5195 549 5253 omnium
583 5190 789 5258 frugum
817 5194 1049 5239 tttarnm.
1108 5176 1173 5230 Et
1204 5182 1315 5246 post
1340 5171 1467 5223 duos
1494 5182 1663 5221 versus
1686 5179 1705 5218 :
1730 5162 1902 5218 Disci-

318 5287 516 5357 plinam
546 5256 774 5341 Domini,
800 5275 870 5329 [ili
897 5273 992 5337 mi,
1016 5286 1082 5324 ne
1104 5265 1357 5335 abjieias;
1384 5276 1483 5317 nec
1516 5256 1755 5318 deﬁcias,
1780 5268 1902 5308 cum

318 5377 466 5433 abeo
495 5368 802 5439 corripcris.
838 5366 1006 5430 Quem
1034 5359 1177 5415 enim
1223 5352 1391 5424 diligit
1423 5349 1700 5409 Dominus,
1731 5345 1903 5399 corri—

321 5471 438 5541 pit;
471 5476 525 5523 et
568 5462 717 5536 quasi
767 5468 914 5530 pater
956 5457 1009 5510 in
1056 5452 1164 5507 lilio
1199 5447 1493 5517 eomplaeet
1537 5443 1659 5498 sibi.
1714 5439 1907 5495 Beatus

323 5531 486 5617 homo
502 5531 600 5631 qui
620 5554 819 5610 invenit
844 5544 1178 5619 sapientiam,
1201 5548 1256 5596 et
1283 5539 1371 5607 qui
1400 5536 1566 5590 aﬂluit
1608 5531 1904 5603 prudentia.

326 5630 615 5710 Heliorcst
635 5641 915 5713 acquisitio
936 5638 1053 5709 ejus
1085 5630 1439 5704 negotiatione
1467 5633 1690 5695 argenti,
1718 5630 1774 5677 et
1804 5637 1904 5675 au-

330 5762 393 5803 ro
422 5758 593 5817 primo
620 5739 822 5793 fructus
842 5733 959 5803 ejus
989 5749 1000 5783 :
1036 5727 1320 5800 pretiosior
1347 5730 1429 5777 est
1455 5718 1659 5774 cunctis
1679 5715 1869 5787 opibus
1892 5730 1907 5779 ;

331 5850 391 5895 et
422 5813 597 5897 munia
625 5847 744 5897 qua:
769 5825 1161 5886 desiderantur,
1191 5819 1313 5874 huic
1350 5832 1455 5872 non
1487 5813 1666 5871 valent
1695 5823 1912 5874 compa-

1503 337 1593 395 DE
1629 329 2012 394 SCRIPTURA
2050 326 2298 387 SACRA.

3441 323 3548 381 θη

1956 445 2084 500 rari.
2118 442 2180 497 Et
2201 451 2313 512 post
2328 442 2499 496 decem
2522 456 2691 497 versus
2714 455 2735 494 :
2756 438 2855 496 Fili
2875 438 2972 506 mi,
3004 452 3071 494 ne
3097 437 3319 493 efﬂuant
3337 440 3450 494 haec
3478 441 3548 495 ab

1956 536 2126 591 oculis
2152 534 2288 588 tuis:
2319 532 2536 588 Custodi
2582 532 2751 602 legem
2791 540 2949 601 atque
2996 530 3294 585 consilium.
3332 530 3395 584 Et
3435 541 3549 601 post

1954 643 2132 682 uovem
2180 641 2394 679 uersus:
2428 622 2547 678 Noli
2601 623 2885 693 prohibere
2935 622 3247 677 benefacere
3296 638 3417 677 eum
3450 624 3541 692 qui

1954 729 2167 791 potest;
2200 719 2244 772 si
2274 718 2435 780 vales,
2466 726 2519 772 et
2545 718 2656 785 ipse
2692 714 2933 771 benefac.
2958 714 3035 770 Ne
3063 714 3209 769 dicas
3238 716 3410 769 amico
3432 726 3546 781 tuo,

1963 812 2124 873 Vade.
2155 820 2208 864 et
2234 819 2522 873 revertere,
2548 816 2601 861 et
2622 822 2741 862 cras
2755 806 2892 861 dabo
2912 807 3003 860 tibi
3030 824 3044 867 ;
3077 821 3197 861 cum
3224 807 3402 861 statim
3432 822 3546 877 pos-

1957 904 2034 960 sis
2054 904 2200 957 dare.
2238 901 2312 956 Ne
2357 901 2595 956 moliaris
2624 900 2797 954 amico
2824 911 2916 954 tuo
2943 900 3178 965 malum;
3218 916 3339 955 cum
3366 900 3453 954 ille
3493 902 3546 955 in

1959 1006 2014 1053 te
2044 996 2234 1050 habeat
2264 993 2530 1048 ﬁduciam.
2560 991 2637 1048 Ne
2662 991 2955 1047 contendas
2980 991 3235 1047 adversus
3268 991 3544 1047 hominem

1960 1087 2175 1143 frustra.
2210 1086 2271 1140 Et
2292 1094 2401 1157 post
2421 1095 2607 1155 septem
2630 1100 2799 1138 uersus
2826 1100 2845 1138 :
2878 1082 3127 1139 lllusores
3155 1083 3270 1154 ipse
3299 1082 3544 1149 deludet,

1961 1188 2019 1235 et
2046 1178 2337 1234 mansuetis
2364 1175 2511 1231 dabit
2538 1175 2785 1247 gratiam.

2036 1271 2103 1325 Et
2124 1281 2235 1342 post
2259 1268 2596 1341 quadraginta
2611 1277 2709 1322 tres
2730 1283 2898 1321 versus
2920 1267 2934 1298 ¹
2958 1264 2979 1339 [
3002 1266 3116 1339 μη]
3152 1285 3166 1321 :
3197 1267 3350 1322 Omni
3372 1276 3557 1324 custo-

1964 1365 2050 1420 dia
2079 1380 2231 1419 serva
2259 1378 2353 1417 cor
2373 1372 2556 1428 tuum;
2583 1361 2705 1430 quia
2746 1359 2813 1413 ab
2838 1360 2954 1429 ipso
2996 1360 3097 1412 vita
3126 1358 3385 1430 procedit.
3443 1359 3556 1416 lle-

1964 1471 2166 1510 movca
2194 1465 2245 1509 te
2271 1470 2332 1507 os
2360 1468 2599 1524 pravum,
2630 1462 2684 1507 et
2713 1450 3044 1505 detrabentia
3078 1450 3216 1504 labia
3261 1452 3367 1506 sint
3425 1467 3555 1521 pro.

1966 1548 2052 1603 cul
2079 1564 2109 1601 a
2139 1555 2211 1601 te.
2252 1543 2404 1600 Oculi
2452 1544 2526 1599 tui
2568 1552 2711 1598 recta
2738 1542 2949 1597 videant
2981 1559 2997 1606 ;
3029 1552 3082 1596 et
3129 1542 3396 1612 palpeln-ie
3447 1551 3553 1599 tua:

1968 1637 2271 1709 praecedant
2293 1651 2509 1706 gressus
2537 1645 2675 1690 tuos.
2707 1634 2880 1703 Dirige
2904 1634 3147 1688 semitam
3170 1634 3391 1702 pedibus
3427 1634 3557 1701 tuis.

1967 1740 2023 1788 et
2048 1746 2237 1785 omnes
2266 1731 2364 1783 vim
2394 1739 2497 1783 tua:
2536 1728 2895 1783 stabilientur.
2934 1727 3010 1783 Ne
3033 1726 3336 1783 declinesin
3362 1727 3556 1785 dexte-

1973 1839 2088 1879 ram
2117 1832 2209 1877 aut
2252 1822 2302 1876 in
2356 1822 2647 1877 sinistram.
2690 1825 2890 1876 Averte
2922 1820 3108 1890 pedem
3152 1833 3296 1875 tuum
3338 1838 3366 1875 a
3399 1821 3563 1877 malo.

1971 1916 2100 1971 \‘ias
2126 1914 2267 1971 enim
2319 1931 2439 1986 qiize
2482 1930 2511 1967 a
2540 1913 2742 1968 dextris
2770 1923 2894 1967 sunt
2945 1913 3087 1966 novit
3122 1913 3408 1976 Dominus;
3441 1929 3565 1983 per-

1969 2024 2142 2065 versa:
2168 2026 2295 2064 vero
2320 2019 2440 2062 sunt
2458 2024 2574 2078 qua!
2589 2024 2617 2060 a
2632 2006 2864 2062 sinistris
2888 2015 3027 2060 sunt.
3050 2004 3165 2075 Ipse
3190 2016 3364 2060 autem
3388 2015 3565 2062 rectos

1973 2102 2094 2156 facit
2121 2116 2310 2156 cursus
2340 2110 2487 2162 tuos,
2519 2100 2707 2154 itinera
2731 2108 2905 2152 :mtem
2932 2108 3016 2151 tua
3044 2098 3096 2151 in
3130 2114 3257 2167 pace
3286 2096 3565 2167 producet.

2044 2195 2056 2267 |
2084 2211 2135 2248 v.
2172 2194 2185 2267 |
2215 2194 2308 2249 Fili
2342 2196 2434 2258 mi,
2457 2193 2672 2249 attende
2696 2191 3007 2263 sapientiam
3034 2209 3230 2254 meum,
3261 2203 3308 2246 ct
3337 2191 3569 2261 pruden-

1974 2287 2062 2341 tize
2089 2301 2223 2340 tne:e
2267 2285 2457 2339 inclina
2489 2300 2671 2339 aurem
2705 2293 2884 2346 tuam;
2914 2294 2969 2337 ut
2992 2284 3259 2337 custodias
3286 2282 3570 2353 cogitatio-

1974 2396 2093 2443 nes,
2126 2390 2180 2434 et
2208 2378 2539 2449 disciplinam
2572 2378 2706 2433 labia
2740 2388 2824 2431 tua
2850 2386 3196 2432 enus‘ervent.
3224 2375 3395 2430 Favus
3420 2375 3566 2430 enim

1974 2473 2237 2528 distillans
2264 2472 2398 2525 labia
2424 2470 2744 2535 meretricis,
2768 2480 2818 2524 et
2845 2469 3059 2523 nitidius
3079 2470 3201 2523 oleo
3225 2477 3406 2539 guttur
3427 2466 3565 2537 ejus.

1975 2563 2274 2619 Novissima
2314 2573 2492 2616 autem
2521 2561 2660 2614 illius
2703 2575 2881 2613 amara
2914 2560 3063 2629 quasi
3115 2557 3462 2622 ab~intliium,
3508 2567 3568 2613 et

1978 2665 2131 2710 acuta
2162 2653 2311 2725 quasi
2342 2652 2547 2723 gladius
2575 2652 2776 2721 biceps.
2807 2651 2978 2705 Pedes
3011 2651 3129 2719 ejus
3155 2650 3489 2706 descendunt
3510 2649 3565 2706 in

1979 2756 2231 2810 mortem,
2261 2754 2315 2799 et
2339 2744 2405 2799 ad
2429 2743 2627 2797 inferos
2647 2757 2863 2812 gressus
2888 2743 3026 2796 illius
3057 2752 3354 2811 penetrant.

2055 2838 2121 2892 Et
2152 2847 2262 2908 post
2292 2836 2567 2906 nonaginta
2591 2846 2780 2905 septeni
2798 2851 2965 2888 versus
2991 2833 3011 2907 [
3035 2851 3108 2889 Vl.
3133 2833 3155 2908 ]
3180 2853 3191 2887 :
3224 2834 3337 2889 Non
3364 2851 3565 2892 concu-

1981 2934 2150 3004 piStat
2177 2929 2622 3001 pulchritudinem
2649 2930 2767 2999 ejus
2795 2944 2889 2983 eor
2911 2938 3079 2995 tuum,
3108 2944 3177 2984 ne
3193 2929 3418 2998 capiaris
3436 2930 3579 2985 nnti-

1982 3026 2081 3080 bus
2112 3025 2273 3078 illius.
2326 3022 2560 3077 Pretium
2589 3025 2735 3075 enini
2762 3020 2948 3084 scorti,
2980 3020 3064 3073 vix
3088 3021 3244 3074 unius
3264 3029 3347 3074 est
3373 3021 3564 3091 panis:

1983 3120 2174 3176 nutlicr
2199 3129 2376 3173 :mtem
2401 3116 2497 3171 viri
2530 3115 2819 3185 pretiosam
2851 3113 3082 3168 animam
3110 3116 3269 3183 capit.
3305 3113 3577 3184 Numquid

1982 3211 2315 3268 abscoodere
2341 3216 2520 3280 potest
2541 3208 2701 3261 hoino
2732 3208 2904 3277 ignem
2934 3205 2984 3258 iu
3011 3206 3128 3258 sinu
3153 3220 3269 3263 suo.
3313 3214 3371 3260 ut
3404 3204 3576 3259 vesti-

1986 3314 2166 3359 menta
2198 3302 2335 3355 illius
2366 3316 2469 3353 non
2492 3297 2749 3353 ardeant?
2774 3295 3152 3351 autmnbulare
3179 3310 3342 3365 super
3360 3311 3577 3365 prunas,

1989 3407 2048 3449 ut
2077 3411 2182 3449 non
2212 3394 2596 3448 eomlmrantur
2623 3391 2816 3461 plant:e
2857 3390 2971 3458 ejus
2996 3390 3019 3441 ?
3046 3389 3134 3443 Sic
3160 3391 3249 3459 qui
3275 3389 3574 3460 ingreditur

1988 3488 2057 3541 ad
2098 3486 2374 3540 mulierem
2405 3482 2629 3550 proximi
2660 3482 2763 3546 sui,
2793 3497 2895 3534 non
2924 3481 3020 3535 erit
3050 3480 3278 3534 mundus
3313 3496 3433 3533 cuin
3457 3480 3582 3535 leti-

1991 3579 2126 3649 gerit
2153 3593 2295 3632 eam.
2334 3574 2450 3629 Non
2504 3573 2722 3641 grandis
2768 3581 2849 3625 est
2873 3572 3052 3642 culpa,
3083 3587 3203 3624 eum
3233 3572 3351 3639 quis
3379 3570 3583 3627 furatus

1994 3670 2149 3724 fuerit
2177 3685 2189 3721 :
2221 3669 2424 3720 furatur
2447 3664 2612 3729 enim,
2646 3674 2698 3717 ut
2727 3664 3048 3717 esurientem
3074 3662 3579 3731 impleataniiuam;

1994 3761 2359 3833 deprehensus
2374 3773 2585 3828 quoque
2601 3755 2786 3811 reddet
2811 3756 3133 3825 Septuplutn,
3156 3766 3207 3809 et
3224 3770 3437 3809 onmem
3459 3754 3588 3810 sub-

1994 3853 2242 3908 stantiam
2273 3850 2470 3905 donms
2525 3864 2637 3903 sure
2687 3847 2876 3902 tradet.
2908 3846 3006 3914 Qui
3039 3856 3215 3901 autetn
3246 3846 3453 3902 adulter
3477 3854 3582 3913 est,

1995 3953 2214 4017 promer
2234 3942 2412 3997 cordis
2434 3942 2663 4011 inopiam
2696 3939 2881 4010 perdet
2904 3940 3135 3993 animam
3162 3953 3334 3993 suam.

2070 4038 2139 4091 Et
2169 4046 2278 4108 post
2302 4045 2517 4101 quatuor
2557 4049 2725 4087 versus
2750 4029 2770 4104 [
2795 4029 2910 4104 vu.]
2936 4048 2948 4082 :
2981 4029 3077 4084 Fili
3122 4029 3215 4097 ini,
3244 4030 3451 4086 custodi
3474 4044 3590 4087 sero

1999 4146 2187 4187 mones
2218 4144 2389 4194 meos,
2418 4137 2473 4182 et
2508 4137 2771 4198 prrecepta
2804 4140 2918 4178 mea
2966 4123 3195 4178 reconde
3237 4122 3349 4178 tibi.
3381 4121 3589 4178 Serva'

1998 4225 2245 4283 mandata
2287 4238 2436 4286 mea,
2461 4229 2517 4276 et
2548 4222 2685 4285 vive,
2730 4228 2785 4272 et
2812 4217 2983 4288 legem
3016 4231 3189 4272 meam
3228 4215 3379 4286 quasi
3411 4214 3589 4285 pupil-

2006 4320 2116 4374 lam
2144 4316 2282 4372 oculi
2315 4315 2409 4369 tui.

2077 4408 2144 4462 Et
2176 4416 2284 4477 post
2314 4401 2677 4474 quinquaginta
2700 4407 2888 4471 septem
2915 4414 3086 4453 versus
3124 4394 3275 4471 [vttt.
3300 4395 3322 4469 ]
3348 4415 3363 4452 :
3393 4396 3592 4454 Intelliv

2004 4503 2135 4573 gite,
2164 4499 2390 4570 parvuli,
2413 4495 2659 4550 astutiam
2685 4510 2700 4556 ;
2733 4503 2787 4546 et
2807 4491 3134 4560 insipientes,
3166 4492 3593 4547 animadvertite.

2006 4593 2074 4647 Et
2097 4600 2209 4663 post
2264 4590 2393 4642 duos
2443 4600 2657 4641 versus:
2691 4583 2978 4638 Veritatem
3030 4582 3370 4637 meditabitur
3414 4591 3597 4654 guttur

2008 4703 2209 4751 meum,
2237 4693 2291 4739 et
2318 4682 2454 4738 labia
2485 4695 2602 4735 mea
2629 4677 3033 4734 detestabuntur
3076 4674 3336 4747 impium'.
3372 4673 3438 4729 Et
3485 4682 3601 4745 post

2073 4888 2092 4921 ι
2117 4884 2319 4935 Pigebat
2351 4887 2584 4932 aunotare
2616 4878 2745 4928 circa
2782 4888 3013 4925 versuum
3058 4874 3396 4925 recensionem
3439 4880 3598 4926 emta

2007 4935 2585 5061 xam‘l'requentissima,
2608 4952 2718 5004 qua:
2745 4938 2973 4988 videlicet
2994 4946 3117 5000 posit
3138 4948 3247 4985 nam
3286 4935 3334 4984 in
3375 4937 3599 4984 Amerlla-

2072 5012 2228 5059 ‘anam
2249 5007 2512 5056 editionem
2534 5002 2689 5053 semel
2716 5002 2905 5050 inducta
2941 5007 3073 5055 suat,
3097 4952 3215 5046 alias
3235 4997 3424 5057 deincel
3443 5010 3469 5044 s
3496 4997 3599 5048 edi-

2072 4997 2228 5059 ianam
2249 4997 2512 5056 editionem
2534 4997 2689 5053 semel
2716 5002 2905 5050 inducta
2941 4997 3073 5055 sunt,
3097 4997 3215 5046 alias
3235 4997 3424 5057 deincel
3443 5010 3469 5044 s
3496 4997 3599 5048 edi-

2008 5074 2171 5124 tiones
2193 5068 2543 5120 reluctantibus
2565 5072 2668 5114 Mss.
2705 5063 2952 5124 codicibus
2982 5066 3598 5124 constantermetiparuut.

2012 5121 2229 5184 Attamen
2265 5132 2329 5180 de
2362 5128 2707 5185 insigniorilats
2755 5123 2939 5185 aliquot
2981 5121 3372 5185 mstigationibus
3412 5134 3503 5169 nan
3535 5122 3603 5170 si-

2010 5193 2209 5266 lendum
2233 5192 2433 5266 videtur
2455 5184 2845 5266 bac-lloeoapatii
2861 5184 3087 5266 ineditis
3118 5195 3205 5266 pro
3233 5187 3316 5231 :I:t
3345 5188 3452 5254 post
3486 5194 3605 5253 qua.

2011 5243 2238 5317 draginta
2259 5261 2371 5312 tres,
2394 5251 2652 5313 legebatur
2670 5262 2683 5296 :
2699 5251 2752 5317 ﬁt
2774 5251 2875 5317 post
2898 5243 3069 5317 viginti.
3084 5243 3287 5317 quatuor
3307 5243 3458 5317 :_ite_in
3485 5246 3601 5294 intra

2011 5304 2271 5369 ubiliabes
2297 5304 2381 5364 :Et
2420 5304 2521 5376 post
2558 5304 2820 5376 nonaginta
2835 5304 3033 5371 septém,
3059 5304 3107 5376 iu
3146 5304 3242 5376 illis
3270 5305 3487 5376 habebas
3510 5319 3524 5376 ξ
3551 5313 3600 5357 ει

2011 5367 2116 5445 pag:
2138 5367 2307 5445 plures
2332 5367 2496 5445 versus
2514 5386 2536 5445 7:
2559 5367 2708 5445 atqui}
2741 5371 2823 5445 ubi
2860 5367 2987 5445 nunc
3013 5375 3094 5445 :_£t
3132 5375 3235 5432 post
3262 5367 3601 5445 quinquaqiuta

2011 5387 2116 5445 post
2138 5380 2301 5451 plures
2332 5387 2496 5425 versus
2518 5386 2536 5423 :
2559 5380 2708 5435 atque
2741 5380 2823 5419 nni
2860 5383 2987 5418 nime
3013 5380 3094 5419 εει
3132 5380 3235 5432 post
3262 5380 3471 5432 qumqua
3506 5380 3601 5417 uua

2011 5450 2191 5515 εςρεετη
2212 5440 2319 5515 μω
2332 5438 2584 5515 teretes:
2607 5429 3225 5515 i.‘££°f‘...‘."ffli‘.‘2f.£€ff¥i
3247 5442 3264 5515 ἔ
3281 5380 3604 5515 ξιιέίυξιῆίίεὲίε

2012 5492 2587 5574 aliistiue_1r9pemqtlum
2612 5492 2877 5574 innumeris
2897 5492 3199 5574 restituintus
3209 5492 3472 5542 lectionem
3500 5500 3602 5541 MSS.

2013 5555 2151 5614 unde
2171 5555 2381 5623 intelligi
2393 5558 2577 5623 facilius
2597 5564 2749 5623 queat
2768 5557 3013 5619 cujusaam
3031 5555 3246 5623 rationis,
3257 5559 3455 5615 cujusve
3474 5566 3608 5603 inen-

2014 5639 2143 5675 surie
2160 5618 2419 5674 versus'illi
2442 5618 2641 5679 fuerint,
2664 5620 2747 5682 qui
2769 5625 3105 5681 computantur
3126 5619 3191 5667 ab
3212 5618 3487 5679 Augustino.

2079 5689 2099 5719 ι
2127 5695 2250 5733 Mss:
2268 5689 2504 5733 scrutare.

2127 5695 2250 5736 MSSJ
2268 5695 2504 5735 scrutare.

2082 5749 2102 5780 ³
2120 5749 2191 5797 sic
2215 5756 2315 5817 Mss.
2337 5749 2477 5817 juvta
2496 5743 2756 5815 vulgaiam.
2776 5748 2831 5792 At
2848 5740 2965 5793 editi
2986 5741 3259 5795 habebant:
3281 5746 3335 5790 Et
3351 5736 3481 5790 labia
3500 5748 3608 5789 Μαι

2016 5823 2111 5862 non
2132 5813 2411 5861 attestantur
2427 5813 2644 5862 invitum.
