3874 6308
102 328 203 387 9!!

103 444 247 514 ejus.
284 440 357 495 Et
397 449 521 512 post
545 439 674 492 duos
705 452 873 491 versus
902 433 1060 490 :Noli
1091 433 1311 505 diligere
1348 448 1630 496 somnum,
1661 447 1728 486 ne

107 545 160 591 te
188 543 414 606 egestas
443 533 718 602 Opprimat
746 547 758 583 :
787 529 934 598 aperi
980 527 1166 582 oculos
1213 535 1354 590 tuos,
1393 535 1447 579 et
1487 533 1727 578 saturare

103 628 344 698 panibus
375 643 390 679 :
423 624 496 679 Et
528 633 636 692 post
661 619 1010 691 septemdecim
1036 634 1207 672 versus
1239 633 1257 671 :
1286 616 1620 671 Abominatio
1645 623 1728 669 est

105 719 250 790 apud
283 718 464 772 Deum
497 716 704 788 pondus
731 723 784 769 et
813 712 1052 784 pondus;
1080 719 1276 766 statera
1304 710 1488 765 dolosa
1514 725 1618 764 non
1644 716 1727 764 est

103 811 272 866 bona.

178 901 251 956 Et
301 909 422 971 post
466 899 645 971 uiginti
691 899 910 968 quinque
947 912 1120 951 versu:
1149 894 1306 968 [ιη]
1341 912 1354 948 :
1382 893 1482 962 Qui
1511 894 1724 949 obturat

101 1010 292 1050 aurem
327 1009 490 1047 suam
518 993 584 1044 ad
611 992 896 1046 clamorem
929 989 1198 1058 pauperis,
1227 997 1280 1041 et
1310 987 1420 1056 ipse
1451 987 1719 1051 clamabit,

103 1097 158 1144 et
186 1101 294 1140 non
318 1083 662 1139 exaudiatur.
684 1082 872 1136 Munus
896 1079 1262 1134 absconditum
1285 1077 1570 1147 exstinguit
1596 1079 1720 1143 iras,

103 1186 159 1233 et
183 1177 396 1231 donum
432 1174 490 1227 iu
517 1174 636 1226 sinu
682 1171 1092 1241 indignationem
1125 1170 1430 1222 maximam.
1459 1168 1720 1222 Gaudium

99 1271 248 1338 justo
274 1277 363 1322 est
387 1267 569 1320 facere
587 1264 845 1334 judicium
866 1281 880 1328 ;
904 1272 959 1316 et
979 1279 1140 1333 pavor
1165 1260 1506 1329 operantibus
1533 1259 1723 1328 iniqui-

102 1371 288 1414 tatem.
329 1356 430 1412 Vir
473 1358 567 1428 qui
599 1356 856 1411 erraverit
883 1371 912 1407 a
945 1355 1027 1407 via
1056 1353 1347 1417 doctrinae,
1391 1353 1440 1404 in
1471 1360 1611 1404 cu-tu
1641 1351 1721 1420 gi-

99 1451 343 1521 gantiam
378 1448 740 1517 reputabitur.
764 1444 826 1497 Et
849 1455 960 1516 post
989 1461 1161 1498 novem
1188 1459 1358 1496 versus
1378 1457 1398 1495 :
1417 1441 1516 1509 Qui
1544 1451 1725 1496 custo-

98 1545 176 1598 dit
197 1559 261 1598 os
282 1558 449 1597 suum
478 1551 537 1596 ct
563 1541 814 1611 linguam,
839 1539 1068 1593 custodit
1108 1539 1174 1591 ab
1204 1537 1460 1607 angustiis
1489 1538 1721 1591 animam

98 1651 275 1690 suam.
307 1634 604 1703 Superbus
629 1642 678 1686 et
708 1645 963 1701 arrogans
988 1642 1206 1683 vocatur
1234 1630 1474 1683 indoctus
1498 1673 1512 1694 ,
1545 1630 1635 1699 qui
1668 1630 1718 1683 iu

102 1728 177 1782 ira
210 1735 488 1796 operatur
516 1724 838 1793 superbiam.
875 1721 1138 1776 Desideria
1185 1721 1433 1776 occidunt
1479 1722 1718 1790 pigrum;

98 1820 396 1874 noluerunt
450 1817 601 1870 enim
631 1814 916 1884 quidquam
951 1829 1138 1868 manus
1165 1814 1282 1881 ejus
1314 1813 1542 1882 operari.
1589 1812 1720 1866 Tota

100 1913 186 1966 die
207 1909 558 1980 concupiscit
584 1920 635 1960 et
661 1907 930 1961 desiderat
958 1924 970 1958 :
1001 1907 1088 1976 qui
1121 1907 1498 1974 :uttem‘jnslns
1518 1916 1600 1960 est
1631 1907 1722 1960 tri-

100 2005 250 2067 buet,
270 2011 328 2056 ct
361 2019 480 2055 non
508 2001 762 2055 cessabit.
783 2000 976 2052 Hostia:
998 1999 1276 2066 impiorum
1300 1999 1719 2063 :IDOII‘lllt:lltilt'S;

102 2096 223 2164 quia
269 2095 586 2147 oll'eruntnr
623 2109 686 2146 ex
732 2091 954 2146 set-lere.
1005 2091 1178 2144 Testis
1227 2091 1452 2145 mendax
1491 2092 1718 2160 peribit:

100 2187 181 2240 vir
204 2186 344 2240 bene
370 2185 569 2240 dicens
594 2186 631 2246 ',
660 2187 904 2253 loquetur
926 2183 1220 2237 victoriam.

173 2277 241 2332 Et
269 2288 387 2347 post
414 2278 642 2347 quinque
665 2293 832 2330 versus
854 2273 1030 2348 [sxw]
1058 2293 1071 2328 :
1103 2275 1284 2328 Melius
1309 2285 1388 2328 est
1413 2290 1603 2330 nomen
1631 2275 1724 2328 bo-

103 2386 255 2434 num,
288 2385 459 2440 quam
503 2367 702 2421 divitia:
733 2369 930 2420 multm.
965 2366 1026 2418 lit
1057 2379 1167 2436 post
1197 2369 1480 2437 quindecim
1513 2385 1722 2424 rcrsns:

105 2462 202 2530 Qui
251 2476 466 2530 pronus
508 2470 589 2513 est
631 2460 694 2513 ad
744 2460 1166 2514 misericm-dimn
1197 2502 1209 2521 ,
1245 2461 1590 2514 ln-nedicetur
1615 2481 1626 2514 :
1656 2463 1724 2518 de

106 2554 334 2622 panilms
365 2554 516 2608 enim
546 2553 656 2605 suis
698 2552 843 2605 dedit
885 2552 1102 2620 pauperi
1130 2553 1169 2606 ².
1208 2553 1352 2616 Eice
1382 2554 1674 2608 derisorem
1701 2598 1717 2620 ,

107 2659 161 2702 et
187 2650 360 2703 exibit
415 2663 540 2701 cum
599 2661 665 2699 eo
700 2646 968 2713 jurginm,
1012 2646 1402 2714 cessahnntque
1447 2662 1621 2700 eausa:
1669 2656 1724 2701 et

107 2740 478 2794 couttmtcliaz.
509 2737 572 2791 Et
605 2745 713 2805 post
738 2747 951 2806 quatuor
975 2751 1146 2789 t'crsns
1182 2753 1200 2790 :
1239 2736 1369 2791 Dicit
1403 2738 1577 2806 piger.
1613 2737 1722 2792 Leo

109 2842 188 2884 est
221 2832 374 2896 foris,
407 2831 460 2882 in
483 2829 658 2883 medio
681 2829 972 2897 platearum
997 2827 1317 2882 occidendus
1342 2844 1478 2881 sum.
1514 2828 1576 2881 Iit
1613 2839 1722 2898 post

110 2932 208 2976 tres
238 2922 461 2976 versus8
504 2939 516 2973 :
559 2921 658 2987 Qui
707 2921 1061 2973 calttmniatur
1108 2936 1391 2988 pauperem
1435 2930 1490 2973 ut
1531 2930 1722 2990 augeat

109 3012 328 3068 divitias
358 3027 508 3074 snas,
536 3011 680 3064 dabit
707 3013 818 3080 ipsc
848 3010 1045 3073 dilinri,
1080 3018 1132 3062 et
1159 3012 1350 3076 egebit.
1382 3009 1447 3062 Et
1475 3023 1587 3081 post
1609 3020 1722 3064 octo

108 3121 283 3160 versus
319 3122 336 3159 :
373 3105 491 3160 Non
536 3105 695 3158 iacias
741 3104 1043 3158 violentiam
1075 3103 1327 3174 pauperi,
1361 3105 1479 3173 quia
1525 3120 1722 3175 pauper

108 3208 224 3262 est,
258 3213 440 3267 neque
468 3206 714 3252 conteras
740 3212 963 3264 cgenunt
1001 3195 1052 3248 in
1099 3205 1282 3263 porta;
1311 3196 1430 3263 quia
1469 3197 1722 3250 Dominus

101 3291 373 3360 jttdiCaIiit
401 3305 616 3343 Causam
647 3294 782 3353 ejus,
817 3299 868 3341 cl.
898 3289 1127 3355 conliget
1151 3304 1245 3341 cos
1269 3290 1358 3356 qui
1390 3292 1724 3344 coalixt't'ttttt

106 3384 350 3435 animam
377 3384 514 3446 ejus.
551 3379 666 3432 Noli
697 3396 814 3432 c~se
845 3379 1048 3431 amicus
1080 3377 1275 3430 Itumini
1307 3379 1594 3434 iraenndn:
1625 3395 1722 3434 ue-

104 3490 213 3543 qne
238 3471 490 3526 ambules
512 3488 629 3524 eunt
655 3471 768 3523 viro
795 3469 995 3522 I'ttrioSo
1026 3486 1038 3522 :
1070 3485 1134 3520 ne
1157 3467 1290 3521 forte
1312 3469 1484 3521 discas
1506 3471 1724 3525 semitas

107 3566 228 3634 ejus
250 3607 264 3628 ,
297 3573 351 3618 et
384 3578 566 3615 sumas
597 3562 904 3616 scandalum
936 3561 1127 3613 anima:
1157 3570 1276 3613 tme.
1311 3560 1424 3615 Noli
1455 3577 1572 3613 esse
1600 3578 1719 3616 cum

110 3657 174 3710 iis
201 3656 295 3726 qui
343 3655 584 3726 deligunt
618 3668 806 3707 nianus
834 3666 975 3716 snas,
1001 3660 1055 3706 et
1082 3652 1169 3722 qui
1215 3651 1376 3707 vades
1406 3667 1464 3706 se
1494 3653 1723 3708 oll'erunt

110 3767 211 3819 pro
238 3751 457 3804 debitis.

189 3845 256 3898 Et
280 3855 397 3915 post
425 3845 737 3912 aliquantum
760 3837 961 3913 [xqu]
986 3858 999 3895 :
1021 3838 1135 3894 Noli
1159 3839 1471 3894 subtrahere
1500 3855 1527 3892 a
1555 3855 1720 3909 puero

116 3935 455 4006 disciplinam
485 3953 496 3987 :
527 3936 568 3985 si
599 3933 737 3986 enim
770 3931 1100 4002 percusseris
1122 3947 1240 3985 eum
1271 3931 1437 4000 virga,
1473 3947 1574 3983 non
1609 3946 1721 3985 mo-

114 4029 301 4082 rietur.
329 4027 409 4081 Tu
435 4028 576 4093 virga
609 4027 871 4095 pereuties
902 4041 1043 4087 eum,
1075 4034 1124 4078 ct
1154 4041 1384 4078 anaoam
1413 4024 1527 4091 ejus
1553 4024 1621 4077 de
1649 4027 1722 4079 in-

117 4117 269 4172 {eruo
302 4117 570 4173 liberabis.
611 4116 674 4170 Et
707 4126 817 4184 post
839 4126 949 4169 octo
971 4132 1140 4168 tersus
1163 4131 1181 4168 :
1211 4115 1326 4168 Noli
1358 4129 1478 4170 esse
1506 4115 1555 4168 in
1583 4130 1716 4167 con-

117 4211 270 4265 viviis
300 4219 627 4279 potatorum,
663 4225 758 4263 nec
783 4210 832 4261 in
860 4207 1338 4262 COIIICSS'lliOIIillllS
1389 4222 1575 4262 cormn
1622 4208 1712 4278 qui

118 4319 308 4360 carnes
336 4306 403 4359 ad
433 4303 748 4358 vescendum
777 4301 1076 4356 conferunt.
1107 4301 1169 4354 Et
1188 4310 1296 4368 post
1319 4301 1493 4368 viginti
1514 4317 1719 4356 versus:

117 4391 194 4450 Nc
222 4397 480 4451 intttcaris
511 4395 688 4448 vinum
712 4393 923 4463 quando
952 4393 1206 4456 ﬂavescit,
1235 4408 1353 4445 cum
1394 4391 1721 4461 splenduerit

120 4488 171 4542 in
201 4493 338 4544 vitro
363 4491 513 4544 color
542 4490 680 4554 ejus.
706 4485 999 4556 Ingreditur
1023 4485 1249 4549 blande;
1278 4485 1368 4538 sed
1403 4486 1452 4538 iu
1487 4485 1717 4540 novissi-

121 4598 207 4636 mo
237 4584 502 4640 tunrdcbit
533 4591 588 4636 ut
617 4581 834 4636 coluber
854 4621 868 4644 ,
905 4587 958 4633 et
982 4579 1117 4633 sicut
1144 4578 1354 4648 regulus
1380 4592 1581 4632 venena
1616 4577 1716 4632 dif.

122 4671 323 4729 fundet.

192 4763 256 4818 Et
278 4775 389 4835 post
404 4773 590 4835 septem
612 4759 986 4835 eersnsfxxrm]
1009 4778 1020 4813 :
1041 4760 1116 4815 Ne
1136 4759 1422 4824 mmuleris,
1442 4759 1620 4828 inquit,
1638 4764 1718 4814 vi-

125 4868 214 4908 ros
244 4858 436 4914 malos,
470 4871 568 4910 nee
597 4854 870 4909 desideres
899 4868 1018 4907 esse
1051 4867 1170 4905 cum
1202 4852 1311 4914 eis;
1344 4851 1464 4920 quia
1504 4852 1716 4921 rapinas

126 4944 240 4998 med
265 4954 408 5000 tatur
449 4961 600 4999 mens
639 4952 933 5006 cormu,ct
959 4942 1169 4997 fraudes
1217 4942 1350 4996 labia
1393 4958 1576 4997 eormn
1631 4943 1712 4996 lo-

126 5048 369 5102 quuntur.
401 5036 530 5092 Item
558 5051 667 5107 post
696 5036 946 5090 sexdecim
976 5050 1144 5088 versus
1170 5050 1187 5088 :
1221 5034 1360 5089 Erue
1384 5049 1475 5088 eos
1499 5034 1589 5104 qui
1617 5033 1716 5089 du-

127 5139 311 5183 cuntur
347 5129 414 5184 ad
465 5141 715 5192 mortem,
772 5135 827 5182 et
875 5127 963 5197 qui
1017 5127 1296 5180 lmbuntnr
1329 5125 1393 5179 ad
1445 5126 1709 5179 interitum

127 5216 346 5277 liberare
373 5237 440 5276 ne
467 5235 666 5277 cesses.
696 5221 750 5275 Si
779 5219 976 5273 dixeris
997 5259 1012 5280 ,
1053 5218 1206 5272 Vires
1240 5231 1342 5269 non
1385 5227 1669 5287 suppetunt
1695 5236 1707 5271 :

129 5311 212 5378 qui
236 5313 499 5385 iuSpector
527 5323 607 5368 cst
634 5312 834 5378 cordis,
866 5311 978 5381 ipse
1006 5308 1276 5379 intelligit;
1301 5317 1355 5362 et
1380 5316 1708 5364 servatorem

188 5466 207 5536 ξ
229 5474 276 5516 ιιι
297 5471 447 5536 sacris
466 5469 643 5536 Bibliis,
667 5467 740 5517 vir
766 5463 1013 5534 obedius.
1050 5533 1058 5536 Α
1123 5524 1135 5536 .
1267 5531 1276 5536 _
1301 5523 1314 5536 ι
1677 5526 1686 5536 _

188 5529 208 5560 ³
231 5537 320 5591 Iloc
343 5532 447 5581 loco
470 5538 575 5580 LXX
599 5533 932 5591 interponunt:
959 5538 984 5573 ιι
997 5524 1135 5577 ἱειοή
1144 5539 1214 5591 1m
1232 5531 1277 5576 et
1294 5523 1519 5591 honorem
1532 5526 1708 5591 ncqui-

128 5590 290 5654 ‘etqtti
311 5593 392 5643 dat
415 5605 631 5648 nantem,
651 5589 745 5640 etei.
775 5604 915 5653 :qu:e
932 5592 1173 5640 sententia
1199 5590 1412 5654 immissa
1429 5589 1576 5654 estin
1612 5589 1706 5654 {ul-

131 5651 310 5715 satam;
332 5670 440 5706 cuin
478 5669 570 5704 non
594 5656 655 5702 sit
682 5655 726 5700 iu
752 5651 966 5713 hebrzeo,
999 5666 1163 5715 neque
1183 5653 1234 5700 in
1249 5653 1524 5702 corbeieusi
1543 5651 1704 5704 codice

133 5718 354 5767 Versiuuis
377 5719 490 5768 licet
513 5717 737 5775 vulgatae.

193 5777 211 5809 ³
227 5785 305 5831 tis.
329 5783 529 5845 Regius:
556 5785 612 5832 ει
635 5785 737 5841 post
757 5791 789 5827 ιι
805 5789 982 5828 verm.

1383 321 1472 377 DE
1509 315 1893 378 SCRIPTURA
1933 318 2183 377 SACRA.

3321 329 3428 390 9i!

1835 430 2026 485 animm
2057 443 2157 486 ιιιτι
2193 434 2320 489 nihil
2351 436 2475 490 fallit
2504 480 2516 498 ,
2544 439 2832 510 reddetque
2857 440 3057 498 homini
3079 445 3227 514 juxta
3255 463 3421 515 opera

1835 540 1951 580 saa.
1985 525 2113 580 Item
2142 541 2250 595 post
2277 547 2446 584 novem
2480 547 2645 585 versus
2681 550 2698 587 :
2725 535 2857 588 Cum
2899 537 3151 590 ceciderit
3182 541 3425 596 iuiznieus

1835 625 1976 680 tuus,
1993 635 2060 672 ne.
2074 619 2323 689 gaudeas.
2343 632 2396 675 et
2414 623 2462 675 in
2484 624 2629 676 ruina
2654 625 2770 692 ejus
2789 643 2852 678 ne
2870 628 3100 681 exsultet
3125 645 3218 680 cor
3241 641 3420 685 tuum:

1834 726 1901 765 ne
1930 711 2062 765 forte
2085 714 2259 767 videat
2289 716 2557 774 Dominus.
2583 728 2634 771 et
2661 718 2935 786 displiceat
2955 719 3028 783 ei,
3049 729 3103 774 et
3126 719 3330 776 auferat
3353 723 3424 778 ab

1832 820 1898 858 eo
1916 805 2043 860 iram
2063 822 2232 860 suam.
2255 807 2328 862 Ne
2349 809 2638 863 emite-udas
2654 825 2772 863 eum
2802 812 3106 880 pessimis‘,
3136 828 3234 866 nec
3259 829 3418 867 :emu-

1832 894 1958 950 leris
1988 897 2197 968 impios.
2233 899 2293 952 Et
2318 912 2428 970 post
2449 903 2574 954 duos
2597 918 2764 955 versus
2794 918 2812 954 :
2840 903 2992 958 Time
3024 904 3322 968 Dominum,
3352 907 3422 961 iiIi

1831 991 1924 1052 mi,
1941 1000 1992 1044 et
2016 1008 2215 1060 regem;
2240 1003 2289 1048 et
2309 1009 2428 1048 cum
2451 994 2838 1048 detractorilnts
2861 1012 2962 1047 non
2987 998 3418 1052 counniscearis:

1829 1085 2079 1151 quoniam
2105 1095 2320 1155 repente
2342 1096 2625 1152 t'misurget
2653 1086 2878 1153 perditio
2902 1102 3082 1139 eorum
3101 1104 3115 1148 ;
3136 1099 3188 1140 et
3211 1089 3418 1142 ruinam

1832 1170 2105 1238 utriusque
2136 1172 2252 1239 quis
2299 1171 2475 1224 novit?
2519 1172 2639 1224 ll.ee
2669 1186 2879 1239 quoque
2909 1172 3235 1240 sapientibus
3271 1191 3281 1220 :
3312 1170 3418 1227 Co-

1829 1273 2085 1328 gnoscere
2112 1276 2390 1328 personam
2435 1261 2485 1314 in
2512 1260 2746 1329 judicio,
2778 1277 2880 1314 non
2927 1272 3006 1313 est
3054 1262 3269 1314 bonmn.
3319 1263 3418 1330 Qui

1829 1350 2000 1404 dicit’
2030 1352 2220 1421 impio,
2250 1352 2432 1407 Justus
2461 1369 2549 1415 es;
2584 1354 2901 1407 maledieeut
2925 1354 2972 1408 ci
3005 1355 3206 1424 populi,
3239 1365 3292 1408 et
3322 1355 3418 1410 dc-

1830 1445 2163 1498 testabuntur
2186 1462 2305 1500 eum
2335 1448 2519 1501 tribus.
2552 1448 2650 1513 Qui
2681 1457 2925 1516 arguunt.
2962 1448 3333 1513 latalalnmlnr,
3363 1458 3420 1503 et

1830 1551 1990 1607 super
2021 1539 2161 1606 ipsos
2185 1541 2359 1593 veniet
2391 1540 2706 1594 benedictio.
2727 1542 2882 1594 Labia
2913 1542 3304 1596 deost-nlabitur
3328 1543 3417 1613 qtti

1829 1641 1972 1684 recta
2006 1633 2162 1684 verba
2194 1633 2493 1703 respondet.
2530 1633 2592 1685 Et
2616 1645 2725 1702 post
2752 1634 2878 1686 duos
2902 1651 3068 1686 rersns
3097 1653 3108 1686 :
3140 1635 3212 1689 Nc
3242 1636 3314 1688 sis
3343 1645 3418 1689 te-

1829 1724 1927 1776 stis
1956 1723 2146 1776 fru-tra
2174 1739 2239 1775 eo
2265 1735 2356 1776 .tm
2387 1726 2681 1793 proxiuntm
2716 1736 2884 1786 tuum,
2917 1742 3014 1778 nec
3046 1727 3204 1778 lactes
3228 1742 3416 1796 quem-

1830 1832 1988 1881 quam
2022 1817 2172 1868 labiis
2213 1819 2336 1870 tuis.
2381 1817 2487 1870 Nec
2515 1819 2682 1881 diras,
2710 1819 2986 1885 Quomodo
3015 1820 3134 1872 fecit
3161 1819 3307 1879 tu.lIi.
3342 1822 3419 1876 sic

1831 1907 2018 1964 faciam
2039 1910 2082 1961 ei
2103 1929 2112 1961 :
2133 1910 2344 1963 redduu
2367 1914 2648 1980 un'cuique
2669 1913 2955 1966 see-nullum
2976 1931 3107 1980 opus
3128 1929 3300 1966 suum.
3322 1915 3420 1968 Per

1833 2015 2016 2067 agrum
2050 2000 2277 2054 hominis
2301 2003 2430 2071 pigri
2463 2003 2697 2064 transivi,
2730 2011 2784 2055 et
2815 2020 2904 2068 ter
2931 2003 3132 2055 vineam
3169 2004 3261 2056 viri
3286 2004 3419 2058 stul-

1833 2092 1897 2156 ti;
1933 2103 1984 2146 et
2011 2108 2137 2147 ecce
2168 2104 2329 2146 totum
2376 2096 2707 2163 repleverant
2739 2097 2920 2147 urtica:
2940 2137 2953 2155 ,
2982 2107 3294 2161 OItCI'IIL'l'JlIIi
3324 2111 3418 2152 su-

1830 2183 2101 2252 perﬁcient
2131 2185 2246 2252 ejus
2275 2186 2440 2253 spina:
2483 2204 2494 2237 :
2525 2194 2578 2238 ct
2613 2187 2838 2238 maceria
2871 2185 3101 2253 lapidtun
3148 2187 3418 2243 destructa

1829 2285 1961 2330 crat.
2013 2276 2162 2341 Quod
2208 2292 2327 2330 eam
2378 2276 2647 2337 vidissem,
2699 2278 2849 2346 posui
2897 2277 2950 2331 in
2991 2277 3153 2333 corde
3197 2294 3338 2346 meo,
3364 2287 3423 2336 et

1829 2370 2079 2436 exemplo
2106 2369 2261 2422 didici
2295 2371 2646 2438 disciplinam.

1902 2459 1967 2512 Et
1992 2471 2098 2527 post
2130 2462 2303 2529 riginti
2324 2477 2490 2514 versus
2516 2460 2686 2534 [χχιι]
2712 2479 2723 2517 :
2749 2462 2875 2529 Qum
2899 2462 3136 2516 viderunt
3159 2463 3295 2518 oeuli
3320 2464 3419 2529 lui,

1830 2567 1898 2604 ne
1927 2551 2164 2619 proferas
2213 2554 2260 2604 in
2288 2553 2464 2621 jurgio
2497 2553 2636 2614 cito;
2671 2571 2734 2608 ue
2777 2565 2956 2623 postea
2988 2557 3273 2609 euiendare
3317 2572 3420 2612 non

1830 2646 2032 2713 posis,
2082 2661 2201 2698 cum
2250 2645 2682 2698 dehonestari-ris
2727 2647 2956 2699 amicum
2998 2656 3162 2698 ιιιιιιιι.
3195 2649 3420 2703 Causam

1834 2745 1977 2790 luam
2030 2745 2194 2790 tracta
2245 2753 2364 2789 cum
2411 2739 2583 2790 am'co
2613 2746 2733 2796 tuo;
2776 2747 2826 2791 ct
2873 2746 3135 2791 secretum
3167 2749 3424 2793 extraneo

1830 2846 1935 2883 non
1982 2830 2220 2889 reveles;
2256 2845 2321 2882 ne.
2366 2828 2503 2882 forte
2550 2830 2761 2883 insultet
2805 2830 2894 2882 tibi
2929 2845 3047 2882 cum
3079 2829 3338 2891 audierit,
3369 2839 3426 2886 et

1829 2921 2157 2990 exprobrare
2191 2931 2503 2974 noncesset.
2529 2921 2657 2975 Mala
2681 2937 2840 2975 :Itlrca
2875 2924 2925 2973 Ῑη
2959 2921 3108 2975 Ιυεῑίδ
3135 2932 3418 2990 “Hieme”:

1829 3017 1916 3084 qui
1952 3015 2182 3083 loquitur
2210 3015 2428 3067 verbum
2461 3015 2509 3066 iu
2541 3025 2778 3082 tempore
2805 3031 2920 3066 suo.
2954 3013 3154 3068 lnauris
3183 3031 3339 3068 aurea
3371 3023 3426 3070 ct

1831 3109 2114 3176 margarita
2140 3105 2366 3174 fulgens,
2391 3107 2475 3174 qui
2504 3107 2670 3175 arguit
2700 3105 2992 3174 Sapientem
3015 3117 3066 3160 et
3086 3123 3266 3161 aurem
3295 3108 3425 3162 obe-

1827 3196 2081 3251 (Ιι‹·ιιιυιιι.
2109 3195 2172 3249 Ιίι
2201 3207 2308 3264 post
2338 3198 2687 3265 septemdecim
2712 3215 2878 3251 versus
2909 3214 2928 3251 :
2955 3201 3172 3252 Acetum
3202 3199 3253 3252 in
3283 3199 3425 3253 nitro

1829 3300 1942 3351 cst,
1993 3291 2082 3358 qui
2137 3300 2313 3344 cantat
2361 3293 2591 3343 carmina
2650 3292 2796 3345 cordi
2845 3293 3074 3360 [‘cssimo
3110 3292 3150 3344 ³.
3196 3291 3250 3347 Si
3296 3308 3423 3346 esu-

1831 3381 2264 3458 rieritvinimicns
2296 3392 2414 3434 tuus
2438 3425 2452 3445 ,
2499 3385 2612 3435 ciba
2657 3384 2838 3446 illum;
2869 3395 2919 3437 ct
2951 3385 2993 3437 si
3022 3385 3207 3437 Sllil'l'll
3230 3427 3245 3449 ,
3275 3385 3340 3438 da
3373 3385 3422 3441 ei

1828 3487 2020 3540 aquam
2054 3473 2232 3524 bibere
2267 3490 2278 3524 :
2314 3489 2509 3540 prunas
2539 3474 2678 3527 enim
2711 3476 3055 3544 Cottgl‘egabis
3080 3492 3240 3544 super
3265 3487 3423 3544 caput

1828 3563 1962 3630 ejus.
1993 3575 2042 3616 cl
2081 3564 2334 3617 Dominus
2379 3565 2561 3616 reddet
2592 3566 2703 3616 tibi.
2743 3564 2803 3618 Ιίι
2850 3577 2960 3633 post
2999 3566 3165 3619 decem
3206 3582 3373 3620 versus
3400 3583 3420 3622 .'

1829 3656 1975 3708 Sient.
2007 3657 2130 3708 urbs
2161 3667 2342 3723 patens
2373 3667 2419 3706 et
2451 3657 2650 3726 absque
2682 3673 2951 3710 murorum
2980 3658 3200 3715 ambitu.
3231 3659 3308 3713 sic
3337 3659 3421 3714 vir

1828 3747 1917 3817 qui
1950 3762 2050 3799 nou
2076 3758 2251 3817 p'ttcst
2276 3747 2326 3800 in
2354 3749 2618 3816 loquendo
2639 3748 2890 3802 cohibere
2918 3750 3159 3814 spiritum
3189 3765 3365 3803 suum.

1900 3840 1966 3893 Et
1984 3853 2090 3908 post
2113 3842 2238 3894 duo:
2264 3857 2432 3894 versus
2453 3839 2641 3913 [χχιι]
2669 3859 2681 3870 ο
2700 3841 2841 3893 δὶςυι
2866 3842 2978 3894 avis
2999 3842 3062 3894 ad
3092 3841 3190 3894 alia
3213 3842 3422 3898 1’traus-

1826 3932 2033 3996 volans,
2069 3943 2118 3984 et
2154 3949 2337 4000 passer
2377 3948 2479 4002 quo
2527 3934 2650 3986 libet
2698 3933 2923 3993 vadens;
2962 3933 3038 3986 sic
3081 3934 3416 3990 maledictum

1827 4026 2018 4078 frustra
2045 4026 2302 4094 prolatum
2333 4026 2383 4078 in
2411 4028 2711 4093 quempiam
2735 4027 3092 4093 superveniet.
3130 4025 3416 4096 Flagellum

1824 4134 1984 4189 C(‘l'lD,
2017 4130 2068 4172 et
2099 4119 2319 4174 citamns
2345 4119 2514 4179 asino,
2532 4130 2583 4171 et
2614 4117 2754 4186 \irga
2783 4120 2943 4170 dorso
2984 4119 3413 4185 imprudentium.

1825 4212 1902 4267 Ne
1940 4213 2263 4281 respondeas
2292 4213 2452 4264 stulto
2477 4212 2624 4277 juxta
2657 4213 2932 4265 stultitiam
2977 4228 3162 4275 suam;
3204 4230 3268 4268 ne
3296 4213 3415 4268 eiii-

1826 4303 1981 4357 ciaris
2002 4304 2047 4355 ei
2067 4304 2275 4355 similis.
2299 4302 2578 4370 llespnnde
2601 4302 2920 4369 Stultojnxta
2942 4302 3212 4355 stultitiam
3232 4319 3411 4370 suam;

1825 4410 1892 4448 ne
1922 4394 2019 4447 sibi
2051 4395 2261 4461 sapiens
2294 4409 2416 4448 esse
2461 4393 2716 4446 videatur.
2760 4391 2825 4445 Et
2866 4403 2972 4461 post
3010 4394 3180 4446 decem
3210 4410 3416 4450 versus:

1823 4485 1968 4540 Sicut
1996 4488 2140 4538 canis
2167 4485 2252 4552 qui
2285 4485 2568 4537 revertitur
2607 4487 2670 4536 ad
2715 4485 2968 4538 vomitum
2998 4500 3174 4549 Suum,
3205 4487 3282 4540 sic
3313 4487 3413 4542 im-

1823 4577 2056 4647 prudens
2081 4577 2168 4645 qui
2217 4579 2373 4630 iterat
2415 4577 2692 4629 stultitiam
2722 4593 2892 4630 suam.
2931 4576 3111 4631 \‘idisti
3146 4578 3413 4634 hominem

1823 4670 2117 4737 sapientem
2146 4669 2242 4721 sibi
2269 4669 2462 4732 videri;
2489 4671 2653 4738 utagis
2679 4670 2769 4722 illo
2791 4685 2937 4739 spem
2966 4669 3178 4725 habebit
3200 4673 3413 4730 stultus.

1824 4760 1957 4813 Dicit
1987 4761 2150 4828 piger,
2174 4759 2278 4814 Leo
2305 4769 2385 4813 est
2413 4760 2464 4813 in
2493 4761 2593 4817 via.
2614 4770 2667 4815 et
2695 4761 2858 4814 Ie:ena
2893 4762 2942 4814 in
2976 4761 3271 4816 itinerilms.
3293 4764 3414 4819 Sic-

1823 4863 1881 4906 ut
1923 4851 2116 4907 ostimn
2141 4854 2362 4906 vertitur
2391 4853 2441 4906 in
2469 4855 2685 4908 cardine
2710 4870 2827 4916 suo,
2865 4855 2933 4908 ita
2968 4857 3113 4925 piger
3137 4857 3186 4909 in
3214 4857 3408 4910 lectulo

1821 4960 1938 4998 suo.
1971 4944 2259 4998 Abseondit
2289 4946 2434 5014 piger
2463 4962 2650 5001 manus
2679 4947 2777 4998 sub
2806 4948 2999 5001 aseclla
3033 4962 3148 5010 sua,
3179 4955 3233 5000 et
3264 4948 3412 5001 labo—

1821 5049 1903 5092 rat
1929 5038 1971 5090 si
2000 5037 2064 5089 ad
2088 5052 2148 5089 os
2171 5053 2325 5091 suum
2344 5053 2434 5091 cas
2451 5039 2791 5092 converterit.
2819 5038 3118 5106 Sapientior
3139 5037 3236 5088 sibi
3263 5036 3411 5108 piger

1820 5129 2028 5183 videtur
2057 5139 2258 5196 septem
2286 5131 2413 5183 viris
2444 5131 2778 5200 loquentibus
2804 5130 3112 5182 sententias.
3146 5130 3291 5183 Sicut
3317 5132 3408 5201 qui

1819 5222 2170 5292 apprehendit
2197 5222 2413 5276 auribus
2452 5237 2659 5286 cutem,
2691 5223 2767 5275 sic
2795 5223 2884 5290 qui
2911 5221 3097 5275 transit
3123 5222 3408 5292 impatiens

1880 5341 1895 5370 ³
1915 5339 2226 5388 rarnutensis
2244 5344 2348 5393 Ms.,
2375 5349 2482 5385 cum
2506 5334 2683 5399 impiis.

1877 5403 1897 5432 ³
1920 5403 1990 5450 sie
2023 5403 2167 5450 etiam
2193 5399 2386 5459 \nlgata
2413 5400 2458 5459 in
2485 5396 2588 5446 Mss.
2619 5396 2733 5446 Bibl.
2759 5397 2893 5446 Cori).
2922 5404 2978 5448 At
2999 5399 3049 5448 in
3079 5399 3222 5448 editis
3249 5397 3412 5451 Bibliis

1811 5463 1959 5513 habet
1982 5467 2028 5511 in
2056 5460 2242 5524 plurali.
2267 5458 2351 5522 qni
2371 5458 2555 5524 dicunt,
2576 5469 2675 5524 etc.

1876 5529 1897 5558 ³
1921 5525 2035 5574 .\'ihil
2059 5522 2138 5572 hie
2161 5525 2318 5571 minus
2335 5535 2478 5585 quam
2505 5523 2548 5569 in
2575 5522 2773 5585 hebrzeo
2791 5528 2842 5572 et
2864 5525 3075 5585 antiqtus
3096 5525 3254 5575 Bibliis
3269 5525 3408 5576 Perit.

1812 5596 1868 5638 At
1892 5590 1937 5636 in
1966 5588 2106 5635 editis
2145 5585 2300 5634 Bibliis
2334 5584 2520 5634 additur
2551 5586 2609 5632 ad
2647 5584 2834 5634 huncce
2871 5584 3090 5636 versum:
3119 5587 3244 5638 sicut
3277 5587 3408 5640 tinea

1809 5651 2093 5704 vcstiur'nto,
2121 5656 2214 5696 etc.

1875 5722 1895 5743 ι
1920 5713 2033 5760 Editi
2054 5747 2067 5768 ,
2093 5712 2156 5758 ad
2189 5709 2303 5759 alta.
2333 5716 2386 5759 At
2407 5716 2598 5762 Carnut.
2623 5717 2708 5762 Ms.
2732 5745 2746 5773 ,
2770 5711 2836 5762 ad
2859 5716 2958 5762 am
2986 5725 3004 5764 :
3026 5715 3151 5765 sicut
3178 5714 3227 5763 in
3249 5713 3410 5766 Bibliis

1813 5789 1910 5827 non
1932 5775 2178 5825 mendosus
2200 5774 2397 5834 legitur.
