3874 6320
564 535 636 593 Et
672 540 783 602 post
823 529 1139 599 aliquantum
1174 521 1411 600 [mm]:
1446 520 1604 576 Auris
1627 517 1852 574 audiens
1878 510 2087 571 beatiﬁ-

493 628 649 684 cabat
667 639 754 679 mc
771 638 787 688 ;
804 631 856 677 et
873 620 1061 676 oculus
1079 617 1262 672 videns
1280 613 1641 670 testimonium
1656 608 1913 666 reddebat
1932 603 2081 668 mibi,

495 719 636 792 quod
667 717 978 773 liberassem
1007 725 1295 783 pauperem
1323 708 1720 766 vociferantem,
1747 709 1804 758 et
1827 697 2084 772 pupillum

496 814 582 870 cui
616 819 899 878 nonesset
936 807 1169 877 adjutor.
1215 801 1522 858 Benedictio
1548 797 1766 869 perituri
1810 808 1972 863 super
2001 804 2087 845 me

496 905 763 971 veniebat,
791 913 846 959 et
868 917 962 958 cor
990 899 1163 954 vidua:
1201 895 1509 952 consolatus
1531 907 1671 946 sum.
1697 889 1906 946 Justitia
1929 884 2087 939 indu-

499 1007 585 1052 tus
605 1012 744 1060 sum,
771 1004 825 1050 et
853 992 1042 1048 vestivi
1072 1007 1157 1045 me
1182 989 1320 1043 sicut
1345 985 1664 1040 vestimento
1697 989 1749 1035 et
1786 978 2088 1035 diademate

498 1089 696 1161 iudicio
721 1101 861 1142 meo.
893 1084 1089 1140 Oculus
1129 1082 1200 1136 fui
1239 1094 1411 1142 caeco,
1437 1087 1490 1131 et
1533 1091 1627 1146 pes
1673 1071 1881 1128 claudo.
1933 1069 2090 1124 Pater

500 1195 645 1236 eram
675 1191 998 1250 pauperum;
1023 1185 1306 1230 etcausam
1333 1185 1494 1241 quam
1515 1166 1836 1226 nesciebam,
1868 1161 2091 1230 diligen-

501 1283 582 1328 ter
598 1268 1003 1340 investigabam.
1023 1265 1377 1322 Conterebam
1401 1261 1570 1315 molas
1585 1257 1769 1328 iniqui,
1794 1262 1850 1310 et
1873 1253 1940 1308 de
1959 1251 2092 1306 den-

498 1365 640 1420 tibus
669 1363 811 1417 illius
836 1360 1139 1416 auferebam
1173 1356 1426 1427 prmdam.

574 1453 643 1510 Et
672 1453 932 1522 aliquanto
961 1462 1070 1522 post
1100 1445 1300 1522 [ηπ]
1333 1465 1346 1501 :
1375 1446 1430 1502 Si
1460 1441 1720 1498 ambulavi
1753 1440 1805 1496 in
1836 1437 2087 1501 vanitate,

499 1557 556 1605 et
575 1545 848 1602 festinavit
875 1544 926 1598 in
956 1542 1081 1596 dolo
1105 1556 1196 1611 pes
1218 1556 1395 1600 incus;
1420 1535 1684 1607 appendat
1708 1549 1793 1588 tne
1819 1531 1871 1585 in
1893 1537 2090 1584 statera

495 1639 662 1711 justa.
681 1645 736 1690 et
764 1636 898 1690 sciat
929 1635 1066 1687 Deus
1095 1631 1486 1700 simplicitatem
1511 1642 1700 1681 meam.
1732 1623 1787 1679 Si
1809 1619 2095 1676 declinavit

503 1741 719 1800 gressus
735 1739 884 1780 meus
908 1724 976 1779 de
993 1724 1109 1787 via;
1130 1732 1181 1776 et
1213 1722 1256 1774 si
1284 1729 1499 1774 secutus
1515 1726 1599 1771 est
1623 1718 1808 1770 oculus
1829 1729 1981 1766 meus
1999 1727 2094 1766 cur

503 1835 683 1878 meum
711 1821 751 1886 ¹,
783 1829 837 1874 et
866 1819 916 1872 in
946 1817 1190 1872 manilms
1221 1815 1355 1869 meis
1379 1813 1604 1866 adlnesit
1633 1809 1860 1864 macula.
1894 1805 1960 1861 Et
1985 1815 2094 1876 post

506 1914 635 1968 duos
657 1930 826 1968 versus
858 1928 876 1965 .'
903 1912 956 1968 Si
985 1912 1264 1981 deceptum
1296 1917 1377 1962 cst
1403 1922 1497 1961 cor
1521 1919 1695 1959 meum
1723 1918 1882 1971 super
1901 1899 2095 1955 mulie-

504 2022 651 2072 rem;
694 2015 746 2061 et
785 2006 827 2059 si
855 2004 920 2058 ad
960 2004 1154 2057 ostium
1198 2001 1354 2056 amici
1398 1999 1500 2053 mei
1532 1996 1809 2051 insidiatus
1847 2009 1985 2047 sum.
2028 1989 2096 2045 Et

507 2109 621 2172 post
663 2099 790 2153 duos
837 2113 1042 2151 versus:
1072 2096 1184 2150 Ilne
1224 2093 1364 2148 enim
1399 2091 1548 2147 nefas
1592 2099 1707 2155 est,
1751 2097 1805 2142 et
1851 2086 2097 2155 iniquitas

507 2191 762 2248 maxima.
804 2189 944 2258 Ignis
968 2197 1052 2242 est
1074 2201 1240 2257 llSllllc
1267 2186 1332 2240 ad
1364 2183 1716 2255 perditionem
1739 2181 2024 2243 devorans,
2045 2186 2100 2233 et

509 2285 687 2342 omnia
713 2283 991 2341 eradicaus
1012 2282 1296 2353 genimina.
1321 2279 1376 2334 Si
1396 2274 1954 2346 contetnpsijudicitnn
1973 2274 2101 2326 sub-

512 2379 592 2436 ire
625 2392 746 2434 cum
793 2391 948 2432 servo
970 2390 1090 2430 meo
1119 2385 1173 2429 et
1196 2373 1386 2428 ancilla
1418 2386 1565 2432 mea,
1593 2385 1712 2422 cum
1741 2368 2104 2435 disceptarent

512 2468 794 2526 adversum
819 2482 924 2521 me.
955 2464 1020 2519 Et
1043 2475 1152 2534 post
1167 2473 1383 2534 quatuor
1405 2462 1611 2515 versus’
1635 2476 1647 2512 :
1670 2458 1724 2513 Si
1749 2457 1932 2527 negavi
1959 2453 2100 2524 quod

514 2558 1128 2629 volebantpauperibus,
1161 2566 1209 2610 et
1239 2555 1419 2610 oculos
1442 2552 1613 2606 vidtne
1641 2563 1950 2620 exspectare
1977 2545 2100 2602 feci.

517 2653 576 2710 Si
605 2652 811 2708 comedi
834 2651 1126 2706 buccellam
1152 2664 1323 2702 meam
1353 2647 1519 2712 solus,
1550 2653 1603 2699 et
1632 2660 1734 2698 non
1757 2642 1983 2697 comedit
2011 2655 2106 2710 pu-

513 2747 674 2819 pillus
718 2760 782 2800 ex
815 2759 896 2800 ea.
949 2743 1082 2812 Quia
1135 2741 1202 2796 ab
1253 2739 1470 2795 infantia
1512 2754 1628 2792 mea
1677 2735 1846 2791 crevit
1895 2747 2103 2788 mecum

514 2837 808 2903 miseratio,
829 2846 882 2892 ct
902 2836 968 2891 de
990 2820 1140 2890 utero
1165 2833 1350 2889 matris
1366 2848 1500 2887 mem
1528 2844 1740 2902 egressa
1766 2838 1848 2884 est
1874 2842 2103 2882 mecum.

516 2930 572 2985 Si
611 2929 832 2998 despexi
877 2935 1182 2998 pereuntem
1206 2969 1220 2987 ,
1251 2940 1317 2981 eo
1342 2922 1481 2993 quod
1523 2937 1628 2976 non
1658 2920 1906 2984 habuerit,
1938 2917 2104 2973 vesti-

517 3031 779 3087 mentum,
803 3029 853 3074 et
884 3020 1084 3088 absque
1109 3017 1440 3087 operimento
1470 3028 1775 3084 pauperem.
1802 3011 1855 3064 Si
1886 3026 1989 3063 non
2019 3010 2110 3064 be-

521 3113 841 3169 nedixerttnt
872 3108 1001 3163 tnilti
1053 3110 1216 3163 latera
1244 3107 1359 3176 ejus
1380 3148 1394 3169 ,
1444 3104 1583 3160 etde
1625 3103 1908 3157 velleribus
1932 3101 2108 3154 ovium

519 3218 760 3260 mearum
787 3201 1070 3255 calefactus
1097 3209 1200 3254 est.
1229 3198 1283 3253 Si
1313 3197 1478 3251 levavi
1515 3211 1676 3265 super
1707 3193 1962 3264 pupillum
1998 3208 2113 3247 ma-

521 3310 649 3352 num
688 3308 882 3358 meam,
929 3291 1088 3346 etiam
1128 3306 1247 3345 cum
1280 3289 1517 3343 viderem
1565 3302 1650 3340 me
1685 3287 2014 3356 superiorem
2058 3283 2110 3337 in

521 3388 708 3462 portis.
746 3383 812 3439 Et
841 3393 950 3454 post
975 3385 1194 3456 quinque
1213 3397 1382 3436 versus
1410 3395 1429 3433 :
1453 3379 1506 3435 Si
1533 3378 1707 3449 putavi
1735 3392 1924 3431 aurum
1952 3375 2115 3430 robur

523 3494 701 3538 meum
724 3520 738 3540 ,
765 3488 821 3532 et
844 3475 1044 3547 ubryzo
1072 3473 1201 3538 dixi,
1235 3471 1452 3526 Fiducia
1487 3487 1624 3524 mea.
1667 3468 1721 3525 Si
1760 3469 1971 3522 [artatus
1995 3480 2113 3519 sum

523 3587 687 3644 super
725 3569 922 3626 multas
965 3567 1174 3622 divitias
1206 3581 1382 3632 tncas,
1427 3574 1481 3619 et
1514 3563 1635 3634 quia
1669 3562 1890 3631 plurima
1918 3559 2117 3630 reperit

523 3681 715 3724 manus
758 3678 893 3718 mea.
945 3659 1012 3715 Et
1051 3670 1160 3732 post
1191 3676 1280 3714 sca:
1306 3675 1476 3713 versus
1501 3675 1520 3712 :
1546 3656 1602 3713 Si
1649 3657 1862 3727 gavisus
1888 3670 2004 3709 sum
2048 3653 2114 3709 ad

525 3759 734 3817 ruinam
761 3758 878 3827 ejus
903 3755 992 3826 qui
1026 3771 1111 3808 me.
1131 3753 1338 3819 oderat,
1362 3761 1416 3807 ct
1435 3752 1694 3807 exsultavi
1717 3749 1857 3821 quod
1888 3749 2119 3804 invenis-

528 3861 616 3908 set
654 3866 773 3905 eum
805 3849 1028 3903 malum.
1072 3845 1139 3900 Et
1177 3855 1288 3914 post
1333 3853 1548 3913 quatuor
1589 3858 1798 3898 verstts:
1827 3841 1982 3896 Foris
2009 3856 2118 3896 non

528 3942 725 4000 mansit
771 3939 1117 4010 peregrinus;
1159 3937 1354 3990 ostium
1383 3950 1561 3989 meum
1601 3935 1784 3989 viatori
1832 3935 2017 4005 patttit.
2061 3931 2120 3989 Si

532 4032 785 4089 abscondi
827 4030 977 4100 quasi
1031 4028 1192 4082 homo
1219 4038 1491 4097 peccatum
1542 4042 1740 4090 meum,
1786 4035 1838 4080 et
1872 4025 2038 4080 celavi
2066 4023 2118 4078 in

535 4125 655 4181 sinu
681 4138 800 4180 meo
830 4121 1160 4192 iniquitatem
1207 4134 1402 4174 meam.
1436 4116 1491 4173 Si
1517 4117 1702 4188 espavi
1732 4115 1798 4171 ad
1826 4114 2122 4170 multitudi-

533 4235 658 4278 nem
686 4218 922 4278 nimiam,
952 4223 1009 4269 et
1035 4212 1306 4284 deSpectio
1337 4210 1752 4281 propinquorum
1785 4208 1971 4262 terruit
1999 4222 2118 4271 me;

535 4322 719 4369 etnon
769 4308 935 4379 magis
965 4306 1138 4371 tacui,
1187 4319 1286 4359 nec
1309 4317 1558 4372 egressus
1595 4315 1714 4354 sum
1742 4299 1956 4354 ostium.
1993 4299 2124 4367 Quis

537 4406 667 4464 milii
692 4403 889 4459 tribuat
902 4400 1221 4461 auditorem,
1249 4405 1307 4451 ut
1327 4394 1651 4452 desiderium
1675 4408 1850 4449 meum
1872 4391 2126 4462 Omnipo-

537 4503 660 4553 tens
695 4493 906 4557 audiat,
935 4501 991 4544 et
1021 4490 1209 4544 librttm
1240 4487 1440 4543 scribat
1470 4487 1583 4556 ipse
1612 4484 1702 4556 qui
1723 4483 1958 4553 jutlicat;
1988 4492 2043 4537 nt
2071 4483 2124 4538 in

541 4590 768 4647 humero
785 4601 903 4640 meo
923 4594 1128 4654 portem
1158 4583 1325 4648 illum,
1344 4591 1398 4635 et
1421 4578 1748 4634 cii-eumdem
1766 4577 1788 4609 ³
1809 4576 1955 4647 quasi
1974 4590 2130 4630 coro-

541 4695 666 4738 nam
695 4677 863 4733 mibi?
893 4677 993 4730 l’er
1021 4674 1256 4745 singulos
1285 4671 1480 4744 gradus
1510 4683 1660 4725 meos
1691 4667 2039 4738 pronuntiabo
2069 4667 2131 4720 il-

545 4775 674 4837 lum,
700 4781 754 4827 et
777 4767 926 4840 quasi
946 4763 1204 4837 priucipi‘
1232 4762 1449 4817 oll'eram
1479 4776 1623 4816 eum.
1654 4759 1707 4815 Si
1735 4758 2014 4812 adversum
2044 4773 2131 4812 me

545 4873 686 4921 terra
728 4876 843 4915 mea
877 4860 1100 4922 clamat,
1126 4864 1182 4911 et
1206 4869 1327 4908 eum
1367 4853 1477 4923 ipsa
1505 4851 1636 4906 sulci
1678 4850 1795 4920 ejus
1823 4847 2040 4904 deflent.
2074 4846 2128 4903 Si

546 4958 751 5015 fructus
774 4955 888 5025 ejus
917 4949 1126 5008 comedi
1150 4949 1352 5019 absque
1379 4946 1622 5018 pecunia,
1661 4955 1715 5001 et
1736 4945 1966 4999 animam
1993 4941 2133 5012 agri-

546 5049 787 5105 colarum
813 5042 998 5097 afflixi.

625 5140 775 5196 Nunc
795 5138 908 5208 jam
935 5135 997 5189 de
1024 5132 1163 5189 libris
1193 5130 1568 5203 Prophetarum
1587 5144 1700 5200 qua:
1725 5136 1841 5182 sunt
1862 5126 1976 5180 huic
1996 5126 2136 5197 aperi

552 5231 833 5290 necessaria
865 5227 1181 5299 colligamus.
1223 5225 1295 5278 Ac
1323 5225 1542 5295 primum
1568 5221 1630 5274 de
1654 5221 1731 5274 his
1759 5219 2026 5290 PrOpItetis
2049 5219 2136 5288 qui

554 5334 757 5398 propter
775 5321 1059 5377 breuitatem
1081 5318 1389 5372 voluminum
1409 5329 1616 5368 suorum
1635 5311 1857 5366 Minores
1875 5320 2133 5365 vocantur.

519 5491 528 5502 .
553 5418 693 5490 Ergo
707 5414 848 5488 apud
878 5411 1005 5468 Osee
1030 5410 1328 5482 prophetam
1352 5408 1448 5461 ista
1467 5406 1820 5476 comperimus.

621 5650 640 5683 ⁸
665 5644 942 5710 Legendum
963 5651 1019 5694 ut
1038 5656 1090 5693 in
1112 5637 1393 5691 melioribus
1414 5636 1560 5686 Bibl.:
1584 5633 1633 5686 si
1662 5638 1874 5687 secutum
1895 5635 1965 5681 est
1985 5626 2146 5680 oculos

559 5723 686 5762 W03
707 5722 790 5759 COT
814 5720 986 5757 meum.

627 5774 648 5834 ξ
673 5771 848 5832 Regius
869 5769 1021 5834 codex
1051 5779 1064 5814 :
1095 5771 1147 5834 ξι
1164 5769 1264 5834 post
1285 5773 1533 5834 vt'rersus.

628 5831 650 5895 ξ
668 5822 776 5880 ηεξ.
799 5831 1044 5895 omittunt,
1059 5832 1110 5895 et
1131 5822 1443 5895 circumdem.

630 5894 654 5924 δ
670 5899 753 5941 Is.
778 5891 969 5951 Regius,
990 5891 1273 5952 principem.

1683 402 1742 459 S.
1783 391 2154 458 AUGUSTI!“
2191 387 2549 450 SPECULUM

2707 501 2797 558 DE
2832 498 3036 556 LIBRO
3072 497 3268 556 OSEE.

2265 617 2420 692 [Cap.
2447 613 2544 688 tv.]
2585 613 2776 669 Audite
2798 611 3019 667 verbum
3048 609 3279 677 Domini,
3323 608 3414 664 lilii
3440 607 3611 663 Israel
3630 647 3654 673 ,
3683 606 3813 659 auls

2190 709 2446 782 judicium
2490 707 2716 762 Domino
2743 720 2864 760 cum
2907 701 3291 757 Ιιςιιιίιηεοιῆιιιιε
3335 709 3518 756 teme.
3551 698 3685 754 Non
3729 705 3812 752 est

2195 806 2337 861 enim
2361 804 2573 867 veritas,
2590 809 2642 856 et
2671 816 2774 855 non
2801 809 2883 854 est
2901 795 3288 858 misericordia,
3308 803 3362 849 et
3383 809 3491 848 non
3514 804 3605 848 est
3617 793 3815 847 scien-

2197 899 2268 953 tia
2296 899 2387 954 Dei
2415 897 2467 950 itt
2497 905 2658 950 terra.
2683 891 3041 956 Maledictum,
3073 898 3129 944 et
3156 888 3516 948 mendacium,
3542 895 3603 942 ct
3621 885 3816 939 homi-

2194 991 2426 1055 cidium,
2473 996 2528 1042 et
2563 985 2797 1051 furtum,
2829 993 2884 1039 et
2921 982 3240 1037 adulterium
3273 980 3706 1037 inundaverant.
3759 987 3820 1031 et

2196 1084 2411 1154 sanguis
2436 1081 2746 1152 sanguinem
2791 1077 2978 1149 tetigit.
3028 1076 3090 1130 Et
3129 1083 3241 1146 post
3277 1073 3547 1128 duodecim
3575 1087 3769 1126 uersus
3799 1085 3821 1125 :

2196 1175 2330 1240 Quia
2364 1183 2417 1228 tu
2458 1173 2734 1227 scientiam
2763 1169 3026 1240 repnlisti,
3054 1167 3308 1237 repellam
3339 1175 3413 1229 te,
3446 1179 3515 1219 ne
3542 1163 3820 1219 sat-cnlo-

2197 1269 2272 1322 tio
2299 1267 2531 1338 fungaris
2561 1267 2711 1320 mihi.
2744 1264 2809 1319 Et
2837 1271 2947 1336 post
2979 1259 3261 1332 quindecim
3285 1276 3458 1314 versus
3485 1273 3505 1312 :
3529 1257 3814 1324 Quoniam

2199 1358 2481 1413 Dominum
2496 1357 2817 1426 reliquerunt
2831 1354 2883 1408 in
2901 1368 3002 1408 u0n
3016 1349 3382 1407 custodiendo.
3400 1347 3750 1410 Ftirtiicatio,
3763 1354 3821 1400 es

2198 1450 2402 1514 vinum,
2427 1458 2482 1503 et
2503 1449 2732 1503 ebrietas
2757 1444 2928 1500 aufert
2948 1459 3060 1497 cor.
3087 1441 3152 1496 Et
3173 1449 3281 1512 post
3300 1439 3667 1508 septeimtecim
3698 1453 3820 1490 ua-

2197 1557 2285 1596 sus
2305 1557 2323 1594 :
2361 1539 2620 1607 Quoniam
2661 1538 2758 1608 ipsi
2788 1552 2908 1592 cum
2949 1532 3316 1588 meretricibus
3341 1530 3729 1591 versabantur,
3759 1539 3821 1582 et

2197 1647 2319 1687 cum
2359 1629 2678 1686 effeminatis
2708 1626 3098 1683 sacriﬁcabant.
3133 1623 3199 1678 Et
3244 1622 3471 1692 populus
3502 1637 3615 1675 non
3645 1619 3821 1675 intel-

2201 1723 2372 1794 ligens
2392 1721 2678 1792 vapulabit.
2721 1719 2777 1775 Si
2828 1717 3104 1773 fornicaris
3143 1724 3218 1779 ιιι,
3251 1713 3413 1768 Israel
3433 1753 3448 1774 ,
3479 1727 3592 1766 nou
3623 1711 3816 1766 delia.

2199 1825 2328 1886 quat
2355 1816 2542 1868 saltem
2569 1812 2725 1867 Juda.
2756 1811 2820 1865 Et
2848 1810 3011 1865 nolite
3041 1807 3245 1878 ingredi
3272 1806 3324 1860 in
3363 1803 3584 1874 Gaigala
3607 1820 3624 1868 ;
3652 1814 3710 1859 et
3742 1817 3816 1858 ne

2201 1906 2500 1960 ascendatis
2531 1905 2583 1959 in
2614 1903 2879 1969 Belitavc;
2915 1916 3085 1971 neque
3120 1896 3457 1970 juraveritis,
3509 1895 3657 1950 \‘ivit
3694 1895 3813 1950 Do-

2203 1998 2396 2053 minus.

2278 2088 2342 2143 Et
2373 2098 2484 2159 post
2510 2089 2700 2159 aliquot
2725 2086 2925 2141 ttcrsus‘
2958 2085 3064 2158 [v.1
3094 2104 3105 2138 :
3139 2083 3254 2139 Non
3285 2082 3489 2138 dabunt
3514 2082 3814 2152 cogitatio-

2206 2195 2304 2236 nes
2339 2195 2462 2234 suas
2483 2223 2496 2245 ,
2530 2189 2586 2234 ut
2630 2189 2964 2234 revertantur
2991 2177 3056 2231 ad
3091 2177 3368 2230 Dominum
3399 2176 3568 2229 Deum
3598 2190 3768 2229 suum
3795 2189 3811 2236 ;

2204 2277 2326 2346 quia
2357 2275 2574 2344 spiritus
2605 2271 2971 2328 ι’(η-ιιῑςῖιιὶιιιιίε
3001 2271 3052 2325 ἰιι
3091 2269 3268 2325 medio
3297 2284 3508 2335 eorum,
3537 2277 3590 2323 et
3622 2267 3816 2322 Domi-

2204 2384 2333 2423 num
2356 2382 2462 2422 non
2487 2375 2868 2437 cognoverunt.

2283 2459 2346 2514 Et
2373 2468 2484 2530 post
2517 2459 2780 2528 sexaginta
2807 2466 2852 2509 et
2884 2471 3037 2508 unum
3078 2469 3248 2508 uersus
3277 2451 3398 2525 [γι]
3426 2471 3440 2506 :
3469 2451 3688 2508 Judicia
3721 2460 3812 2504 tua

2207 2553 2475 2624 quasiqu
2521 2551 2880 2622 egredientur.
2922 2549 3056 2618 Quia
3098 2546 3517 2602 misericordiam
3565 2543 3721 2599 volui
3759 2551 3817 2599 ct

2209 2662 2316 2701 non
2359 2644 2714 2709 sacrificium,
2763 2651 2817 2696 et
2853 2640 3128 2695 scientiam
3161 2639 3254 2694 Dei
3300 2638 3419 2708 plus
3457 2651 3619 2708 quam
3651 2635 3817 2690 bolo—

2209 2747 2412 2793 causta.

2284 2828 2349 2882 Et
2374 2836 2485 2899 post
2507 2827 2823 2890 aliquantum
2978 2841 2990 2877 :
3021 2822 3293 2879 Seminate
3319 2819 3471 2873 vobis
3498 2818 3551 2872 in
3571 2817 3816 2886 justitia,

2211 2931 2266 2977 et
2287 2925 2467 2975 metite
2494 2920 2544 2974 iu
2577 2934 2670 2973 ore
2692 2917 3071 2972 miserit-ordne
3098 2931 3111 2966 :
3148 2919 3398 2968 innovate
3419 2911 3569 2964 vobis
3590 2909 3818 2964 navale.

2213 3013 2447 3081 Tempus
2469 3020 2645 3065 autem
2677 3007 2979 3077 requirendi
3006 3007 3308 3073 Dominum,
3337 3017 3457 3058 eunt
3490 3001 3700 3056 venerit
3718 3000 3819 3072 qui

2213 3103 2426 3158 docebit
2451 3117 2544 3156 vos
2564 3101 2845 3170 justitiam.

2285 3191 2352 3247 Et
2383 3203 2492 3263 post
2529 3193 2846 3262 septuaginta
2878 3199 2989 3244 octo
3016 3205 3187 3243 uersus
3212 3184 3355 3261 [xta]
3389 3204 3402 3241 :
3431 3186 3494 3240 Et
3520 3192 3576 3239 tu
3604 3183 3675 3238 ad
3707 3183 3822 3239 Do-

2215 3287 2417 3342 miumn
2443 3287 2607 3339 Deum
2628 3283 2992 3340 converteris'
3014 3301 3027 3336 :
3053 3279 3468 3336 misericordiam
3483 3288 3537 3332 et
3547 3277 3819 3348 judicium

2216 3379 2456 3442 custodi;
2482 3388 2534 3432 cl
2563 3393 2718 3448 spera
2746 3377 2797 3430 in
2829 3375 3056 3429 Domino
3083 3375 3189 3428 Deo
3221 3382 3310 3426 luo
3335 3386 3567 3440 semper.

2291 3473 2355 3528 Et
2386 3484 2495 3543 post
2520 3472 2884 3544 quinquaginta
2913 3481 2958 3524 ct
2985 3486 3138 3522 unum
3166 3484 3334 3522 versus
3355 3464 3517 3538 [xui]
3539 3484 3552 3519 :
3579 3465 3695 3535 Ego
3712 3479 3821 3520 auo

2220 3576 2326 3623 tem
2358 3567 2611 3620 Dominus
2641 3565 2778 3618 Deus
2799 3573 2919 3616 tuus
2943 3561 3100 3616 eduxi
3124 3569 3173 3614 te
3195 3559 3260 3613 de
3284 3569 3421 3613 lerra
3449 3556 3666 3628 Egypti
3684 3555 3743 3619 ³;
3766 3565 3825 3612 et

2220 3659 2492 3715 dominum
2520 3656 2722 3726 absque
2749 3669 2837 3709 me
2864 3652 3091 3720 nescies,
3111 3662 3165 3706 et
3192 3651 3421 3704 salvator
3440 3665 3546 3703 non
3565 3656 3646 3702 est
3674 3662 3823 3718 pra:-

2222 3761 2304 3806 ter
2333 3764 2437 3804 me.

2296 3839 2360 3894 Et
2393 3847 2504 3909 post
2533 3837 2739 3908 triginta
2769 3850 2945 3889 novent
2985 3850 3155 3888 uersus
3189 3831 3353 3906 [xtv.]
3392 3849 3405 3885 :
3447 3834 3776 3886 Convertere
3801 3873 3818 3897 ,

2222 3932 2403 3997 Israel,
2432 3931 2497 3986 ad
2532 3929 2814 3984 Dominum
2851 3928 3017 3982 Deum
3057 3937 3232 3991 tuum;
3274 3924 3523 3994 quoniam
3565 3923 3822 3979 corruiin

2225 4026 2276 4079 in
2305 4025 2579 4092 iniquitate
2606 4032 2712 4075 tua.
2741 4019 2934 4076 Tollite
2959 4018 3231 4072 vobiscum
3264 4017 3446 4081 verba,
3474 4026 3528 4070 et
3549 4014 3824 4071 Converti-

2225 4117 2352 4172 mini
2375 4116 2440 4170 ad
2469 4111 2749 4170 Dominum
2783 4131 2796 4166 :
2828 4113 2989 4167 deicite
3009 4111 3079 4177 ei,
3108 4111 3334 4165 Omnem
3363 4110 3698 4180 iniquitatem
3721 4123 3822 4163 au-

2226 4210 2326 4276 fer,
2359 4220 2414 4264 et
2450 4209 2631 4279 accipe
2657 4207 2854 4262 bonum
2873 4247 2887 4269 ,
2931 4215 2988 4260 et
3017 4205 3305 4260 reddemus
3335 4204 3530 4258 vitulos
3554 4203 3820 4257 Iabiorum

2228 4310 2553 4359 nostrorum.

2743 4415 2832 4470 DE
2869 4412 3074 4469 LIBRO
3110 4412 3295 4469 JOEL.

2302 4531 2452 4606 [Cap.
2500 4530 2564 4605 1.]
2589 4529 3025 4600 Expergiscimini
3055 4529 3220 4593 ebrii,
3250 4537 3304 4582 et
3331 4526 3472 4592 ﬂete,
3499 4536 3554 4582 et
3583 4526 3818 4590 nlulate,

2231 4641 2419 4680 omnes
2445 4626 2534 4695 qui
2568 4623 2745 4678 bibitis
2767 4623 2946 4676 vinum
2976 4622 3027 4676 in
3050 4618 3364 4677 dulcedine:
3392 4618 3641 4687 quoniam
3665 4617 3822 4686 periit

2233 4716 2301 4770 ab
2319 4732 2412 4772 ore
2437 4728 2634 4770 vestro.
2664 4714 2807 4770 Gens
2833 4714 2974 4768 enim
2997 4712 3232 4767 ascendit
3252 4725 3412 4780 super
3434 4719 3630 4763 terram
3648 4723 3823 4763 meam

2235 4810 2384 4865 fortis
2404 4818 2456 4865 et
2485 4807 2899 4863 innumerabilis.

2307 4900 2373 4955 Et
2405 4911 2512 4971 post
2541 4901 2853 4969 unguentum
2876 4884 2983 4970 [ιι.]
3011 4915 3022 4949 :
3051 4896 3204 4952 Nunc
3232 4909 3359 4964 ergo
3388 4893 3515 4948 dicit
3545 4893 3820 4956 Dominus,

2237 4993 2617 5050 Couvertimiui
2644 4992 2708 5047 ad
2733 5008 2816 5046 me
2845 4993 2896 5045 in
2929 4999 3038 5045 toto
3058 4989 3219 5044 corde
3244 4999 3442 5052 vestro,
3470 4987 3522 5041 in
3545 4986 3751 5056 jejunio
3772 4995 3824 5040 et

2239 5087 2291 5140 in
2320 5087 2467 5149 lletu,
2495 5084 2619 5138 etin
2645 5085 2886 5154 planctu;
2911 5091 2964 5136 et
2985 5081 3209 5135 sciudite
3229 5079 3389 5133 corda
3422 5087 3617 5142 vestra,
3646 5088 3694 5132 et
3720 5092 3821 5130 non

2239 5180 2552 5235 vestimenta
2575 5186 2749 5230 vestra
2771 5195 2782 5229 :
2803 5185 2852 5230 et
2875 5171 3240 5230 eonvertimini
3269 5170 3332 5223 ad
3359 5170 3636 5222 [)omiuum
3661 5167 3820 5222 Deum

2241 5280 2508 5334 vestrum;
2531 5268 2650 5338 quia
2682 5265 2936 5335 benignus
2959 5273 3014 5319 et
3041 5264 3346 5318 misericors
3369 5269 3466 5313 est.

2719 5387 2723 5392 ‘
2757 5399 2845 5454 DE
2885 5397 3085 5453 LIBRO
3125 5393 3322 5450 Auos.
3381 5389 3384 5395 ‘

2317 5521 2466 5595 [(Zap.
2497 5517 2580 5592 n.]
2625 5517 2748 5573 lliec
2774 5514 2903 5570 dicit
2931 5511 3185 5567 Dominus
3215 5526 3227 5563 ε
3259 5507 3431 5577 Super
3457 5503 3628 5559 tribus
3656 5437 3854 5557 scele-x

2316 5685 2332 5715 ²
2363 5689 2445 5731 Ms.
2472 5677 2662 5734 Regius:
2693 5682 2746 5726 Η
2769 5679 2870 5736 post
2891 5687 2967 5720 vm
2990 5681 3172 5720 uersus.

2315 5748 2335 5777 ⁸
2361 5752 2440 5792 ais.
2469 5742 2661 5801 Regius,
2685 5742 2974 5788 cmtvertere.

2317 5808 2338 5840 ³
2361 5787 2761 5866 tinguis...“
2799 5807 2908 5847 tuus
2937 5806 3002 5845 ea;
3045 5798 3187 5866 terra,
3206 5787 3410 5866 βρυτιιὶ
3437 5797 3456 5838 :
3479 5790 3833 5853 praeteritum,

2260 5867 2425 5923 eduxit
2442 5861 2511 5923 z'e;
2531 5863 2659 5924 quod
2675 5875 2740 5912 ex
2764 5867 2872 5909 ιλιι
2893 5863 3146 5910 accemum
3169 5861 3266 5902 est.
