3874 6310
38 256 156 317 99.9

43 378 205 431 ribus
234 373 417 437 Juda,
442 380 494 427 et
514 385 675 441 super
696 376 926 439 quatuor
951 381 1054 420 non
1083 374 1392 420 convertam
1418 379 1540 419 eum
1563 380 1578 429 ;
1610 379 1676 418 eo

42 467 195 537 quod
228 464 546 536 ahjccerint
588 464 759 532 legem
792 460 1032 525 Domini,
1073 468 1128 513 et
1154 458 1400 511 mandata
1429 456 1545 527 ejus
1570 471 1677 512 non

42 558 452 614 custodierint.
482 555 815 626 Decepernnt
834 554 976 608 enim
998 566 1091 605 eos
1118 550 1257 605 idola
1277 566 1393 616 sua,
1421 559 1537 620 post
1557 565 1678 620 qua:

44 655 319 705 abierunt
370 659 549 720 patres
575 663 784 702 eorum.
816 644 885 699 Et
911 655 1022 715 post
1050 645 1180 698 duos
1208 660 1415 697 versus:
1446 644 1570 697 llaec
1596 643 1678 699 di-

44 748 121 797 cit
153 741 440 796 Dominus
469 756 483 794 :
512 738 684 809 Super
706 737 875 792 tribus
897 736 1193 792 sceleribus
1223 736 1402 802 Israel,
1434 744 1489 791 et
1516 750 1678 805 super

43 844 295 903 quatuor
330 848 443 886 non
472 840 781 886 convertam
803 844 956 892 eum;
982 843 1158 898 proco
1181 828 1321 897 quod
1342 827 1679 881 vendiderint

49 943 151 997 pro
181 934 428 995 argento
457 922 695 993 justum,
730 930 785 977 et
825 936 1115 991 pauperem
1151 935 1247 990 pro
1274 920 1671 975 calceamentis.

46 1019 151 1085 Qui
181 1028 490 1072 conterunt
512 1030 672 1084 super
695 1014 964 1084 pulverem
988 1023 1146 1068 terra:
1167 1013 1340 1083 capita
1360 1028 1672 1083 pauperum,

49 1118 105 1165 et
133 1110 286 1165 viam
337 1107 624 1162 lmtnilimn
654 1106 943 1161 declinant.
988 1105 1055 1159 Et
1090 1105 1227 1160 lilius
1266 1120 1330 1159 ac
1368 1115 1517 1173 pater
1553 1104 1675 1173 ejus

50 1203 238 1260 ierunt
261 1202 337 1256 ad
362 1201 620 1273 puellam,
643 1209 699 1254 nt
716 1197 979 1253 violarent
997 1214 1189 1252 nomen
1208 1206 1449 1251 sanetum
1473 1212 1672 1251 meum.

51 1293 122 1349 Et
151 1302 275 1365 post
315 1309 486 1346 mium
523 1307 717 1346 versum
739 1306 758 1344 :
786 1300 841 1346 et
864 1290 1069 1356 viuum,
1096 1288 1279 1357 inquit,
1300 1288 1674 1344 damnatorum

51 1384 328 1441 bibebant
352 1385 410 1439 in
437 1383 603 1439 domo
630 1382 722 1438 Dei
746 1382 850 1436 sui.

128 1475 201 1532 Et
234 1474 516 1547 aliquanto
544 1485 655 1546 post
806 1490 819 1526 :
843 1472 976 1540 Quia
1004 1472 1120 1527 lure
1142 1471 1268 1527 dicit
1296 1472 1552 1526 Dominus
1579 1470 1677 1526 doc

54 1570 168 1625 mui
200 1568 379 1623 Israel
411 1585 425 1621 :
458 1568 693 1635 Qua-rite
723 1581 829 1630 me,
862 1576 916 1620 et
943 1564 1150 1620 vivetis.
1192 1563 1256 1618 Et
1283 1573 1393 1635 post
1423 1575 1521 1617 (res
1559 1579 1674 1618 rer-

56 1680 143 1719 um
164 1679 183 1719 :
203 1664 461 1732 Quaerite
492 1660 793 1725 Dominum,
816 1667 870 1714 et
893 1657 1071 1712 vivite.
1105 1654 1173 1710 Et
1203 1666 1315 1727 post
1344 1666 1457 1710 octo
1482 1671 1676 1711 versus:

58 1754 197 1813 Odia
230 1757 552 1812 habuerunt
577 1755 630 1809 iu
657 1761 806 1823 porta
837 1753 1213 1823 corripientem
1233 1793 1248 1818 ,
1275 1760 1329 1807 et
1369 1752 1673 1819 loquentem

56 1850 302 1919 perfecte
327 1846 629 1901 abominati
657 1853 799 1898 sunt.
831 1843 1032 1899 Idcirco
1061 1858 1157 1913 pro
1195 1857 1260 1896 eo
1284 1842 1425 1912 quod
1453 1842 1674 1910 diripie-

56 1939 196 1994 batis
225 1953 558 2009 pauperem,
598 1947 649 1991 et
672 1936 905 2007 pra:dam
935 1936 1160 1990 electam
1190 1934 1459 1990 tollebalis
1492 1935 1560 1989 ab
1586 1950 1671 1990 eo.

60 2032 127 2089 Et
169 2044 289 2105 post
332 2044 440 2087 tres
484 2048 656 2086 versus
690 2047 709 2085 :
738 2030 871 2099 Quia
901 2031 1125 2101 cognovi
1154 2029 1318 2084 multa
1346 2029 1547 2085 scelera
1578 2045 1673 2085 ve-

57 2138 191 2192 stra,
222 2137 283 2182 et
315 2127 483 2181 fortia
511 2136 728 2196 peccata
753 2133 945 2180 vestra.
969 2124 1159 2178 llostes
1174 2124 1325 2194 justi,
1354 2123 1677 2193 accipientes

60 2233 295 2283 munus,
352 2226 413 2272 ct
462 2229 723 2285 pauperes
765 2214 818 2270 in
852 2226 1002 2284 porta
1052 2214 1432 2284 deprimentes.
1466 2213 1533 2267 Et
1565 2222 1677 2283 post

61 2310 189 2364 deos
226 2324 412 2364 versus
435 2324 454 2362 :
484 2307 721 2376 Quaerite
746 2306 942 2361 bonum
974 2315 1029 2360 et
1055 2321 1159 2359 non
1185 2306 1404 2371 malum,
1442 2317 1497 2359 ut
1524 2307 1675 2359 viva-

59 2402 163 2464 tis;
194 2409 253 2456 et
274 2400 387 2455 erit
411 2399 671 2454 Dominus
697 2398 838 2452 Deus
860 2397 1192 2452 exercituum
1220 2396 1515 2462 vobiscum,
1541 2398 1678 2452 sicut

62 2494 302 2548 dixistis.
350 2490 515 2547 Oditc
561 2492 778 2556 malum,
808 2500 863 2545 et
891 2489 1091 2558 diligite
1132 2489 1327 2543 bonum
1351 2531 1366 2556 ,
1394 2498 1448 2544 et
1476 2488 1678 2543 consti-

63 2585 196 2639 tuite
227 2584 283 2639 iu
319 2594 481 2654 porta
507 2582 795 2653 judicium;
832 2581 878 2636 si
909 2580 1046 2637 forte
1072 2581 1390 2636 misereatur
1419 2581 1676 2636 Dominus

67 2681 411 2735 exercituum
445 2677 681 2747 reliquiis
704 2676 926 2747 .losrph.

134 2768 206 2824 Et
236 2780 356 2842 post
388 2768 584 2840 aliquot
625 2784 796 2823 versus
823 2766 980 2842 [vn]:
1016 2767 1118 2836 Qui
1146 2768 1394 2824 dormitis
1441 2770 1493 2823 in
1523 2769 1677 2824 lrctis

70 2858 347 2925 eburneis,
381 2870 440 2915 et
465 2859 717 2914 lascivitis
741 2860 793 2913 in
824 2860 1006 2913 stratis
1031 2859 1241 2913 vestris.
1274 2859 1373 2927 Qui
1396 2859 1679 2917 comeditis

70 2966 265 3023 agnum
296 2952 373 3007 de
420 2967 602 3023 grege,
648 2961 702 3005 et
748 2952 970 3005 vitulum
998 2952 1066 3006 dc
1089 2950 1266 3006 medio
1293 2952 1541 3007 armenti.
1574 2952 1675 3021 Qui

72 3045 261 3099 canitis
286 3044 359 3099 ad
394 3059 576 3099 vocem
602 3044 836 3114 psalterii
863 3062 878 3100 :
908 3042 1046 3099 sicut
1086 3044 1246 3098 David
1273 3052 1593 3114 putaverunt
1616 3059 1676 3098 se

71 3135 273 3192 habere
328 3151 457 3190 vasa
500 3137 722 3193 cantici;
752 3136 995 3191 bibentes
1043 3136 1095 3189 in
1153 3137 1343 3205 phialis
1392 3137 1676 3200 viuum,et

71 3226 275 3294 Optimo
314 3235 591 3294 unguento
626 3224 883 3291 delibuti,
912 3234 968 3280 et
996 3224 1126 3279 nihil
1156 3225 1494 3295 patiebantur
1513 3241 1677 3296 super

70 3317 402 3371 contritione
421 3314 642 3386 .Ioscplt.

136 3404 207 3461 Et
234 3416 356 3477 post
405 3408 719 3475 aliquantum
749 3404 909 3480 [vur]
938 3424 951 3460 :
980 3406 1175 3462 Audite
1203 3411 1303 3461 hoc
1320 3408 1410 3478 qui
1440 3409 1675 3463 conteri-

73 3500 133 3554 tis
154 3513 480 3570 pauperem.
511 3509 566 3554 et
589 3498 820 3554 deficere
847 3500 1018 3553 facitis
1046 3514 1244 3569 egenos
1270 3510 1455 3565 terraz,
1490 3500 1673 3555 dicen-

76 3600 154 3646 tes
193 3610 207 3645 :
261 3590 496 3658 Quando
541 3590 785 3667 transibit
835 3591 1080 3656 messisâ€˜,
1127 3601 1181 3647 et
1231 3592 1677 3647 venuuulabimus

74 3698 315 3748 merces;
358 3692 418 3738 et
456 3683 768 3750 sabbatum,
800 3693 855 3738 et
890 3685 1193 3753 aperiemus
1219 3683 1538 3740 frumentum
1570 3704 1583 3741 :
1617 3696 1676 3743 ut

77 3776 387 3829 minuamus
417 3789 745 3841 mensuram,
777 3783 832 3829 et
855 3789 1145 3845 augeamus
1168 3776 1380 3839 siclnm,
1403 3786 1459 3831 et
1476 3792 1676 3849 suppo-

77 3879 268 3921 namus
296 3875 530 3922 stateras
570 3866 812 3932 dolosas;
854 3876 912 3921 ut
953 3869 1321 3937 possideamus
1361 3869 1413 3925 in
1453 3880 1675 3942 argento

77 3973 275 4029 egenos
313 3968 371 4015 et
416 3976 676 4030 pauperes
706 3975 803 4030 pro
830 3959 1242 4030 calceamentis,
1281 3972 1338 4018 et
1362 3964 1673 4035 quisquilias

75 4046 322 4106 frumenti
360 4051 674 4107 vendamus.

524 4143 612 4198 DE
651 4142 853 4199 LIBRO
891 4143 1218 4201 MICIUEIE.

147 4232 301 4305 lCap.
354 4250 442 4307 Î¹Î¹.)
500 4234 589 4289 Va:
617 4236 706 4306 qui
736 4237 980 4306 cogitatis
1021 4238 1224 4305 inutile,
1278 4248 1329 4294 et
1376 4242 1671 4310 operamini

80 4324 274 4380 malum
306 4327 359 4381 in
390 4326 653 4381 cubilibus
685 4330 894 4383 vestris.
926 4329 983 4384 lu
1020 4329 1139 4384 luce.
1179 4332 1436 4385 tuatutiua
1474 4332 1674 4389 faciunt

79 4416 237 4485 illud;
263 4421 516 4491 quoniam
536 4433 721 4477 contra
752 4423 915 4477 Deum
942 4439 1129 4478 manus
1149 4440 1356 4479 eorum.
1378 4424 1448 4479 Et
1471 4441 1671 4482 concu-

83 4510 285 4578 pierunt
313 4529 495 4583 agros,
526 4522 581 4570 et
613 4515 871 4570 violenter
900 4516 1157 4581 tulerunt,
1187 4527 1240 4570 et
1261 4518 1451 4573 domos
1482 4534 1673 4590 rapue-

82 4611 235 4665 runt;
257 4612 311 4658 et
336 4606 802 4661 calumniahantur
831 4606 1000 4661 virum
1022 4617 1076 4662 et
1091 4608 1308 4663 domum
1331 4610 1469 4680 ejus,
1499 4612 1670 4667 virum

82 4699 133 4743 et
156 4691 521 4750 haereditalem
553 4697 689 4766 ejus.

149 4781 214 4837 Et
240 4798 352 4853 post
381 4788 693 4855 aliquantae:
716 4786 841 4862 [ur]
867 4807 881 4844 :
904 4788 1096 4844 Audite
1118 4790 1252 4856 hinc,
1279 4792 1545 4863 principes
1570 4794 1669 4849 do-

86 4887 197 4928 mus
224 4876 408 4943 .lacob,
436 4889 492 4935 et
512 4879 723 4948 judices
746 4881 936 4936 domus
956 4881 1137 4950 Israel,
1169 4885 1259 4955 qui
1287 4885 1667 4942 abominamini

83 4960 366 5037 judicium,
409 4983 463 5025 et
492 4972 667 5026 otnuia
709 4982 852 5027 recta
900 4976 1223 5042 pervertitis.
1265 4976 1365 5044 Qui
1393 4978 1668 5035 mdilimtis

87 5051 205 5112 Sion
228 5060 279 5115 in
307 5065 674 5134 sanguinibus,
702 5075 753 5121 et
774 5065 1069 5122 Jerusnlem
1097 5068 1149 5122 in
1187 5068 1479 5139 iniquitate.
1513 5072 1669 5127 Prin-

90 5148 225 5217 cipes
245 5154 359 5221 ejus
384 5156 435 5210 in
459 5158 1120 5229 muneribusjudicabant;
1142 5171 1196 5216 et
1221 5165 1528 5221 sacerdotes
1551 5166 1669 5236 ejus

92 5238 139 5292 iu
180 5249 423 5306 mercede
460 5252 751 5316 docebant;
790 5261 845 5307 et
887 5252 1157 5323 propheta:
1202 5254 1317 5324 ejus
1349 5256 1400 5310 in
1442 5260 1666 5327 pecunia

94 5331 407 5405 divinabam.
438 5354 493 5399 et
521 5362 682 5414 super
711 5346 989 5401 Dominum
1019 5349 1445 5417 rcquiesccbant,
1479 5352 1664 5406 dicen-

98 5434 168 5478 tes
197 5446 208 5480 :
236 5428 498 5505 Numquid
522 5454 627 5491 non
661 5437 798 5493 Deus
828 5439 882 5493 iu
912 5439 1088 5494 medio
1115 5442 1394 5496 nostrum?
1422 5440 1539 5497 Non
1572 5459 1665 5499 ve-

99 5516 234 5573 nient
256 5537 412 5594 super
442 5543 539 5583 nos
567 5530 726 5583 niala.

160 5607 225 5664 Î•Î™
252 5631 357 5684 post
386 5623 695 5692 aliquantum
720 5620 841 5696 [VL]
880 5642 893 5679 :
944 5625 1195 5685 indicabo
1244 5627 1359 5694 tibi,
1406 5642 1440 5685 0
1470 5628 1662 5698 homo,

156 5720 815 5834 tuna-13mm

1329 250 1419 305 DE
1458 246 1843 307 SCRIPTURA
1881 247 2126 307 SACRA.

3262 256 3370 327 930

1783 363 1910 434 quid
1939 366 2007 418 sit
2027 366 2247 431 bonum,
2281 368 2476 437 etquid
2504 370 2761 427 Dominus
2781 386 3029 444 qumrata
3058 386 3109 433 te
3140 398 3154 435 :
3184 381 3367 452 utique

1784 454 1960 512 facere
1974 457 2250 527 judicium,
2264 458 2547 528 rtdiligere
2567 463 2719 517 miser
2732 466 3006 531 icul'diatm,
3024 481 3072 524 et
3091 474 3373 531 Sollicitum

1783 548 2059 602 ambulare
2074 564 2192 602 cum
2213 550 2322 604 Deo
2345 561 2453 604 tuo.
2477 550 2542 604 Et
2556 563 2668 621 post
2686 567 2782 609 (res
2798 571 2967 611 versus
2988 574 3008 610 :
3032 558 3217 614 Adhuc
3234 563 3373 631 ignis

1784 638 1839 694 in
1868 639 2028 694 domo
2049 641 2220 710 impii,
2250 642 2483 697 thesauri
2507 644 2816 713 iniquitatis,
2841 660 2895 703 et
2922 666 3167 705 mensura
3197 655 3372 709 minor

1784 730 1877 784 ira:
1908 730 2081 799 plena.
2114 731 2377 804 Numquid
2405 734 2711 802 justiï¬cabo
2747 750 3002 796 Stateram
3049 742 3287 813 impinu.
3321 757 3376 801 et

1782 822 1993 877 saccelli
2016 823 2248 891 pondera
2278 825 2566 881 dolosaâ€˜llu
2597 829 2788 897 quibus
2812 831 3009 887 divites
3038 835 3157 904 ejus
3186 837 3373 906 repleti

1782 921 1907 967 sunt
1936 914 2231 985 iniquitate,
2259 927 2312 971 et
2334 917 2634 974 habitantes
2666 922 2716 975 in
2743 938 2806 976 ea
2836 924 3192 994 loquebantur
3221 945 3370 982 men-

1781 1002 2012 1070 dacium,
2036 1016 2090 1060 ct
2120 1006 2293 1076 lingua
2320 1024 2505 1064 eorum
2532 1012 2862 1068 fmudnlenta
2890 1015 2940 1070 in
2970 1034 3066 1074 ore
3092 1034 3303 1074 eorum.

1853 1093 1919 1147 Et
1972 1106 2083 1165 post
2130 1098 2393 1153 duodecim
2436 1118 2604 1155 versus
2656 1102 2801 1178 [vu.]
2854 1124 2867 1160 :
2919 1107 3008 1161 Va:
3056 1110 3207 1178 mihi,
3252 1114 3377 1183 quia

1782 1186 1954 1244 lactus
2004 1206 2121 1245 sum
2170 1193 2306 1247 sicut
2358 1195 2446 1263 qui
2492 1197 2692 1263 colligit
2732 1199 2782 1251 in
2827 1209 3082 1256 antmnno
3134 1219 3379 1260 racemos

1784 1282 2082 1339 vindemiae.
2115 1284 2229 1339 Non
2257 1295 2340 1341 est
2378 1287 2562 1343 botrns
2610 1289 2675 1344 ad
2714 1292 3125 1359 comedendum,
3169 1312 3374 1366 pr.ecoâ€”

1780 1388 1913 1442 quas
1977 1375 2108 1430 ficus
2162 1377 2486 1434 desideravit
2533 1382 2709 1436 anima
2761 1399 2896 1439 mea.
2949 1386 3112 1443 Periit
3162 1399 3378 1447 sanctus

1781 1462 1849 1519 de
1879 1474 2041 1532 terra,
2089 1479 2143 1523 et
2174 1481 2349 1525 rectos
2393 1472 2444 1526 in
2478 1472 2780 1530 hominibus
2807 1494 2912 1533 non
2938 1491 3020 1533 est
3051 1497 3064 1533 :
3102 1496 3291 1537 oumes
3322 1485 3375 1541 in

1782 1558 2039 1625 sanguine
2087 1560 2435 1627 insidiantur;
2483 1564 2563 1618 vir
2613 1566 2828 1622 fratrem
2870 1584 3025 1623 suum
3061 1584 3283 1628 venatur
3307 1575 3375 1630 ad

1783 1658 2008 1702 mortem
2053 1652 2298 1707 :malnm
2345 1670 2594 1709 manuum
2646 1671 2859 1712 snarmn
2913 1661 3092 1717 dicunt
3151 1664 3372 1720 bonum.

1781 1739 2038 1811 Princeps
2070 1746 2321 1813 postulat,
2351 1758 2405 1801 et
2438 1747 2600 1816 jndex
2643 1753 2695 1805 in
2744 1753 3016 1810 reddendo
3042 1767 3144 1824 est,
3175 1768 3229 1814 et
3254 1775 3376 1815 ma-

1781 1846 1915 1901 gnus
1944 1833 2149 1889 locutus
2175 1845 2258 1891 est
2284 1837 2608 1894 desiderium
2631 1842 2822 1896 animm.
2850 1861 2980 1899 sum.

2222 1948 2309 2002 DE
2349 1949 2550 2006 LIBRU
2589 1953 2928 2011 lIABAlJUC.

1855 2054 2004 2128 [Cap.
2029 2057 2091 2131 1.]
2120 2059 2313 2115 Coalm
2346 2080 2429 2118 me
2475 2064 2668 2120 factum
2713 2077 2795 2122 est
2834 2068 3114 2137 judicium.
3160 2082 3211 2129 et
3243 2089 3376 2130 con-

1784 2150 2027 2205 tradictio
2070 2155 2354 2221 potentior.
2386 2156 2610 2227 Propter
2647 2159 2749 2213 hoc
2796 2160 3022 2217 lacerata
3068 2174 3151 2219 est
3191 2164 3295 2229 lex,
3322 2177 3377 2224 et

1783 2255 1887 2295 non
1920 2245 2157 2311 pervenit
2196 2262 2361 2317 usque
2402 2249 2469 2302 ad
2512 2251 2669 2304 linem
2693 2252 2949 2321 judicium
2978 2275 2990 2310 :
3018 2258 3136 2327 quia
3179 2256 3373 2327 impius

1782 2335 2034 2400 praevalet
2073 2336 2332 2391 adversus
2364 2341 2588 2409 justum,
2623 2354 2904 2413 propterea
2934 2347 3205 2417 egreditur
3228 2348 3376 2420 judi-

1782 2439 1921 2479 CIUlll
1957 2442 2285 2495 perversum.

1854 2518 1921 2572 Et
1942 2522 2097 2590 paulo
2119 2534 2226 2590 post
2253 2521 2358 2597 [n.]
2395 2544 2407 2578 :
2438 2525 2620 2580 Justus
2648 2538 2822 2584 autem
2870 2535 2922 2585 ln
2966 2531 3067 2587 ï¬de
3095 2549 3190 2589 sua
3212 2535 3372 2591 vivet.

1783 2613 1850 2669 Î•Î¹
1896 2616 2163 2686 quomodo
2208 2619 2385 2673 viuum
2441 2631 2707 2688 potantem
2761 2624 2976 2695 decipit,
3031 2628 3108 2683 sic
3148 2629 3251 2683 erit
3298 2631 3381 2687 vir

1782 2707 2065 2776 snperbns,
2111 2718 2166 2764 et
2202 2724 2305 2763 non
2346 2711 2703 2767 decorabitur.
2750 2714 2817 2767 Et
2862 2726 2974 2785 post
3015 2718 3327 2787 aliquantum
3361 2737 3375 2776 :

1782 2798 1919 2865 Quid
1956 2800 2172 2868 prodi-st
2197 2803 2463 2873 seulptile,
2492 2806 2612 2874 quia
2644 2806 2770 2859 illud
2814 2808 3037 2877 sculpsit
3068 2810 3219 2864 lictor
3246 2826 3378 2868 suus

1781 2890 2049 2946 conï¬‚atilc
2101 2903 2156 2947 el.
2202 2894 2484 2962 imaginem
2547 2897 2764 2963 falsam;
2838 2900 2961 2968 quia
3026 2903 3259 2970 speravit
3322 2904 3376 2960 in

1783 2982 2033 3052 ï¬gmento
2074 2987 2226 3041 fictor
2261 2989 2395 3056 ejus.
2429 2998 2483 3042 ut
2523 2989 2719 3044 iaeeret
2747 2992 3026 3046 siumlaera
3073 2994 3254 3049 muta?
3287 2995 3377 3051 Va:

1781 3079 1869 3146 qui
1909 3078 2036 3133 dicit
2086 3080 2245 3150 ligno,
2280 3080 2695 3151 Expergisrere;
2739 3083 2928 3154 Surge,
2970 3084 3130 3154 lapidi
3160 3088 3374 3143 taeenti.

1781 3166 2043 3238 Numquid
2095 3172 2208 3240 ipse
2245 3173 2440 3226 docere
2488 3174 2723 3243 poterit?
2765 3174 2904 3230 Ecce
2945 3176 3044 3229 iste
3089 3190 3377 3248 coopertus

1782 3270 1864 3313 est
1914 3277 2044 3314 auro
2091 3272 2146 3315 et
2194 3273 2436 3331 argento,
2485 3275 2537 3319 et
2586 3267 2761 3319 omnis
2810 3266 3027 3335 spiritus
3066 3279 3282 3325 nonest
3320 3272 3374 3325 in

1785 3348 2081 3403 visceribus
2130 3354 2265 3419 ejus.
2316 3353 2572 3407 Dominus
2615 3366 2791 3410 autem
2842 3358 2893 3411 in
2948 3361 3147 3430 templo
3186 3370 3376 3417 sancto

1781 3452 1880 3492 suo
1902 3457 1914 3492 :
1933 3439 2059 3493 silea
2088 3450 2137 3494 ta
2166 3441 2295 3495 facie
2320 3444 2435 3511 ejus
2456 3446 2628 3499 oumis
2647 3456 2805 3501 terra.

2203 3574 2290 3629 DE
2328 3574 2530 3631 LIBRO
2568 3577 2943 3634 SOPIIONI/E.

1853 3705 2005 3779 [Cap.
2036 3706 2097 3780 1.]
2125 3708 2455 3779 Disperdam,
2496 3712 2676 3781 inquit,
2707 3712 2775 3767 de
2818 3714 2937 3769 loco
2981 3715 3081 3771 hoc
3123 3717 3373 3790 reliquias

1781 3796 1929 3863 Baal,
1958 3808 2011 3853 et
2035 3800 2245 3853 nomina
2268 3802 2582 3856 a:dituorum
2611 3821 2729 3857 rum
2761 3807 3159 3875 sacerdotibus;
3190 3819 3245 3864 et
3277 3826 3371 3868 eos

1780 3888 1871 3959 qui
1900 3890 2125 3944 adorant
2176 3907 2336 3961 super
2388 3903 2522 3947 tecta
2570 3896 2807 3949 militiam
2859 3898 3001 3962 cadi,
3047 3909 3100 3955 et
3124 3901 3367 3968 adurant,

1780 3990 1832 4035 et
1858 3980 2042 4051 jurant
2090 3984 2140 4037 in
2194 3985 2436 4049 Domino,
2467 3996 2522 4041 et
2560 3987 2741 4057 jurant
2785 3990 2836 4044 in
2878 3990 3169 4055 Melchom;
3201 3997 3371 4067 ctqui

1780 4084 2091 4128 avertuntur
2121 4075 2187 4130 de
2215 4088 2327 4146 post
2361 4089 2565 4148 tergum
2597 4080 2837 4146 Domini;
2881 4093 2935 4137 et
2973 4085 3062 4154 qui
3092 4102 3198 4141 non
3226 4104 3371 4157 qua:-

1780 4166 1982 4219 sirrunt
2030 4166 2330 4233 Dominum,
2374 4185 2473 4224 nec
2520 4173 2968 4242 iuvestigaverunt
3015 4193 3157 4230 cuin.
3205 4178 3370 4235 Silele

1778 4270 1809 4310 a
1839 4256 1971 4312 faeie
2006 4257 2241 4325 Domini;
2271 4261 2391 4329 quia
2417 4264 2567 4330 juxta
2607 4273 2687 4317 est
2720 4264 2836 4318 dies
2882 4265 3108 4319 Domini.
3145 4266 3210 4321 Et
3257 4279 3370 4339 post

1779 4349 2029 4401 sexdecim
2068 4367 2238 4404 versus
2280 4366 2300 4404 :
2331 4352 2394 4404 Et
2423 4352 2523 4406 erit
2567 4353 2619 4406 in
2661 4363 2900 4423 tempore
2945 4356 3053 4419 illo,
3093 4359 3372 4414 scrutabor

1778 4437 2070 4495 Jerusalem
2118 4443 2167 4494 in
2214 4443 2463 4508 lucernis,
2496 4454 2547 4499 et
2588 4446 2814 4500 visitabo
2862 4462 3024 4517 super
3063 4449 3205 4505 viros
3229 4450 3367 4507 deli-

1778 4546 1877 4583 xos
1907 4531 1957 4584 in
1991 4530 2207 4586 faecibus
2242 4534 2373 4597 suis,
2411 4540 2497 4604 qui
2526 4535 2710 4591 dicunt
2739 4537 2789 4591 iu
2818 4539 3067 4594 cordibus
3087 4542 3217 4607 suis,
3249 4542 3364 4601 Non

1779 4619 1938 4675 faciet
1970 4623 2102 4676 bene
2133 4623 2405 4690 Dominus,
2430 4635 2483 4680 et
2510 4644 2611 4679 non
2640 4626 2797 4683 faciet
2823 4630 2983 4685 male.

1853 4712 1916 4765 Et
1936 4723 2049 4783 post
2074 4714 2263 4784 aliquot
2291 4732 2460 4769 versus
2492 4719 2505 4748 '
2535 4716 2641 4791 [Î¹Î¹.]
2677 4736 2689 4770 :
2724 4722 3035 4789 Couvenile,
3072 4739 3366 4797 congrega-

1778 4804 1928 4870 mini,
1977 4820 2109 4875 gens
2154 4823 2256 4861 non
2305 4809 2575 4871 amabilis,
2624 4812 2928 4882 priusquam
2981 4818 3149 4885 pariat
3196 4819 3368 4888 jnssio

1776 4895 1928 4964 qnasi
1958 4898 2230 4965 pulverem
2262 4908 2621 4956 transeuntem
2667 4903 2832 4971 diem,
2877 4916 3159 4977 antequam
3191 4911 3369 4966 veniat

1776 5003 1935 5057 super
1962 5005 2054 5043 vos
2082 4990 2155 5044 ira
2188 4991 2381 5046 fin-oris
2415 4994 2640 5055 Domini,
2672 5007 2954 5066 antequam
2992 5000 3167 5053 veniat
3206 5017 3366 5069 super

1776 5094 1870 5132 vos
1915 5079 2030 5134 dies
2076 5080 2268 5138 furoris
2320 5083 2546 5138 Dotnini.
2579 5087 2813 5151 Qumrite
2844 5088 3145 5152 Dominmu,
3175 5106 3365 5147 omnes

1776 5171 2036 5225 mansueti
2071 5182 2246 5237 terrm,
2270 5174 2360 5243 qui
2386 5174 2639 5243 judicium
2662 5177 2777 5245 ejus
2799 5176 2926 5231 Baiis
2955 5180 3179 5248 operati.
3211 5182 3367 5248 Quat-

1775 5261 1875 5314 rile
1896 5262 2120 5329 justum,
2140 5264 2360 5333 (Î¹Ï…ÎµÎ¹ÎµÎ½á½·Ï‰
2390 5276 2719 5321 nianuietum
2738 5284 2753 5332 ;
2773 5271 2815 5321 si
2843 5269 3110 5338 quomodo
3132 5266 3363 5328 obsceno

1774 5350 1972 5406 domini
2000 5354 2053 5407 in
2079 5354 2167 5410 die
2196 5354 2388 5410 furoris
2421 5358 2646 5411 Domini.

1846 5442 1911 5496 Et
1938 5455 2049 5513 post
2071 5445 2383 5514 aliquantum
2412 5444 2537 5520 [Î¹Î¹Î¹.]
2569 5466 2582 5500 Í¾
2620 5449 2683 5503 lit
2708 5449 3074 5523 derelinquam
3106 5457 3158 5512 in
3187 5458 3365 5517 medio

1772 5536 1846 5591 tui
1892 5538 2141 5607 pupulum
2174 5554 2457 5607 pauperem
2504 5550 2557 5595 et
2594 5558 2851 5612 egenum;
2897 5556 2951 5602 et
2995 5551 3367 5619 sperabuntin

1771 5630 1986 5684 nomine
2020 5628 2226 5682 Domini
2272 5630 2506 5699 reliquiae
2551 5632 2752 5689 Israel:
2787 5652 2889 5693 non
2935 5638 3134 5700 facient
3167 5643 3376 5729 iniquin'

1836 5744 1856 5780 á½·
1878 5750 1965 5797 Ms.
1989 5742 2203 5814 ï¬‚agitis;
2223 5748 2282 5799 Et
2301 5749 2407 5811 post
2427 5758 2543 5801 xvut
2563 5758 2744 5805 verm.
