3874 6310
512 249 618 307 935

509 357 828 433 p.-ofundum
859 352 1223 413 recesseratis,
1259 350 1348 404 lilii
1397 345 1577 400 Israel.
1621 342 1677 398 lu
1707 341 1794 397 die
1838 342 1979 397 enim
2011 342 2102 396 illa

508 451 723 523 objiciet
766 452 847 505 vir
891 448 1026 503 idola
1056 442 1259 511 argenti
1302 440 1405 501 sui.
1436 448 1487 493 et
1521 437 1657 490 idola
1688 436 1800 490 auri
1840 435 1944 502 sui,
1982 450 2104 506 qua:

509 546 747 603 fecerunt
774 539 923 596 vobis
953 551 1142 592 atauus
1172 545 1362 588 vestra:
1396 532 1447 586 iu
1479 540 1777 602 peccatum.

548 640 713 693 οΙιευι
735 644 845 706 post
865 633 1178 702 aliquantum
1201 623 1442 701 [suta]
1475 642 1486 675 ε
1524 624 1587 679 Et
1611 624 1713 677 erit
1735 621 1865 677 fides
1889 621 1941 675 in
1969 628 2106 675 tem-

511 732 728 804 poribus~
746 728 871 793 tuis,
892 723 1090 780 divitizr
1111 722 1297 776 salutis
1319 718 1573 787 μιψίυιιιίει
1595 725 1651 772 ct
1678 716 1921 773 scientia.
1944 716 2103 768 timor

510 822 720 881 Domini
749 822 863 891 ipse
894 818 1175 873 thesaurus
1200 814 1336 881 ejus.
1358 810 1422 866 Et
1445 810 1596 880 paulo
1616 820 1726 878 post
1757 825 1775 866 .'
1802 808 1932 876 Qui;
1955 816 2106 879 pote.

513 918 581 972 rit
604 915 843 981 habitare
867 910 936 966 de
964 907 1115 961 vobis
1142 920 1261 959 cum
1292 904 1412 972 igne
1436 902 1727 956 devoraute
1747 900 1772 952 ?
1797 901 1915 969 quis
1947 896 2103 952 habi—

513 1007 643 1061 tabit
659 1020 721 1060 ex
748 1002 895 1057 vobis
911 1015 1033 1056 cum
1053 996 1336 1053 ardoribus
1355 992 1733 1063 sempiternis?
1753 993 1851 1057 Qui
1867 990 2105 1047 ambulat

512 1098 565 1152 in
587 1096 827 1164 justitiis.
855 1101 910 1148 et
939 1093 1171 1161 loquitur
1201 1088 1478 1143 veritatem
1504 1102 1519 1150 ;
1551 1086 1639 1156 qui
1683 1084 1893 1155 projieit
1932 1082 2105 1139 avari-

512 1189 636 1241 tiam
663 1195 716 1241 et
739 1182 1057 1239 calumniam
1087 1182 1126 1245 ',
1170 1192 1224 1235 et
1248 1179 1449 1235 exciuit
1475 1192 1663 1231 manus
1689 1190 1816 1230 suas
1854 1174 1923 1230 ab
1956 1174 2104 1230 outni

513 1292 768 1339 munere;
801 1275 891 1346 qui
918 1274 1131 1328 obturat
1150 1287 1307 1325 aures
1331 1283 1458 1322 suas
1477 1286 1543 1322 ne
1563 1267 1744 1321 audiat
1770 1267 2103 1337 sanguinem,

508 1379 567 1433 et
607 1367 804 1423 claudit
834 1367 1019 1421 oeulos
1047 1379 1175 1419 suos
1202 1377 1271 1418 ue
1299 1360 1472 1414 videat
1513 1376 1672 1414 cuiue
1699 1360 1720 1390 ¹
1747 1359 1966 1413 malmu.
2004 1355 2107 1412 Iste

511 1461 564 1516 in
591 1459 817 1515 excelsis
849 1456 1143 1519 habitabit;
1174 1455 1500 1508 munimenta
1528 1465 1779 1506 suorum
1804 1447 2106 1504 sublimitas

509 1553 645 1625 ejus.
677 1552 832 1607 l’auis
859 1552 910 1605 ei
937 1548 1095 1605 datus
1123 1557 1225 1612 est,
1253 1557 1309 1601 et
1329 1562 1482 1616 aqua‘
1512 1546 1630 1614 ejus
1659 1543 1844 1603 tidcles
1870 1550 2015 1598 sunt.

585 1644 649 1700 Et
675 1654 784 1714 post
808 1643 1123 1712 aliquantum
1150 1639 1293 1714 [suav
1321 1637 1342 1711 ]
1375 1658 1388 1694 :
1414 1639 1678 1694 Memento
1705 1638 1918 1700 horum,
1939 1634 2107 1690 Jacob

510 1746 566 1794 ct
609 1736 792 1797 Israel,
832 1734 1081 1805 quoniam
1127 1747 1312 1786 servus
1341 1748 1491 1785 meus
1518 1745 1578 1785 cs
1619 1739 1671 1781 tu
1703 1745 1717 1781 :
1764 1726 1985 1780 formavi
2016 1736 2102 1789 te,

510 1841 701 1885 servus
728 1841 878 1882 meus
904 1841 961 1879 es
993 1834 1068 1885 tu,
1099 1821 1281 1885 Israel,
1314 1838 1378 1875 ne
1409 1819 1737 1889 obliviscar's
1764 1817 1887 1870 mei.
1925 1815 2105 1870 Delevi

514 1927 572 1974 ut
596 1918 789 1973 tmbem
822 1915 1129 1984 iniquitates
1169 1923 1305 1977 luas,
1337 1920 1390 1966 et
1417 1910 1565 1981 quasi
1612 1908 1857 1963 nebulam
1889 1919 2103 1976 peccata

515 2019 637 2074 tua;
671 2019 940 2066 revertere
961 2008 1027 2062 ad
1059 2022 1165 2069 me.
1195 2005 1447 2076 quoniam
1478 2003 1679 2059 redemi
1712 2010 1783 2055 te.

582 2102 717 2159 Item
758 2110 870 2169 post
893 2101 1209 2172 aliqumtmm
1249 2094 1441 2171 [και]
1471 2115 1485 2148 :
1514 2096 1833 2149 Mementote
1862 2091 2021 2175 istud,
2052 2099 2107 2147 et

511 2192 944 2257 confumlamiui;
974 2192 1161 2256 redite,
1193 2189 1647 2261 praevaricatores,
1679 2185 1743 2239 ad
1766 2200 1879 2241 cur.
1911 2184 2108 2239 ltecor-

514 2285 718 2343 daiuini
749 2283 940 2354 prioris
965 2282 1142 2336 szeculi
1166 2297 1182 2346 ;
1214 2279 1465 2350 quoniam
1488 2294 1589 2349 ego
1618 2278 1776 2343 Deus,
1805 2285 1860 2331 et
1886 2290 1992 2330 non
2022 2284 2108 2331 est

514 2378 652 2437 ultra
680 2377 838 2441 deus,
869 2391 967 2431 nec
994 2383 1079 2430 est
1105 2373 1295 2428 similis
1321 2372 1447 2427 mci.

586 2466 654 2523 Et
672 2468 931 2539 aliquanto
957 2476 1066 2537 post
1088 2462 1189 2536 [ιη]
1219 2482 1232 2518 :
1259 2462 1389 2529 Quis
1404 2459 1695 2517 ambulavit
1718 2459 1739 2490 ³
1764 2459 1816 2513 in
1845 2457 2102 2525 tenebris,

512 2570 566 2617 et
606 2577 711 2615 nou
742 2569 826 2613 cst
866 2559 1043 2613 lumen
1072 2555 1161 2610 ei?
1201 2556 1392 2624 Speret
1435 2554 1487 2608 in
1528 2552 1744 2608 nomine
1774 2550 2006 2616 Domini,
2048 2556 2106 2605 et

512 2653 767 2709 innitatur
791 2666 953 2720 super
985 2650 1148 2704 Deum
1175 2665 1353 2703 simul.

580 2744 713 2800 Item
753 2755 861 2814 post
890 2744 1202 2813 aliquantum
1240 2738 1359 2813 [LL]
1389 2757 1403 2793 :
1437 2738 1628 2794 Audite
1674 2753 1781 2803 me,
1828 2736 1916 2807 qui
1954 2734 2105 2791 scitis

510 2840 731 2913 justum.
777 2838 1003 2909 papulas
1027 2835 1078 2900 κς
1122 2838 1202 2888 lex
1235 2851 1350 2888 tinea
1394 2834 1445 2885 in
1474 2832 1636 2887 corde
1664 2844 1873 2886 eorum.
1924 2827 2103 2883 Nolite

513 2935 700 2987 timere
722 2930 1007 2999 Oppi-obria
1039 2927 1334 2982 hmuiuum.
1362 2933 1416 2979 ct
1444 2924 1802 2992 blasphemias
1822 2936 2009 2976 eorum
2034 2934 2103 2975 ne

512 3024 762 3079 timentis.
807 3022 955 3076 Sicut
1001 3021 1142 3074 enim
1189 3019 1584 3080 vestimentum,
1615 3016 1692 3069 sic
1729 3012 1980 3067 comedet
2006 3025 2101 3067 eos

511 3114 745 3175 vermis;
773 3122 828 3165 et
850 3111 987 3164 sicut
1014 3110 1208 3171 laImm,
1238 3109 1315 3161 sic
1335 3106 1609 3160 devorabit
1629 3120 1722 3159 eos
1753 3104 1889 3157 tinea
1918 3121 1931 3155 :
1956 3103 2101 3157 salus

511 3214 687 3261 autem
720 3219 836 3257 mea
868 3203 920 3256 in
961 3201 1343 3269 sempiternum
1374 3197 1497 3263 erit,
1541 3207 1595 3251 ct
1637 3195 1841 3267 justitia
1882 3209 2000 3249 mea
2042 3192 2099 3249 in

511 3295 881 3368 generationes
908 3292 1333 3363 generatiuuum.

587 3390 650 3445 Et
680 3397 788 3457 post
815 3388 1128 3455 aliquantum
1157 3380 1295 3456 [va]
1327 3400 1338 3436 :
1369 3379 1601 3447 Quaerite
1646 3376 1929 3432 Dominum
1967 3374 2097 3431 dum

513 3482 732 3539 iuVruiri
762 3489 957 3552 potest,
1006 3478 1247 3532 invocato
1288 3489 1410 3529 eum
1440 3471 1567 3527 dum
1601 3484 1765 3540 prope
1790 3476 1890 3524 est.
1941 3468 2101 3523 Dere-

513 3574 715 3643 linquat
744 3570 938 3640 impius
963 3567 1099 3621 viam
1128 3581 1299 3626 suam.
1330 3574 1382 3619 et
1410 3563 1490 3617 vir
1519 3562 1732 3631 iniquus
1752 3558 2101 3630 cogitationes

512 3678 657 3721 suas.
689 3672 743 3716 et
769 3667 1066 3716 revertatur
1083 3657 1151 3713 ad
1182 3656 1493 3718 Dominum;
1521 3662 1576 3708 ct
1600 3650 1937 3706 miserebitur
1958 3648 2097 3720 ejus,

511 3766 566 3812 ct
589 3754 654 3810 ad
692 3755 855 3809 Deum
900 3761 1164 3817 uestrum,
1212 3748 1461 3820 quoniam
1491 3745 1687 3800 multus
1715 3754 1796 3800 est
1840 3742 1907 3799 ad
1948 3743 2101 3814 igno-

512 3846 788 3903 scemlum.

588 3938 651 3993 Et
681 3946 790 4008 post
817 3935 992 4006 uiginti
1034 3950 1203 3988 uersus
1250 3930 1405 4005 [tam]
1435 3948 1447 3984 :
1481 3929 1607 3986 Hzrc
1645 3929 1774 3985 dicit
1804 3929 2059 3984 Dominus
2081 3970 2099 3994 .

513 4028 792 4087 Custodite
812 4026 1094 4097 judicium,
1115 4035 1168 4080 et
1201 4023 1356 4078 facite
1382 4022 1667 4091 justitiam,
1698 4020 1819 4090 quia
1837 4022 1986 4090 juxta
2015 4029 2100 4075 est

515 4120 661 4177 salus
682 4134 799 4174 mea
827 4127 876 4171 ut
909 4116 1103 4181 veniat,
1129 4126 1180 4170 et
1203 4114 1406 4181 justilia
1434 4128 1548 4169 mea
1578 4123 1630 4166 ut
1658 4113 1938 4168 reveletur.
1971 4111 2103 4166 Bea-

517 4224 601 4270 tus
629 4214 708 4269 vir
730 4213 818 4284 qui
850 4210 973 4267 facit
996 4209 1117 4272 hoc,
1148 4217 1203 4263 ct
1225 4206 1364 4261 filius
1384 4205 1614 4260 hmuiuis
1635 4206 1725 4274 qui
1753 4203 2102 4272 apprehendit

516 4304 695 4370 Istud;
726 4303 1030 4358 custodiens
1058 4301 1334 4354 sabbatum
1379 4313 1448 4352 ue
1492 4296 1690 4366 polluat
1734 4294 1884 4360 illud,
1926 4305 2104 4350 custo-

515 4396 670 4450 diens
696 4409 883 4449 manus
910 4406 1035 4449 suas
1060 4409 1127 4446 ne
1156 4390 1313 4447 faciat
1340 4405 1500 4444 omne
1529 4388 1746 4442 malum.

592 4486 655 4540 Et
683 4496 795 4558 post
822 4503 921 4539 non
943 4486 1155 4539 mullum
1183 4479 1357 4557 [ηιμ]
1384 4500 1397 4536 :
1430 4482 1528 4549 Qui
1554 4480 1900 4536 consulamini
1927 4481 1979 4536 in
2000 4480 2104 4536 diis

516 4578 702 4633 subter
729 4592 888 4631 omne
916 4577 1116 4647 lignum
1141 4575 1472 4639 frondosum,
1496 4574 1831 4628 immolantes
1852 4573 2102 4645 parvulos

521 4666 574 4722 iu
608 4667 950 4728 torrentibus,
983 4667 1165 4721 subter
1191 4665 1488 4721 eminentes
1510 4665 1531 4696 ⁸
1560 4677 1754 4735 petras.
1787 4665 1840 4720 lu
1869 4664 2106 4737 partibus

520 4759 771 4815 torrentis
797 4774 918 4828 pars
946 4765 1052 4811 tua.
1084 4756 1210 4813 llec
1229 4765 1310 4811 est
1334 4772 1452 4812 sors
1483 4766 1601 4823 tua;
1637 4765 1691 4811 et
1720 4757 1847 4827 ipsis
1871 4756 2104 4812 obtulisti

1876 4873 1917 4884 ιι.
1930 4872 1935 4877 '

584 4956 601 4988 ι
629 4954 826 5019 vulgata
852 4954 1012 5004 versio
1030 4990 1045 5013 ,
1068 4951 1413 5019 componitis.
1438 4955 1625 5018 Syriaca
1646 4960 1700 5003 et
1720 4952 1925 5013 ambiat,
1950 4956 1997 5003 et
2017 4965 2105 5019 op-

518 5028 643 5082 pres:
655 5014 826 5068 auena.
852 5023 981 5075 LXX,
1004 5022 1049 5066 et
1073 5014 1385 5082 i:.‘t'.'p.il..tmu_.

583 5082 603 5111 ⁸
629 5086 790 5137 Abest,
812 5093 842 5129 ο
858 5091 967 5135 mw.
990 5092 1019 5128 a
1041 5075 1174 5128 sacri.
1201 5086 1341 5128 tevtu
1364 5080 1411 5128 in
1436 5075 1609 5126 Binliis.

585 5141 763 5213 {saera
789 5140 949 5197 hialia,
972 5139 1055 5204 qui
1078 5139 1337 5213 stabularii
1355 5156 1369 5199 ;
1389 5140 1541 5213 idque
1566 5139 1878 5211 Hieronymus
1898 5138 1963 5213 de
1977 5139 2107 5191 Chri-

518 5200 996 5267 stoiaterpretatmﬁi
1032 5222 1054 5248 α
1072 5204 1165 5267 Qui
1194 5217 1288 5267 non
1327 5200 1491 5251 habuit
1512 5200 1742 5267 _speciem
1762 5201 1955 5267 ,_iuquit
1974 5235 1990 5260 ,
2015 5216 2108 5267 nec

527 5284 552 5312 ι
571 5263 806 5329 gloriam,
842 5265 933 5314 sed
969 5265 1016 5314 iu
1046 5265 1357 5315 similituJiue
1393 5264 1552 5329 carius
1589 5263 2108 5329 reci-atticissusceijt

528 5346 552 5375 ι
574 5324 770 5390 fontum
792 5329 940 5376 servi.
965 5345 988 5369 ι
1019 5334 1236 5390 attamen
1257 5327 1548 5390 augustiuus
1569 5324 1759 5374 videtur
1782 5324 1984 5387 legisse,
2002 5324 2108 5384 mli;

519 5388 810 5447 ambulavit,
832 5403 888 5438 ac
917 5390 981 5439 de
1020 5387 1213 5440 homine
1244 5390 1291 5439 iu
1322 5387 1627 5453 pcta-sitorum
1661 5398 1859 5436 suorum
1890 5390 2110 5439 tenebris

522 5464 706 5499 aue-ate.
732 5451 1052 5499 intellexisse.

572 5465 706 5499 rente.
732 5464 1052 5499 Iuteltexme.

522 5464 706 5516 age-ate
732 5462 1052 5502 iuteltevtsse.

530 5585 542 5587 Α
584 5514 849 5587 χιύοιεειιειε
869 5513 1071 5587 pomum
1092 5528 1241 5587 rimus.
1270 5514 1439 5569 suist.
1466 5525 1630 5587 utens,
1663 5511 1960 5587 abluebrseq
1971 5520 2024 5564 et
2045 5512 2109 5587 ab

522 5575 1330 5687 :sl.;:..isr::W|JCi0llSl..llS,
1355 5589 1543 5626 uecuou
1568 5577 1630 5626 ab
1652 5576 1797 5626 editis
1815 5575 2041 5625 omnibus
2057 5583 2111 5627 et

617 5671 631 5685 ο
656 5664 686 5686 ,ι
898 5654 910 5684 ε
985 5674 995 5684 .

580 5652 631 5687 is.
656 5651 995 5699 amusoperis.

585 5699 609 5733 ⁸
630 5697 767 5757 mliti.
789 5697 1100 5754 animm.
1124 5710 1179 5753 At
1200 5708 1306 5753 Mss.
1326 5702 1467 5762 juxta
1490 5702 1755 5763 γυιαειςιω.
1770 5698 2044 5756 attineat“.

1706 231 1764 289 S.
1806 228 2098 288 AUGUSTI

2212 221 2570 288 srecuwa
3685 240 3756 302 ,ει

2218 341 2447 399 lilmuen
2472 342 2514 406 ¹,
2544 341 2779 398 obtulisti
2824 342 3171 402 sacriﬁcium.
3228 344 3507 419 Numquid
3531 360 3675 423 super
3700 354 3756 415 iii;

2210 450 2316 491 non
2358 435 2707 505 indignabor?

2280 526 2415 583 Item
2453 539 2563 597 post
2589 528 2903 598 aliquantum
2932 528 3129 605 [LvuL]
3163 549 3179 586 :
3210 530 3299 587 Me
3327 533 3529 590 etenim
3554 535 3616 592 de
3635 538 3754 599 dicio

2208 619 2352 676 diem
2376 629 2641 692 qumruut.
2669 630 2726 675 et
2761 620 2899 675 seire
2931 622 3041 677 vias
3066 634 3223 676 meas
3252 626 3465 691 volunt,
3510 630 3646 698 quasi
3667 647 3757 702 gens

2207 726 2328 782 quae
2353 710 2614 780 justitiam
2662 710 2867 774 fecerit,
2898 721 2950 765 ct
2994 727 3114 781 quia
3139 712 3416 782 judicium
3464 715 3552 772 Dei
3586 724 3657 774 sui
3682 738 3755 780 non
3812 748 3813 751 η

2208 802 2572 872 dereliquerit.
2618 802 2826 873 lingunt
2865 817 2951 859 me
2989 802 3193 872 judicia
3233 804 3486 874 justiti-1:,
3528 814 3759 881 appropin.

2207 909 2374 965 quare
2407 894 2515 950 Deo
2560 894 2764 949 volunt.
2809 896 2987 961 Quare
3004 894 3402 965 jejuuavimus,
3431 909 3484 954 et
3525 915 3621 955 non
3642 880 3756 973 aspe-

2208 987 2373 1043 xisti?
2403 987 2799 1044 lnuuiliavimus
2823 988 3030 1042 animus
3050 1000 3294 1050 nostras.
3319 1000 3377 1045 et
3394 994 3637 1049 nescisti?
3661 996 3759 1055 Εωι

2208 1078 2263 1134 iu
2292 1079 2379 1135 die
2417 1079 2603 1150 jcjuuii
2650 1082 2814 1135 vestri
2871 1080 3174 1138 iaveuietur
3221 1083 3477 1141 voluntas
3516 1098 3688 1158 vestra,
3718 1104 3756 1149 et

2210 1185 2399 1226 oruues
2439 1170 2711 1227 debitores
2743 1181 2951 1228 vestros
2985 1174 3257 1245 repetitis.
3308 1176 3449 1234 Ecce
3490 1177 3556 1234 ad
3596 1181 3696 1236 lites
3723 1193 3759 1239 et
3812 1170 3813 1173 η

2209 1264 2580 1320 contentiones
2601 1265 2878 1334 jcjttuatis,
2899 1276 2953 1321 et
2979 1267 3265 1336 percutitis
3286 1284 3469 1341 pugno
3491 1271 3655 1342 impie.
3679 1273 3757 1331 No-

2212 1355 2304 1411 lite
2338 1357 2583 1428 jejuuare
2607 1358 2748 1414 sicut
2776 1375 2942 1430 usque
2984 1360 3052 1415 ad
3098 1360 3245 1417 hanc
3282 1360 3456 1429 diem,
3487 1374 3544 1420 ut
3567 1367 3757 1424 audiatur

2212 1446 2265 1502 in
2287 1450 2500 1505 excelso
2526 1450 2729 1504 clamor
2760 1461 2956 1507 vester.
2984 1451 3257 1524 Numquid
3290 1454 3400 1512 tale
3422 1466 3504 1512 est
3524 1456 3750 1529 jejunium,
3812 1466 3813 1531 ι

2213 1540 2352 1609 quod
2369 1540 2525 1611 elegi,
2549 1556 2643 1611 per
2661 1540 2803 1595 diem
2823 1541 3059 1614 afﬂigere
3079 1544 3364 1601 hominem
3387 1550 3609 1604 animam
3625 1553 3756 1609 δικωιῖ
3812 1536 3813 1547 χ

2214 1632 2468 1702 utuuquid
2508 1644 2864 1705 eoutorqucre
2890 1638 3037 1707 quasi
3067 1638 3337 1694 circulum
3365 1651 3524 1713 caput
3548 1659 3696 1711 suum,
3717 1654 3755 1703 et
3812 1686 3813 1701 η

2211 1738 2422 1778 saccum
2461 1732 2516 1780 ct
2543 1725 2777 1781 cinerem
2803 1729 3082 1783 sternere?
3123 1728 3402 1802 Numquid
3430 1734 3563 1790 istud
3590 1738 3754 1795 vocabis

2205 1817 2468 1889 jejunium
2511 1830 2567 1877 et
2592 1822 2733 1877 diem
2776 1826 3157 1895 acreptabilcm
3191 1828 3466 1886 Domino?
3491 1829 3752 1887 Nonnullae
3812 1854 3813 1883 ι

2210 1922 2293 1966 est
2321 1914 2487 1984 inagis
2503 1914 2764 1984 jejunium
2795 1916 2937 1987 quod
2965 1918 3143 1990 elegi?
3173 1920 3422 1977 Dissolve
3443 1924 3752 1994 colligatioues

2211 2004 2517 2076 impietatis,
2544 2007 2690 2062 solve
2731 2007 3013 2065 fasciculos
3035 2012 3431 2083 deprimentes.
3471 2015 3665 2073 Dimitte
3685 2030 3751 2072 eos

2209 2097 2300 2167 qui
2326 2097 2579 2153 catafracti
2605 2109 2749 2168 sunt,
2793 2101 3028 2166 liberos;
3055 2114 3111 2159 et
3137 2121 3309 2161 omne
3350 2122 3488 2163 onus
3508 2107 3749 2177 disrumpe.

2212 2188 2418 2261 Frange
2463 2191 2716 2246 esurienti
2761 2207 2952 2262 pauent
2998 2204 3174 2262 tumn,
3218 2206 3280 2253 et
3307 2211 3507 2269 egenos
3540 2212 3750 2270 vagosque

2211 2280 2370 2335 induc
2413 2281 2464 2335 iu
2504 2282 2720 2339 domum
2769 2296 2910 2340 tuam
2942 2304 2957 2341 :
2984 2301 3106 2342 cum
3151 2287 3356 2345 videris
3397 2289 3606 2356 nudum,
3648 2289 3748 2345 vesti

2209 2385 2354 2438 cum,
2382 2380 2436 2427 et
2461 2388 2676 2427 carnem
2707 2383 2850 2430 tuam
2881 2392 2947 2432 ne
2972 2375 3315 2449 despexeris.
3345 2379 3414 2435 Et
3442 2390 3550 2450 post
3582 2391 3750 2450 qum

2209 2479 2379 2518 uersus
2401 2464 2423 2496 ²
2453 2482 2467 2518 ;
2496 2464 2552 2520 Si
2581 2466 2863 2523 abstuleris
2889 2468 2956 2524 de
3005 2470 3186 2524 medio
3213 2472 3288 2527 tui
3316 2482 3574 2540 catenam,
3602 2482 3650 2529 et
3676 2473 3747 2528 de-

2209 2556 2366 2612 sieris
2390 2556 2610 2627 digitum
2637 2558 2947 2624 extendere,
2977 2570 3033 2615 et
3066 2561 3213 2634 loqui
3240 2565 3385 2635 quod
3416 2580 3517 2621 non
3544 2563 3745 2636 prodest:

2208 2662 2329 2702 cum
2375 2648 2626 2704 effuderis
2669 2650 2925 2705 esurienti
2968 2652 3208 2708 animam
3241 2664 3428 2720 tuam;
3473 2666 3525 2711 et
3562 2657 3744 2710 animum

2206 2738 2456 2795 afflictam
2501 2741 2824 2810 repleveris;
2869 2743 3072 2800 orietur
3113 2745 3169 2800 in
3202 2746 3440 2803 tenebris
3479 2747 3561 2803 lux
3589 2758 3677 2810 tua,
3706 2752 3745 2800 et

2210 2831 2441 2886 tenebrae
2484 2841 2587 2887 une
2624 2842 2783 2887 erunt
2825 2833 2963 2889 sicut
3002 2836 3299 2904 meridies;
3326 2844 3386 2894 et
3421 2838 3639 2909 requiem
3674 2834 3742 2891 tibi

2206 2920 2354 2976 dabit
2385 2922 2640 2976 Dominus
2666 2937 2902 2993 semper.

2277 3010 2345 3066 Et
2383 3024 2493 3082 post
2517 3013 2676 3067 multa
2718 3011 2895 3087 [va.]
2925 3033 2939 3069 :
2975 3015 3214 3088 Populus
3257 3018 3348 3088 qui
3378 3017 3443 3075 ad
3470 3016 3740 3074 iracundiam

2206 3116 2495 3175 provocant
2520 3122 2629 3173 me,
2654 3117 2778 3162 aute
2798 3107 2986 3164 faciem
3010 3122 3187 3166 meam
3216 3127 3464 3180 semper;
3490 3111 3571 3180 qui
3591 3111 3742 3164 innato-

2204 3194 2318 3251 lant
2355 3196 2406 3250 in
2437 3195 2626 3262 hortis,
2655 3207 2710 3252 ct
2729 3198 3031 3255 sacriﬁcant
3055 3217 3226 3272 super
3267 3202 3492 3267 lateres;
3517 3200 3596 3270 qui
3620 3196 3740 3252 babi-

2205 3295 2319 3342 tant
2350 3288 2400 3342 in
2431 3288 2710 3359 sepulcris,
2742 3300 2798 3344 ct
2828 3290 2878 3344 iu
2908 3290 3146 3347 delubris
3195 3294 3455 3349 idolorum
3498 3289 3738 3346 dormiunt.

2204 3377 2272 3433 Et
2301 3389 2413 3449 post
2452 3380 2581 3434 duos
2614 3395 2782 3435 versus
2811 3397 2831 3435 :
2864 3380 2966 3450 Qui
2993 3382 3202 3446 dicunt.
3253 3382 3458 3439 ltecede
3478 3398 3506 3437 a
3543 3396 3634 3445 me,
3658 3391 3737 3433 non

2203 3472 2598 3545 appropinques
2636 3473 2785 3535 mihi.
2831 3475 2952 3547 quia
2997 3477 3309 3533 immundus
3357 3492 3434 3533 cs.
3480 3474 3562 3532 Isti
3602 3474 3739 3528 fumus

2205 3573 2361 3619 erunt
2386 3566 2435 3618 in
2464 3564 2640 3621 furore
2670 3581 2809 3630 meo,
2839 3566 2976 3638 ignis
3001 3567 3199 3624 ardens
3225 3578 3333 3624 tota
3354 3568 3459 3625 die.
3486 3566 3610 3624 Ecce
3628 3562 3736 3621 scri-

2205 3667 2351 3729 ptum
2379 3667 2462 3714 est
2484 3674 2664 3714 coram
2691 3675 2776 3715 me
2803 3677 2817 3714 :
2843 3677 2946 3715 non
2987 3662 3202 3731 tacebo,
3236 3662 3331 3719 sed
3358 3659 3581 3724 reddam,
3605 3666 3653 3712 et
3671 3668 3737 3710 re-

2206 3748 2433 3803 tribuam
2461 3748 2514 3803 in
2539 3750 2658 3805 siuu
2688 3764 2897 3816 eorum,
2924 3751 3232 3823 iniquitates
3260 3763 3476 3817 vestras,
3505 3761 3555 3807 et
3576 3744 3731 3817 iniqui-

2208 3847 2342 3894 tates
2372 3850 2578 3909 patrum
2625 3850 2921 3898 vestrorum
2965 3844 3147 3911 simul,
3195 3845 3324 3901 dicit
3367 3843 3617 3900 Dominus.
3657 3833 3734 3905 Qui

2204 3931 2637 3987 sacriﬁcaverunt
2653 3948 2813 4004 super
2832 3946 3040 3991 montes
3060 3946 3115 3991 et
3132 3953 3295 4009 super
3315 3930 3731 4003 colles,esprobra-

2205 4031 2396 4078 verunt
2425 4023 2575 4089 mihi,
2601 4035 2656 4081 et
2679 4026 2931 4082 remetiar
2953 4044 3087 4099 opus
3114 4044 3303 4084 eorum
3330 4029 3544 4099 primum
3570 4024 3614 4079 iu
3638 4022 3732 4077 sint!

2204 4129 2411 4169 eorum.
2456 4113 2521 4168 Et
2547 4126 2661 4187 post
2688 4116 2858 4171 decem
2884 4134 3056 4174 versus
3084 4137 3097 4173 :
3133 4120 3197 4176 Et
3225 4134 3337 4180 vos.
3364 4117 3534 4192 inquit,
3559 4112 3636 4185 qui
3659 4110 3731 4165 ἀει

2205 4208 2491 4279 reliquistis
2518 4208 2822 4275 Dominum,
2846 4210 2935 4281 qui
2957 4211 3108 4267 obliti
3128 4212 3509 4269 estismoutem
3532 4214 3729 4262 saltuum

2206 4317 2405 4370 meum,
2435 4303 2522 4373 qui
2555 4304 2749 4373 pmiitis
2780 4304 3002 4360 fortuur
3029 4322 3290 4369 mensam.
3312 4316 3364 4361 et
3407 4300 3567 4358 libatis
3599 4306 3726 4364 super

2206 4410 2322 4449 eam
2350 4415 2362 4449 :
2394 4396 2684 4450 numerabo
2714 4412 2810 4453 vos
2830 4398 2881 4451 iu
2907 4397 3102 4469 gladio,
3126 4409 3183 4456 et
3201 4412 3386 4455 omnes
3416 4397 3464 4451 iu
3484 4390 3614 4449 czrde
3634 4399 3728 4443 cor-

2208 4486 2406 4551 ruetis;
2451 4500 2550 4557 pro
2574 4505 2639 4542 eo
2664 4487 2805 4559 quod
2835 4488 3016 4544 vocavi
3044 4505 3159 4556 vos,
3191 4499 3246 4547 et
3284 4505 3384 4544 non
3411 4475 3723 4555 reSpoudistisi
3812 4492 3813 4545 ᾖ

2207 4576 2414 4630 locutus
2439 4591 2579 4645 sum,
2607 4588 2661 4634 et
2701 4596 2806 4634 non
2833 4580 3137 4636 attendistis
3165 4600 3180 4637 :
3205 4590 3261 4638 et
3285 4575 3539 4635 faciebatis
3570 4566 3726 4625 malum

2209 4666 2261 4722 iu
2283 4668 2453 4725 oculis
2480 4670 2632 4735 meis,
2661 4681 2715 4725 et
2743 4687 2863 4741 qua:
2887 4672 3030 4726 nolui
3055 4673 3307 4745 elegistis.

2283 4759 2347 4814 Et
2373 4761 2525 4830 paulo
2552 4773 2660 4832 post
2686 4760 2882 4837 [exva]
2914 4781 2927 4818 :
2962 4763 3086 4819 llarc
3123 4765 3251 4820 dicit
3282 4759 3537 4823 Dominus,
3560 4748 3725 4810 Citium

2209 4850 2365 4906 sedes
2381 4868 2519 4916 mea,
2534 4862 2589 4906 et
2610 4862 2746 4908 terra
2765 4854 3057 4910 scabellqu
3071 4855 3263 4926 pedum
3287 4864 3527 4909 meorum.
3546 4843 3726 4911 ρηευεει
3812 4862 3813 4877 ‘

2210 4941 2309 4997 ista
2339 4942 2530 4997 domus
2558 4960 2715 5012 quam
2745 4943 3075 5001 mdillcabitis
3101 4944 3271 5001 mihi?
3297 4954 3347 4999 et
3375 4940 3483 5010 quis
3507 4929 3724 4990 istelucus

2208 5035 2400 5104 quietis
2430 5040 2605 5090 mem?
2633 5034 2820 5092 Oumia
2852 5036 2966 5093 lucc
2997 5054 3182 5095 manus
3215 5051 3327 5093 mea
3367 5032 3479 5088 fecit
3499 5068 3516 5095 ,
3549 5031 3596 5080 et
3618 5020 3723 5075 fac“

2211 5134 2337 5181 sunt
2369 5128 2615 5183 universa
2650 5127 2785 5194 ista,
2822 5130 2951 5185 dicit
2996 5131 3266 5187 Dominus.
3305 5126 3381 5183 Ad
3415 5133 3554 5195 quem
3584 5118 3723 5168 autem

2213 5219 2513 5290 ωενῑοὶιιηι,
2546 5221 2645 5277 uisi
2672 5221 2737 5277 ad
2767 5224 3164 5293 pauperculam,
3186 5232 3240 5279 et
3264 5217 3527 5275 contritmu
3548 5200 3717 5275 Spll'iilb
3812 5246 3813 5291 Υ

2211 5323 2264 5370 ct
2304 5304 2616 5371 tretuentem
2657 5318 2935 5373 sermones
2969 5317 3156 5373 meos?
3196 5313 3262 5371 Et
3299 5320 3404 5385 post
3436 5298 3718 5362 suum“:
3812 5300 3813 5345 ἶ

2277 5452 2296 5523 ξ
2315 5446 2539 5523 ξιιιςςιιιιιἼ
2558 5450 2773 5523 eﬂhdisli
2792 5450 3039 5523 libamen,
3060 5515 3089 5523 __
3116 5516 3129 5523 _
3254 5516 3266 5523 _
3296 5510 3467 5523 θυμέ..-
3490 5494 3619 5523 ,τηηρ
3637 5491 3718 5523 ιω.
3812 5446 3813 5515 i

2623 5491 3149 5587 Miseremini.
3167 5516 3266 5581 ροςι
3280 5491 3718 5587 διὶοῒέιιμὲ

2213 5551 3268 5639 ροειῇῖῧιῖἱὶἱρῖζζῖυντῖῆιὶὶέιἶιῖὸῖἱίἷιίὲἶῖἱὶἱίἷῖἧῖἑ
3280 5551 3480 5639 mag
3486 5561 3541 5639 fl

2215 5611 3446 5705 ἵὲἧῦἕῖἶὶιῑίιὶἰἱῖιιῖιᾘῆ”ἕὶ’ἧὸἐί“ἑὲἑὲὶὶῗυὲἷὲὀῖ
3462 5630 3536 5674 us-
3554 5611 3717 5676 Μαί
3812 5636 3813 5697 γ

2215 5705 2271 5751 ει
2293 5702 2395 5750 eost
2416 5712 2478 5750 vu
2502 5710 2682 5753 versus.
